1913 3074
127 129 158 165 :1
796 135 1092 167 PROLEGOMENA.
1723 130 1760 169 18

140 212 214 229 ἒ,
239 212 1756 229 πμῌ-ω-η-

771 296 1145 363 ΙΩΑΝΝΟΥ

169 412 444 517 ΤΟΥ
513 379 1725 534 ΚΑΝΤΑΚΟΥΖΗΝΟΥ

559 582 918 640 ΙΣΤΟΡΙΩΝ
963 578 1222 638 ΒΙΒΛΙΑ
1269 581 1343 638 Δ’.

298 707 760 867 JOANNIS
840 774 1604 868 CANTACUZENI

466 937 1024 1004 HISTORIARUM
1072 939 1286 1002 LIBRI
1344 940 1452 1005 IV.

743 1129 926 1161 LECTORI
948 1130 1147 1163 CANDIDO.

178 1190 388 1237 δεδωκὼς-ει
403 1191 662 1231 quadragesimus
678 1202 779 1222 annus
794 1194 845 1224 hic
860 1194 977 1232 agitur,
996 1197 1162 1232 postquam
1175 1193 1314 1224 Iacobus
1332 1193 1495 1223 Pontanus
1509 1193 1677 1224 Societatis
1692 1195 1767 1225 Jesu

135 1242 292 1272 Joannem
307 1242 559 1272 Cantacuzenum
575 1243 716 1274 Orientis
733 1244 953 1282 imperatorem
975 1253 989 1273 e
1008 1244 1144 1284 palliata
1161 1249 1300 1283 togatum
1314 1244 1390 1283 fecit
1408 1255 1417 1274 :
1435 1244 1471 1275 de
1489 1244 1609 1280 Graeco,
1628 1246 1766 1284 inquam,

137 1294 172 1323 in
189 1293 338 1324 Latinum
354 1293 512 1333 eleganter
523 1296 677 1325 convertit
693 1305 702 1324 :
719 1300 856 1335 togaque
884 1297 951 1335 ejus
974 1301 1066 1326 notas
1079 1296 1282 1335 pereruditus
1299 1294 1398 1325 veluti
1416 1303 1595 1334 purpuram
1612 1296 1764 1329 intexuit,

137 1354 176 1374 ne.
191 1344 311 1375 scilicet
327 1352 419 1384 terra
433 1346 560 1376 erciw
575 1348 722 1386 princeps
738 1348 770 1377 in
786 1347 947 1387 publicum
960 1349 1027 1379 sine
1040 1357 1191 1387 purpura
1202 1347 1360 1386 prodiret.
1378 1348 1489 1386 Itaque
1505 1346 1597 1386 longe
1614 1348 1766 1385 optimum

137 1395 338 1433 historicum,
357 1400 385 1425 et
396 1396 551 1427 ceteribus
569 1406 674 1427 rerum
689 1397 901 1437 scriptoribus
919 1399 984 1428 sine
1001 1398 1095 1429 dubio
1112 1398 1368 1437 comparandum.
1386 1407 1448 1437 qua
1460 1398 1557 1434 docti,
1571 1407 1632 1437 qua
1645 1397 1768 1427 indocti

139 1446 282 1476 manibus
292 1446 463 1478 versabant.
476 1448 660 1488 Ilipropter
674 1441 778 1478 rerum
792 1454 950 1488 gestarum
960 1449 1138 1479 memoriam
1150 1453 1310 1478 auctorem
1322 1447 1492 1478 laudabant
1519 1452 1548 1476 et
1565 1447 1743 1488 probabant
1757 1459 1766 1478 :

140 1496 193 1526 illi
211 1505 317 1526 rerum
338 1498 520 1528 divinarum
543 1504 635 1538 atque
657 1500 864 1529 humanarum
889 1501 1053 1530 scientiam
1076 1500 1108 1529 in
1127 1500 1274 1539 principe
1295 1498 1508 1538 suspiciebant
1527 1508 1537 1527 :
1554 1497 1674 1528 civilem
1695 1499 1768 1528 ani-

138 1558 234 1581 mum.
254 1548 453 1587 prudentiam
473 1549 556 1579 domi
580 1549 772 1589 milititeque,
788 1549 1008 1589 fortitudinem
1025 1550 1058 1580 in
1072 1550 1164 1579 rebus
1190 1548 1357 1579 hostilibus
1377 1548 1499 1577 :animi
1520 1547 1768 1587 magnitudinem

139 1601 174 1628 in
193 1599 390 1639 perferendis
406 1600 548 1639 injuriis,
565 1609 641 1639 quas
662 1600 838 1630 intulerant
859 1601 1017 1631 modestia:
1039 1601 1149 1636 nescii.
1169 1605 1196 1630 et
1213 1599 1348 1639 pudoris
1372 1599 1479 1637 ignari
1499 1599 1649 1635 homines,
1675 1608 1768 1639 quos-

139 1662 199 1692 que
214 1661 252 1682 ex
267 1661 344 1690 pene
368 1653 466 1682 servis
482 1651 598 1682 liberos
616 1654 744 1693 [σεεν-αι,
761 1657 789 1682 et
809 1662 847 1683 ea:
867 1654 982 1693 inﬁmis
1004 1654 1174 1688 hominum,
1196 1661 1343 1682 summos.
1363 1651 1504 1691 Denique
1525 1652 1558 1682 in
1579 1652 1769 1690 imperatore

140 1703 335 1732 rlemenliam
357 1711 430 1741 erga
454 1702 565 1739 hostes,
589 1703 700 1742 dignos
724 1705 868 1744 profecto
886 1705 940 1744 qui
962 1704 1092 1735 hostilia
1113 1708 1312 1743 paterentur,
1335 1703 1545 1743 [auditusque
1566 1702 1766 1732 tollerentur.

139 1755 304 1786 Postremo
319 1755 546 1786 abdicationem
564 1757 697 1796 imperii,
719 1758 1002 1798 despectionemque
1017 1767 1139 1787 summie
1157 1757 1203 1787 rei
1220 1756 1467 1793 demirabantur,
1485 1757 1574 1796 cujus
1590 1765 1684 1785 causa
1699 1755 1768 1794 ple-

141 1806 233 1843 rique
241 1806 320 1845 jura
335 1806 440 1837 dirina
456 1807 648 1846 humanaque
664 1808 798 1843 violant,
815 1813 843 1839 et
857 1818 1013 1838 secessum
1025 1809 1059 1838 in
1073 1809 1310 1841 monasterium.
1327 1817 1386 1847 quo
1404 1807 1571 1838 solitarius
1585 1813 1770 1846 separatus-

140 1866 202 1896 que
226 1865 265 1885 ελ·
291 1857 451 1886 hominum
476 1857 656 1896 frequentia
680 1859 843 1897 puriorem
871 1863 900 1889 et
926 1859 1116 1889 sanctiorem
1139 1860 1234 1889 vitam
1259 1859 1389 1888 viveret.
1414 1859 1469 1893 Hi,
1494 1859 1631 1897 inquam,
1660 1859 1693 1888 id
1712 1863 1767 1893 est,

142 1907 261 1938 Graecae
274 1907 387 1946 linguae
398 1908 506 1943 nescii,
519 1917 582 1937 non
594 1909 687 1939 aliter
697 1919 787 1949 quam
799 1910 906 1940 Latine
919 1910 1090 1950 loquentem
1103 1909 1214 1939 rellent
1229 1921 1236 1939 :
1250 1909 1309 1944 iili,
1328 1910 1360 1940 id
1371 1915 1427 1946 est,
1444 1909 1590 1939 callentes
1604 1910 1770 1948 utriusque

140 1959 261 1998 lingua:
274 1960 396 1989 diutius
407 1961 490 1999 ferre
500 1970 561 1990 non
574 1967 733 2000 poterant,
745 1967 778 1991 ut
792 1962 919 1992 Graecus
932 1968 1045 1992 auctor
1057 1962 1161 1998 aliter,
1174 1971 1266 2000 quam
1278 1961 1382 1992 Greece
1395 1961 1585 2000 loqueretur.
1600 1961 1691 1998 Quod
1701 1971 1770 1990 cum

142 2011 334 2049 intelligeret
347 2011 587 2041 illustrissimus
597 2013 647 2041 vir
659 2013 693 2044 Ι),
706 2012 741 2041 de
753 2013 874 2051 Noycrs
887 2016 955 2052 regi
964 2014 1000 2043 ab
1012 2014 1132 2043 intimis
1145 2012 1289 2043 consiliis
1300 2017 1327 2042 et
1335 2012 1473 2048 secretis,
1485 2011 1572 2051 cujus
1581 2020 1663 2042 carie
1672 2010 1769 2049 a'di/i-

141 2064 192 2094 cio
204 2062 302 2100 regia,
313 2069 407 2096 artes,
418 2063 545 2101 ipsaque
557 2063 767 2101 lgpographia
779 2064 1022 2103 regiapermissa
1032 2068 1117 2099 sunt,
1130 2073 1188 2103 pro
1199 2063 1358 2103 singulari
1367 2063 1560 2093 humanitate
1570 2071 1639 2098 sua,
1649 2070 1769 2100 proque

145 2114 253 2142 innato
270 2122 334 2142 non
351 2113 476 2150 vulgari
500 2121 571 2151 erga
587 2112 709 2142 litteras
728 2113 855 2152 affectu,
876 2123 1009 2153 quorum
1033 2104 1294 2152 propagationem
1318 2112 1359 2142 ad
1374 2121 1522 2142 summam
1545 2112 1770 2150 rempublicam

143 2166 301 2204 pertinere
315 2165 414 2204 probe
432 2166 503 2200 scit,
519 2167 626 2195 statim
642 2166 792 2204 optimum
805 2167 921 2205 factum
934 2167 1036 2196 videri
1055 2167 1116 2196 sibi
1132 2166 1179 2204 sig
1187 2165 1337 2203 ni/icavit,
1349 2169 1384 2194 ut
1400 2168 1546 2202 δίγλωττος
1558 2164 1700 2194 ederetur
1716 2175 1772 2194 au-

145 2222 214 2246 ctor
231 2217 299 2247 luce
317 2217 533 2256 dignissinms,
556 2227 616 2257 quo
640 2223 789 2257 utrosque
809 2219 875 2248 toti
896 2223 1053 2257 compotes
1078 2220 1218 2258 faceret:
1234 2223 1329 2256 atque
1348 2217 1414 2255 ipse
1438 2216 1674 2247 Canlacuzenus
1700 2227 1769 2246 cum

145 2266 239 2296 tineis
255 2273 281 2298 et
300 2267 409 2298 blattis
424 2277 566 2307 pugnare
582 2269 747 2303 desineret,
765 2270 819 2308 qui
835 2273 880 2298 tot
895 2277 1018 2308 pugnas
1033 2273 1216 2308 pugnasset,
1235 2271 1338 2306 totque
1355 2267 1512 2296 hominum
1529 2271 1650 2305 strages
1663 2268 1771 2305 prius—

143 2329 235 2360 quam
252 2329 266 2349 e
278 2320 420 2349 virorum
439 2329 565 2348 numero
583 2321 784 2356 eximeretur,
808 2320 950 2350 edidisset
968 2331 977 2350 :
993 2330 1051 2359 quo
1068 2322 1152 2359 facto
1171 2320 1292 2359 egregio
1308 2328 1395 2349 nemo
1412 2327 1486 2348 sane
1502 2320 1628 2357 sapiens
1642 2318 1700 2349 ibit
1717 2319 1768 2348 in-

102 2398 105 2402 .
145 2371 245 2410 licius,
274 2371 528 2401 illustrissinmm
553 2371 653 2400 virum
678 2372 794 2409 optime
815 2372 852 2400 de
881 2371 998 2401 litteris
1021 2381 1083 2401 esse
1102 2373 1320 2409 promeritam,
1345 2380 1438 2409 eoque
1465 2371 1588 2400 nomine
1611 2371 1720 2401 unicus
1744 2370 1770 2399 ei

146 2423 267 2461 gratias
283 2423 431 2461 agendas.
451 2423 534 2459 Quin
552 2423 623 2458 imo,
641 2423 669 2452 si
684 2423 760 2463 quid
779 2432 882 2452 nantes
898 2425 1049 2458 sentiunt,
1073 2424 1104 2453 id
1121 2425 1182 2461 ipsi
1199 2424 1414 2454 Cantacuzeno
1432 2423 1683 2462 acceptissimum
1700 2424 1770 2463 fore

147 2473 293 2502 credibile
310 2478 366 2508 est,
388 2473 470 2511 quod
486 2472 605 2502 Latinae
619 2472 732 2511 linguw
749 2478 774 2503 et
789 2473 902 2503 Grumio
913 2473 1045 2513 quodam
1062 2473 1221 2503 consortio
1241 2473 1329 2512 quasi
1347 2472 1570 2511 quodammodo
1589 2473 1672 2502 inter
1686 2477 1768 2502 vete-

146 2529 210 2552 rem
232 2533 406 2563 novamque
433 2525 559 2554 Romam
583 2524 657 2554 bene
681 2520 847 2554 convenire
870 2525 1024 2559 rideatur,
1052 2524 1135 2563 quod
1161 2523 1212 2554 ille
1228 2524 1318 2554 vivus
1342 2524 1556 2562 percupierat.
1580 2523 1649 2553 Hoc
1670 2524 1771 2562 igitur

144 2576 170 2614 fi
184 2584 262 2611 uere,
277 2575 385 2611 lector,
404 2580 430 2605 et
448 2576 626 2614 bino/icium
644 2584 776 2614 agnosce
789 2576 865 2610 viri,
882 2585 941 2615 quo
957 2585 1042 2605 nemo
1059 2576 1099 2605 ad
1119 2576 1215 2606 boans
1238 2579 1320 2604 artes
1336 2575 1573 2613 promovendos,
1592 2579 1618 2603 et
1638 2575 1770 2605 cxiniios

146 2626 187 2656 ab
202 2633 268 2657 arte
283 2628 370 2657 viros
379 2626 539 2667 juvandos
555 2628 744 2666 propensior
767 2627 908 2662 exsistit,
927 2627 955 2656 si
974 2636 1037 2656 non
1052 2627 1196 2665 ingratus
1219 2631 1311 2665 atque
1327 2625 1363 2654 ab
1385 2625 1467 2654 omni
1483 2625 1675 2665 humanitate
1695 2625 1770 2655 alie-

145 2688 207 2708 nas
224 2689 253 2708 es
284 2679 377 2716 Quod
392 2679 418 2709 si
434 2684 462 2709 te
476 2680 524 2709 hic
543 2689 662 2718 «equum
685 2679 869 2717 prwbueris,
886 2679 991 2716 primo
1011 2687 1130 2718 quoque
1150 2684 1288 2717 tempore
1310 2687 1412 2707 omnes
1428 2677 1569 2707 historia:
1587 2678 1770 2716 Byzantina:

146 2732 319 2770 scriptores
346 2736 408 2761 tam
426 2732 535 2766 editos,
553 2740 644 2770 quam
662 2740 754 2759 mamt
771 2735 918 2759 exaratos
945 2730 1030 2769 typis
1051 2731 1147 2768 regiis
1165 2730 1296 2762 edendos
1315 2728 1449 2769 ejusdem
1475 2728 1686 2758 illustrissimi
1707 2728 1770 2756 tiri

147 2783 255 2818 ductu,
280 2787 307 2813 et
330 2784 411 2822 regis
430 2783 694 2814 Christianissimi
717 2783 872 2821 auspiciis
897 2782 1059 2820 prolalnri
1080 2792 1185 2812 smnus
1202 2793 1211 2811 :
1227 2782 1262 2812 de
1287 2781 1376 2820 cujus
1398 2781 1444 2810 rei
1467 2780 1608 2809 utilitate
1629 2778 1770 2816 plerique

149 2841 253 2865 omnes
269 2833 480 2864 consentiunt.
506 2834 561 2864 Vos
577 2834 632 2872 qui
647 2833 768 2864 litteras
788 2833 912 2869 amatis,
934 2833 1043 2867 facere,
1067 2838 1092 2862 et
1110 2831 1240 2862 consilio
1252 2831 1371 2870 juca'e.
1392 2829 1499 2866 Fama,
1517 2829 1631 2863 virtus,
1651 2832 1678 2856 et
1694 2828 1772 2858 recti
