1913 3074
157 112 193 144 23

710 110 880 141 J0.~\NNES
896 111 1208 143 CANTACUZENUS.

1767 111 1815 142 ³4

1768 135 1786 142 -

1768 135 1786 142 —

139 198 142 199 ν
157 169 239 204 primi
254 168 525 198 relatumcsLViclo
542 174 609 198 avo,
634 175 721 201 nepos
738 168 813 194 solus
838 168 948 202 przefuit
964 171 984 197 Α
1000 167 1052 195 Sed
1065 169 1144 203 juvat
1175 168 1262 203 ipsius
1283 166 1470 196 Cantacuzeui
1495 167 1579 194 verba
1608 167 1739 201 proferre
1772 168 1813 195 in

157 215 273 250 imperio
288 217 370 242 annis
388 214 495 248 viginti.
515 214 538 240 si
572 221 667 240 vertuu
682 214 779 241 scribit
795 214 940 248 Gregoras.

155 263 244 294 Quoe
267 261 338 288 vivis
371 261 500 298 sublato,
534 261 700 295 pupillorum
722 261 833 287 tutelam
860 261 943 293 gessit

155 308 373 336 Cantaeuzenus,
391 308 435 334 vix
449 315 563 335 annum.
575 311 602 333 ut
618 306 748 341 colligere
761 311 802 333 est
817 316 823 332 :
844 307 942 333 adver-

155 362 202 380 sus
222 360 303 388 quem
328 353 429 379 deinde
449 358 477 379 ttt
493 356 639 386 tyranuum
659 353 770 378 nomine
788 351 877 378 vidum
893 352 943 378 im-

156 399 310 434 peratricis,
335 403 362 425 et
378 399 497 425 lihertun
522 399 581 432 ejus
598 398 698 424 bellum
721 397 942 436 administratttpt

153 451 195 472 est
220 445 299 471 anuis
314 445 447 479 quinque.
476 444 515 470 Eo
534 445 608 470 tiuito
632 444 851 476 (latitacuzenus,
881 444 943 471 tltta

153 491 253 518 Joanni
280 490 435 524 Palmologo
463 490 488 516 iu
519 489 723 515 matrimonium
745 489 820 519 illia,
848 489 942 516 decem

155 545 244 564 annos
264 537 298 564 ab
314 545 347 564 eo
374 537 534 570 paciscitur,
553 537 654 570 quibus
680 544 764 570 penes
785 544 813 562 se
835 536 943 570 imperii

154 584 319 618 gubernatio
337 591 398 609 cum
418 583 530 609 potuine
553 587 660 609 maneat
675 591 682 609 :
697 591 780 616 penes
797 583 874 609 illum
894 589 944 608 uo-

156 638 217 656 men
235 630 380 659 duntaxat,
397 633 423 655 ct
436 629 556 662 dignitas
570 629 756 662 imperatoria,
775 628 866 655 donec
878 633 943 654 astas

155 680 323 701 maturescat
352 674 462 709 (agebat
491 676 564 700 enim
600 673 719 701 Joannes
753 669 855 699 annum
889 681 942 699 non

155 721 216 755 plus
232 721 369 747 decimum
388 715 538 754 quintotnt,
557 725 650 754 postea
667 728 695 746 se
715 720 847 754 collegam
859 719 945 753 patia-

156 771 209 792 tttr.
231 766 318 800 Ilujus
331 766 413 801 spatii
431 768 476 793 vix
494 767 640 793 dimidium
661 767 772 792 videtur
782 766 944 800 evplevisse,

157 820 248 839 rerum
267 813 347 847 hujus
371 813 484 843 mutuli,
503 818 531 840 et
556 811 678 839 adversa:
706 812 789 838 sortis
808 816 945 838 renovata:

155 859 273 892 quodam
290 859 380 886 ta-dio.
405 860 470 892 Qum.
488 861 545 892 ipso
571 859 623 894 jam
651 858 786 884 monacho
809 858 881 885 inter
895 857 946 884 Pa—

154 905 297 939 la-ologum
333 909 361 932 et
390 905 547 932 Mattha-um
589 910 682 931 secuta
714 908 798 935 sunt',
832 903 945 930 forsitan

156 951 248 981 unius,
261 956 308 977 aut
325 953 442 978 duorum
464 958 601 976 annorum
622 949 732 975 fuerunt
749 957 755 974 :
774 957 834 975 nant
853 949 879 975 in
904 948 945 974 his

154 997 228 1029 qttnd
243 1004 293 1030 pro
307 1001 383 1023 certo
404 996 549 1026 allii-ment,
577 1003 631 1021 non
652 995 751 1021 habeo.
771 995 826 1021 liae
839 994 945 1020 ratione

154 1043 325 1077 eulliguntur
347 1042 412 1068 anni
435 1042 555 1069 histuri.e
579 1041 662 1076 hujus
693 1041 807 1067 circiter
834 1040 944 1075 triginta

155 1097 264 1115 novent.
279 1088 318 1115 Ex
334 1088 376 1114 Itis
396 1092 480 1122 patet,
497 1093 619 1120 tempora
636 1086 786 1113 Andronici
802 1086 923 1113 Juuioris
937 1106 944 1117 ,

158 1134 357 1164 tianlatttzeni,
373 1133 524 1159 etJoaunis
543 1131 687 1166 Palmolngi
702 1140 756 1158 non
773 1132 840 1157 satis
861 1131 944 1165 probe

155 1180 303 1215 digessisse
317 1178 502 1212 ()nuphrinut,
518 1182 545 1203 et
558 1177 636 1203 alios.
651 1177 710 1203 ΕΠ(
721 1181 784 1202 rttnt
803 1177 867 1202 item
883 1183 944 1202 cum

154 1227 286 1259 Gt'egora,
302 1226 367 1252 dtttn
388 1224 575 1251 Andronicum
600 1223 741 1250 .quiorem
768 1231 840 1249 anno
855 1224 945 1248 zelatis

155 1271 472 1307 quadragesimoquinto
487 1270 652 1296 exstinctum
672 1269 857 1295 tradiderunt.
877 1269 943 1295 Nam

155 1321 179 1346 sl
196 1325 276 1346 natus
293 1322 352 1345 erat
373 1325 459 1344 attnos
479 1317 576 1351 viginti
602 1321 706 1350 septem
733 1320 879 1350 antequam
903 1323 947 1342 se-

156 1367 273 1393 cundant
301 1361 414 1391 uxorem
446 1365 571 1394 duceret,
598 1369 627 1390 ut
649 1368 743 1389 uester
766 1363 838 1389 libro
856 1362 944 1396 primo

156 1417 261 1443 narrat,
280 1417 307 1438 et
319 1419 350 1437 ea
366 1411 448 1438 ducta
478 1410 570 1436 adhuc
592 1410 696 1443 aliquot
713 1410 792 1435 annis
808 1417 870 1435 cum
893 1415 944 1434 avo

155 1460 258 1486 bellum
277 1459 360 1494 gessit
376 1467 382 1484 :
407 1458 428 1483 si
446 1466 478 1483 eo
496 1449 570 1482 victi)
590 1455 670 1482 anuis
686 1455 782 1489 viginti
798 1455 873 1481 solus
891 1455 943 1480 into

156 1506 260 1539 peravit
271 1525 277 1536 .
304 1499 431 1539 sequitur
444 1503 726 1538 quianagcuat'ium,
744 1508 790 1528 aut
805 1509 836 1528 eo
861 1501 945 1535 ntajo-
958 1513 979 1544 C

157 1559 214 1578 rem
228 1551 342 1578 obiissc.

191 1595 374 1622 Osteudemus
401 1602 497 1625 nutte,
533 1602 588 1628 quo
619 1593 679 1620 loco
712 1592 784 1619 inter
816 1591 944 1627 Byzanti-

158 1646 206 1665 nas
239 1639 371 1666 historias
402 1639 462 1665 ha‘c
489 1645 585 1665 nostra
611 1639 771 1664 collocanda
797 1638 842 1663 sit.
875 1637 946 1663 Can-

158 1691 307 1711 tacuzenus
331 1685 489 1718 Nicephoro
516 1684 644 1718 Gregorze
665 1686 787 1718 proxime
810 1682 944 1713 succedit,

157 1732 273 1764 ejusque
304 1731 479 1756 narrationes
504 1730 648 1756 Continuat
679 1738 686 1755 :
715 1737 872 1763 quanquam
890 1729 947 1754 noti

158 1777 294 1809 pr:eeisc,
333 1783 365 1802 ac
402 1775 575 1810 simpliciter.
611 1775 677 1801 Nam
714 1782 775 1800 Cum
810 1774 945 1808 Gregoras

157 1822 185 1849 in
199 1822 276 1848 obittt
304 1821 455 1848 Andronici
472 1820 596 1848 Junioris
614 1820 738 1850 desinat,
767 1825 861 1846 noster
882 1819 944 1845 inde

157 1876 212 1895 non
236 1868 366 1894 orditur:
389 1867 456 1901 quin
485 1867 540 1893 itno
560 1866 712 1893 secundum
739 1865 860 1892 historia:
889 1873 944 1890 sum

158 1914 257 1940 Iibrutu
277 1913 310 1940 ad
336 1913 459 1948 ejusdem
486 1912 636 1940 Andronici
667 1917 783 1938 mortem
808 1911 945 1946 perducit.

159 1961 260 1988 Verum
279 1962 343 1995 quia
367 1959 503 1995 Grcgoras
528 1960 580 1986 iste
600 1967 669 1990 avo,
699 1959 726 1984 iu
756 1959 835 1993 cuius
855 1958 944 1985 aulam

157 2008 274 2035 desertis
306 2007 406 2034 studiis
431 2006 592 2034 liberalibus
610 2014 638 2032 se
661 2006 794 2034 contulit.
819 2004 944 2035 amicior,

158 2054 252 2088 ttepoti
272 2058 364 2079 autem
382 2052 502 2086 iniquior
524 2052 576 2078 fuit
610 2061 616 2078 :
641 2051 774 2084 illtuuquc
799 2044 947 2084 plurimum

158 2104 186 2124 et
224 2105 297 2132 stupe
329 2097 551 2128 commendavit;
583 2097 657 2123 hunc
684 2101 790 2129 aperte,
813 2103 864 2122 nec
889 2104 948 2122 Ino-

161 2145 233 2177 dice,
245 2150 274 2171 et
298 2151 353 2170 non
374 2151 436 2170 raro
463 2142 642 2173 insimulavit,
659 2149 691 2168 ac
709 2142 895 2175 vituperavit;
912 2141 945 2168 ad

158 2192 228 2221 luec.
239 2198 301 2225 quae
314 2191 387 2216 inter
413 2189 473 2216 illos
489 2189 661 2217 acciderunt.
680 2193 785 2222 partem
802 2189 948 2214 maximam

159 2238 275 2265 minime
296 2240 437 2270 comperta
454 2235 552 2262 habuit
567 2244 574 2261 :
590 2242 650 2269 qum
678 2240 769 2261 autem
792 2236 927 2269 comperit
939 2255 946 2265 .

159 2292 191 2312 ea
211 2283 337 2314 confuse,
352 2282 523 2317 imperfecte,
540 2283 664 2316 quaedam
680 2290 789 2316 quoque
801 2282 882 2309 aliter
898 2283 949 2309 ali-

159 2335 283 2365 quanto;
309 2330 374 2365 quid
400 2329 561 2364 aliquanto?
578 2329 665 2355 multo
680 2329 770 2357 aliter.
788 2336 868 2363 quam
884 2337 947 2355 eve-

158 2379 274 2407 nerunt,
290 2381 390 2402 etcum
402 2375 554 2401 mendaciis
568 2374 716 2408 exposuit;
737 2374 763 2400 in
781 2374 866 2408 ipsius
880 2383 948 2408 quor

160 2429 216 2457 que
229 2421 415 2448 Cantacuzeni
443 2420 525 2452 bello,
542 2421 680 2454 rebusque
700 2420 949 2447 commemorandis

161 2469 234 2502 (qua:
250 2467 353 2501 scripta
369 2467 412 2493 vel
430 2466 607 2498 interierunt,
638 2466 679 2493 vel
699 2467 789 2493 adhuc
815 2467 843 2493 in
858 2466 948 2500 aliqua

160 2513 332 2541 bibliotheca
351 2513 448 2545 latent)
465 2519 561 2546 parum
577 2512 648 2539 bona
667 2513 719 2539 fide
731 2533 739 2545 ,
760 2512 949 2546 malevoleque

161 2564 290 2587 versatus
312 2564 363 2587 est.
382 2559 592 2586 Cantacuzenus
607 2560 662 2586 haec
678 2559 744 2585 vitia
767 2566 820 2585 non
846 2559 948 2588 ferens,

160 2606 240 2640 longe
256 2605 392 2633 sincerius
403 2626 410 2636 ,
431 2604 567 2639 longeque
591 2605 731 2638 copiosius
743 2625 749 2636 ,
770 2603 928 2631 distinctius
940 2623 948 2634 ,

161 2653 316 2687 integrius,
339 2651 441 2679 certius
460 2652 550 2678 omnia
580 2651 745 2685 explicavit;
779 2651 878 2685 quippe
901 2651 946 2684 qui

161 2698 292 2726 omnibus
308 2705 380 2733 pene
396 2705 449 2724 non
473 2697 598 2724 interfuit
623 2698 724 2728 solum,
744 2705 838 2724 verum
865 2697 948 2724 etiam

161 2744 295 2781 praefuit,
324 2750 351 2772 et
374 2752 435 2778 qum
458 2744 515 2778 ipse
542 2751 598 2770 non
624 2744 712 2775 vidit,
742 2748 790 2770 aut
819 2743 874 2778 egit
891 2743 948 2777 (qui

163 2792 236 2818 enim
257 2791 346 2826 potuit
361 2790 486 2824 omnia?)
499 2798 531 2817 ea
552 2799 566 2817 a
586 2791 702 2817 testibus
723 2790 891 2824 gravissimis
905 2797 950 2816 ae-

163 2837 252 2874 cr‘pit;
273 2836 504 2876 quemadmodum
519 2838 546 2865 in
563 2837 617 2865 line
633 2837 695 2865 libri
718 2837 809 2872 quarti
825 2840 948 2864 testatur.

996 214 1130 247 medium,
1151 223 1183 241 ex
1209 213 1273 242 libri
1295 213 1386 248 quarti
1408 213 1497 246 capite
1523 213 1656 240 vicesimo
1671 218 1808 247 quarto,

995 261 1078 290 unde.
1101 261 1240 295 quomodo
1255 268 1286 288 se
1311 260 1429 294 gesserit
1448 260 1475 286 in
1501 259 1622 286 Historia
1640 259 1809 286 scribenda

995 307 1143 341 Gregoras.
1163 307 1269 341 liquido
1287 306 1493 341 perspiciatur:
1513 305 1706 339 Imperatorem
1732 313 1812 332 vero

993 354 1209 380 Cantacuzc‘num
1222 373 1228 384 .
1255 357 1395 388 postquam
1409 353 1494 385 ipsum
1519 361 1565 387 per
1586 361 1613 378 se
1632 352 1807 387 deprimere.

996 405 1075 434 alque
1089 405 1204 427 evertere
1226 409 1277 427 non
1301 401 1396 435 potuit,
1411 399 1624 434 Pulmolugorum
1643 399 1808 434 imperato-

996 455 1055 473 rum
1081 446 1178 473 bellum
1210 450 1333 473 mutuum
1360 453 1408 481 pro
1437 450 1594 480 argumento
1616 453 1748 477 stimens;
1775 450 1806 472 et

996 493 1094 527 partim
1120 493 1272 527 ignorantia
1292 500 1382 519 rerum
1406 497 1552 527 gesturum,
1578 492 1676 525 partim
1699 491 1806 525 gratia

997 545 1121 573 Corrupto
1148 539 1269 569 veritate,
1286 546 1317 564 ac
1339 539 1399 564 totis
1427 537 1524 564 uiribus
1554 537 1623 563 velut
1645 537 1672 563 in
1699 535 1806 571 fabula

996 583 1217 610 comminiscetulu
1243 584 1371 609 mentiens
1381 601 1388 612 .
1408 582 1500 608 deinde
1513 582 1605 608 ordine
1616 580 1649 608 ad
1673 581 1781 607 bellum
1793 601 1804 610 .

996 630 1065 664 quod
1082 635 1173 656 nostra
1200 630 1328 656 memoria
1352 633 1443 655 contra
1460 628 1674 655 Cantacuzrtmm
1689 628 1806 653 excita-

997 681 1052 703 tum
1068 681 1116 706 est,
1133 670 1297 710 progressus,
1312 681 1367 701 tum
1387 675 1441 701 alia
1459 674 1597 709 complura
1613 674 1720 700 crimini
1735 673 1802 704 dat,

997 724 1135 750 scrvitutcs
1148 743 1154 753 ,
1171 723 1255 749 caules
1267 741 1274 751 .
1312 722 1502 748 trucidationes
1517 740 1525 750 .
1554 720 1750 754 populationes,
1774 725 1804 746 ει

998 777 1162 804 quwcnnque
1176 768 1304 794 Romanis
1319 776 1366 801 per
1381 768 1407 793 id
1430 766 1526 793 bellum
1548 766 1667 793 luctuosa
1690 766 1801 792 incide-

999 820 1072 844 runt.
1084 814 1124 841 illi
1137 814 1285 844 «scribens,
1315 818 1370 839 tum
1385 813 1415 839 ob
1434 821 1551 839 antorem
1566 812 1733 843 dominandi,
1750 812 1800 837 im-

999 861 1159 896 periulisque
1175 861 1275 894 fastigii
1292 860 1443 894 cupidinem
1459 858 1590 884 malorum
1606 857 1712 883 illorum
1733 855 1798 882 nul-

1000 908 1053 934 lam
1070 908 1174 933 duxisse
1186 907 1317 933 rationem
1336 905 1467 939 affirmat.
1487 903 1560 930 Illud
1581 909 1669 930 autent
1691 902 1797 929 Canta—

997 961 1124 979 cuzenum
1141 951 1307 986 potissimum
1333 950 1450 981 vellicat,
1475 953 1499 975 et
1512 957 1557 975 cor
1573 949 1629 982 ejus
1645 949 1708 977 urit,
1723 948 1798 980 quod

997 998 1138 1028 mentitur,
1166 1005 1235 1029 eum,
1269 997 1354 1024 adhuc
1381 998 1482 1022 ttivettle
1503 995 1664 1022 Andronico,
1688 994 1798 1027 imperii

996 1041 1110 1068 Romani
1122 1041 1198 1076 longe
1212 1040 1467 1075 appetentissimum,
1484 1047 1542 1065 cum
1566 1038 1593 1064 id
1617 1039 1721 1072 assequi
1741 1045 1796 1064 non

997 1091 1092 1122 posset.
1114 1087 1149 1112 ad
1162 1086 1303 1112 monac/tos
1315 1085 1341 1111 in
1357 1089 1444 1111 monte
1461 1083 1538 1115 Atlto,
1560 1083 1604 1116 qui
1623 1082 1672 1108 viri
1694 1082 1794 1113 sancti,

998 1139 1022 1160 et
1037 1142 1052 1160 a
1069 1133 1123 1159 Deo
1135 1132 1217 1167 afﬂati
1239 1132 1392 1166 futurorum
1417 1131 1619 1165 prrusensioncm
1636 1129 1732 1155 habere
1745 1128 1794 1162 ju-

997 1180 1168 1210 dicabmttttr,
1184 1179 1330 1213 profectum
1345 1185 1412 1209 esse,
1435 1177 1467 1203 de
1485 1177 1593 1211 futuris.
1613 1180 1637 1201 rt
1655 1184 1690 1202 an
1715 1175 1750 1201 ad
1764 1183 1794 1201 se

999 1226 1146 1252 Romanum
1162 1225 1302 1255 imperium
1322 1228 1510 1258 perventurum
1535 1226 1611 1248 esset.
1633 1225 1792 1255 percuncta-

997 1278 1097 1305 lurum,
1119 1278 1172 1299 etc.
1191 1272 1320 1299 Attamen
1339 1271 1396 1297 fieri
1417 1274 1504 1303 potest
1522 1289 1529 1299 ,
1549 1274 1579 1294 ut
1605 1268 1742 1302 Gregoras
1755 1267 1790 1293 de

999 1319 1123 1345 moribus
1135 1317 1287 1344 Andronici
1302 1316 1427 1351 qumdam
1444 1323 1498 1342 non
1516 1321 1629 1349 prorsus
1640 1313 1705 1340 falsa
1722 1311 1778 1339 seri

998 1366 1054 1394 bat.
1071 1371 1099 1391 et
1121 1372 1153 1391 ea
1171 1369 1267 1390 uoster
1282 1367 1329 1389 aut
1346 1362 1413 1389 tanti
1444 1369 1497 1388 non
1525 1361 1655 1390 instituet,
1672 1359 1789 1393 ejusque

995 1410 1135 1445 juventuti
1161 1408 1344 1436 condonanda
1363 1411 1441 1441 putet
1456 1426 1463 1437 ,
1478 1410 1526 1432 attt
1539 1405 1705 1436 dissimulet,
1718 1408 1746 1431 et
1762 1403 1787 1430 id

998 1455 1127 1482 amicitiae
1143 1453 1275 1487 singulari
1293 1453 1408 1479 fortasse
1427 1451 1543 1481 tribttat,
1557 1450 1590 1477 de
1602 1457 1656 1484 quo
1672 1449 1698 1476 in
1711 1449 1789 1476 Notis

998 1509 1048 1528 suo
1065 1501 1126 1527 loco
1141 1499 1310 1526 videbimus.
1785 1498 1790 1502 '

1033 1549 1091 1576 1am
1107 1548 1141 1574 de
1159 1545 1325 1574 excellentia
1337 1564 1345 1576 ,
1374 1545 1464 1571 fructu
1481 1563 1488 1575 ,
1514 1542 1653 1578 elegantia
1668 1562 1675 1574 ,
1698 1546 1725 1567 et
1744 1549 1789 1567 or-

999 1595 1139 1623 namentis
1160 1592 1284 1620 historia:
1311 1591 1395 1626 hujus
1424 1590 1491 1625 qttid
1518 1597 1569 1625 ego
1589 1591 1656 1616 satis
1676 1588 1787 1623 dignum

998 1643 1239 1671 cotnmentorem?
1265 1641 1339 1668 luler
1361 1640 1533 1667 recentiores
1557 1638 1670 1673 quidem
1695 1645 1784 1664 reruut

997 1691 1165 1718 Grzecarum.
1187 1696 1235 1715 seu
1254 1687 1470 1722 Byzantiuarum
1486 1685 1647 1719 scriptorcs,
1677 1688 1706 1710 ut
1725 1687 1787 1708 sunt

998 1737 1132 1765 Zonaras,
1154 1733 1277 1764 Nicetes,
1299 1731 1454 1761 Cedreuus,
1475 1735 1502 1757 ct
1517 1730 1574 1762 alit,
1598 1736 1659 1755 meo
1677 1728 1784 1762 quidem

997 1787 1022 1808 (ιι
1037 1780 1223 1816 quorumdam
1236 1779 1307 1806 bene
1321 1778 1506 1804 litteratorum
1517 1774 1676 1810 judiciohic
1688 1774 1785 1808 primas

999 1833 1074 1854 tenet
1091 1836 1098 1854 :
1118 1826 1285 1859 videturque
1309 1824 1383 1851 solus
1408 1823 1558 1853 tiltilt‘lSSl‘,
1581 1830 1636 1856 quo
1661 1825 1737 1855 pacto
1752 1819 1783 1846 ad

997 1875 1106 1901 laudent
1134 1871 1342 1899 accomtnodate
1376 1869 1546 1897 contexenda
1588 1868 1625 1894 sit
1663 1867 1784 1894 historia.

999 1921 1077 1951 Mira,
1105 1927 1186 1949 nota,
1217 1918 1353 1949 inaudita,
1383 1916 1524 1946 inusitata,
1543 1915 1714 1941 occultorum
1741 1913 1784 1940 Dei

995 1967 1163 2003 iudiciorqu
1179 1965 1278 1999 plena,
1294 1964 1420 1998 grandia,
1439 1962 1556 1989 illustria
1575 1962 1658 1988 multa
1683 1961 1726 1987 hic
1743 1968 1785 1987 re-

999 2017 1163 2038 censentur.
1190 2011 1242 2041 Et.
1271 2011 1293 2037 si
1325 2010 1441 2036 historia
1461 2009 1545 2035 debet
1566 2016 1627 2035 esse
1650 2007 1783 2042 prudens,

999 2062 1083 2092 atque
1107 2061 1205 2083 ornata
1231 2063 1323 2083 rerum
1342 2055 1491 2089 explicatio
1505 2075 1511 2087 ,
1537 2059 1634 2081 neutra
1656 2054 1742 2079 virtus
1758 2054 1782 2079 iu

1000 2102 1050 2128 hae
1071 2101 1270 2128 desideratur:
1289 2108 1352 2135 qua:
1368 2099 1436 2127 mihi
1460 2107 1569 2134 semper
1586 2108 1605 2125 ξι
1628 2098 1687 2125 viro
1709 2098 1783 2125 nobi-

1001 2149 1118 2179 lissimo,
1136 2152 1162 2174 et
1182 2148 1292 2182 ingenio
1306 2146 1540 2173 excellentissimo
1568 2145 1782 2178 suaiissimoque

968 2188 987 2213 n
1002 2195 1059 2221 visa
1082 2198 1124 2221 est
1151 2193 1326 2228 proﬂuxisse.
1348 2192 1500 2219 Prudentia
1528 2191 1677 2221 militaris.
1707 2195 1781 2223 atque

1000 2241 1090 2269 civilis
1107 2246 1161 2268 lam
1180 2240 1282 2268 eximia
1303 2240 1349 2266 hic
1375 2240 1465 2266 elucet
1479 2258 1485 2268 .
1511 2243 1540 2264 ut
1565 2238 1706 2265 civitatum
1724 2245 1782 2271 pro-

1002 2287 1214 2321 vinciarumque
1228 2285 1394 2314 rectoribus.
1405 2292 1438 2310 ac
1451 2284 1515 2311 belli
1525 2283 1644 2311 ducibus
1656 2283 1780 2317 majorem

1002 2332 1029 2359 in
1058 2332 1170 2358 modum
1195 2332 1434 2358 couuuodaturam
1468 2335 1575 2365 putem.
1602 2329 1670 2356 Cum
1697 2334 1780 2355 autem

1002 2379 1092 2404 virum
1118 2377 1260 2411 politicum
1277 2377 1310 2403 ad
1328 2377 1399 2404 bene
1420 2375 1571 2408 regendum
1593 2375 1654 2401 aliis
1680 2383 1780 2408 quoque

1001 2424 1152 2451 virtutibus
1179 2423 1364 2450 nihilominus
1385 2423 1551 2449 instructum
1566 2429 1629 2448 esse
1645 2425 1778 2454 operti-at.

1002 2479 1045 2498 rue
1063 2478 1158 2497 carum
1189 2470 1301 2504 quidem
1328 2469 1455 2503 exempla
1495 2468 1716 2501 dot'tttnentaqne
1737 2467 1780 2502 llic

1000 2517 1103 2543 frustra
1129 2515 1265 2550 requiras.
1293 2515 1322 2542 In
1345 2515 1449 2549 quibus
1472 2515 1562 2548 qualis
1587 2513 1672 2539 fuerit
1688 2512 1779 2540 Canta-

1001 2570 1134 2594 cuzenus,
1153 2561 1224 2588 infra
1241 2561 1422 2589 ostendemus
1440 2571 1445 2588 :
1465 2561 1491 2587 in
1507 2559 1736 2594 prrescnsaliquid
1751 2559 1780 2585 de

1001 2608 1158 2635 Andronico
1173 2607 1308 2636 dicemus.
1327 2615 1423 2642 quem,
1439 2607 1486 2642 qui
1503 2614 1517 2632 a
1534 2607 1675 2632 (Ilenu-nte
1689 2605 1708 2631 V
1722 2613 1779 2640 pon—

1001 2653 1074 2681 tilice
1092 2653 1211 2680 maximo
1232 2653 1259 2679 in
1274 2653 1427 2687 'Extravag.
1447 2653 1641 2679 communibus
1657 2656 1687 2677 ut
1703 2651 1779 2677 hmre-

1002 2699 1118 2725 ticorttm
1151 2702 1179 2725 et
1198 2697 1358 2724 schistuatis
1388 2697 1493 2730 antiqui
1520 2697 1655 2722 fautorem
1681 2704 1779 2722 excotn-

1001 2745 1189 2772 municatione
1206 2751 1366 2779 percussum
1381 2744 1532 2774 existimat,
1550 2744 1572 2769 is
1585 2749 1706 2777 tempora
1718 2743 1778 2770 male

1002 2793 1163 2826 componit,
1186 2796 1214 2818 et
1236 2792 1415 2826 ἀνιστορησίᾳ
1432 2790 1578 2817 maniteste
1598 2790 1712 2816 laborat.
1733 2789 1777 2822 Qui

1002 2838 1076 2866 enim
1102 2842 1167 2866 tunc
1183 2837 1354 2872 imperabat,
1381 2841 1408 2864 et
1423 2837 1495 2864 ultra
1511 2836 1601 2863 adhuc
1616 2835 1696 2863 annis
1708 2835 1777 2870 qtlill~
