1913 3074
107 122 139 155 25

782 120 1082 152 PROLEGOMENA.

1724 117 1761 149 26

111 181 202 208 decim
225 184 302 216 ppst
320 180 573 210 Clementisevita
596 180 749 208 discessum
776 179 922 214 imperavit

991 177 1129 211 ελεωτὰτη
1147 175 1292 209 πολιτείαν
1309 175 1381 203 οεῖόν
1395 184 1422 202 τι
1446 175 1540 211 χρῆμα
1560 174 1607 202 aut
1621 174 1705 209 ἱερὶν,
1721 185 1765 210 φι-

107 227 303 255 Andronicus
320 229 428 261 senior,
455 235 535 255 sacro
555 227 603 254 illo
625 227 741 254 fulmine
759 230 849 253 tactus
862 229 916 252 est.

108 274 178 308 Ergo
195 274 228 301 in
245 274 413 302 Andronico
433 274 549 302 Juniore
569 273 717 301 Christiani
744 273 919 307 imperatoris

108 327 287 355 expressum
318 327 350 348 ac
389 321 482 347 vivum
505 319 707 354 quodammodo
740 319 918 346 simulacrum

110 367 152 394 hic
169 367 366 402 proponitur.
382 367 430 394 Est
450 367 536 397 enim,
553 371 583 394 ιιι
598 367 703 401 paucis.
723 365 919 394 etsummatim

111 421 251 448 agamus,
272 413 387 444 excelsi.
407 420 460 440 nec
476 413 569 445 minus
582 413 700 440 modesti
718 412 819 444 animi,
837 412 920 438 bene-

110 460 193 490 ﬁcus,
210 460 312 491 fortis,
326 467 358 486 ac
369 467 535 494 generosus.
551 455 687 486 adversus
699 459 769 486 bene
783 462 921 485 merentes

109 509 236 537 gratus,
257 503 414 537 humanus,
441 505 606 540 injuriaruut
634 504 815 538 laborumque
854 503 922 530 tole-

110 557 177 577 rans
190 571 198 581 ,
226 551 259 577 in
285 550 455 585 ignoscendo
477 550 570 579 utilis.
588 550 766 580 misericors,
785 549 859 584 pacis
873 557 921 576 ctt-

111 597 214 631 pidus,
240 599 272 624 in
296 597 481 624 consultando
497 605 560 624 cum
575 597 673 623 amicis
691 595 919 630 rliligenqunotl

110 648 226 671 contra
252 643 390 670 mentitur
403 643 551 678 Gregoras,
567 644 631 669 dunt
652 642 767 669 consilia
784 642 858 668 nulla
874 641 922 668 ad-

113 690 248 718 misisse.
269 695 297 716 et
312 689 458 723 imperium
476 689 628 722 neglexisse
646 689 794 721 autumat),
809 687 844 714 ab
857 687 923 713 odio

114 737 142 762 in
160 744 344 771 quemquam
368 735 545 770 suscipiendo
561 735 688 767 alienus,
706 734 830 768 pecuniae
852 733 922 760 libe-

116 782 189 808 ralis
203 802 211 812 .
230 781 387 808 aediﬁcandi
406 781 548 808 studiosus
559 801 565 810 .
579 783 648 815 ’erga
663 780 749 806 Deum
763 800 770 812 ,
797 779 902 806 uelites
915 797 922 809 .

116 828 294 854 sacerdotes
307 848 314 860 ,
327 835 422 855 .avutn
441 827 510 854 mire
526 827 598 861 pius.
622 826 718 853 insunt
740 826 765 852 ιιι
787 825 830 852 his
846 825 923 851 libris

118 873 248 908 insuper
264 873 316 900 alia
340 873 367 900 in
393 873 456 900 aliis
473 873 671 907 prmelarortttn
698 871 870 901 facinorum.
895 875 924 898 et

120 919 228 954 (quod
248 919 484 945 dissimulandum
506 925 560 944 non
582 920 644 951 est)
667 917 750 944 etiam
775 916 924 951 insignium

120 967 264 992 vitiorum
279 966 405 1000 cxi-Inpia
424 974 431 992 :
450 972 568 999 quorum
594 968 623 990 ιιι
646 964 691 991 illa
707 964 838 990 imitanda
852 983 859 996 ,
885 962 925 990 sic

123 1012 179 1037 ista
197 1010 328 1038 evitanda
354 1010 436 1036 nobis
452 1014 528 1036 sunt.
546 1008 648 1035 Notum
663 1013 706 1035 est
722 1015 840 1042 namque
856 1007 923 1034 illud

126 1058 266 1084 Romana:
278 1056 400 1083 historia
414 1055 568 1090 principis:
587 1054 643 1081 Hoc
656 1054 723 1080 illud
741 1060 779 1080 est
795 1054 926 1088 prwcipue

126 1104 155 1130 in
169 1105 322 1139 cognitione
336 1112 424 1130 rerum
449 1103 555 1129 salubre
571 1111 602 1129 ac
617 1102 787 1136 frugiferum.
804 1102 889 1128 omnis
901 1105 925 1126 te

128 1149 245 1184 ἐτριηριὶ
261 1150 419 1176 documenta
432 1149 459 1174 in
475 1148 574 1174 illustri
590 1147 675 1182 posita
702 1150 870 1174 monumento
885 1147 927 1172 iu-

130 1197 212 1226 txcri,
229 1195 299 1224 unde
313 1195 360 1222 tibi
381 1201 486 1229 tua‘quc
500 1194 651 1229 reipub’icm
665 1193 734 1228 quod
765 1194 867 1219 imiter:
880 1201 925 1219 ca-

131 1242 192 1275 pias
206 1249 215 1268 :
231 1241 301 1267 unde
314 1241 410 1276 {malum
428 1241 543 1274 inceptu.
560 1240 655 1274 [mlum
671 1244 741 1266 exitu
759 1239 828 1273 quod
850 1231 924 1266 uites.

133 1287 222 1314 Habet
239 1287 285 1314 hic
297 1287 369 1318 dux,
387 1287 470 1313 habet
487 1287 564 1313 miles
577 1307 583 1317 ,
601 1286 683 1312 habet
702 1285 825 1320 privatus
841 1285 925 1316 ciris.

133 1333 215 1359 bahet
233 1332 428 1366 magistratus.
446 1332 550 1358 habent
565 1332 654 1363 sacri,
677 1331 779 1358 habent
797 1330 924 1365 profani,

134 1379 239 1405 habent
259 1378 372 1410 summi,
392 1378 495 1405 habent
509 1377 606 1407 intimi.
627 1377 729 1404 habent
745 1376 807 1407 viri,
823 1377 926 1403 habent

135 1427 284 1456 mulieres.
305 1426 379 1460 quod
396 1425 438 1451 vel
458 1424 561 1459 fugiant
580 1425 621 1451 vel
640 1428 805 1458 sequantur.
829 1423 926 1450 Insunt

134 1473 277 1499 orationes
298 1471 476 1499 creberrima:
493 1481 497 1496 :
518 1479 589 1506 quas
610 1478 672 1497 cum
700 1470 744 1497 hic
767 1475 865 1496 auctor
881 1470 925 1495 di-

136 1525 226 1546 rectas
241 1518 321 1545 valde
337 1523 410 1545 amet
427 1523 502 1546 (sunt
516 1517 589 1544 enim
604 1517 787 1551 speeiosiores
815 1521 843 1543 et
863 1524 926 1551 gra-

136 1567 250 1598 viores),
266 1572 315 1591 nos
326 1564 464 1591 interdum
483 1564 624 1591 brevitatis
638 1564 736 1598 gratia,
748 1570 776 1590 et
788 1564 821 1591 ad
839 1564 927 1590 vitan-

135 1612 198 1638 dam
213 1620 246 1638 et
259 1611 442 1638 similitudine
459 1611 614 1637 satietatem
629 1632 634 1641 ,
648 1611 680 1636 ad
693 1610 829 1645 obliquas.
851 1616 928 1636 more

134 1658 293 1686 Cresariano
307 1657 472 1692 redegimus.
483 1657 538 1684 Nec
553 1665 661 1690 possunt
675 1657 709 1684 de
722 1657 781 1684 istis
794 1655 928 1683 orationi-

137 1705 190 1731 bus
201 1704 354 1738 quidquam
373 1704 472 1730 melius
499 1711 530 1730 ac
557 1703 651 1730 verius
675 1704 785 1734 dicere.
804 1712 885 1739 qttaot
904 1702 926 1729 si

137 1758 186 1777 eas
199 1749 360 1784 prudentes.
374 1749 511 1783 eopiosas,
526 1756 730 1783 nervorumque
742 1757 773 1776 ac
786 1751 929 1783 sanguinis

138 1797 252 1831 plenas.
271 1800 299 1822 et
314 1795 428 1822 omnino
451 1796 671 1829 ρητορικωτέρας
694 1795 798 1823 dixero.
815 1796 930 1828 Pen-Jer-

136 1851 171 1870 ea
198 1842 246 1869 hic
284 1842 410 1868 invenire
435 1845 476 1868 est
499 1841 574 1867 loc-Is
601 1848 764 1867 communes
795 1847 929 1870 tractatos

136 1890 258 1923 egregie.
277 1889 345 1915 scite
359 1888 431 1915 dicta
443 1909 450 1920 ,
469 1890 615 1922 paru'ntias
628 1896 682 1914 non
703 1889 840 1923 vulgares.
858 1890 931 1916 cclc-

138 1936 231 1962 hrintu
247 1935 414 1969 scriptorum
431 1934 472 1968 (nt
483 1934 518 1960 dc
533 1934 619 1960 sacris
632 1938 746 1967 laet-am)
764 1937 928 1964 sententias.

139 1981 221 2008 fabell
233 1989 254 2008 is
269 1981 376 2015 aliquot
391 1980 506 2014 lepidas,
524 1985 551 2007 ct
567 1980 598 2006 ad
614 1988 669 2006 rem
684 1980 929 2008 demonstrandam

139 2028 305 2062 appositas:
324 2034 404 2061 quas.
430 2027 538 2057 ut.scis,
555 2027 784 2061 philosnplmrum
812 2028 851 2054 illi
880 2036 930 2054 au-

141 2075 252 2104 tistites.
281 2073 358 2100 Plato
383 2078 410 2098 et
427 2073 589 2099 Aristoteles
603 2093 609 2102 .
629 2075 790 2108 neutiquam
807 2080 932 2101 contem-

139 2121 246 2147 nendas
260 2125 441 2146 censuerunt.
457 2120 575 2154 (lapicut
597 2125 622 2147 te
640 2120 706 2147 item
722 2128 791 2155 qttas
812 2121 929 2147 strictitn

140 2167 250 2200 attingit
267 2166 398 2192 Romana:
410 2165 549 2200 historim;
568 2167 680 2201 capient
696 2167 764 2194 varii
781 2168 869 2200 ritus;
886 2175 931 2194 ea-

141 2213 218 2247 picnt
229 2219 298 2246 quos
320 2212 417 2239 miscet
432 2213 588 2239 animorum
608 2219 708 2245 motus,
730 2218 786 2240 ιιιιιι
808 2214 884 2241 lenes
899 2221 930 2241 ac

143 2258 242 2290 sedati,
263 2266 333 2292 quos
349 2257 402 2292 ἤθη
417 2257 515 2288 Graeci,
535 2263 591 2285 tum
611 2267 708 2294 graves
722 2260 771 2290 illi.
796 2260 930 2287 etconci-

143 2306 212 2337 tati,
238 2313 308 2339 ques
331 2300 414 2331 iidem
437 2305 511 2339 πάθη
537 2310 658 2332 vocant:
675 2306 786 2340 capient.
823 2307 930 2333 descri-

142 2351 251 2387 ptiones
267 2351 373 2386 aliquot
392 2351 514 2390 insignes
531 2360 537 2378 :
554 2352 663 2386 capient
679 2352 731 2380 alia
746 2353 856 2380 demum
873 2353 932 2386 pln-

144 2400 224 2425 rima.
235 2398 315 2431 Quod
327 2399 349 2425 si
365 2405 456 2425 rerum
469 2399 587 2425 varietas
600 2399 730 2431 delectat,
742 2399 777 2428 de
785 2406 841 2434 quo
851 2407 931 2425 nemo

143 2445 262 2475 dubitat.
280 2453 311 2472 ca
327 2452 394 2472 sane
413 2445 457 2472 hic
472 2445 588 2472 miriﬁca
601 2447 737 2477 cernitur,
755 2451 786 2473 ut
807 2447 932 2481 singulo-

143 2499 203 2518 rum
218 2491 351 2517 librorum
373 2491 526 2525 periochze,
550 2499 598 2518 seu
613 2492 742 2526 epitomze
759 2493 931 2519 iudicabunt.

145 2537 408 2572 Episcopisdebitns
421 2538 507 2564 Itonos
523 2543 549 2564 et
570 2546 598 2565 re
618 2539 931 2571 crentiahictribuitur.

144 2584 288 2612 Catholica
320 2585 445 2611 instituta
469 2585 694 2619 cmremonitequc
726 2585 762 2612 ita
791 2590 856 2612 sunt
886 2593 934 2620 per

146 2631 227 2657 hosce
242 2631 328 2658 libros
340 2631 491 2663 luculenta,
507 2635 535 2657 ιιι
549 2640 603 2658 non
622 2636 700 2666 optes
718 2633 814 2666 magis.
834 2633 861 2658 lu
876 2633 933 2666 pri-

146 2679 197 2704 mis
211 2685 278 2704 vero
292 2677 337 2704 Dei
353 2678 436 2705 Mater
449 2686 556 2706 summa
574 2679 600 2705 in
617 2679 794 2706 veneratione
809 2684 850 2706 est
867 2688 873 2705 :
889 2679 933 2705 cui

146 2725 228 2749 etiam
257 2723 324 2750 urbs
349 2727 404 2750 tota
428 2723 684 2758 Constantinopolis
711 2732 726 2750 ει
753 2724 934 2752 Constantino

146 2769 243 2800 Magno
268 2771 414 2797 commissa
444 2779 476 2797 ac
506 2771 632 2798 dedicata
651 2771 762 2806 legitur.
794 2771 854 2799 Vita
879 2780 936 2799 mo-

147 2814 250 2840 nastica
267 2819 310 2841 est
325 2814 374 2846 illi,
397 2817 514 2849 πρᾶγμα
525 2816 607 2842 καλὴν
626 2817 673 2843 καὶ
688 2817 820 2850 θεοφιλὲς,
847 2817 936 2853 ἁττρά-

148 2867 226 2895 τμων
241 2864 287 2888 καὶ
306 2869 338 2897 με
346 2862 402 2891 ςττγς
418 2862 537 2899 γαλήνης
554 2863 621 2898 βίης,
640 2863 788 2898 ἀκρότατος
805 2863 872 2900 βίης,
889 2865 935 2892 καὶ

970 222 1092 256 λοσοφια,
1123 222 1170 248 καὶ
1197 222 1260 256 περὶ
1288 222 1423 256 οὐρανίων
1451 221 1621 256 πραγμάτων
1647 221 1765 255 γνῶσις,

971 271 1051 306 ἔργον
1069 271 1181 305 ὑψηλὸν,
1196 271 1243 297 καὶ
1258 271 1306 305 τὴν
1319 270 1493 306 ἀνορωπὶνὴν
1508 270 1673 306 ὑπερῆαῐνον
1685 269 1766 296 δύνα-

973 327 1029 352 μιν,
1049 318 1108 353 ἱερὰ
1135 317 1246 353 ἡσυχία.
1266 318 1294 353 ιιι
1311 322 1364 349 est.
1383 327 1424 345 res
1448 318 1568 347 honesta.
1582 322 1607 344 et
1627 317 1679 344 Deo
1692 325 1769 343 ama-

971 363 1032 391 bilia
1045 383 1053 394 ,
1080 364 1134 390 vita
1159 365 1270 399 negotiis
1289 373 1388 396 vacua,
1406 368 1431 390 et
1446 363 1652 399 tranquillitatis
1673 363 1765 398 plena.

971 419 1124 445 cupi-mnum
1151 418 1182 437 ac
1213 411 1433 445 perfectissimum
1453 411 1514 437 vita:
1536 411 1698 441 institutum,
1726 417 1766 436 res

971 461 1063 483 smtcta
1093 463 1117 482 et
1157 455 1257 488 divina,
1288 456 1452 491 philosophia
1492 461 1516 482 et
1540 457 1655 491 cognitio
1681 464 1769 482 rerum

973 503 1128 534 cwlt'uiunt,
1154 511 1219 537 opus
1247 503 1358 530 sublime
1375 508 1399 529 τι
1415 503 1537 530 Immanis
1557 503 1655 540 viribus
1668 503 1768 537 majus,

973 551 1046 585 quies
1067 555 1173 576 sancta.
1191 549 1312 576 Montem
1335 557 1418 584 porro
1441 551 1522 581 Atho.
1541 549 1574 576 ad
1592 557 1674 584 quem
1691 557 1768 576 com-

975 597 1054 630 plura
1069 596 1206 623 tediiicata
1225 597 1407 630 monasteria,
1428 597 1455 623 in
1474 596 1577 630 quibus
1596 596 1692 627 ingens
1708 602 1769 621 mo-

975 643 1127 670 nachorum
1145 642 1304 674 multitudo,
1323 643 1399 669 πόλιν
1427 642 1567 677 οὐράνιον,
1589 641 1720 668 (missum
1734 641 1770 667 ri-

974 691 1083 716 vitatcm
1098 689 1233 716 nominat.
1254 688 1342 716 Fueos
1360 689 1421 715 illos
1435 687 1617 715 scholasticos
1629 707 1637 717 .
1653 687 1700 714 καὶ
1719 686 1768 713 τὰς

974 736 1122 770 ληκύθους,
1145 740 1173 761 et
1204 735 1342 770 pigmenta
1373 734 1510 762 lsocratea
1537 733 1690 760 non'habct
1713 732 1770 759 hanc

975 783 1094 809 historia
1109 791 1115 808 :
1131 782 1178 808 sed
1192 787 1322 808 ornatutn
1337 781 1484 816 quemdam
1497 780 1678 807 matronalem
1704 779 1770 806 viri-

976 830 1096 864 lemque.
1115 836 1146 856 ac
1165 829 1306 856 robustam
1334 828 1510 863 elegantiam.
1533 827 1679 854 Schemata
1697 834 1771 860 quat-

975 876 1038 902 dam
1063 875 1182 901 oratoria
1217 880 1245 902 et
1279 874 1418 901 Atticismi
1446 882 1501 900 nott
1525 873 1638 908 penitus
1659 873 1771 900 absunt.

976 921 1080 955 Lingua
1097 921 1193 956 purior
1215 925 1269 950 est.
1288 928 1372 955 quam
1391 927 1442 954 pro
1458 919 1504 946 illa
1521 923 1613 951 actate,
1640 925 1695 944 non
1708 925 1771 945 cum

976 968 1046 994 laete
1064 967 1182 993 nutricis
1199 967 1315 999 hausta,
1342 967 1390 993 sed
1406 973 1440 993 ex
1458 965 1537 992 libris
1553 970 1683 999 percepta
1695 963 1774 991 vide-

975 1014 1049 1040 lici't.
1077 1013 1145 1040 Nam
1170 1014 1216 1040 illo
1237 1013 1340 1040 sa-culo
1364 1012 1426 1048 (sub
1443 1011 1610 1039 Audrorticis
1629 1011 1772 1042 nimirum.

976 1064 1003 1087 et
1026 1063 1125 1094 antea)
1152 1068 1206 1086 non
1230 1059 1412 1086 mediocriter
1433 1058 1614 1088 inl'uscalam.
1636 1061 1665 1084 ct
1682 1061 1772 1083 muta-

978 1108 1069 1133 tiones
1081 1106 1154 1133 haud
1170 1106 1244 1133 leves
1257 1100 1426 1141 perpessam,
1444 1101 1617 1132 crndili‘non
1631 1103 1772 1130 nesciunt.

977 1153 1120 1180 Addamus
1143 1154 1195 1180 hoc
1222 1161 1271 1188 pro
1293 1152 1451 1180 corollario.
1469 1151 1630 1178 Genucnses
1668 1155 1697 1176 et
1717 1149 1773 1176 Vc-

979 1199 1036 1227 neti
1054 1200 1139 1226 tnttlta
1163 1200 1208 1226 hic
1223 1200 1257 1226 ab
1273 1199 1335 1226 aliis
1349 1198 1492 1225 historicis
1506 1198 1564 1224 Sitis
1579 1197 1773 1232 praetermissa.

978 1252 1026 1274 aut
1040 1255 1182 1281 nunquam
1197 1247 1307 1279 cognita
1322 1246 1356 1272 de
1371 1245 1526 1280 majoribus
1539 1244 1606 1274 suis.
1620 1250 1776 1276 eorumque

977 1295 1080 1320 virtute
1092 1298 1119 1320 et
1133 1292 1213 1319 factis
1226 1293 1327 1328 legere,
1347 1297 1377 1320 et
1406 1291 1532 1326 qua-dam
1548 1290 1616 1317 falso
1628 1290 1661 1316 de
1676 1289 1775 1316 iisdem

978 1339 1112 1366 hactenus
1128 1338 1230 1372 scripta
1249 1337 1460 1373 deprehendere
1475 1339 1615 1371 poterunt.

1015 1386 1125 1417 Restat,
1142 1390 1171 1411 ut
1193 1392 1253 1419 quin
1277 1392 1327 1411 nos
1349 1386 1391 1410 vel
1416 1383 1605 1417 praestitimus,
1637 1381 1679 1408 vel
1704 1389 1774 1415 prm-

979 1436 1053 1458 state
1076 1431 1291 1460 contendimus.
1321 1429 1489 1456 indicemus.
1510 1428 1536 1454 ln
1564 1427 1777 1462 interpretando

980 1485 1040 1504 eam
1058 1477 1177 1512 speciem
1195 1483 1244 1510 pro
1264 1480 1345 1510 captu
1367 1479 1466 1502 nostro
1489 1473 1642 1502 consectati
1667 1481 1777 1505 sumus.

981 1531 1062 1558 quam
1087 1531 1120 1549 ex
1149 1530 1245 1550 eorum
1266 1523 1385 1549 lectione.
1400 1542 1407 1553 ,
1424 1522 1471 1556 qui
1489 1522 1522 1548 de
1546 1521 1650 1556 optimo
1675 1527 1777 1555 genere

983 1570 1184 1604 interpretandi
1202 1573 1408 1604 praeceperunt.
1424 1569 1618 1602 bonorumque
1636 1568 1777 1601 interpre-

982 1621 1038 1642 tum
1054 1616 1252 1643 observatione
1285 1621 1378 1643 mente
1401 1621 1562 1649 conceptam
1595 1619 1677 1648 atque
1693 1613 1780 1639 infor-

982 1667 1081 1688 matum
1109 1662 1274 1689 tenebatth
1290 1671 1297 1690 :
1316 1669 1377 1696 quze
1403 1661 1558 1697 eujnsmodi
1583 1661 1637 1691 sit.
1657 1661 1674 1686 ii
1691 1659 1777 1694 potis-

981 1709 1083 1735 simum
1113 1709 1295 1743 intelligunt,
1322 1714 1439 1743 quorum
1466 1707 1601 1734 industria
1625 1706 1650 1733 itt
1679 1705 1778 1733 eodem

981 1754 1122 1781 curriculo
1150 1763 1178 1781 se
1204 1754 1356 1789 aliquando
1382 1753 1543 1789 explicavit.
1563 1753 1692 1781 Codiccnt
1716 1759 1778 1787 per-

981 1809 1062 1833 quant
1089 1800 1278 1833 mendosum,
1308 1801 1436 1834 maleque
1465 1800 1673 1833 interpunctutu
1700 1805 1780 1824 acce-

941 853 960 878 ιι

942 1525 964 1555 C

983 1847 1082 1880 pimus.
1099 1852 1128 1872 ut
1144 1846 1269 1873 divinare
1303 1852 1329 1872 et
1347 1846 1486 1880 conjicere
1511 1846 1673 1879 frequenter
1693 1852 1778 1878 opor~
1819 1850 1822 1853 '

983 1894 1075 1919 tum-it.
1097 1893 1213 1919 Nomina
1237 1893 1374 1924 locorum,
1398 1901 1458 1926 quae
1480 1900 1530 1918 nec
1545 1891 1776 1926 diligentissimus

982 1938 1105 1964 ()rtelius
1123 1938 1215 1964 omnia
1231 1938 1362 1972 collegit,
1382 1943 1409 1964 et
1436 1945 1616 1972 personarum
1628 1957 1635 1969 ,
1653 1945 1713 1971 qua:
1735 1937 1777 1964 vel

982 1984 1086 2011 Grateia
1110 1984 1166 2018 jam
1193 1984 1324 2010 occidens
1351 1988 1380 2010 et
1410 1983 1664 2018 βεῦαρϐαρωυένη,
1681 1983 1723 2009 vcl
1745 1983 1778 2009 li-

984 2031 1140 2058 brariorum
1162 2030 1308 2057 oscitantia
1333 2029 1513 2064 depravarat,
1535 2029 1636 2056 alit-ubi
1650 2028 1684 2055 de
1701 2036 1776 2055 con-

980 2077 1088 2112 jectnra
1103 2075 1313 2103 emcndavimus
1342 2078 1414 2110 (nam
1430 2075 1476 2109 qni
1490 2074 1614 2102 omnium
1630 2082 1722 2101 veram
1751 2078 1779 2101 et

984 2131 1145 2159 germanam
1164 2123 1329 2158 scripturam
1343 2121 1528 2157 coniectando
1551 2121 1638 2157 possit
1653 2121 1777 2156 assequi,

983 2179 1033 2205 ego
1046 2170 1156 2204 quidem
1171 2170 1294 2196 futurum
1309 2170 1408 2204 opinor
1421 2169 1584 2200 neminem‘,
1595 2168 1697 2195 omissa
1706 2176 1780 2202 quic-

985 2217 1049 2243 tlarn
1074 2216 1284 2250 supplevimus;
1310 2215 1337 2242 in
1364 2215 1488 2248 singulos
1508 2215 1596 2242 libros
1624 2215 1779 2250 periochas,

982 2273 1029 2292 seu
1055 2265 1192 2300 epitomas
1221 2261 1461 2297 conscripsimus:
1482 2270 1550 2296 quas
1574 2266 1601 2288 ct
1626 2263 1731 2289 lcc:uro
1747 2262 1781 2289 ad

985 2311 1225 2347 προπαρασκευὴ-ν
1239 2330 1247 2343 ,
1273 2315 1301 2336 et
1318 2310 1343 2336 ei
1364 2310 1410 2344 qui
1431 2310 1487 2344 jam
1517 2309 1580 2344 legit
1597 2330 1605 2341 ,
1631 2309 1663 2335 ad
1681 2309 1781 2335 dvazs~

984 2359 1137 2394 φαλαίωσιν
1160 2358 1242 2384 utiles
1268 2357 1328 2384 {ore
1354 2356 1522 2384 conﬁdimus
1537 2365 1544 2384 :
1562 2352 1666 2383 relictis
1678 2357 1781 2383 sectio'

984 2405 1066 2432 nibus
1082 2406 1162 2438 (quas
1180 2404 1207 2430 in
1235 2403 1374 2438 plerisque
1390 2401 1537 2429 codicibus
1550 2422 1557 2433 .
1577 2403 1635 2428 sive
1662 2401 1778 2432 scribas.

983 2454 1040 2478 sive
1054 2451 1187 2480 lectores.
1207 2457 1261 2476 non
1288 2449 1364 2483 ipsos
1387 2453 1517 2476 auctores
1543 2448 1715 2483 excogitasse
1754 2452 1782 2475 et

985 2497 1146 2523 adhibuisse
1169 2496 1242 2528 reor)
1259 2494 1331 2528 quod
1359 2494 1441 2521 modo
1459 2494 1542 2520 nimis
1567 2494 1681 2525 crchrze,
1700 2493 1784 2519 modo

986 2542 1070 2569 nimis
1099 2549 1185 2571 rara'.
1210 2541 1311 2575 schins
1337 2546 1530 2575 argumentum
1559 2540 1602 2567 vix
1625 2548 1657 2567 ex
1683 2539 1783 2567 triente

987 2588 1274 2623 comprehenderent,
1291 2588 1317 2614 in
1336 2587 1424 2622 capita
1439 2607 1446 2618 ,
1465 2595 1540 2614 more
1563 2587 1723 2614 Latinorum
1739 2591 1783 2612 to-

987 2639 1045 2661 tum
1061 2629 1323 2668 corpusdivisitnus
1337 2653 1343 2664 ,
1367 2638 1395 2660 et
1410 2633 1442 2660 ad
1465 2634 1600 2669 cuiusque
1615 2632 1713 2666 capitis
1729 2632 1782 2658 iui-

988 2681 1055 2708 tiutn
1088 2681 1150 2715 ejus
1187 2687 1322 2706 summam
1357 2680 1540 2714 apposuituus
1564 2683 1717 2712 notasque,
1753 2682 1782 2703 ut

986 2730 1119 2761 quantum
1137 2727 1256 2752 maxime
1280 2733 1424 2759 posscmus
1437 2747 1444 2757 ,
1462 2730 1489 2751 et
1515 2725 1590 2751 hisce
1613 2723 1737 2752 summis.
1754 2727 1781 2749 ct

988 2772 1042 2799 illis
1060 2772 1190 2806 epitomis
1208 2771 1305 2798 lectori
1323 2771 1415 2798 lumen
1429 2779 1476 2805 pra
1487 2771 1679 2806 ponderemus.
1693 2768 1780 2795 Locos

988 2819 1094 2853 aliquot
1112 2826 1208 2852 parum
1231 2826 1330 2850 sanos,
1347 2817 1486 2853 pra-textis
1512 2818 1538 2843 in
1565 2816 1624 2850 ipso
1645 2819 1776 2842 contextu

988 2864 1278 2893 auituadrersionihns
1314 2864 1543 2900 perstrinximus,
1566 2870 1634 2897 quas
1659 2862 1774 2896 quidem

948 2202 969 2229 ο
