1913 3074
133 109 169 144 at
699 113 873 145 JOANNES
892 114 1205 145 CANTACUZENUS.
1442 114 1447 117 ‘
1559 94 1562 97 ’
1735 113 1772 146 32

137 169 244 197 ratione
264 173 293 197 et
319 168 416 205 gloria,
438 169 495 205 ipse
517 169 680 198 clarissimis
698 171 802 203 verbis,
821 171 869 199 lib.
884 180 924 204 iii,
942 175 960 202 Α
979 176 1023 198 ιιιι·
1039 180 1045 198 :
1061 171 1142 205 digna
1159 170 1295 206 profecto,
1320 171 1364 198 cui
1380 171 1423 199 vel
1439 171 1527 207 majus
1549 171 1772 200 committeretur

137 223 197 250 cap.
211 216 246 244 55
257 220 284 243 et
296 215 330 243 78
347 216 468 243 edocuit.

331 261 435 289 Studia,
447 261 574 288 doctrinm
593 266 618 288 et
634 270 729 289 mores.
809 291 812 296 ,

173 306 202 333 In
219 307 330 334 militari
343 307 504 342 disciplina,
520 309 595 336 socio
620 309 781 344 Syrgianne,
794 308 925 343 magistro

139 352 244 386 Angela
263 360 341 379 usum
355 360 384 379 se
397 359 490 380 narrat
507 362 512 380 :
526 354 552 380 iii
569 362 622 388 qua
647 356 746 382 deinde
762 363 809 389 per
821 354 925 381 exet-ei—

138 398 269 424 tationcm
295 398 496 432 lectionemque
511 400 590 434 longe
610 400 758 427 admodum
780 401 923 434 processit.

141 443 255 476 talisque
270 451 382 476 prorsus
403 444 494 471 extitit
515 445 672 479 imperator,
690 446 798 480 qualem
810 446 843 472 Μ.
861 445 926 471 Tiil-

139 489 193 516 lius
209 490 236 516 in
261 490 426 524 Pompeiana
451 491 574 525 depinxit
590 491 743 526 :siqnidem
761 493 786 517 in
805 499 838 518 eo
856 499 925 526 quo-

140 543 194 569 que
213 536 257 562 illa
271 543 400 570 quatuor,
418 545 477 571 qua:
495 537 520 562 in
537 545 644 563 summo
657 538 823 572 imperatore
836 537 925 564 inesse

137 581 252 614 debent,
267 582 439 615 enituerunt,
457 582 585 613 scientia,
619 585 718 614 virtus,
739 583 864 614 felicitas,
878 591 926 610 au-

138 627 263 655 ctoritas.
292 627 366 655 Talis
392 628 468 660 item,
491 629 600 662 quali-in
627 629 653 655 in
684 629 838 664 Strategico
866 638 926 664 gra-

138 673 270 700 vissimus
290 679 443 708 praeceptor
462 674 588 702 iiiili:a.ris
614 667 775 702 Omfsander
795 676 927 702 describit

139 727 199 754 cap.
220 720 245 752 i,
261 724 363 749 castus.
380 725 548 755 temperans.
568 722 686 754 sobrius,
704 722 786 756 frugi,
807 722 927 749 laborio-

140 772 197 798 sus,
220 765 387 800 intelligens,
411 767 523 794 minime
549 775 658 797 avarus,
683 775 733 794 nec
751 767 858 802 junior,
878 775 928 795 nec

138 811 243 842 senior,
276 812 394 838 liliomm
425 817 513 847 pater,
545 812 654 839 dicendi
691 813 807 845 peritus,
841 814 927 846 gloria

978 219 1134 252 imperium.
1160 217 1353 248 Fortitudi..is,
1383 218 1630 252 magnanimitatis,
1655 226 1688 246 ac
1720 227 1770 253 pa-

978 264 1080 290 tient'ue
1095 268 1146 294 est,
1161 263 1234 297 quod
1249 271 1385 298 nusquam
1401 263 1486 290 ferme
1499 263 1577 290 abest
1587 264 1622 290 ab
1633 265 1769 296 exercitu,

977 316 1116 343 manuque
1152 316 1200 335 sua
1232 309 1258 335 iii
1285 310 1391 336 hostem
1429 315 1532 344 pugnat
1556 309 1697 336 viriliter:
1719 318 1771 337 nec

977 355 1164 388 voluptatibus
1198 354 1332 389 indulget,
1361 359 1387 381 et
1417 355 1541 382 adversis
1576 356 1685 382 casibus
1715 363 1770 382 non

977 398 1115 432 frangitur
1131 406 1138 425 :
1157 399 1266 433 injuriis
1283 399 1471 433 (potissimum
1489 400 1524 426 ab
1540 400 1769 434 Apocauchomui

977 449 1124 478 tantopere
1155 444 1342 476 benefecerat,
1356 444 1450 477 illatis)
1470 453 1523 472 non
1551 446 1727 473 succumbit:
1742 451 1771 472 et

977 490 1109 516 invidiam
1138 498 1216 523 aequa
1247 495 1340 517 mente
1366 490 1492 517 sustinet.
1523 491 1551 517 lii
1581 491 1650 517 bene
1678 491 1711 517 de
1741 499 1770 516 se

977 540 1115 562 merentes
1128 543 1199 562 unus
1218 535 1343 562 omnium
1365 535 1539 570 gratissimus
1554 544 1560 560 τ
1576 544 1657 570 quam
1681 536 1770 562 γὶι-ιιι-

977 587 1032 609 tem
1049 582 1075 608 in
1094 581 1155 608 aliis
1168 582 1250 608 etiam
1266 587 1349 613 amat,
1362 586 1390 608 et
1406 581 1468 608 ideo
1482 582 1554 608 nulla
1573 583 1769 616 propemodum

978 630 1075 662 pagina
1091 627 1244 661 gratiarum
1260 627 1418 655 actionibus
1434 632 1521 654 vacat.
1544 628 1583 654 Ad
1602 627 1772 654 moderatio-

979 680 1040 698 nem
1084 673 1336 706 continentiamque
1385 673 1524 706 pertinet,
1559 672 1631 706 quod
1663 673 1771 706 imperii

978 717 1202 744 communionem
1226 716 1279 744 sibi
1300 718 1334 744 ab
1354 717 1513 744 Andronico
1541 718 1623 744 etiam
1643 723 1771 752 quartum

979 763 1109 795 delatam,
1123 768 1243 790 recusat.
1264 763 1294 790 lu
1308 763 1428 790 amicitia
1447 763 1562 790 colenda
1579 764 1769 790 constantissi.

980 816 1051 837 mus,
1069 808 1258 834 Andronicum
1275 807 1411 834 minorem
1425 809 1572 842 praecipue,
1586 812 1613 834 ct
1627 808 1772 835 Amurium

140 857 266 884 illustris.
294 857 408 890 Qualem
435 863 567 892 praeterea
592 858 626 884 de
654 858 753 884 bellico
782 863 924 891 apparatu,
943 855 1089 882 Bl’ersam
1115 854 1197 880 iOllitB
1223 854 1378 888 Satrapam,
1403 855 1461 881 sive
1483 854 1637 888 principem
1665 854 1771 885 dilexit,

139 909 201 936 cap;
214 901 241 933 2,
258 901 313 928 Leo
331 902 490 936 imperator.
508 902 640 936 Linguam
663 901 785 928 Latinam
799 902 927 928 calluisse

139 948 204 974 inde
235 947 422 982 conjecturam
449 948 536 982 capio.
551 947 658 974 Etenim
680 955 723 973 res
740 947 927 974 Romanorum

140 994 337 1027 imperatorum
358 993 399 1024 (ut
417 1000 467 1019 uos
481 992 618 1019 liomanos
637 992 928 1027 imperatores_appel-

140 1039 240 1069 lanius,
265 1037 316 1064 hoc
328 1042 369 1065 est
385 1046 480 1064 coruui
498 1039 545 1072 qui
563 1038 589 1064 in
602 1038 678 1064 Italia
699 1043 726 1064 et
744 1038 837 1064 Roma:
851 1038 928 1064 vixe-

138 1084 214 1117 runt)
229 1084 374 1117 aliquoties
392 1084 417 1109 in
434 1084 554 1110 medium
577 1083 699 1112 adducit.
716 1091 784 1117 quas
804 1083 920 1110 forsitan

139 1129 211 1164 apud
231 1130 354 1156 historia:
378 1129 505 1162 Augustae
524 1129 672 1163 scriptores
690 1130 763 1163 legit.
785 1130 815 1155 lit
843 1130 929 1163 Art-go

139 1174 274 1202 monacho
289 1174 414 1202 Sabaiiilo
435 1175 557 1210 quaedam
578 1174 672 1202 (Σίνωρα
698 1176 800 1210 scripta
817 1183 871 1202 ιιοιι
887 1175 929 1202 in~

140 1221 284 1256 telligenti,
311 1221 508 1256 interpretatur
528 1221 576 1248 lib.
609 1230 647 1254 iii,
665 1230 725 1255 cap.
750 1223 792 1249 Si.
819 1222 846 1248 Si
869 1223 930 1257 quis

138 1267 284 1294 auditione
309 1273 414 1294 tantum
437 1269 625 1295 Romanorum
655 1269 723 1295 facta
739 1269 888 1301 accepisse.
904 1273 931 1294 et

138 1314 233 1342 Gra'ca
270 1314 316 1341 illa
341 1314 431 1340 ltalice
463 1314 599 1340 monacho
627 1315 840 1349 interpretatum
871 1323 931 1341 esse

137 1361 256 1397 credere
270 1360 357 1391 malit,
375 1368 436 1386 eum
458 1368 491 1387 eo
509 1368 562 1386 non
586 1361 750 1387 contendant
766 1367 811 1388 :et
831 1361 870 1387 ita
883 1369 932 1387 no-

140 1408 214 1434 mine
241 1408 344 1435 Latiua:
372 1408 576 1442 lingua-,eujiis
600 1415 628 1433 se
652 1408 784 1433 scientem
812 1407 930 1441 quodam

139 1455 200 1481 loco
217 1453 467 1488 ailiriiiat,qu:iqne
480 1452 667 1487 pnesidizirios
685 1453 765 1479 Italos
782 1453 933 1487 alloquitur

137 1499 377 1533 Constantinopoli
394 1499 441 1526 lib.
460 1507 497 1530 iv,
518 1508 580 1533 cap.
601 1499 645 1529 5t,
664 1499 756 1529 Italica
776 1499 928 1534 intelligen-

140 1546 173 1571 ila
198 1545 252 1571 erit
266 1545 361 1571 :asieut
378 1552 426 1579 per
442 1544 553 1570 Latinos
567 1545 638 1577 Itali,
652 1550 678 1571 et
692 1544 751 1576 alii,
767 1552 820 1570 non
835 1544 932 1570 Grieci.

140 1590 250 1617 Persice
266 1598 384 1624 quoque,
397 1590 454 1617 sive
480 1590 595 1617 Turcice
611 1598 689 1617 nosse
705 1598 733 1617 se
758 1590 806 1617 lib.
827 1598 862 1620 iv,
875 1597 934 1624 cap.

142 1638 186 1667 il),
203 1636 327 1663 affirmat.
344 1636 437 1663 Artem
459 1636 588 1662 didicisse
605 1636 764 1666 oratoriam,
780 1636 935 1669 eloquentia

143 1681 230 1714 ipsius
242 1681 315 1707 omni
335 1681 531 1714 praedicatione
547 1681 627 1714 digna
642 1685 670 1707 et
685 1681 710 1707 in
730 1686 782 1707 tam
796 1681 936 1714 pl‘iCClltl‘iS

141 1726 324 1758 orationibus,
339 1730 448 1760 totaque
462 1726 612 1759 Scriptione
625 1734 653 1753 se
665 1734 807 1758 exserens,
823 1727 937 1753 detonu—

139 1776 220 1799 5trat.
236 1771 307 1798 Sane
320 1772 392 1806 quod
416 1771 450 1798 M.
467 1771 573 1798 Tullius
589 1772 622 1798 de
636 1771 775 1806 Pompeio,
801 1772 871 1799 idem
886 1780 935 1806 ego

142 1818 284 1845 Verissime
294 1818 326 1844 de
337 1818 387 1844 line
398 1818 467 1846 viro.
481 1818 573 1851 paucis
583 1818 736 1844 immutatis
747 1826 932 1852 usui-pavere:

140 1863 276 1896 Quantum
290 1864 407 1895 consilio,
419 1871 547 1898 quantum
562 1864 664 1890 dicendi
678 1865 808 1899 gravitate
827 1869 850 1891 ct
861 1866 934 1899 copia

141 1910 240 1940 ualeat.
256 1912 281 1937 in
300 1919 349 1944 quo
367 1911 422 1944 ipso
437 1911 501 1936 incsl
521 1910 647 1945 quit-dam
662 1911 779 1945 dignitas
792 1912 934 1945 imper-uio-

140 1959 194 1987 για,
206 1965 250 1983 vos
264 1965 295 1983 ea;
311 1957 378 1983 liisrc
391 1956 462 1993 libris
473 1965 541 1990 serpe
555 1957 723 1991 cognoscetis.
739 1957 844 1991 Oppida
856 1965 933 1983 coin-

141 2003 232 2037 plura,
256 2011 317 2037 quae
347 2003 431 2029 armis
459 2003 634 2033 resismbant,
657 2003 714 2030 oris
732 2003 774 2030 sui
806 2003 932 2030 facundia

141 2049 271 2083 subi-git:
292 2053 320 2075 nt
343 2048 414 2082 quod
430 2048 536 2084 (lyncas
565 2049 671 2083 legatus
689 2049 793 2082 Pyrrho
808 2049 933 2083 Epirota-

143 2101 204 2119 ritm
234 2093 302 2127 regi,
329 2092 382 2119 hoc
410 2093 480 2118 idem
508 2101 576 2126 pene
598 2094 754 2119 Andronico
774 2093 932 2126 imperatori

140 2138 352 2165 Cantacuzeuus
375 2137 469 2164 fuerit.
498 2138 529 2164 Et
549 2146 611 2164 cum
639 2138 757 2164 oratoris
781 2139 815 2165 sit
846 2139 933 2165 histo-

143 2185 211 2210 riam
231 2184 360 2214 scribere,
378 2183 400 2209 si
424 2191 476 2216 qua
500 2183 564 2214 alia,
591 2184 647 2210 hzrc
667 2184 726 2211 sine
744 2185 930 2212 controversia
949 2201 969 2228 ὓ

144 2232 275 2260 oratorie.
289 2231 340 2257 lioc
352 2235 394 2257 est
416 2229 576 2264 prudenter,
594 2229 737 2264 dispesite,
758 2230 868 2262 diserte,
881 2239 931 2258 nec

145 2278 290 2302 invenuste
316 2275 419 2308 scripta
445 2279 495 2300 est.
527 2275 622 2301 l’eetas
647 2276 794 2309 diligenter
821 2276 930 2311 legisse,

146 2322 293 2348 llrimcrum
307 2321 453 2354 praecipue.
475 2311 507 2346 eti
523 2321 692 2355 Euripidem,
710 2321 835 2348 crebrius
849 2330 881 2348 ex
900 2322 932 2349 iis

145 2366 244 2401 prolati
261 2373 358 2393 versus
378 2366 486 2393 docent,
505 2367 649 2393 Saerarum
673 2367 823 2392 litterarum
841 2367 932 2393 scieii-

147 2421 182 2441 tia
203 2422 256 2440 non
275 2422 370 2448 parum
387 2415 535 2446 iiiibutitm,
549 2419 588 2440 tot
609 2415 662 2441 10νὶ
685 2416 808 2449 apposite
828 2416 931 2443 inducti

143 2466 307 2496 argumento
323 2468 397 2488 stitit.
417 2460 469 2487 Sed
491 2460 516 2487 id
542 2468 574 2487 ex
590 2461 667 2487 libris
683 2461 742 2487 aliis
759 2462 815 2488 siile
832 2463 933 2489 l'iill'iuS

142 2511 195 2537 est,
210 2514 280 2540 quos
305 2514 401 2540 nempe
424 2511 519 2533 contra
539 2506 746 2533 Malminelanos
779 2513 807 2534 et
823 2508 933 2535 Jiiilteos

141 2553 240 2581 edidit.
256 2553 354 2580 Fertur
376 2554 490 2587 insuper
518 2553 544 2580 in
563 2556 684 2588 quinque
707 2554 811 2588 priores
828 2555 934 2581 EI/n‘io-

143 2607 204 2625 rum
217 2599 373 2625 Aristotelis
397 2599 578 2632 Paraplirasin
602 2599 808 2633 conscripsisse.
825 2601 886 2628 llaec
901 2601 934 2628 de

143 2645 244 2672 studiis
271 2649 298 2671 et
310 2645 410 2672 litteris
423 2646 492 2680 ejus.
562 2639 566 2645 ’

179 2690 257 2723 Quod
282 2690 315 2716 ad
353 2699 443 2718 mores
466 2697 493 2718 et
524 2692 641 2719 virtutes
666 2693 771 2725 attinet,
792 2693 934 2720 veritatem

107 2756 110 2758 η
143 2738 258 2768 amavit,
280 2741 309 2762 ut
333 2737 379 2770 qui
394 2737 520 2768 maxime,
550 2737 631 2772 idque
661 2739 740 2765 toties
762 2744 880 2765 testatur
904 2729 938 2766 ac

149 2782 304 2816 proﬁtetur.
322 2782 387 2816 Ejus
416 2782 561 2816 prudentia
586 2792 601 2810 e
624 2784 714 2815 dictis,
733 2785 905 2819 maximeque
921 2793 935 2812 e

143 2827 270 2855 comiliis
285 2827 394 2859 egregia
415 2836 522 2859 semper
561 2834 588 2856 ct
613 2831 787 2857 ιιεριιιυτςιιιιττι
805 2828 936 2858 ocrsoici2

979 899 1088 934 fuitque
1114 899 1237 926 vicissim
1260 895 1403 926 ambobus
1419 907 1503 934 supra
1516 907 1598 933 quam
1614 899 1668 926 dici
1683 905 1770 934 potest

978 947 1079 973 cliarus
1091 939 1118 972 et
1131 946 1283 981 jucundiis.
1300 945 1402 972 Dilexit
1414 953 1477 972 eum
1491 945 1574 972 etiam
1592 946 1770 973 vehementer

979 1001 994 1020 e
1026 992 1189 1026 proceribus
1210 991 1395 1019 Triballorum
1417 992 1643 1026 opulentissimus
1662 993 1773 1027 quidam

980 1039 1106 1070 Libertis,
1124 1043 1153 1065 ut
1175 1044 1217 1065 est
1241 1038 1289 1065 lib.
1309 1046 1348 1068 ιιι,
1364 1037 1487 1072 ωτι-42.
1508 1037 1722 1064 Beiieiieentiam
1743 1046 1774 1065 ac

980 1085 1173 1111 liberalitatem
1187 1084 1271 1110 coluit
1287 1084 1462 1114 mirabiliter,
1484 1089 1511 1109 i-t
1526 1084 1551 1109 in
1570 1084 1725 1110 exercitum
1740 1083 1774 1110 dc

980 1138 1029 1156 suo
1043 1134 1193 1163 sumptum,
1208 1129 1373 1164 imperatore
1390 1129 1452 1156 vivo
1477 1134 1655 1163 mortuoque,
1672 1130 1774 1164 smpius

980 1176 1044 1203 fecit
1058 1186 1064 1202 :
1079 1175 1190 1203 castella
1207 1181 1233 1202 et
1247 1175 1347 1210 oppida
1360 1183 1409 1202 sua
1429 1176 1544 1210 pecunia
1562 1176 1661 1204 refecit
1688 1181 1715 1203 et
1733 1177 1774 1203 in-

981 1222 1134 1254 stauravit,
1163 1221 1310 1256 eidemque
1339 1221 1500 1255 imperatori
1531 1221 1614 1248 funus
1639 1222 1774 1256 amplissi-

981 1276 1054 1295 mum
1079 1276 1128 1295 sua
1153 1268 1276 1303 impensa
1306 1269 1424 1296 curavit.
1448 1269 1553 1295 Aurum
1577 1268 1652 1302 quod
1673 1268 1775 1295 habere

981 1316 1066 1349 gratis
1082 1319 1190 1350 poterat
1206 1316 1385 1349 contempsit.
1398 1315 1476 1343 Pacis
1500 1320 1527 1342 et
1542 1315 1697 1343 concordia.-
1713 1316 1775 1349 quis

982 1360 1028 1386 illo
1043 1360 1188 1391 cupidior?
1208 1360 1270 1394 quis
1299 1360 1430 1387 Barbaris
1457 1365 1485 1387 et
1513 1360 1668 1387 idololatris
1685 1360 1775 1387 inimi~

982 1406 1058 1432 cior?
1077 1405 1136 1437 Non
1153 1409 1243 1439 potest
1271 1413 1321 1439 pro
1350 1405 1485 1440 dignitate
1518 1406 1670 1433 collaudari
1693 1406 1775 1440 hujus

985 1451 1207 1486 pra-stantissimi
1232 1451 1372 1485 principis
1398 1451 1560 1478 admiranda
1577 1452 1686 1483 lenitas,
1701 1457 1728 1478 et
1742 1452 1773 1478 ad

984 1496 1175 1529 deponendam
1192 1495 1384 1528 oﬂ'ensioncui,
1418 1497 1578 1530 veniamque
1600 1496 1774 1523 tribuendam

993 1542 1169 1576 suspicienda
1186 1542 1313 1573 facilitas,
1326 1542 1524 1568 beneficiorum
1537 1542 1669 1570 altissima
1682 1550 1775 1569 recor-

989 1589 1076 1619 datio,
1096 1593 1124 1615 et
1150 1589 1176 1614 in
1202 1588 1298 1622 gratiis
1311 1588 1423 1622 agendis
1436 1589 1675 1617 commemoranda
1695 1589 1776 1615 sedu-

988 1635 1060 1661 litas.
1073 1634 1172 1662 Omnia
1191 1635 1232 1660 liis
1244 1632 1324 1661 libris
1337 1635 1488 1668 gratiarum
1507 1634 1663 1662 actionibus
1676 1635 1775 1662 referta

986 1686 1060 1707 sunt.
1096 1681 1207 1707 Summa
1234 1684 1366 1714 prtelerea
1394 1680 1421 1706 in
1452 1680 1569 1715 negotiis
1596 1681 1776 1714 procurandis

987 1726 1142 1761 diligentia,
1158 1731 1185 1752 et
1216 1726 1379 1760 vigilantia“
1395 1726 1533 1760 animique
1565 1727 1670 1761 religio.
1687 1727 1776 1753 Mona-

986 1774 1122 1800 cliismiini
1136 1773 1246 1806 quantis
1259 1773 1414 1806 pra‘coniis,
1432 1773 1504 1800 Deus
1521 1773 1603 1805 boue,
1621 1774 1774 1807 etquidem

987 1820 1080 1849 toties,
1095 1819 1278 1846 cohonestet?
1291 1826 1322 1845 ac
1338 1819 1447 1845 tandem
1467 1820 1526 1853 ipse
1552 1820 1578 1846 in
1595 1819 1776 1854 Manganeuse

986 1866 1184 1892 monasterium
1200 1872 1285 1899 prope
1311 1865 1578 1899 Constantinopolim
1603 1873 1631 1892 sc
1650 1867 1720 1892 ultro
1745 1874 1775 1892 ae

986 1911 1075 1938 libens
1089 1911 1216 1942 includit,
1235 1919 1296 1937 cum
1324 1911 1469 1945 imperium
1496 1911 1617 1937 retinere
1631 1911 1774 1945 potuissm,

986 1963 1016 1983 ut
1041 1957 1146 1983 videbis
1171 1956 1219 1982 lib.
1246 1964 1282 1982 iv.
1307 1957 1424 1983 Tantum
1456 1956 1543 1985 abest.
1568 1961 1598 1982 ut
1625 1964 1658 1983 co
1687 1957 1774 1988 ipsum

984 2003 1104 2030 Joannes
1131 2002 1301 2037 Palmologus
1322 2003 1410 2029 vietor
1430 2001 1604 2036 compulerit.
1622 2002 1695 2035 quod
1713 2002 1774 2036 qui—

984 2049 1047 2076 dam
1061 2050 1142 2084 hujus
1161 2054 1262 2075 nostra:
1285 2048 1408 2075 historiae
1425 2048 1550 2075 funditus
1566 2048 1654 2081 ignari
1670 2055 1775 2081 nugon-

985 2099 1039 2128 tiir.
1055 2095 1160 2129 Conjux
1193 2102 1275 2128 porro
1301 2094 1379 2121 Irene
1410 2094 1437 2120 in
1454 2095 1621 2120 monasterio
1639 2102 1653 2120 a
1671 2094 1776 2120 Martha

983 2139 1123 2166 Michaelis
1153 2139 1236 2173 primi
1279 2138 1423 2172 l’alirologi
1467 2146 1560 2165 sorore
1605 2143 1774 2169 constructo,

984 2185 1144 2211 monacham
1169 2184 1268 2210 induit.
1299 2183 1444 2218 Ῥωμαίων
1461 2189 1488 2210 ιιι
1507 2183 1635 2217 quidem,
1663 2183 1720 2210 ἀλλ’
1746 2184 1776 2210 ρὺ

989 2230 1143 2264 Ῥωμαϊκὸν
1158 2230 1280 2264 βασιλέα,
1312 2229 1419 2261 laudas,
1448 2229 1548 2264 inquis.
1575 2230 1632 2264 Ego
1655 2238 1721 2257 \‘ero
1745 2238 1776 2257 e-

984 2277 1048 2303 tiam
1076 2276 1227 2310 Agesilaos,
1245 2276 1426 2308 Alexandros,
1449 2275 1546 2306 Julios,
1563 2280 1590 2302 et
1618 2276 1790 2315 Pompeios“

983 2322 1118 2352 ethnicos,
1133 2327 1161 2348 et
1179 2321 1337 2348 idololtilras
1349 2329 1420 2355 smpe
1443 2321 1550 2348 laudavi
1575 2329 1582 2347 :
1605 2327 1632 2348 et
1648 2321 1775 2348 virtutem

983 2368 1025 2394 vel
1045 2368 1070 2394 iti
1101 2368 1179 2394 hoste
1208 2367 1362 2397 amabilem,
1378 2364 1490 2400 ejusque
1520 2368 1646 2401 exempla
1678 2375 1777 2402 aquo—

985 2417 1149 2446 cunquc,.et
1170 2411 1358 2446 qualicunque
1376 2412 1508 2438 sumenda
1534 2413 1686 2439 iioliist‘ssc
1707 2421 1774 2439 cou-

987 2458 1075 2484 iii'iuo.
1097 2459 1143 2484 Est
1156 2458 1229 2484 enim
1248 2458 1343 2484 cadent
1361 2466 1481 2492 semper,
1502 2467 1551 2484 nec
1575 2459 1633 2493 ejus
1648 2459 1777 2492 splendor

987 2506 1149 2532 immortalis
1164 2505 1325 2540 cujusquam
1339 2505 1466 2532 sordibus
1480 2510 1568 2540 potest
1593 2506 1774 2532 obsolesccre.

1319 2550 1434 2577 Divitiw.

1021 2595 1185 2622 incredibile
1209 2601 1362 2622 memoratu
1390 2599 1443 2626 est,
1458 2598 1568 2629 quanta:
1593 2595 1654 2629 ejus
1679 2595 1774 2629 capite,

987 2640 1140 2672 fat-uitales,
1170 2641 1266 2674 quanti
1294 2641 1419 2674 pecuniae
1450 2640 1572 2666 thesauri
1600 2640 1724 2674 fuerint.»
1741 2640 1774 2666 de

987 2685 1088 2719 quibus
1102 2685 1185 2711 variis
1200 2685 1268 2711 locis
1293 2685 1350 2719 ipse
1373 2684 1531 2713 conﬁtetur.
1556 2690 1584 2710 et
1612 2692 1663 2718 ego
1687 2672 1773 2710 virum

988 2737 1107 2764 gravem.
1126 2729 1297 2763 vanitatiqu
1313 2729 1542 2761 infensissimum,
1565 2729 1598 2756 ad
1617 2729 1674 2755 haec
1690 2729 1772 2756 etiam

989 2775 1159 2810 religiosum,
1184 2775 1296 2802 mentiri
1325 2783 1380 2801 non
1407 2780 1483 2810 puto.
1512 2776 1634 2807 insulas,
1664 2776 1773 2810 oppida,

989 2821 1098 2849 castella
1117 2821 1256 2856 inopibus
1281 2821 1338 2848 suis
1361 2826 1496 2849 recenset.
1523 2821 1669 2849 Pecuniam
1695 2830 1771 2851 sane.
