  <div class='ocr_page' id='page_1' title='image "/cluster/home/n/w/nwhite01/storage/ocr_20150623/153/njp.32101010943478/024.png"; bbox 0 0 1913 3074; ppageno 0'>
   <div class='ocr_carea' id='block_1_1' title="bbox 117 117 1760 156">
    <p class='ocr_par' dir='ltr' id='par_1_1' title="bbox 117 117 1760 156">
     <span class='ocr_line' id='line_1_1' title="bbox 117 117 1760 156; baseline 0.001 -10"><span class='ocrx_word' id='word_1_1' title='bbox 117 118 145 147; x_wconf 73' lang='grc' dir='ltr'><strong>ῑτ</strong></span> <span class='ocrx_word' id='word_1_2' title='bbox 794 117 1093 147; x_wconf 73' lang='lat' dir='ltr'><strong>PROLEGOMENA.</strong></span> <span class='ocrx_word' id='word_1_3' title='bbox 1726 125 1760 156; x_wconf 74' lang='lat'><strong>33</strong></span> 
     </span>
    </p>
   </div>
   <div class='ocr_carea' id='block_1_2' title="bbox 118 172 1761 212">
    <p class='ocr_par' dir='ltr' id='par_1_2' title="bbox 118 172 1761 212">
     <span class='ocr_line' id='line_1_2' title="bbox 118 172 1761 212; baseline 0.003 -9"><span class='ocrx_word' id='word_1_4' title='bbox 118 181 295 203; x_wconf 69' lang='lat' dir='ltr'><strong>lustratorem</strong></span> <span class='ocrx_word' id='word_1_5' title='bbox 314 175 412 202; x_wconf 77' lang='lat' dir='ltr'><strong>abesse</strong></span> <span class='ocrx_word' id='word_1_6' title='bbox 430 174 586 209; x_wconf 62' lang='lat' dir='ltr'><strong>contigerit,</strong></span> <span class='ocrx_word' id='word_1_7' title='bbox 602 174 654 200; x_wconf 84' lang='lat' dir='ltr'><strong>hoc</strong></span> <span class='ocrx_word' id='word_1_8' title='bbox 669 172 735 200; x_wconf 84' lang='lat' dir='ltr'><strong>facit</strong></span> <span class='ocrx_word' id='word_1_9' title='bbox 751 181 765 199; x_wconf 90' lang='lat' dir='ltr'><strong>a</strong></span> <span class='ocrx_word' id='word_1_10' title='bbox 781 172 919 207; x_wconf 88' lang='lat' dir='ltr'><strong>principio</strong></span> <span class='ocrx_word' id='word_1_11' title='bbox 937 178 954 202; x_wconf 76' lang='grc' dir='ltr'><strong>Α</strong></span> <span class='ocrx_word' id='word_1_12' title='bbox 971 173 1017 207; x_wconf 91' lang='lat' dir='ltr'><strong>qui</strong></span> <span class='ocrx_word' id='word_1_13' title='bbox 1034 173 1160 200; x_wconf 85' lang='lat' dir='ltr'><strong>Micltaeli</strong></span> <span class='ocrx_word' id='word_1_14' title='bbox 1176 173 1260 201; x_wconf 84' lang='lat' dir='ltr'><strong>Balbo</strong></span> <span class='ocrx_word' id='word_1_15' title='bbox 1275 175 1384 212; x_wconf 71' lang='lat' dir='ltr'><strong>adiutor</strong></span> <span class='ocrx_word' id='word_1_16' title='bbox 1399 175 1459 209; x_wconf 86' lang='lat' dir='ltr'><strong>fuit,</strong></span> <span class='ocrx_word' id='word_1_17' title='bbox 1483 181 1512 204; x_wconf 90' lang='lat' dir='ltr'><strong>ut</strong></span> <span class='ocrx_word' id='word_1_18' title='bbox 1525 176 1644 206; x_wconf 90' lang='lat' dir='ltr'><strong>Leonem</strong></span> <span class='ocrx_word' id='word_1_19' title='bbox 1664 180 1761 208; x_wconf 75' lang='lat' dir='ltr'><strong>Arme-</strong></span> 
     </span>
    </p>
   </div>
   <div class='ocr_carea' id='block_1_3' title="bbox 117 219 914 257">
    <p class='ocr_par' dir='ltr' id='par_1_3' title="bbox 117 219 914 257">
     <span class='ocr_line' id='line_1_3' title="bbox 117 219 914 257; baseline -0.005 -8"><span class='ocrx_word' id='word_1_20' title='bbox 117 231 204 257; x_wconf 73' lang='lat' dir='ltr'><strong>usque</strong></span> <span class='ocrx_word' id='word_1_21' title='bbox 221 222 256 249; x_wconf 82' lang='lat' dir='ltr'><strong>ad</strong></span> <span class='ocrx_word' id='word_1_22' title='bbox 274 222 356 248; x_wconf 82' lang='lat' dir='ltr'><strong>tinem</strong></span> <span class='ocrx_word' id='word_1_23' title='bbox 384 229 499 255; x_wconf 77' lang='lat' dir='ltr'><strong>magnus</strong></span> <span class='ocrx_word' id='word_1_24' title='bbox 513 221 708 247; x_wconf 85' lang='lat' dir='ltr'><strong>chartularitts.</strong></span> <span class='ocrx_word' id='word_1_25' title='bbox 727 219 811 247; x_wconf 86' lang='lat' dir='ltr'><strong>Paulo</strong></span> <span class='ocrx_word' id='word_1_26' title='bbox 830 224 891 252; x_wconf 87' lang='lat' dir='ltr'><strong>post</strong></span> <span class='ocrx_word' id='word_1_27' title='bbox 907 226 914 244; x_wconf 89' lang='lat'><em>:</em></span> 
     </span>
    </p>
   </div>
   <div class='ocr_carea' id='block_1_4' title="bbox 117 267 917 301">
    <p class='ocr_par' dir='ltr' id='par_1_4' title="bbox 117 267 917 301">
     <span class='ocr_line' id='line_1_4' title="bbox 117 267 917 301; baseline -0.005 -5"><span class='ocrx_word' id='word_1_28' title='bbox 117 270 307 296; x_wconf 76' lang='lat' dir='ltr'><strong>Protostrator</strong></span> <span class='ocrx_word' id='word_1_29' title='bbox 330 269 413 295; x_wconf 86' lang='lat' dir='ltr'><strong>etiam</strong></span> <span class='ocrx_word' id='word_1_30' title='bbox 431 272 473 295; x_wconf 77' lang='lat' dir='ltr'><strong>est</strong></span> <span class='ocrx_word' id='word_1_31' title='bbox 491 267 620 294; x_wconf 82' lang='lat' dir='ltr'><strong>defensor</strong></span> <span class='ocrx_word' id='word_1_32' title='bbox 637 274 784 294; x_wconf 86' lang='lat' dir='ltr'><strong>cursorum</strong></span> <span class='ocrx_word' id='word_1_33' title='bbox 809 267 917 301; x_wconf 83' lang='lat' dir='ltr'><strong>(curso-</strong></span> 
     </span>
    </p>
   </div>
   <div class='ocr_carea' id='block_1_5' title="bbox 117 313 917 349">
    <p class='ocr_par' dir='ltr' id='par_1_5' title="bbox 117 313 917 349">
     <span class='ocr_line' id='line_1_5' title="bbox 117 313 917 349; baseline -0.006 -6"><span class='ocrx_word' id='word_1_34' title='bbox 117 324 158 344; x_wconf 66' lang='grc' dir='ltr'><strong>τες</strong></span> <span class='ocrx_word' id='word_1_35' title='bbox 185 317 241 342; x_wconf 87' lang='lat' dir='ltr'><strong>hoc</strong></span> <span class='ocrx_word' id='word_1_36' title='bbox 267 316 329 342; x_wconf 88' lang='lat' dir='ltr'><strong>loco</strong></span> <span class='ocrx_word' id='word_1_37' title='bbox 354 320 430 346; x_wconf 83' lang='lat' dir='ltr'><strong>sunt,</strong></span> <span class='ocrx_word' id='word_1_38' title='bbox 460 315 628 349; x_wconf 82' lang='lat' dir='ltr'><strong>quicumque</strong></span> <span class='ocrx_word' id='word_1_39' title='bbox 651 313 719 340; x_wconf 87' lang='lat' dir='ltr'><strong>tntlli</strong></span> <span class='ocrx_word' id='word_1_40' title='bbox 741 313 853 347; x_wconf 81' lang='lat' dir='ltr'><strong>agmini,</strong></span> <span class='ocrx_word' id='word_1_41' title='bbox 871 317 917 339; x_wconf 83' lang='lat' dir='ltr'><strong>aut</strong></span> 
     </span>
    </p>
   </div>
   <div class='ocr_carea' id='block_1_6' title="bbox 117 359 918 396">
    <p class='ocr_par' dir='ltr' id='par_1_6' title="bbox 117 359 918 396">
     <span class='ocr_line' id='line_1_6' title="bbox 117 359 918 396; baseline -0.005 -7"><span class='ocrx_word' id='word_1_42' title='bbox 117 363 197 396; x_wconf 80' lang='lat' dir='ltr'><strong>signo</strong></span> <span class='ocrx_word' id='word_1_43' title='bbox 217 362 331 389; x_wconf 86' lang='lat' dir='ltr'><strong>militari</strong></span> <span class='ocrx_word' id='word_1_44' title='bbox 348 361 461 395; x_wconf 79' lang='lat' dir='ltr'><strong>ascripti</strong></span> <span class='ocrx_word' id='word_1_45' title='bbox 483 365 558 390; x_wconf 88' lang='lat' dir='ltr'><strong>sunt,</strong></span> <span class='ocrx_word' id='word_1_46' title='bbox 581 359 627 386; x_wconf 74' lang='lat' dir='ltr'><strong>sed</strong></span> <span class='ocrx_word' id='word_1_47' title='bbox 654 359 703 394; x_wconf 80' lang='lat' dir='ltr'><strong>ipsi</strong></span> <span class='ocrx_word' id='word_1_48' title='bbox 719 364 806 385; x_wconf 89' lang='lat' dir='ltr'><strong>castra</strong></span> <span class='ocrx_word' id='word_1_49' title='bbox 815 366 918 392; x_wconf 42' lang='lat' dir='ltr'><strong>\prosc-</strong></span> 
     </span>
    </p>
   </div>
   <div class='ocr_carea' id='block_1_7' title="bbox 120 405 917 444">
    <p class='ocr_par' dir='ltr' id='par_1_7' title="bbox 120 405 917 444">
     <span class='ocr_line' id='line_1_7' title="bbox 120 405 917 444; baseline -0.005 -9"><span class='ocrx_word' id='word_1_50' title='bbox 120 413 247 443; x_wconf 81' lang='lat' dir='ltr'><strong>quuntur</strong></span> <span class='ocrx_word' id='word_1_51' title='bbox 267 409 352 438; x_wconf 85' lang='lat' dir='ltr'><strong>ultro.</strong></span> <span class='ocrx_word' id='word_1_52' title='bbox 366 411 558 440; x_wconf 77' lang='lat' dir='ltr'><strong>exspectantes</strong></span> <span class='ocrx_word' id='word_1_53' title='bbox 569 407 633 433; x_wconf 88' lang='lat' dir='ltr'><strong>dum</strong></span> <span class='ocrx_word' id='word_1_54' title='bbox 647 405 754 444; x_wconf 84' lang='lat' dir='ltr'><strong>accensi</strong></span> <span class='ocrx_word' id='word_1_55' title='bbox 768 406 856 438; x_wconf 89' lang='lat' dir='ltr'><strong>tiant).</strong></span> <span class='ocrx_word' id='word_1_56' title='bbox 870 405 917 431; x_wconf 87' lang='lat' dir='ltr'><strong>llis</strong></span> 
     </span>
    </p>
   </div>
   <div class='ocr_carea' id='block_1_8' title="bbox 117 452 914 488">
    <p class='ocr_par' dir='ltr' id='par_1_8' title="bbox 117 452 914 488">
     <span class='ocr_line' id='line_1_8' title="bbox 117 452 914 488; baseline -0.006 -7"><span class='ocrx_word' id='word_1_57' title='bbox 117 455 191 481; x_wconf 70' lang='lat' dir='ltr'><strong>enim</strong></span> <span class='ocrx_word' id='word_1_58' title='bbox 202 454 301 488; x_wconf 75' lang='lat' dir='ltr'><strong>_néque</strong></span> <span class='ocrx_word' id='word_1_59' title='bbox 313 454 439 479; x_wconf 79' lang='lat' dir='ltr'><strong>ordinem</strong></span> <span class='ocrx_word' id='word_1_60' title='bbox 458 452 654 483; x_wconf 81' lang='lat' dir='ltr'><strong>retinentibus,</strong></span> <span class='ocrx_word' id='word_1_61' title='bbox 671 459 760 485; x_wconf 88' lang='lat' dir='ltr'><strong>neque</strong></span> <span class='ocrx_word' id='word_1_62' title='bbox 774 452 914 477; x_wconf 84' lang='lat' dir='ltr'><strong>tlannneo-</strong></span> 
     </span>
    </p>
   </div>
   <div class='ocr_carea' id='block_1_9' title="bbox 115 497 917 535">
    <p class='ocr_par' dir='ltr' id='par_1_9' title="bbox 115 497 917 535">
     <span class='ocr_line' id='line_1_9' title="bbox 115 497 917 535; baseline -0.007 -7"><span class='ocrx_word' id='word_1_63' title='bbox 115 502 170 528; x_wconf 90' lang='lat' dir='ltr'><strong>tunt</strong></span> <span class='ocrx_word' id='word_1_64' title='bbox 181 501 304 535; x_wconf 64' lang='lat' dir='ltr'><strong>(signum</strong></span> <span class='ocrx_word' id='word_1_65' title='bbox 316 500 435 527; x_wconf 87' lang='lat' dir='ltr'><strong>militare</strong></span> <span class='ocrx_word' id='word_1_66' title='bbox 446 504 497 531; x_wconf 79' lang='lat' dir='ltr'><strong>est,</strong></span> <span class='ocrx_word' id='word_1_67' title='bbox 508 498 725 532; x_wconf 68' lang='lat' dir='ltr'><strong>Latinaorigine.</strong></span> <span class='ocrx_word' id='word_1_68' title='bbox 736 505 750 524; x_wconf 87' lang='lat' dir='ltr'><strong>a</strong></span> <span class='ocrx_word' id='word_1_69' title='bbox 758 498 849 524; x_wconf 86' lang='lat' dir='ltr'><strong>colore</strong></span> <span class='ocrx_word' id='word_1_70' title='bbox 860 497 917 523; x_wconf 89' lang='lat' dir='ltr'><strong>dic-</strong></span> 
     </span>
    </p>
   </div>
   <div class='ocr_carea' id='block_1_10' title="bbox 117 543 914 579">
    <p class='ocr_par' dir='ltr' id='par_1_10' title="bbox 117 543 914 579">
     <span class='ocr_line' id='line_1_10' title="bbox 117 543 914 579; baseline -0.005 -6"><span class='ocrx_word' id='word_1_71' title='bbox 117 553 191 579; x_wconf 89' lang='lat' dir='ltr'><strong>tum)</strong></span> <span class='ocrx_word' id='word_1_72' title='bbox 206 554 302 576; x_wconf 80' lang='lat' dir='ltr'><strong>suum,</strong></span> <span class='ocrx_word' id='word_1_73' title='bbox 317 546 364 573; x_wconf 85' lang='lat' dir='ltr'><strong>sed</strong></span> <span class='ocrx_word' id='word_1_74' title='bbox 379 545 535 572; x_wconf 83' lang='lat' dir='ltr'><strong>inordinate</strong></span> <span class='ocrx_word' id='word_1_75' title='bbox 545 543 748 579; x_wconf 79' lang='lat' dir='ltr'><strong>qumlatnmodo</strong></span> <span class='ocrx_word' id='word_1_76' title='bbox 762 543 914 574; x_wconf 68' lang='lat' dir='ltr'><strong>dissolutis,</strong></span> 
     </span>
    </p>
   </div>
   <div class='ocr_carea' id='block_1_11' title="bbox 115 588 915 626">
    <p class='ocr_par' dir='ltr' id='par_1_11' title="bbox 115 588 915 626">
     <span class='ocr_line' id='line_1_11' title="bbox 115 588 915 626; baseline -0.005 -8"><span class='ocrx_word' id='word_1_77' title='bbox 115 596 307 626; x_wconf 80' lang='lat' dir='ltr'><strong>protostrator</strong></span> <span class='ocrx_word' id='word_1_78' title='bbox 320 591 378 625; x_wconf 88' lang='lat' dir='ltr'><strong>ipse</strong></span> <span class='ocrx_word' id='word_1_79' title='bbox 391 591 572 624; x_wconf 80' lang='lat' dir='ltr'><strong>subsequens,</strong></span> <span class='ocrx_word' id='word_1_80' title='bbox 583 589 700 616; x_wconf 81' lang='lat' dir='ltr'><strong>defendit</strong></span> <span class='ocrx_word' id='word_1_81' title='bbox 715 589 799 622; x_wconf 85' lang='lat' dir='ltr'><strong>ipsos,</strong></span> <span class='ocrx_word' id='word_1_82' title='bbox 811 588 833 614; x_wconf 88' lang='lat' dir='ltr'><strong>si</strong></span> <span class='ocrx_word' id='word_1_83' title='bbox 844 590 915 615; x_wconf 87' lang='lat' dir='ltr'><strong>forte</strong></span> 
     </span>
    </p>
   </div>
   <div class='ocr_carea' id='block_1_12' title="bbox 114 635 915 672">
    <p class='ocr_par' dir='ltr' id='par_1_12' title="bbox 114 635 915 672">
     <span class='ocr_line' id='line_1_12' title="bbox 114 635 915 672; baseline -0.005 -8"><span class='ocrx_word' id='word_1_84' title='bbox 114 638 190 664; x_wconf 77' lang='lat' dir='ltr'><strong>bello</strong></span> <span class='ocrx_word' id='word_1_85' title='bbox 218 638 425 672; x_wconf 75' lang='lat' dir='ltr'><strong>opprimantur.</strong></span> <span class='ocrx_word' id='word_1_86' title='bbox 454 636 601 669; x_wconf 74' lang='lat' dir='ltr'><strong>Propterea</strong></span> <span class='ocrx_word' id='word_1_87' title='bbox 631 635 703 661; x_wconf 89' lang='lat' dir='ltr'><strong>cnim</strong></span> <span class='ocrx_word' id='word_1_88' title='bbox 733 638 915 668; x_wconf 78' lang='lat' dir='ltr'><strong>protostrator</strong></span> 
     </span>
    </p>
   </div>
   <div class='ocr_carea' id='block_1_13' title="bbox 113 674 915 717">
    <p class='ocr_par' dir='ltr' id='par_1_13' title="bbox 113 674 915 717">
     <span class='ocr_line' id='line_1_13' title="bbox 113 674 915 717; baseline -0.002 -8"><span class='ocrx_word' id='word_1_89' title='bbox 113 685 201 710; x_wconf 80' lang='lat' dir='ltr'><strong>etiam</strong></span> <span class='ocrx_word' id='word_1_90' title='bbox 233 683 398 717; x_wconf 75' lang='lat' dir='ltr'><strong>appellatur,</strong></span> <span class='ocrx_word' id='word_1_91' title='bbox 420 682 492 716; x_wconf 88' lang='lat' dir='ltr'><strong>qttod</strong></span> <span class='ocrx_word' id='word_1_92' title='bbox 519 674 568 707; x_wconf 75' lang='lat' dir='ltr'><strong>toti</strong></span> <span class='ocrx_word' id='word_1_93' title='bbox 601 681 650 715; x_wconf 86' lang='lat' dir='ltr'><strong>ipsi</strong></span> <span class='ocrx_word' id='word_1_94' title='bbox 678 679 796 715; x_wconf 76' lang='grc' dir='ltr'>στρατῷ,</span> <span class='ocrx_word' id='word_1_95' title='bbox 823 681 848 706; x_wconf 71' lang='grc' dir='ltr'><strong>ειι</strong></span> <span class='ocrx_word' id='word_1_96' title='bbox 874 685 915 707; x_wconf 80' lang='lat' dir='ltr'><strong>est</strong></span> 
     </span>
    </p>
   </div>
   <div class='ocr_carea' id='block_1_14' title="bbox 112 725 914 762">
    <p class='ocr_par' dir='ltr' id='par_1_14' title="bbox 112 725 914 762">
     <span class='ocr_line' id='line_1_14' title="bbox 112 725 914 762; baseline -0.002 -8"><span class='ocrx_word' id='word_1_97' title='bbox 112 728 254 754; x_wconf 75' lang='lat' dir='ltr'><strong>exercitui</strong></span> <span class='ocrx_word' id='word_1_98' title='bbox 268 732 379 762; x_wconf 75' lang='lat' dir='ltr'><strong>pneeat,</strong></span> <span class='ocrx_word' id='word_1_99' title='bbox 395 732 423 753; x_wconf 80' lang='lat' dir='ltr'><strong>et</strong></span> <span class='ocrx_word' id='word_1_100' title='bbox 439 726 571 753; x_wconf 74' lang='lat' dir='ltr'><strong>consistat</strong></span> <span class='ocrx_word' id='word_1_101' title='bbox 584 725 699 760; x_wconf 88' lang='lat' dir='ltr'><strong>printus.</strong></span> <span class='ocrx_word' id='word_1_102' title='bbox 716 725 738 752; x_wconf 78' lang='grc' dir='ltr'><strong>Α</strong></span> <span class='ocrx_word' id='word_1_103' title='bbox 754 725 914 752; x_wconf 81' lang='lat' dir='ltr'><strong>cursoribus</strong></span> 
     </span>
    </p>
   </div>
   <div class='ocr_carea' id='block_1_15' title="bbox 112 771 912 806">
    <p class='ocr_par' dir='ltr' id='par_1_15' title="bbox 112 771 912 806">
     <span class='ocr_line' id='line_1_15' title="bbox 112 771 912 806; baseline -0.005 -6"><span class='ocrx_word' id='word_1_104' title='bbox 112 780 208 800; x_wconf 88' lang='lat' dir='ltr'><strong>autem</strong></span> <span class='ocrx_word' id='word_1_105' title='bbox 224 782 320 801; x_wconf 88' lang='lat' dir='ltr'><strong>ontnes</strong></span> <span class='ocrx_word' id='word_1_106' title='bbox 346 781 390 800; x_wconf 88' lang='lat' dir='ltr'><strong>res</strong></span> <span class='ocrx_word' id='word_1_107' title='bbox 411 773 502 799; x_wconf 87' lang='lat' dir='ltr'><strong>varias</strong></span> <span class='ocrx_word' id='word_1_108' title='bbox 525 779 585 806; x_wconf 71' lang='lat' dir='ltr'><strong>qtae</strong></span> <span class='ocrx_word' id='word_1_109' title='bbox 612 771 700 798; x_wconf 81' lang='lat' dir='ltr'><strong>iutilia</strong></span> <span class='ocrx_word' id='word_1_110' title='bbox 724 771 912 802; x_wconf 84' lang='lat' dir='ltr'><strong>nominantur,</strong></span> 
     </span>
    </p>
   </div>
   <div class='ocr_carea' id='block_1_16' title="bbox 114 817 911 854">
    <p class='ocr_par' dir='ltr' id='par_1_16' title="bbox 114 817 911 854">
     <span class='ocr_line' id='line_1_16' title="bbox 114 817 911 854; baseline -0.005 -8"><span class='ocrx_word' id='word_1_111' title='bbox 114 820 203 846; x_wconf 87' lang='lat' dir='ltr'><strong>muris</strong></span> <span class='ocrx_word' id='word_1_112' title='bbox 214 825 256 846; x_wconf 84' lang='lat' dir='ltr'><strong>est</strong></span> <span class='ocrx_word' id='word_1_113' title='bbox 267 824 492 854; x_wconf 85' lang='lat' dir='ltr'><strong>protostratorctn</strong></span> <span class='ocrx_word' id='word_1_114' title='bbox 501 820 636 852; x_wconf 84' lang='lat' dir='ltr'><strong>accipere.</strong></span> <span class='ocrx_word' id='word_1_115' title='bbox 650 817 911 851; x_wconf 71' lang='grc' dir='ltr'><strong>Νοῐιιίιιεφυτιλὶων,</strong></span> 
     </span>
    </p>
   </div>
   <div class='ocr_carea' id='block_1_17' title="bbox 114 859 908 900">
    <p class='ocr_par' dir='ltr' id='par_1_17' title="bbox 114 859 908 900">
     <span class='ocr_line' id='line_1_17' title="bbox 114 859 908 900; baseline -0.004 -8"><span class='ocrx_word' id='word_1_116' title='bbox 114 867 238 893; x_wconf 82' lang='lat' dir='ltr'><strong>tutitiunt</strong></span> <span class='ocrx_word' id='word_1_117' title='bbox 273 868 334 900; x_wconf 75' lang='lat' dir='ltr'><strong>(est</strong></span> <span class='ocrx_word' id='word_1_118' title='bbox 362 859 435 892; x_wconf 87' lang='lat' dir='ltr'><strong>enim</strong></span> <span class='ocrx_word' id='word_1_119' title='bbox 465 865 591 892; x_wconf 81' lang='lat' dir='ltr'><strong>Latinum</strong></span> <span class='ocrx_word' id='word_1_120' title='bbox 619 863 802 896; x_wconf 74' lang='lat' dir='ltr'><strong>vocabulum)</strong></span> <span class='ocrx_word' id='word_1_121' title='bbox 825 863 908 898; x_wconf 77' lang='lat' dir='ltr'><strong>signi-</strong></span> 
     </span>
    </p>
   </div>
   <div class='ocr_carea' id='block_1_18' title="bbox 115 911 906 947">
    <p class='ocr_par' dir='ltr' id='par_1_18' title="bbox 115 911 906 947">
     <span class='ocr_line' id='line_1_18' title="bbox 115 911 906 947; baseline -0.004 -8"><span class='ocrx_word' id='word_1_122' title='bbox 115 913 240 939; x_wconf 80' lang='lat' dir='ltr'><strong>ﬁcantur</strong></span> <span class='ocrx_word' id='word_1_123' title='bbox 257 920 431 947; x_wconf 71' lang='lat' dir='ltr'><strong>qua-cunque</strong></span> <span class='ocrx_word' id='word_1_124' title='bbox 448 919 501 944; x_wconf 82' lang='lat' dir='ltr'><strong>res,</strong></span> <span class='ocrx_word' id='word_1_125' title='bbox 519 919 579 946; x_wconf 62' lang='lat' dir='ltr'><strong>qua!</strong></span> <span class='ocrx_word' id='word_1_126' title='bbox 596 919 645 946; x_wconf 87' lang='lat' dir='ltr'><strong>per</strong></span> <span class='ocrx_word' id='word_1_127' title='bbox 670 919 699 938; x_wconf 89' lang='lat' dir='ltr'><strong>sc</strong></span> <span class='ocrx_word' id='word_1_128' title='bbox 727 911 806 937; x_wconf 88' lang='lat' dir='ltr'><strong>nihili</strong></span> <span class='ocrx_word' id='word_1_129' title='bbox 832 915 906 942; x_wconf 87' lang='lat' dir='ltr'><strong>sunt,</strong></span> 
     </span>
    </p>
   </div>
   <div class='ocr_carea' id='block_1_19' title="bbox 113 957 903 991">
    <p class='ocr_par' dir='ltr' id='par_1_19' title="bbox 113 957 903 991">
     <span class='ocr_line' id='line_1_19' title="bbox 113 957 903 991; baseline -0.004 -5"><span class='ocrx_word' id='word_1_130' title='bbox 113 966 163 986; x_wconf 82' lang='lat' dir='ltr'><strong>aut</strong></span> <span class='ocrx_word' id='word_1_131' title='bbox 179 960 247 986; x_wconf 83' lang='lat' dir='ltr'><strong>nihil</strong></span> <span class='ocrx_word' id='word_1_132' title='bbox 260 960 292 985; x_wconf 91' lang='lat' dir='ltr'><strong>ad</strong></span> <span class='ocrx_word' id='word_1_133' title='bbox 308 967 365 986; x_wconf 90' lang='lat' dir='ltr'><strong>rem</strong></span> <span class='ocrx_word' id='word_1_134' title='bbox 383 959 527 986; x_wconf 85' lang='lat' dir='ltr'><strong>militarem</strong></span> <span class='ocrx_word' id='word_1_135' title='bbox 545 958 660 989; x_wconf 86' lang='lat' dir='ltr'><strong>faciunt,</strong></span> <span class='ocrx_word' id='word_1_136' title='bbox 677 958 797 991; x_wconf 87' lang='lat' dir='ltr'><strong>denique</strong></span> <span class='ocrx_word' id='word_1_137' title='bbox 816 957 903 991; x_wconf 89' lang='lat' dir='ltr'><strong>impe-</strong></span> 
     </span>
    </p>
   </div>
   <div class='ocr_carea' id='block_1_20' title="bbox 113 1003 908 1036">
    <p class='ocr_par' dir='ltr' id='par_1_20' title="bbox 113 1003 908 1036">
     <span class='ocr_line' id='line_1_20' title="bbox 113 1003 908 1036; baseline -0.004 -4"><span class='ocrx_word' id='word_1_138' title='bbox 113 1006 238 1033; x_wconf 77' lang='lat' dir='ltr'><strong>dimenta</strong></span> <span class='ocrx_word' id='word_1_139' title='bbox 255 1006 316 1033; x_wconf 82' lang='lat' dir='ltr'><strong>belli</strong></span> <span class='ocrx_word' id='word_1_140' title='bbox 331 1006 498 1036; x_wconf 86' lang='lat' dir='ltr'><strong>certissima,</strong></span> <span class='ocrx_word' id='word_1_141' title='bbox 511 1004 563 1031; x_wconf 84' lang='lat' dir='ltr'><strong>nisi</strong></span> <span class='ocrx_word' id='word_1_142' title='bbox 576 1009 747 1031; x_wconf 82' lang='lat' dir='ltr'><strong>avertantur.</strong></span> <span class='ocrx_word' id='word_1_143' title='bbox 764 1004 832 1030; x_wconf 83' lang='lat' dir='ltr'><strong>Nam</strong></span> <span class='ocrx_word' id='word_1_144' title='bbox 851 1003 908 1029; x_wconf 73' lang='lat' dir='ltr'><strong>lucc</strong></span> 
     </span>
    </p>
   </div>
   <div class='ocr_carea' id='block_1_21' title="bbox 113 1049 906 1086">
    <p class='ocr_par' dir='ltr' id='par_1_21' title="bbox 113 1049 906 1086">
     <span class='ocr_line' id='line_1_21' title="bbox 113 1049 906 1086; baseline -0.004 -7"><span class='ocrx_word' id='word_1_145' title='bbox 113 1060 243 1079; x_wconf 77' lang='lat' dir='ltr'><strong>cursores</strong></span> <span class='ocrx_word' id='word_1_146' title='bbox 256 1052 431 1079; x_wconf 70' lang='lat' dir='ltr'><strong>commodius</strong></span> <span class='ocrx_word' id='word_1_147' title='bbox 441 1055 615 1086; x_wconf 84' lang='lat' dir='ltr'><strong>comportant</strong></span> <span class='ocrx_word' id='word_1_148' title='bbox 626 1058 707 1084; x_wconf 88' lang='lat' dir='ltr'><strong>quant</strong></span> <span class='ocrx_word' id='word_1_149' title='bbox 720 1050 830 1080; x_wconf 80' lang='lat' dir='ltr'><strong>milites.</strong></span> <span class='ocrx_word' id='word_1_150' title='bbox 843 1049 906 1083; x_wconf 84' lang='lat' dir='ltr'><strong>quia</strong></span> 
     </span>
    </p>
   </div>
   <div class='ocr_carea' id='block_1_22' title="bbox 115 1095 906 1132">
    <p class='ocr_par' dir='ltr' id='par_1_22' title="bbox 115 1095 906 1132">
     <span class='ocr_line' id='line_1_22' title="bbox 115 1095 906 1132; baseline -0.005 -7"><span class='ocrx_word' id='word_1_151' title='bbox 115 1107 170 1125; x_wconf 86' lang='lat' dir='ltr'><strong>non</strong></span> <span class='ocrx_word' id='word_1_152' title='bbox 186 1098 292 1125; x_wconf 75' lang='lat' dir='ltr'><strong>luerent</strong></span> <span class='ocrx_word' id='word_1_153' title='bbox 306 1098 392 1132; x_wconf 79' lang='lat' dir='ltr'><strong>signis</strong></span> <span class='ocrx_word' id='word_1_154' title='bbox 409 1107 415 1123; x_wconf 91' lang='lat'>:</span> <span class='ocrx_word' id='word_1_155' title='bbox 430 1102 458 1124; x_wconf 87' lang='lat' dir='ltr'><strong>et</strong></span> <span class='ocrx_word' id='word_1_156' title='bbox 480 1097 612 1123; x_wconf 79' lang='lat' dir='ltr'><strong>audacius</strong></span> <span class='ocrx_word' id='word_1_157' title='bbox 628 1096 771 1130; x_wconf 82' lang='lat' dir='ltr'><strong>colligunt,</strong></span> <span class='ocrx_word' id='word_1_158' title='bbox 797 1095 861 1129; x_wconf 84' lang='lat' dir='ltr'><strong>quia</strong></span> <span class='ocrx_word' id='word_1_159' title='bbox 878 1103 906 1122; x_wconf 80' lang='lat' dir='ltr'><strong>se</strong></span> 
     </span>
    </p>
   </div>
   <div class='ocr_carea' id='block_1_23' title="bbox 115 1143 907 1179">
    <p class='ocr_par' dir='ltr' id='par_1_23' title="bbox 115 1143 907 1179">
     <span class='ocr_line' id='line_1_23' title="bbox 115 1143 907 1179; baseline 0 -9"><span class='ocrx_word' id='word_1_160' title='bbox 115 1144 220 1179; x_wconf 71' lang='lat' dir='ltr'><strong>legibus</strong></span> <span class='ocrx_word' id='word_1_161' title='bbox 237 1152 292 1170; x_wconf 91' lang='lat' dir='ltr'><strong>non</strong></span> <span class='ocrx_word' id='word_1_162' title='bbox 311 1143 398 1170; x_wconf 90' lang='lat' dir='ltr'><strong>teneri</strong></span> <span class='ocrx_word' id='word_1_163' title='bbox 417 1147 524 1177; x_wconf 83' lang='lat' dir='ltr'><strong>putant.</strong></span> <span class='ocrx_word' id='word_1_164' title='bbox 543 1143 728 1176; x_wconf 87' lang='lat' dir='ltr'><strong>Quamobrem</strong></span> <span class='ocrx_word' id='word_1_165' title='bbox 754 1147 907 1176; x_wconf 86' lang='lat' dir='ltr'><strong>protostra-</strong></span> 
     </span>
    </p>
   </div>
   <div class='ocr_carea' id='block_1_24' title="bbox 115 1188 828 1224">
    <p class='ocr_par' dir='ltr' id='par_1_24' title="bbox 115 1188 828 1224">
     <span class='ocr_line' id='line_1_24' title="bbox 115 1188 828 1224; baseline -0.003 -8"><span class='ocrx_word' id='word_1_166' title='bbox 115 1191 165 1217; x_wconf 88' lang='lat' dir='ltr'><strong>tori</strong></span> <span class='ocrx_word' id='word_1_167' title='bbox 183 1195 306 1224; x_wconf 73' lang='lat' dir='ltr'><strong>potestas</strong></span> <span class='ocrx_word' id='word_1_168' title='bbox 324 1190 387 1216; x_wconf 89' lang='lat' dir='ltr'><strong>data</strong></span> <span class='ocrx_word' id='word_1_169' title='bbox 398 1194 438 1216; x_wconf 89' lang='lat' dir='ltr'><strong>est</strong></span> <span class='ocrx_word' id='word_1_170' title='bbox 455 1189 543 1216; x_wconf 85' lang='lat' dir='ltr'><strong>futilia</strong></span> <span class='ocrx_word' id='word_1_171' title='bbox 560 1189 611 1215; x_wconf 88' lang='lat' dir='ltr'><strong>ista</strong></span> <span class='ocrx_word' id='word_1_172' title='bbox 631 1188 785 1215; x_wconf 80' lang='lat' dir='ltr'><strong>auferendi.</strong></span> <span class='ocrx_word' id='word_1_173' title='bbox 819 1209 828 1220; x_wconf 79' lang='grc'><em>,</em></span> 
     </span>
    </p>
   </div>
   <div class='ocr_carea' id='block_1_25' title="bbox 150 1234 906 1270">
    <p class='ocr_par' dir='ltr' id='par_1_25' title="bbox 150 1234 906 1270">
     <span class='ocr_line' id='line_1_25' title="bbox 150 1234 906 1270; baseline 0 -8"><span class='ocrx_word' id='word_1_174' title='bbox 150 1237 244 1270; x_wconf 66' lang='grc' dir='ltr'><strong>Μέγας</strong></span> <span class='ocrx_word' id='word_1_175' title='bbox 261 1236 468 1267; x_wconf 70' lang='grc' dir='ltr'><strong>κοντοςτςιῦλος,</strong></span> <span class='ocrx_word' id='word_1_176' title='bbox 487 1234 533 1269; x_wconf 90' lang='lat' dir='ltr'><strong>qtti</strong></span> <span class='ocrx_word' id='word_1_177' title='bbox 552 1234 653 1261; x_wconf 89' lang='lat' dir='ltr'><strong>Gallice</strong></span> <span class='ocrx_word' id='word_1_178' title='bbox 671 1235 835 1267; x_wconf 71' lang='lat' dir='ltr'><strong>connémbte,</strong></span> <span class='ocrx_word' id='word_1_179' title='bbox 853 1234 906 1262; x_wconf 85' lang='lat' dir='ltr'><strong>Ita-</strong></span> 
     </span>
    </p>
   </div>
   <div class='ocr_carea' id='block_1_26' title="bbox 114 1279 908 1312">
    <p class='ocr_par' dir='ltr' id='par_1_26' title="bbox 114 1279 908 1312">
     <span class='ocr_line' id='line_1_26' title="bbox 114 1279 908 1312; baseline -0.001 -5"><span class='ocrx_word' id='word_1_180' title='bbox 114 1281 164 1308; x_wconf 88' lang='lat' dir='ltr'><strong>licc</strong></span> <span class='ocrx_word' id='word_1_181' title='bbox 180 1279 350 1312; x_wconf 76' lang='lat' dir='ltr'><strong>conestabile,</strong></span> <span class='ocrx_word' id='word_1_182' title='bbox 373 1279 469 1307; x_wconf 81' lang='lat' dir='ltr'><strong>L:tine</strong></span> <span class='ocrx_word' id='word_1_183' title='bbox 486 1286 578 1306; x_wconf 86' lang='lat' dir='ltr'><strong>comes</strong></span> <span class='ocrx_word' id='word_1_184' title='bbox 599 1279 710 1306; x_wconf 88' lang='lat' dir='ltr'><strong>stabuli.</strong></span> <span class='ocrx_word' id='word_1_185' title='bbox 728 1279 778 1306; x_wconf 88' lang='lat' dir='ltr'><strong>Ubi</strong></span> <span class='ocrx_word' id='word_1_186' title='bbox 807 1280 829 1306; x_wconf 87' lang='lat' dir='ltr'><strong>si</strong></span> <span class='ocrx_word' id='word_1_187' title='bbox 853 1284 908 1306; x_wconf 88' lang='lat' dir='ltr'><strong>sta-</strong></span> 
     </span>
    </p>
   </div>
   <div class='ocr_carea' id='block_1_27' title="bbox 113 1323 905 1359">
    <p class='ocr_par' dir='ltr' id='par_1_27' title="bbox 113 1323 905 1359">
     <span class='ocr_line' id='line_1_27' title="bbox 113 1323 905 1359; baseline -0.003 -7"><span class='ocrx_word' id='word_1_188' title='bbox 113 1327 209 1352; x_wconf 82' lang='lat' dir='ltr'><strong>bulum</strong></span> <span class='ocrx_word' id='word_1_189' title='bbox 231 1333 281 1359; x_wconf 90' lang='lat' dir='ltr'><strong>pro</strong></span> <span class='ocrx_word' id='word_1_190' title='bbox 298 1325 383 1359; x_wconf 80' lang='lat' dir='ltr'><strong>equiti</strong></span> <span class='ocrx_word' id='word_1_191' title='bbox 399 1324 529 1358; x_wconf 72' lang='lat' dir='ltr'><strong>accipias,</strong></span> <span class='ocrx_word' id='word_1_192' title='bbox 548 1324 603 1350; x_wconf 90' lang='lat' dir='ltr'><strong>erit</strong></span> <span class='ocrx_word' id='word_1_193' title='bbox 620 1331 712 1351; x_wconf 87' lang='lat' dir='ltr'><strong>comes</strong></span> <span class='ocrx_word' id='word_1_194' title='bbox 734 1323 847 1357; x_wconf 79' lang='lat' dir='ltr'><strong>stabuli,</strong></span> <span class='ocrx_word' id='word_1_195' title='bbox 864 1324 905 1350; x_wconf 85' lang='lat' dir='ltr'><strong>vel</strong></span> 
     </span>
    </p>
   </div>
   <div class='ocr_carea' id='block_1_28' title="bbox 110 1370 905 1406">
    <p class='ocr_par' dir='ltr' id='par_1_28' title="bbox 110 1370 905 1406">
     <span class='ocr_line' id='line_1_28' title="bbox 110 1370 905 1406; baseline 0 -8"><span class='ocrx_word' id='word_1_196' title='bbox 110 1373 158 1406; x_wconf 87' lang='lat' dir='ltr'><strong>qui</strong></span> <span class='ocrx_word' id='word_1_197' title='bbox 180 1377 279 1406; x_wconf 69' lang='lat' dir='ltr'><strong>praeest</strong></span> <span class='ocrx_word' id='word_1_198' title='bbox 300 1371 431 1398; x_wconf 82' lang='lat' dir='ltr'><strong>omnibus</strong></span> <span class='ocrx_word' id='word_1_199' title='bbox 462 1371 549 1405; x_wconf 88' lang='lat' dir='ltr'><strong>copiis</strong></span> <span class='ocrx_word' id='word_1_200' title='bbox 570 1370 769 1404; x_wconf 83' lang='lat' dir='ltr'><strong>equestribus:</strong></span> <span class='ocrx_word' id='word_1_201' title='bbox 788 1371 830 1398; x_wconf 84' lang='lat' dir='ltr'><strong>vel</strong></span> <span class='ocrx_word' id='word_1_202' title='bbox 859 1371 905 1406; x_wconf 90' lang='lat' dir='ltr'><strong>qui</strong></span> 
     </span>
    </p>
   </div>
   <div class='ocr_carea' id='block_1_29' title="bbox 108 1416 906 1452">
    <p class='ocr_par' dir='ltr' id='par_1_29' title="bbox 108 1416 906 1452">
     <span class='ocr_line' id='line_1_29' title="bbox 108 1416 906 1452; baseline -0.003 -7"><span class='ocrx_word' id='word_1_203' title='bbox 108 1423 214 1452; x_wconf 74' lang='lat' dir='ltr'><strong>praeest</strong></span> <span class='ocrx_word' id='word_1_204' title='bbox 240 1418 372 1451; x_wconf 87' lang='lat' dir='ltr'><strong>equitatui</strong></span> <span class='ocrx_word' id='word_1_205' title='bbox 395 1417 571 1451; x_wconf 86' lang='lat' dir='ltr'><strong>imperatoris</strong></span> <span class='ocrx_word' id='word_1_206' title='bbox 591 1416 693 1443; x_wconf 87' lang='lat' dir='ltr'><strong>aulico.</strong></span> <span class='ocrx_word' id='word_1_207' title='bbox 715 1416 794 1450; x_wconf 88' lang='lat' dir='ltr'><strong>Apud</strong></span> <span class='ocrx_word' id='word_1_208' title='bbox 811 1424 906 1443; x_wconf 82' lang='lat' dir='ltr'><strong>recen-</strong></span> 
     </span>
    </p>
   </div>
   <div class='ocr_carea' id='block_1_30' title="bbox 108 1462 906 1497">
    <p class='ocr_par' dir='ltr' id='par_1_30' title="bbox 108 1462 906 1497">
     <span class='ocr_line' id='line_1_30' title="bbox 108 1462 906 1497; baseline -0.003 -6"><span class='ocrx_word' id='word_1_209' title='bbox 108 1466 200 1492; x_wconf 82' lang='lat' dir='ltr'><strong>tiores</strong></span> <span class='ocrx_word' id='word_1_210' title='bbox 216 1464 323 1491; x_wconf 69' lang='lat' dir='ltr'><strong>Grteccs</strong></span> <span class='ocrx_word' id='word_1_211' title='bbox 336 1469 379 1490; x_wconf 84' lang='lat' dir='ltr'><strong>est</strong></span> <span class='ocrx_word' id='word_1_212' title='bbox 396 1463 452 1490; x_wconf 84' lang='lat' dir='ltr'><strong>dux</strong></span> <span class='ocrx_word' id='word_1_213' title='bbox 467 1463 611 1497; x_wconf 82' lang='lat' dir='ltr'><strong>copiarum</strong></span> <span class='ocrx_word' id='word_1_214' title='bbox 629 1462 817 1494; x_wconf 83' lang='lat' dir='ltr'><strong>auxiliarium,</strong></span> <span class='ocrx_word' id='word_1_215' title='bbox 846 1470 906 1497; x_wconf 79' lang='lat' dir='ltr'><strong>quae</strong></span> 
     </span>
    </p>
   </div>
   <div class='ocr_carea' id='block_1_31' title="bbox 106 1507 904 1542">
    <p class='ocr_par' dir='ltr' id='par_1_31' title="bbox 106 1507 904 1542">
     <span class='ocr_line' id='line_1_31' title="bbox 106 1507 904 1542; baseline -0.004 -5"><span class='ocrx_word' id='word_1_216' title='bbox 106 1519 140 1537; x_wconf 73' lang='lat' dir='ltr'><strong>ex</strong></span> <span class='ocrx_word' id='word_1_217' title='bbox 151 1510 254 1539; x_wconf 85' lang='lat' dir='ltr'><strong>Gallia.</strong></span> <span class='ocrx_word' id='word_1_218' title='bbox 267 1509 372 1542; x_wconf 82' lang='lat' dir='ltr'><strong>Sicilia,</strong></span> <span class='ocrx_word' id='word_1_219' title='bbox 386 1509 474 1540; x_wconf 87' lang='lat' dir='ltr'><strong>Italia,</strong></span> <span class='ocrx_word' id='word_1_220' title='bbox 487 1509 600 1535; x_wconf 58' lang='lat' dir='ltr'><strong>facturae</strong></span> <span class='ocrx_word' id='word_1_221' title='bbox 613 1507 749 1542; x_wconf 87' lang='lat' dir='ltr'><strong>stipendia</strong></span> <span class='ocrx_word' id='word_1_222' title='bbox 763 1507 904 1534; x_wconf 88' lang='lat' dir='ltr'><strong>Orientem</strong></span> 
     </span>
    </p>
   </div>
   <div class='ocr_carea' id='block_1_32' title="bbox 108 1547 661 1590">
    <p class='ocr_par' dir='ltr' id='par_1_32' title="bbox 108 1547 661 1590">
     <span class='ocr_line' id='line_1_32' title="bbox 108 1547 661 1590; baseline 0.004 -8"><span class='ocrx_word' id='word_1_223' title='bbox 108 1556 254 1590; x_wconf 82' lang='lat' dir='ltr'><strong>petebant.</strong></span> <span class='ocrx_word' id='word_1_224' title='bbox 656 1547 661 1550; x_wconf 28' lang='grc' dir='ltr'><strong>Δ</strong></span> 
     </span>
    </p>
   </div>
   <div class='ocr_carea' id='block_1_33' title="bbox 145 1599 905 1634">
    <p class='ocr_par' dir='ltr' id='par_1_33' title="bbox 145 1599 905 1634">
     <span class='ocr_line' id='line_1_33' title="bbox 145 1599 905 1634; baseline -0.003 -6"><span class='ocrx_word' id='word_1_225' title='bbox 145 1603 244 1634; x_wconf 60' lang='grc' dir='ltr'>Μέγας</span> <span class='ocrx_word' id='word_1_226' title='bbox 266 1601 421 1634; x_wconf 69' lang='grc' dir='ltr'><strong>λογοοὲτης,</strong></span> <span class='ocrx_word' id='word_1_227' title='bbox 443 1600 556 1634; x_wconf 71' lang='lat' dir='ltr'><strong>Magnus</strong></span> <span class='ocrx_word' id='word_1_228' title='bbox 589 1599 744 1634; x_wconf 73' lang='lat' dir='ltr'><strong>Luget/tcta,</strong></span> <span class='ocrx_word' id='word_1_229' title='bbox 758 1599 905 1627; x_wconf 47' lang='lat' dir='ltr'><strong>.cancella-</strong></span> 
     </span>
    </p>
   </div>
   <div class='ocr_carea' id='block_1_34' title="bbox 112 1646 904 1680">
    <p class='ocr_par' dir='ltr' id='par_1_34' title="bbox 112 1646 904 1680">
     <span class='ocr_line' id='line_1_34' title="bbox 112 1646 904 1680; baseline -0.003 -6"><span class='ocrx_word' id='word_1_230' title='bbox 112 1649 189 1675; x_wconf 88' lang='lat' dir='ltr'><strong>rium</strong></span> <span class='ocrx_word' id='word_1_231' title='bbox 210 1647 316 1674; x_wconf 82' lang='lat' dir='ltr'><strong>Latinis</strong></span> <span class='ocrx_word' id='word_1_232' title='bbox 331 1647 422 1673; x_wconf 87' lang='lat' dir='ltr'><strong>vocari</strong></span> <span class='ocrx_word' id='word_1_233' title='bbox 439 1647 594 1680; x_wconf 59' lang='lat' dir='ltr'><strong>loyoOétqv,</strong></span> <span class='ocrx_word' id='word_1_234' title='bbox 611 1647 650 1672; x_wconf 86' lang='lat' dir='ltr'><strong>ait</strong></span> <span class='ocrx_word' id='word_1_235' title='bbox 665 1646 775 1672; x_wconf 70' lang='lat' dir='ltr'><strong>Nicetas</strong></span> <span class='ocrx_word' id='word_1_236' title='bbox 792 1646 839 1672; x_wconf 91' lang='lat' dir='ltr'><strong>lib.</strong></span> <span class='ocrx_word' id='word_1_237' title='bbox 857 1653 904 1672; x_wconf 85' lang='lat' dir='ltr'><strong>vn.</strong></span> 
     </span>
    </p>
   </div>
   <div class='ocr_carea' id='block_1_35' title="bbox 108 1693 907 1728">
    <p class='ocr_par' dir='ltr' id='par_1_35' title="bbox 108 1693 907 1728">
     <span class='ocr_line' id='line_1_35' title="bbox 108 1693 907 1728; baseline -0.003 -7"><span class='ocrx_word' id='word_1_238' title='bbox 108 1695 212 1722; x_wconf 71' lang='lat' dir='ltr'><strong>Munus</strong></span> <span class='ocrx_word' id='word_1_239' title='bbox 237 1694 327 1728; x_wconf 70' lang='lat' dir='ltr'><strong>magni</strong></span> <span class='ocrx_word' id='word_1_240' title='bbox 342 1693 488 1728; x_wconf 71' lang='lat' dir='ltr'><strong>lngothetze</strong></span> <span class='ocrx_word' id='word_1_241' title='bbox 507 1693 548 1719; x_wconf 87' lang='lat' dir='ltr'><strong>bis</strong></span> <span class='ocrx_word' id='word_1_242' title='bbox 574 1693 665 1719; x_wconf 86' lang='lat' dir='ltr'><strong>verbis</strong></span> <span class='ocrx_word' id='word_1_243' title='bbox 677 1693 842 1726; x_wconf 70' lang='lat' dir='ltr'><strong>Uuropalata</strong></span> <span class='ocrx_word' id='word_1_244' title='bbox 859 1693 907 1719; x_wconf 87' lang='lat' dir='ltr'><strong>dc-</strong></span> 
     </span>
    </p>
   </div>
   <div class='ocr_carea' id='block_1_36' title="bbox 106 1738 905 1774">
    <p class='ocr_par' dir='ltr' id='par_1_36' title="bbox 106 1738 905 1774">
     <span class='ocr_line' id='line_1_36' title="bbox 106 1738 905 1774; baseline -0.005 -5"><span class='ocrx_word' id='word_1_245' title='bbox 106 1741 209 1769; x_wconf 64' lang='lat' dir='ltr'><strong>suribit</strong></span> <span class='ocrx_word' id='word_1_246' title='bbox 226 1750 232 1766; x_wconf 89' lang='lat'>:</span> <span class='ocrx_word' id='word_1_247' title='bbox 250 1740 374 1774; x_wconf 85' lang='lat' dir='ltr'><strong>Disponit</strong></span> <span class='ocrx_word' id='word_1_248' title='bbox 392 1739 517 1765; x_wconf 78' lang='lat' dir='ltr'><strong>nnutdata</strong></span> <span class='ocrx_word' id='word_1_249' title='bbox 534 1743 562 1764; x_wconf 88' lang='lat' dir='ltr'><strong>et</strong></span> <span class='ocrx_word' id='word_1_250' title='bbox 579 1738 666 1765; x_wconf 86' lang='lat' dir='ltr'><strong>bullas</strong></span> <span class='ocrx_word' id='word_1_251' title='bbox 680 1746 787 1770; x_wconf 85' lang='lat' dir='ltr'><strong>aureas,</strong></span> <span class='ocrx_word' id='word_1_252' title='bbox 803 1746 863 1772; x_wconf 65' lang='lat' dir='ltr'><strong>quae</strong></span> <span class='ocrx_word' id='word_1_253' title='bbox 872 1739 905 1765; x_wconf 89' lang='lat' dir='ltr'><strong>ab</strong></span> 
     </span>
    </p>
   </div>
   <div class='ocr_carea' id='block_1_37' title="bbox 105 1776 906 1821">
    <p class='ocr_par' dir='ltr' id='par_1_37' title="bbox 105 1785 906 1821">
     <span class='ocr_line' id='line_1_37' title="bbox 105 1785 906 1821; baseline -0.004 -8"><span class='ocrx_word' id='word_1_254' title='bbox 105 1788 278 1821; x_wconf 75' lang='lat' dir='ltr'><strong>imperatore</strong></span> <span class='ocrx_word' id='word_1_255' title='bbox 291 1786 439 1812; x_wconf 88' lang='lat' dir='ltr'><strong>tttittutttttr</strong></span> <span class='ocrx_word' id='word_1_256' title='bbox 455 1785 487 1811; x_wconf 84' lang='lat' dir='ltr'><strong>ad</strong></span> <span class='ocrx_word' id='word_1_257' title='bbox 505 1792 592 1819; x_wconf 77' lang='lat' dir='ltr'><strong>reges,</strong></span> <span class='ocrx_word' id='word_1_258' title='bbox 609 1785 743 1814; x_wconf 85' lang='lat' dir='ltr'><strong>sultanos,</strong></span> <span class='ocrx_word' id='word_1_259' title='bbox 765 1789 793 1810; x_wconf 89' lang='lat' dir='ltr'><strong>ct</strong></span> <span class='ocrx_word' id='word_1_260' title='bbox 814 1789 906 1818; x_wconf 84' lang='lat' dir='ltr'><strong>topar—</strong></span> 
     </span>
    </p>
   </div>
   <div class='ocr_carea' id='block_1_38' title="bbox 106 1829 905 1867">
    <p class='ocr_par' dir='ltr' id='par_1_38' title="bbox 106 1829 905 1867">
     <span class='ocr_line' id='line_1_38' title="bbox 106 1829 905 1867; baseline -0.008 -7"><span class='ocrx_word' id='word_1_261' title='bbox 106 1835 186 1860; x_wconf 83' lang='lat' dir='ltr'><strong>citas.</strong></span> <span class='ocrx_word' id='word_1_262' title='bbox 207 1834 298 1867; x_wconf 78' lang='lat' dir='ltr'><strong>Atque</strong></span> <span class='ocrx_word' id='word_1_263' title='bbox 314 1832 366 1858; x_wconf 85' lang='lat' dir='ltr'><strong>hoe</strong></span> <span class='ocrx_word' id='word_1_264' title='bbox 381 1831 491 1866; x_wconf 85' lang='lat' dir='ltr'><strong>quidem</strong></span> <span class='ocrx_word' id='word_1_265' title='bbox 508 1830 650 1865; x_wconf 89' lang='lat' dir='ltr'><strong>propriunt</strong></span> <span class='ocrx_word' id='word_1_266' title='bbox 667 1834 708 1856; x_wconf 87' lang='lat' dir='ltr'><strong>est</strong></span> <span class='ocrx_word' id='word_1_267' title='bbox 724 1829 813 1864; x_wconf 74' lang='lat' dir='ltr'><strong>magni</strong></span> <span class='ocrx_word' id='word_1_268' title='bbox 830 1829 905 1863; x_wconf 73' lang='lat' dir='ltr'><strong>logo—</strong></span> 
     </span>
    </p>
   </div>
   <div class='ocr_carea' id='block_1_39' title="bbox 106 1874 902 1908">
    <p class='ocr_par' dir='ltr' id='par_1_39' title="bbox 106 1874 902 1908">
     <span class='ocr_line' id='line_1_39' title="bbox 106 1874 902 1908; baseline -0.006 -3"><span class='ocrx_word' id='word_1_269' title='bbox 106 1881 193 1906; x_wconf 69' lang='lat' dir='ltr'><strong>tttctze</strong></span> <span class='ocrx_word' id='word_1_270' title='bbox 220 1877 417 1904; x_wconf 84' lang='lat' dir='ltr'><strong>ministerium.</strong></span> <span class='ocrx_word' id='word_1_271' title='bbox 438 1876 516 1908; x_wconf 82' lang='lat' dir='ltr'><strong>Quod</strong></span> <span class='ocrx_word' id='word_1_272' title='bbox 541 1881 633 1902; x_wconf 88' lang='lat' dir='ltr'><strong>autent</strong></span> <span class='ocrx_word' id='word_1_273' title='bbox 658 1875 691 1901; x_wconf 82' lang='lat' dir='ltr'><strong>ad</strong></span> <span class='ocrx_word' id='word_1_274' title='bbox 718 1883 774 1901; x_wconf 88' lang='lat' dir='ltr'><strong>rcttt</strong></span> <span class='ocrx_word' id='word_1_275' title='bbox 792 1874 902 1901; x_wconf 87' lang='lat' dir='ltr'><strong>domes-</strong></span> 
     </span>
    </p>
   </div>
   <div class='ocr_carea' id='block_1_40' title="bbox 106 1921 902 1958">
    <p class='ocr_par' dir='ltr' id='par_1_40' title="bbox 106 1921 902 1958">
     <span class='ocr_line' id='line_1_40' title="bbox 106 1921 902 1958; baseline -0.004 -7"><span class='ocrx_word' id='word_1_276' title='bbox 106 1927 206 1955; x_wconf 81' lang='lat' dir='ltr'><strong>ticam,</strong></span> <span class='ocrx_word' id='word_1_277' title='bbox 225 1924 314 1958; x_wconf 78' lang='lat' dir='ltr'><strong>ipsius</strong></span> <span class='ocrx_word' id='word_1_278' title='bbox 339 1928 381 1949; x_wconf 85' lang='lat' dir='ltr'><strong>est</strong></span> <span class='ocrx_word' id='word_1_279' title='bbox 399 1923 516 1953; x_wconf 72' lang='lat' dir='ltr'><strong>allicere,</strong></span> <span class='ocrx_word' id='word_1_280' title='bbox 536 1921 608 1955; x_wconf 89' lang='lat' dir='ltr'><strong>quod</strong></span> <span class='ocrx_word' id='word_1_281' title='bbox 627 1921 775 1955; x_wconf 86' lang='lat' dir='ltr'><strong>imperator</strong></span> <span class='ocrx_word' id='word_1_282' title='bbox 788 1921 902 1948; x_wconf 79' lang='lat' dir='ltr'><strong>manda-</strong></span> 
     </span>
    </p>
   </div>
   <div class='ocr_carea' id='block_1_41' title="bbox 106 1965 902 1999">
    <p class='ocr_par' dir='ltr' id='par_1_41' title="bbox 106 1965 902 1999">
     <span class='ocr_line' id='line_1_41' title="bbox 106 1965 902 1999; baseline -0.006 -3"><span class='ocrx_word' id='word_1_283' title='bbox 106 1971 190 1996; x_wconf 83' lang='lat' dir='ltr'><strong>verit.</strong></span> <span class='ocrx_word' id='word_1_284' title='bbox 203 1969 316 1995; x_wconf 68' lang='lat' dir='ltr'><strong>Addunt</strong></span> <span class='ocrx_word' id='word_1_285' title='bbox 330 1968 374 1994; x_wconf 91' lang='lat' dir='ltr'><strong>alii</strong></span> <span class='ocrx_word' id='word_1_286' title='bbox 389 1975 449 1994; x_wconf 89' lang='lat' dir='ltr'><strong>esse</strong></span> <span class='ocrx_word' id='word_1_287' title='bbox 462 1968 545 1994; x_wconf 86' lang='lat' dir='ltr'><strong>etiam</strong></span> <span class='ocrx_word' id='word_1_288' title='bbox 561 1966 716 1992; x_wconf 81' lang='lat' dir='ltr'><strong>libellorum</strong></span> <span class='ocrx_word' id='word_1_289' title='bbox 729 1965 902 1999; x_wconf 75' lang='lat' dir='ltr'><strong>magistrum,</strong></span> 
     </span>
    </p>
   </div>
   <div class='ocr_carea' id='block_1_42' title="bbox 105 2010 903 2050">
    <p class='ocr_par' dir='ltr' id='par_1_42' title="bbox 105 2010 903 2050">
     <span class='ocr_line' id='line_1_42' title="bbox 105 2010 903 2050; baseline -0.008 -9"><span class='ocrx_word' id='word_1_290' title='bbox 105 2015 216 2050; x_wconf 73' lang='lat' dir='ltr'><strong>archivi</strong></span> <span class='ocrx_word' id='word_1_291' title='bbox 239 2014 412 2048; x_wconf 55' lang='lat' dir='ltr'><strong>praefectum,</strong></span> <span class='ocrx_word' id='word_1_292' title='bbox 429 2018 475 2039; x_wconf 88' lang='lat' dir='ltr'><strong>attt</strong></span> <span class='ocrx_word' id='word_1_293' title='bbox 503 2012 554 2038; x_wconf 83' lang='lat' dir='ltr'><strong>tale</strong></span> <span class='ocrx_word' id='word_1_294' title='bbox 569 2011 721 2046; x_wconf 83' lang='lat' dir='ltr'><strong>quippiam.</strong></span> <span class='ocrx_word' id='word_1_295' title='bbox 749 2010 903 2044; x_wconf 74' lang='grc' dir='ltr'><strong>Λογοοέτης</strong></span> 
     </span>
    </p>
   </div>
   <div class='ocr_carea' id='block_1_43' title="bbox 104 2055 903 2095">
    <p class='ocr_par' dir='ltr' id='par_1_43' title="bbox 104 2055 903 2095">
     <span class='ocr_line' id='line_1_43' title="bbox 104 2055 903 2095; baseline -0.008 -8"><span class='ocrx_word' id='word_1_296' title='bbox 104 2062 261 2095; x_wconf 72' lang='lat' dir='ltr'><strong>exponitur</strong></span> <span class='ocrx_word' id='word_1_297' title='bbox 279 2067 294 2086; x_wconf 87' lang='lat' dir='ltr'><strong>a</strong></span> <span class='ocrx_word' id='word_1_298' title='bbox 323 2059 502 2093; x_wconf 86' lang='lat' dir='ltr'><strong>quibusdam,</strong></span> <span class='ocrx_word' id='word_1_299' title='bbox 529 2057 656 2091; x_wconf 76' lang='lat' dir='ltr'><strong>magister</strong></span> <span class='ocrx_word' id='word_1_300' title='bbox 682 2055 830 2086; x_wconf 86' lang='lat' dir='ltr'><strong>rationum,</strong></span> <span class='ocrx_word' id='word_1_301' title='bbox 855 2055 903 2089; x_wconf 90' lang='lat' dir='ltr'><strong>qui</strong></span> 
     </span>
    </p>
   </div>
   <div class='ocr_carea' id='block_1_44' title="bbox 103 2102 902 2142">
    <p class='ocr_par' dir='ltr' id='par_1_44' title="bbox 103 2102 902 2142">
     <span class='ocr_line' id='line_1_44' title="bbox 103 2102 902 2142; baseline -0.009 -8"><span class='ocrx_word' id='word_1_302' title='bbox 103 2115 246 2142; x_wconf 74' lang='lat' dir='ltr'><strong>expensas</strong></span> <span class='ocrx_word' id='word_1_303' title='bbox 273 2110 302 2132; x_wconf 92' lang='lat' dir='ltr'><strong>et</strong></span> <span class='ocrx_word' id='word_1_304' title='bbox 336 2106 439 2132; x_wconf 83' lang='lat' dir='ltr'><strong>reditus</strong></span> <span class='ocrx_word' id='word_1_305' title='bbox 462 2108 614 2138; x_wconf 87' lang='lat' dir='ltr'><strong>computat,</strong></span> <span class='ocrx_word' id='word_1_306' title='bbox 644 2109 814 2133; x_wconf 73' lang='lat' dir='ltr'><strong>ceconontus,</strong></span> <span class='ocrx_word' id='word_1_307' title='bbox 845 2102 902 2128; x_wconf 85' lang='lat' dir='ltr'><strong>sive</strong></span> 
     </span>
    </p>
   </div>
   <div class='ocr_carea' id='block_1_45' title="bbox 104 2147 902 2187">
    <p class='ocr_par' dir='ltr' id='par_1_45' title="bbox 104 2147 902 2187">
     <span class='ocr_line' id='line_1_45' title="bbox 104 2147 902 2187; baseline -0.006 -9"><span class='ocrx_word' id='word_1_308' title='bbox 104 2158 287 2187; x_wconf 77' lang='lat' dir='ltr'><strong>procurator,</strong></span> <span class='ocrx_word' id='word_1_309' title='bbox 303 2151 377 2186; x_wconf 86' lang='lat' dir='ltr'><strong>quod</strong></span> <span class='ocrx_word' id='word_1_310' title='bbox 404 2158 530 2185; x_wconf 82' lang='lat' dir='ltr'><strong>magnum</strong></span> <span class='ocrx_word' id='word_1_311' title='bbox 557 2154 616 2176; x_wconf 82' lang='lat' dir='ltr'><strong>erat</strong></span> <span class='ocrx_word' id='word_1_312' title='bbox 637 2148 768 2180; x_wconf 77' lang='lat' dir='ltr'><strong>cilicium,</strong></span> <span class='ocrx_word' id='word_1_313' title='bbox 792 2151 819 2174; x_wconf 86' lang='lat' dir='ltr'><strong>et</strong></span> <span class='ocrx_word' id='word_1_314' title='bbox 833 2147 902 2181; x_wconf 89' lang='lat' dir='ltr'><strong>poli-</strong></span> 
     </span>
    </p>
   </div>
   <div class='ocr_carea' id='block_1_46' title="bbox 104 2206 206 2226">
    <p class='ocr_par' dir='ltr' id='par_1_46' title="bbox 104 2206 206 2226">
     <span class='ocr_line' id='line_1_46' title="bbox 104 2206 206 2226; baseline -0.02 0"><span class='ocrx_word' id='word_1_315' title='bbox 104 2206 115 2226; x_wconf 87' lang='grc'>1.</span> <span class='ocrx_word' id='word_1_316' title='bbox 127 2207 206 2226; x_wconf 74' lang='grc' dir='ltr'><strong>ρυιιι.</strong></span> 
     </span>
    </p>
   </div>
   <div class='ocr_carea' id='block_1_47' title="bbox 143 2241 900 2278">
    <p class='ocr_par' dir='ltr' id='par_1_47' title="bbox 143 2241 900 2278">
     <span class='ocr_line' id='line_1_47' title="bbox 143 2241 900 2278; baseline -0.007 -7"><span class='ocrx_word' id='word_1_317' title='bbox 143 2245 304 2278; x_wconf 57' lang='grc' dir='ltr'><strong>Λοχοοὲτης</strong></span> <span class='ocrx_word' id='word_1_318' title='bbox 318 2243 365 2269; x_wconf 81' lang='grc' dir='ltr'><strong>τοῦ</strong></span> <span class='ocrx_word' id='word_1_319' title='bbox 380 2241 586 2276; x_wconf 77' lang='grc' dir='ltr'><strong>στρατιωτικοῦ,</strong></span> <span class='ocrx_word' id='word_1_320' title='bbox 604 2241 735 2276; x_wconf 75' lang='lat' dir='ltr'><strong>[agat/tem</strong></span> <span class='ocrx_word' id='word_1_321' title='bbox 747 2241 900 2271; x_wconf 75' lang='lat' dir='ltr'><strong>castrensis,</strong></span> 
     </span>
    </p>
   </div>
   <div class='ocr_carea' id='block_1_48' title="bbox 102 2287 901 2325">
    <p class='ocr_par' dir='ltr' id='par_1_48' title="bbox 102 2287 901 2325">
     <span class='ocr_line' id='line_1_48' title="bbox 102 2287 901 2325; baseline -0.011 -4"><span class='ocrx_word' id='word_1_322' title='bbox 102 2293 302 2323; x_wconf 68' lang='lat' dir='ltr'><strong>Zuhlmcister,</strong></span> <span class='ocrx_word' id='word_1_323' title='bbox 326 2290 557 2325; x_wconf 72' lang='lat' dir='ltr'><strong>Pfennigmeister,</strong></span> <span class='ocrx_word' id='word_1_324' title='bbox 577 2289 680 2316; x_wconf 83' lang='lat' dir='ltr'><strong>Gallice</strong></span> <span class='ocrx_word' id='word_1_325' title='bbox 704 2287 840 2314; x_wconf 71' lang='lat' dir='ltr'><strong>Trésorier</strong></span> <span class='ocrx_word' id='word_1_326' title='bbox 865 2287 901 2313; x_wconf 79' lang='lat' dir='ltr'><strong>(lu</strong></span> 
     </span>
    </p>
   </div>
   <div class='ocr_carea' id='block_1_49' title="bbox 102 2349 198 2375">
    <p class='ocr_par' dir='ltr' id='par_1_49' title="bbox 102 2349 198 2375">
     <span class='ocr_line' id='line_1_49' title="bbox 102 2349 198 2375; baseline -0.031 -7"><span class='ocrx_word' id='word_1_327' title='bbox 102 2349 198 2375; x_wconf 78' lang='lat' dir='ltr'><strong>camp.</strong></span> 
     </span>
    </p>
   </div>
   <div class='ocr_carea' id='block_1_50' title="bbox 144 2381 900 2418">
    <p class='ocr_par' dir='ltr' id='par_1_50' title="bbox 144 2381 900 2418">
     <span class='ocr_line' id='line_1_50' title="bbox 144 2381 900 2418; baseline -0.011 -6"><span class='ocrx_word' id='word_1_328' title='bbox 144 2385 364 2418; x_wconf 69' lang='grc' dir='ltr'><strong>Καὸαὶλάριος,</strong></span> <span class='ocrx_word' id='word_1_329' title='bbox 393 2382 556 2409; x_wconf 75' lang='lat' dir='ltr'><strong>caballarius</strong></span> <span class='ocrx_word' id='word_1_330' title='bbox 591 2381 781 2414; x_wconf 69' lang='grc' dir='ltr'><strong>Καόαλλὰριον</strong></span> <span class='ocrx_word' id='word_1_331' title='bbox 814 2387 900 2413; x_wconf 82' lang='lat' dir='ltr'><strong>eque-</strong></span> 
     </span>
    </p>
   </div>
   <div class='ocr_carea' id='block_1_51' title="bbox 103 2425 899 2465">
    <p class='ocr_par' dir='ltr' id='par_1_51' title="bbox 103 2425 899 2465">
     <span class='ocr_line' id='line_1_51' title="bbox 103 2425 899 2465; baseline -0.009 -6"><span class='ocrx_word' id='word_1_332' title='bbox 103 2440 194 2461; x_wconf 67' lang='lat' dir='ltr'><strong>strem</strong></span> <span class='ocrx_word' id='word_1_333' title='bbox 213 2431 389 2465; x_wconf 67' lang='lat' dir='ltr'><strong>imperatoris</strong></span> <span class='ocrx_word' id='word_1_334' title='bbox 413 2429 570 2455; x_wconf 77' lang='lat' dir='ltr'><strong>comitatum</strong></span> <span class='ocrx_word' id='word_1_335' title='bbox 586 2427 709 2454; x_wconf 77' lang='lat' dir='ltr'><strong>nominat</strong></span> <span class='ocrx_word' id='word_1_336' title='bbox 726 2425 899 2459; x_wconf 87' lang='lat' dir='ltr'><strong>Cut&#39;opalata.</strong></span> 
     </span>
    </p>
   </div>
   <div class='ocr_carea' id='block_1_52' title="bbox 104 2473 901 2509">
    <p class='ocr_par' dir='ltr' id='par_1_52' title="bbox 104 2473 901 2509">
     <span class='ocr_line' id='line_1_52' title="bbox 104 2473 901 2509; baseline -0.01 -3"><span class='ocrx_word' id='word_1_337' title='bbox 104 2481 143 2506; x_wconf 58' lang='lat' dir='ltr'><strong>lix</strong></span> <span class='ocrx_word' id='word_1_338' title='bbox 164 2479 262 2504; x_wconf 78' lang='lat' dir='ltr'><strong>Italico</strong></span> <span class='ocrx_word' id='word_1_339' title='bbox 279 2477 363 2502; x_wconf 81' lang='lat' dir='ltr'><strong>ducta</strong></span> <span class='ocrx_word' id='word_1_340' title='bbox 374 2483 436 2507; x_wconf 78' lang='lat' dir='ltr'><strong>vox,</strong></span> <span class='ocrx_word' id='word_1_341' title='bbox 453 2482 514 2509; x_wconf 59' lang='lat' dir='ltr'><strong>quae</strong></span> <span class='ocrx_word' id='word_1_342' title='bbox 533 2475 590 2508; x_wconf 87' lang='lat' dir='ltr'><strong>ipsa</strong></span> <span class='ocrx_word' id='word_1_343' title='bbox 616 2481 629 2499; x_wconf 86' lang='lat' dir='ltr'><strong>a</strong></span> <span class='ocrx_word' id='word_1_344' title='bbox 648 2473 742 2499; x_wconf 83' lang='lat' dir='ltr'><strong>Latina</strong></span> <span class='ocrx_word' id='word_1_345' title='bbox 758 2479 824 2498; x_wconf 85' lang='lat' dir='ltr'><strong>voce</strong></span> <span class='ocrx_word' id='word_1_346' title='bbox 842 2480 901 2498; x_wconf 63' lang='lat' dir='ltr'><strong>nta«</strong></span> 
     </span>
    </p>
   </div>
   <div class='ocr_carea' id='block_1_53' title="bbox 105 2517 900 2558">
    <p class='ocr_par' dir='ltr' id='par_1_53' title="bbox 105 2517 900 2558">
     <span class='ocr_line' id='line_1_53' title="bbox 105 2517 900 2558; baseline -0.01 -7"><span class='ocrx_word' id='word_1_347' title='bbox 105 2525 195 2552; x_wconf 75' lang='lat' dir='ltr'><strong>navit.</strong></span> <span class='ocrx_word' id='word_1_348' title='bbox 216 2523 305 2558; x_wconf 80' lang='lat' dir='ltr'><strong>llujus</strong></span> <span class='ocrx_word' id='word_1_349' title='bbox 321 2530 386 2555; x_wconf 77' lang='lat' dir='ltr'><strong>ergo</strong></span> <span class='ocrx_word' id='word_1_350' title='bbox 402 2522 550 2553; x_wconf 78' lang='lat' dir='ltr'><strong>comitatus</strong></span> <span class='ocrx_word' id='word_1_351' title='bbox 567 2519 714 2554; x_wconf 64' lang='lat' dir='ltr'><strong>praefectus</strong></span> <span class='ocrx_word' id='word_1_352' title='bbox 729 2517 900 2545; x_wconf 80' lang='lat' dir='ltr'><strong>Caballarius</strong></span> 
     </span>
    </p>
   </div>
   <div class='ocr_carea' id='block_1_54' title="bbox 101 2571 298 2598">
    <p class='ocr_par' dir='ltr' id='par_1_54' title="bbox 101 2571 298 2598">
     <span class='ocr_line' id='line_1_54' title="bbox 101 2571 298 2598; baseline -0.01 -2"><span class='ocrx_word' id='word_1_353' title='bbox 101 2572 158 2598; x_wconf 69' lang='lat' dir='ltr'><strong>dici</strong></span> <span class='ocrx_word' id='word_1_354' title='bbox 175 2571 298 2596; x_wconf 87' lang='lat' dir='ltr'><strong>videtur.</strong></span> 
     </span>
    </p>
   </div>
   <div class='ocr_carea' id='block_1_55' title="bbox 156 2610 898 2649">
    <p class='ocr_par' dir='ltr' id='par_1_55' title="bbox 156 2610 898 2649">
     <span class='ocr_line' id='line_1_55' title="bbox 156 2610 898 2649; baseline -0.009 -6"><span class='ocrx_word' id='word_1_355' title='bbox 156 2617 255 2649; x_wconf 77' lang='grc' dir='ltr'><strong>Μέγας</strong></span> <span class='ocrx_word' id='word_1_356' title='bbox 292 2614 433 2645; x_wconf 65' lang='grc' dir='ltr'><strong>πιππίεις,</strong></span> <span class='ocrx_word' id='word_1_357' title='bbox 469 2613 581 2647; x_wconf 76' lang='lat' dir='ltr'><strong>Magnus</strong></span> <span class='ocrx_word' id='word_1_358' title='bbox 622 2612 753 2646; x_wconf 80' lang='lat' dir='ltr'><strong>l’uppias.</strong></span> <span class='ocrx_word' id='word_1_359' title='bbox 789 2610 817 2636; x_wconf 70' lang='lat' dir='ltr'><strong>Id</strong></span> <span class='ocrx_word' id='word_1_360' title='bbox 844 2614 898 2639; x_wconf 75' lang='lat' dir='ltr'><strong>est,</strong></span> 
     </span>
    </p>
   </div>
   <div class='ocr_carea' id='block_1_56' title="bbox 99 2656 897 2696">
    <p class='ocr_par' dir='ltr' id='par_1_56' title="bbox 99 2656 897 2696">
     <span class='ocr_line' id='line_1_56' title="bbox 99 2656 897 2696; baseline -0.01 -6"><span class='ocrx_word' id='word_1_361' title='bbox 99 2670 220 2696; x_wconf 64' lang='lat' dir='ltr'><strong>magnus</strong></span> <span class='ocrx_word' id='word_1_362' title='bbox 238 2658 420 2695; x_wconf 33' lang='lat' dir='ltr'><strong>patercuhts,</strong></span> <span class='ocrx_word' id='word_1_363' title='bbox 444 2666 569 2685; x_wconf 84' lang='lat' dir='ltr'><strong>summus</strong></span> <span class='ocrx_word' id='word_1_364' title='bbox 585 2658 627 2684; x_wconf 77' lang='lat' dir='ltr'><strong>ille</strong></span> <span class='ocrx_word' id='word_1_365' title='bbox 653 2657 749 2689; x_wconf 74' lang='lat' dir='ltr'><strong>judev,</strong></span> <span class='ocrx_word' id='word_1_366' title='bbox 766 2656 798 2682; x_wconf 86' lang='lat' dir='ltr'><strong>:th</strong></span> <span class='ocrx_word' id='word_1_367' title='bbox 816 2664 897 2690; x_wconf 80' lang='lat' dir='ltr'><strong>queui</strong></span> 
     </span>
    </p>
   </div>
   <div class='ocr_carea' id='block_1_57' title="bbox 100 2704 898 2739">
    <p class='ocr_par' dir='ltr' id='par_1_57' title="bbox 100 2704 898 2739">
     <span class='ocr_line' id='line_1_57' title="bbox 100 2704 898 2739; baseline -0.01 -4"><span class='ocrx_word' id='word_1_368' title='bbox 100 2707 376 2735; x_wconf 77' lang='lat' dir='ltr'><strong>rontntcnlaricttscs</strong></span> <span class='ocrx_word' id='word_1_369' title='bbox 391 2706 423 2731; x_wconf 89' lang='lat' dir='ltr'><strong>de</strong></span> <span class='ocrx_word' id='word_1_370' title='bbox 454 2704 579 2739; x_wconf 75' lang='lat' dir='ltr'><strong>personis</strong></span> <span class='ocrx_word' id='word_1_371' title='bbox 603 2711 712 2729; x_wconf 80' lang='lat' dir='ltr'><strong>reorum</strong></span> <span class='ocrx_word' id='word_1_372' title='bbox 743 2708 770 2729; x_wconf 88' lang='lat' dir='ltr'><strong>ct</strong></span> <span class='ocrx_word' id='word_1_373' title='bbox 803 2710 898 2728; x_wconf 88' lang='lat' dir='ltr'><strong>nume—</strong></span> 
     </span>
    </p>
   </div>
   <div class='ocr_carea' id='block_1_58' title="bbox 99 2748 900 2788">
    <p class='ocr_par' dir='ltr' id='par_1_58' title="bbox 99 2748 900 2788">
     <span class='ocr_line' id='line_1_58' title="bbox 99 2748 900 2788; baseline -0.011 -6"><span class='ocrx_word' id='word_1_374' title='bbox 99 2764 139 2788; x_wconf 86' lang='lat' dir='ltr'><strong>ro,</strong></span> <span class='ocrx_word' id='word_1_375' title='bbox 157 2755 193 2782; x_wconf 87' lang='lat' dir='ltr'><strong>de</strong></span> <span class='ocrx_word' id='word_1_376' title='bbox 209 2753 348 2788; x_wconf 86' lang='lat' dir='ltr'><strong>qualitate</strong></span> <span class='ocrx_word' id='word_1_377' title='bbox 364 2751 539 2783; x_wconf 77' lang='lat' dir='ltr'><strong>delictorum,</strong></span> <span class='ocrx_word' id='word_1_378' title='bbox 555 2751 587 2776; x_wconf 85' lang='lat' dir='ltr'><strong>de</strong></span> <span class='ocrx_word' id='word_1_379' title='bbox 612 2751 767 2776; x_wconf 80' lang='lat' dir='ltr'><strong>clausorum</strong></span> <span class='ocrx_word' id='word_1_380' title='bbox 795 2748 900 2774; x_wconf 32' lang='lat' dir='ltr'><strong>ordinis</strong></span> 
     </span>
    </p>
   </div>
   <div class='ocr_carea' id='block_1_59' title="bbox 98 2793 898 2829">
    <p class='ocr_par' dir='ltr' id='par_1_59' title="bbox 98 2793 898 2829">
     <span class='ocr_line' id='line_1_59' title="bbox 98 2793 898 2829; baseline -0.011 0"><span class='ocrx_word' id='word_1_381' title='bbox 98 2803 148 2829; x_wconf 90' lang='lat' dir='ltr'><strong>bus</strong></span> <span class='ocrx_word' id='word_1_382' title='bbox 177 2801 285 2827; x_wconf 83' lang='lat' dir='ltr'><strong>referre</strong></span> <span class='ocrx_word' id='word_1_383' title='bbox 312 2797 424 2824; x_wconf 86' lang='lat' dir='ltr'><strong>debent.</strong></span> <span class='ocrx_word' id='word_1_384' title='bbox 451 2796 478 2822; x_wconf 94' lang='lat' dir='ltr'><strong>lu</strong></span> <span class='ocrx_word' id='word_1_385' title='bbox 510 2797 578 2821; x_wconf 89' lang='lat' dir='ltr'><strong>hanc</strong></span> <span class='ocrx_word' id='word_1_386' title='bbox 603 2796 766 2821; x_wconf 78' lang='lat' dir='ltr'><strong>sententiam</strong></span> <span class='ocrx_word' id='word_1_387' title='bbox 793 2793 898 2827; x_wconf 58' lang='lat' dir='ltr'><strong>arripio</strong></span> 
     </span>
    </p>
   </div>
   <div class='ocr_carea' id='block_1_60' title="bbox 98 2839 895 2881">
    <p class='ocr_par' dir='ltr' id='par_1_60' title="bbox 98 2839 895 2881">
     <span class='ocr_line' id='line_1_60' title="bbox 98 2839 895 2881; baseline -0.015 -5"><span class='ocrx_word' id='word_1_388' title='bbox 98 2856 199 2877; x_wconf 76' lang='lat' dir='ltr'><strong>uonten</strong></span> <span class='ocrx_word' id='word_1_389' title='bbox 222 2845 320 2881; x_wconf 70' lang='lat' dir='ltr'><strong>l&#39;apia:</strong></span> <span class='ocrx_word' id='word_1_390' title='bbox 344 2843 417 2878; x_wconf 88' lang='lat' dir='ltr'><strong>apud</strong></span> <span class='ocrx_word' id='word_1_391' title='bbox 443 2842 587 2873; x_wconf 77' lang='lat' dir='ltr'><strong>Zonaratn,</strong></span> <span class='ocrx_word' id='word_1_392' title='bbox 614 2841 659 2868; x_wconf 84' lang='lat' dir='ltr'><strong>ubi</strong></span> <span class='ocrx_word' id='word_1_393' title='bbox 685 2841 718 2868; x_wconf 87' lang='lat' dir='ltr'><strong>de</strong></span> <span class='ocrx_word' id='word_1_394' title='bbox 738 2847 770 2867; x_wconf 77' lang='lat' dir='ltr'><strong>co</strong></span> <span class='ocrx_word' id='word_1_395' title='bbox 797 2839 895 2874; x_wconf 77' lang='lat' dir='ltr'><strong>agitur,</strong></span> 
     </span>
    </p>
   </div>
   <div class='ocr_carea' id='block_1_61' title="bbox 972 221 1671 259">
    <p class='ocr_par' dir='ltr' id='par_1_61' title="bbox 972 221 1671 259">
     <span class='ocr_line' id='line_1_61' title="bbox 972 221 1671 259; baseline 0.01 -13"><span class='ocrx_word' id='word_1_396' title='bbox 972 228 1036 246; x_wconf 87' lang='lat' dir='ltr'><strong>num</strong></span> <span class='ocrx_word' id='word_1_397' title='bbox 1056 229 1071 247; x_wconf 89' lang='lat' dir='ltr'><strong>e</strong></span> <span class='ocrx_word' id='word_1_398' title='bbox 1087 221 1177 248; x_wconf 84' lang='lat' dir='ltr'><strong>medio</strong></span> <span class='ocrx_word' id='word_1_399' title='bbox 1200 222 1317 254; x_wconf 83' lang='lat' dir='ltr'><strong>tolleret,</strong></span> <span class='ocrx_word' id='word_1_400' title='bbox 1336 223 1508 259; x_wconf 89' lang='lat' dir='ltr'><strong>imperioque</strong></span> <span class='ocrx_word' id='word_1_401' title='bbox 1526 225 1671 259; x_wconf 68' lang='lat' dir='ltr'><strong>potiretur.</strong></span> 
     </span>
    </p>
   </div>
   <div class='ocr_carea' id='block_1_62' title="bbox 1006 267 1763 308">
    <p class='ocr_par' dir='ltr' id='par_1_62' title="bbox 1006 267 1763 308">
     <span class='ocr_line' id='line_1_62' title="bbox 1006 267 1763 308; baseline 0.008 -15"><span class='ocrx_word' id='word_1_402' title='bbox 1006 267 1100 300; x_wconf 72' lang='grc' dir='ltr'>Μέγας</span> <span class='ocrx_word' id='word_1_403' title='bbox 1118 268 1374 304; x_wconf 70' lang='grc' dir='ltr'><strong>Σ-ρατθπεόἀρχης,</strong></span> <span class='ocrx_word' id='word_1_404' title='bbox 1397 279 1508 305; x_wconf 81' lang='lat' dir='ltr'><strong>magnus</strong></span> <span class='ocrx_word' id='word_1_405' title='bbox 1529 276 1679 298; x_wconf 77' lang='lat' dir='ltr'><strong>castrorum</strong></span> <span class='ocrx_word' id='word_1_406' title='bbox 1693 281 1763 308; x_wconf 73' lang='lat' dir='ltr'><strong>pra:-</strong></span> 
     </span>
    </p>
   </div>
   <div class='ocr_carea' id='block_1_63' title="bbox 969 313 1763 352">
    <p class='ocr_par' dir='ltr' id='par_1_63' title="bbox 969 313 1763 352">
     <span class='ocr_line' id='line_1_63' title="bbox 969 313 1763 352; baseline 0.01 -14"><span class='ocrx_word' id='word_1_407' title='bbox 969 313 1062 347; x_wconf 74' lang='lat' dir='ltr'><strong>[cclus.</strong></span> <span class='ocrx_word' id='word_1_408' title='bbox 1079 313 1123 340; x_wconf 80' lang='lat' dir='ltr'><strong>Est</strong></span> <span class='ocrx_word' id='word_1_409' title='bbox 1134 319 1243 341; x_wconf 83' lang='lat' dir='ltr'><strong>curator</strong></span> <span class='ocrx_word' id='word_1_410' title='bbox 1253 323 1346 343; x_wconf 86' lang='lat' dir='ltr'><strong>carum</strong></span> <span class='ocrx_word' id='word_1_411' title='bbox 1364 325 1465 349; x_wconf 83' lang='lat' dir='ltr'><strong>rerum,</strong></span> <span class='ocrx_word' id='word_1_412' title='bbox 1479 326 1538 352; x_wconf 83' lang='lat' dir='ltr'><strong>quae</strong></span> <span class='ocrx_word' id='word_1_413' title='bbox 1552 319 1686 345; x_wconf 81' lang='lat' dir='ltr'><strong>exercitui</strong></span> <span class='ocrx_word' id='word_1_414' title='bbox 1699 325 1763 346; x_wconf 87' lang='lat' dir='ltr'><strong>suttt</strong></span> 
     </span>
    </p>
   </div>
   <div class='ocr_carea' id='block_1_64' title="bbox 969 361 1763 395">
    <p class='ocr_par' dir='ltr' id='par_1_64' title="bbox 969 361 1763 395">
     <span class='ocr_line' id='line_1_64' title="bbox 969 361 1763 395; baseline 0.006 -9"><span class='ocrx_word' id='word_1_415' title='bbox 969 368 1050 395; x_wconf 83' lang='lat' dir='ltr'><strong>opus,</strong></span> <span class='ocrx_word' id='word_1_416' title='bbox 1077 361 1206 388; x_wconf 82' lang='lat' dir='ltr'><strong>videlicet</strong></span> <span class='ocrx_word' id='word_1_417' title='bbox 1234 363 1440 395; x_wconf 82' lang='lat' dir='ltr'><strong>alimentorum,</strong></span> <span class='ocrx_word' id='word_1_418' title='bbox 1462 364 1710 392; x_wconf 83' lang='lat' dir='ltr'><strong>instrumentorum</strong></span> <span class='ocrx_word' id='word_1_419' title='bbox 1734 371 1763 393; x_wconf 84' lang='lat' dir='ltr'><strong>et.</strong></span> 
     </span>
    </p>
   </div>
   <div class='ocr_carea' id='block_1_65' title="bbox 970 406 1762 447">
    <p class='ocr_par' dir='ltr' id='par_1_65' title="bbox 970 406 1762 447">
     <span class='ocr_line' id='line_1_65' title="bbox 970 406 1762 447; baseline 0.01 -15"><span class='ocrx_word' id='word_1_420' title='bbox 970 406 1186 434; x_wconf 80' lang='lat' dir='ltr'><strong>necessariorum</strong></span> <span class='ocrx_word' id='word_1_421' title='bbox 1205 409 1338 435; x_wconf 84' lang='lat' dir='ltr'><strong>omnium.</strong></span> <span class='ocrx_word' id='word_1_422' title='bbox 1368 409 1612 437; x_wconf 75' lang='lat' dir='ltr'><strong>Prorimttmeistcr.</strong></span> <span class='ocrx_word' id='word_1_423' title='bbox 1639 412 1762 447; x_wconf 83' lang='lat' dir='ltr'><strong>Exponi-</strong></span> 
     </span>
    </p>
   </div>
   <div class='ocr_carea' id='block_1_66' title="bbox 970 453 1760 492">
    <p class='ocr_par' dir='ltr' id='par_1_66' title="bbox 970 453 1760 492">
     <span class='ocr_line' id='line_1_66' title="bbox 970 453 1760 492; baseline 0.01 -15"><span class='ocrx_word' id='word_1_424' title='bbox 970 455 1014 478; x_wconf 88' lang='lat' dir='ltr'><strong>tttr</strong></span> <span class='ocrx_word' id='word_1_425' title='bbox 1040 453 1134 485; x_wconf 87' lang='lat' dir='ltr'><strong>ctiant,</strong></span> <span class='ocrx_word' id='word_1_426' title='bbox 1160 453 1287 488; x_wconf 81' lang='lat' dir='ltr'><strong>princeps</strong></span> <span class='ocrx_word' id='word_1_427' title='bbox 1311 457 1457 486; x_wconf 78' lang='lat' dir='ltr'><strong>exercitus,</strong></span> <span class='ocrx_word' id='word_1_428' title='bbox 1485 461 1514 483; x_wconf 83' lang='lat' dir='ltr'><strong>ut</strong></span> <span class='ocrx_word' id='word_1_429' title='bbox 1531 457 1565 484; x_wconf 78' lang='lat' dir='ltr'><strong>sit</strong></span> <span class='ocrx_word' id='word_1_430' title='bbox 1588 458 1658 484; x_wconf 85' lang='lat' dir='ltr'><strong>idem</strong></span> <span class='ocrx_word' id='word_1_431' title='bbox 1687 458 1760 492; x_wconf 81' lang='lat' dir='ltr'><strong>quod</strong></span> 
     </span>
    </p>
   </div>
   <div class='ocr_carea' id='block_1_67' title="bbox 969 499 1761 539">
    <p class='ocr_par' dir='ltr' id='par_1_67' title="bbox 969 499 1761 539">
     <span class='ocr_line' id='line_1_67' title="bbox 969 499 1761 539; baseline 0.01 -16"><span class='ocrx_word' id='word_1_432' title='bbox 969 499 1171 534; x_wconf 73' lang='grc' dir='ltr'><strong>στρατιάρχηζς</strong></span> <span class='ocrx_word' id='word_1_433' title='bbox 1191 508 1252 526; x_wconf 86' lang='lat' dir='ltr'><strong>nam</strong></span> <span class='ocrx_word' id='word_1_434' title='bbox 1266 503 1444 536; x_wconf 74' lang='grc' dir='ltr'><strong>στρατόπεδον</strong></span> <span class='ocrx_word' id='word_1_435' title='bbox 1456 503 1662 538; x_wconf 84' lang='lat' dir='ltr'><strong>aliquandopro</strong></span> <span class='ocrx_word' id='word_1_436' title='bbox 1677 513 1761 539; x_wconf 78' lang='grc' dir='ltr'><strong>στρα-</strong></span> 
     </span>
    </p>
   </div>
   <div class='ocr_carea' id='block_1_68' title="bbox 969 542 1152 578">
    <p class='ocr_par' dir='ltr' id='par_1_68' title="bbox 969 542 1152 578">
     <span class='ocr_line' id='line_1_68' title="bbox 969 542 1152 578; baseline 0.016 -10"><span class='ocrx_word' id='word_1_437' title='bbox 969 542 1012 573; x_wconf 76' lang='grc' dir='ltr'><strong>τὸς</strong></span> <span class='ocrx_word' id='word_1_438' title='bbox 1030 544 1152 578; x_wconf 84' lang='lat' dir='ltr'><strong>ponitur.</strong></span> 
     </span>
    </p>
   </div>
   <div class='ocr_carea' id='block_1_69' title="bbox 1023 601 1757 640">
    <p class='ocr_par' dir='ltr' id='par_1_69' title="bbox 1023 601 1757 640">
     <span class='ocr_line' id='line_1_69' title="bbox 1023 601 1757 640; baseline 0.011 -15"><span class='ocrx_word' id='word_1_439' title='bbox 1023 601 1264 637; x_wconf 75' lang='grc' dir='ltr'><strong>Πρωταλογάτωρ,</strong></span> <span class='ocrx_word' id='word_1_440' title='bbox 1304 611 1423 630; x_wconf 70' lang='lat' dir='ltr'><strong>summus</strong></span> <span class='ocrx_word' id='word_1_441' title='bbox 1458 605 1574 638; x_wconf 81' lang='lat' dir='ltr'><strong>equitum</strong></span> <span class='ocrx_word' id='word_1_442' title='bbox 1607 606 1757 640; x_wconf 72' lang='lat' dir='ltr'><strong>prwfertus.</strong></span> 
     </span>
    </p>
   </div>
   <div class='ocr_carea' id='block_1_70' title="bbox 968 646 1759 686">
    <p class='ocr_par' dir='ltr' id='par_1_70' title="bbox 968 646 1759 686">
     <span class='ocr_line' id='line_1_70' title="bbox 968 646 1759 686; baseline 0.008 -12"><span class='ocrx_word' id='word_1_443' title='bbox 968 646 1041 674; x_wconf 80' lang='lat' dir='ltr'><strong>Voce</strong></span> <span class='ocrx_word' id='word_1_444' title='bbox 1061 647 1135 674; x_wconf 89' lang='lat' dir='ltr'><strong>enim</strong></span> <span class='ocrx_word' id='word_1_445' title='bbox 1164 649 1261 681; x_wconf 73' lang='grc' dir='ltr'><strong>ἄλογον</strong></span> <span class='ocrx_word' id='word_1_446' title='bbox 1280 649 1365 676; x_wconf 69' lang='grc' dir='ltr'><strong>(ιι-πεοί</strong></span> <span class='ocrx_word' id='word_1_447' title='bbox 1391 650 1560 683; x_wconf 75' lang='lat' dir='ltr'><strong>recentiores</strong></span> <span class='ocrx_word' id='word_1_448' title='bbox 1578 660 1691 686; x_wconf 79' lang='lat' dir='ltr'><strong>equum.</strong></span> <span class='ocrx_word' id='word_1_449' title='bbox 1712 659 1759 680; x_wconf 85' lang='lat' dir='ltr'><strong>alit</strong></span> 
     </span>
    </p>
   </div>
   <div class='ocr_carea' id='block_1_71' title="bbox 965 692 1759 728">
    <p class='ocr_par' dir='ltr' id='par_1_71' title="bbox 965 692 1759 728">
     <span class='ocr_line' id='line_1_71' title="bbox 965 692 1759 728; baseline 0.011 -11"><span class='ocrx_word' id='word_1_450' title='bbox 965 692 1119 726; x_wconf 86' lang='lat' dir='ltr'><strong>jutnentuut</strong></span> <span class='ocrx_word' id='word_1_451' title='bbox 1133 693 1297 728; x_wconf 77' lang='lat' dir='ltr'><strong>significant.</strong></span> <span class='ocrx_word' id='word_1_452' title='bbox 1315 695 1385 722; x_wconf 76' lang='lat' dir='ltr'><strong>facta</strong></span> <span class='ocrx_word' id='word_1_453' title='bbox 1401 704 1432 722; x_wconf 84' lang='lat' dir='ltr'><strong>ex</strong></span> <span class='ocrx_word' id='word_1_454' title='bbox 1450 697 1560 728; x_wconf 77' lang='grc' dir='ltr'><strong>ἀλόκοὺ,</strong></span> <span class='ocrx_word' id='word_1_455' title='bbox 1574 706 1588 724; x_wconf 90' lang='lat' dir='ltr'><strong>a</strong></span> <span class='ocrx_word' id='word_1_456' title='bbox 1606 699 1689 726; x_wconf 89' lang='lat' dir='ltr'><strong>verbo</strong></span> <span class='ocrx_word' id='word_1_457' title='bbox 1711 700 1759 726; x_wconf 92' lang='lat' dir='ltr'><strong>Ita-</strong></span> 
     </span>
    </p>
   </div>
   <div class='ocr_carea' id='block_1_72' title="bbox 967 736 1767 777">
    <p class='ocr_par' dir='ltr' id='par_1_72' title="bbox 967 736 1767 777">
     <span class='ocr_line' id='line_1_72' title="bbox 967 736 1767 777; baseline 0.01 -13"><span class='ocrx_word' id='word_1_458' title='bbox 967 738 1023 769; x_wconf 88' lang='lat' dir='ltr'><strong>lac,</strong></span> <span class='ocrx_word' id='word_1_459' title='bbox 1041 736 1114 772; x_wconf 82' lang='lat' dir='ltr'><strong>quod</strong></span> <span class='ocrx_word' id='word_1_460' title='bbox 1128 739 1316 767; x_wconf 81' lang='lat' dir='ltr'><strong>Orientalibus</strong></span> <span class='ocrx_word' id='word_1_461' title='bbox 1333 746 1401 772; x_wconf 80' lang='lat' dir='ltr'><strong>erat.</strong></span> <span class='ocrx_word' id='word_1_462' title='bbox 1418 742 1459 769; x_wconf 89' lang='lat' dir='ltr'><strong>ire</strong></span> <span class='ocrx_word' id='word_1_463' title='bbox 1479 744 1563 777; x_wconf 84' lang='lat' dir='ltr'><strong>:quia</strong></span> <span class='ocrx_word' id='word_1_464' title='bbox 1577 745 1711 772; x_wconf 81' lang='lat' dir='ltr'><strong>maximus</strong></span> <span class='ocrx_word' id='word_1_465' title='bbox 1730 750 1767 773; x_wconf 86' lang='lat' dir='ltr'><strong>et&#39;</strong></span> 
     </span>
    </p>
   </div>
   <div class='ocr_carea' id='block_1_73' title="bbox 968 785 1758 820">
    <p class='ocr_par' dir='ltr' id='par_1_73' title="bbox 968 785 1758 820">
     <span class='ocr_line' id='line_1_73' title="bbox 968 785 1758 820; baseline 0.011 -11"><span class='ocrx_word' id='word_1_466' title='bbox 968 785 1124 818; x_wconf 74' lang='lat' dir='ltr'><strong>prazcipuus</strong></span> <span class='ocrx_word' id='word_1_467' title='bbox 1138 785 1326 820; x_wconf 77' lang='lat' dir='ltr'><strong>jumentornm</strong></span> <span class='ocrx_word' id='word_1_468' title='bbox 1344 795 1409 814; x_wconf 84' lang='lat' dir='ltr'><strong>usus</strong></span> <span class='ocrx_word' id='word_1_469' title='bbox 1421 789 1453 814; x_wconf 89' lang='lat' dir='ltr'><strong>ad</strong></span> <span class='ocrx_word' id='word_1_470' title='bbox 1473 790 1696 817; x_wconf 85' lang='lat' dir='ltr'><strong>commoditatem</strong></span> <span class='ocrx_word' id='word_1_471' title='bbox 1714 791 1758 818; x_wconf 90' lang='lat' dir='ltr'><strong>iti-</strong></span> 
     </span>
    </p>
   </div>
   <div class='ocr_carea' id='block_1_74' title="bbox 967 831 1756 866">
    <p class='ocr_par' dir='ltr' id='par_1_74' title="bbox 967 831 1756 866">
     <span class='ocr_line' id='line_1_74' title="bbox 967 831 1756 866; baseline 0.01 -10"><span class='ocrx_word' id='word_1_472' title='bbox 967 838 1076 856; x_wconf 87' lang='lat' dir='ltr'><strong>nerum.</strong></span> <span class='ocrx_word' id='word_1_473' title='bbox 1092 831 1188 858; x_wconf 76' lang='lat' dir='ltr'><strong>&#39;l&#39;urezc</strong></span> <span class='ocrx_word' id='word_1_474' title='bbox 1202 833 1285 859; x_wconf 82' lang='lat' dir='ltr'><strong>etiam</strong></span> <span class='ocrx_word' id='word_1_475' title='bbox 1300 833 1381 860; x_wconf 86' lang='lat' dir='ltr'><strong>hodie</strong></span> <span class='ocrx_word' id='word_1_476' title='bbox 1400 840 1538 866; x_wconf 82' lang='lat' dir='ltr'><strong>lllltllltltlt,</strong></span> <span class='ocrx_word' id='word_1_477' title='bbox 1557 845 1603 862; x_wconf 86' lang='lat' dir='ltr'><strong>seu</strong></span> <span class='ocrx_word' id='word_1_478' title='bbox 1624 837 1756 864; x_wconf 86' lang='lat' dir='ltr'><strong>viatorem</strong></span> 
     </span>
    </p>
   </div>
   <div class='ocr_carea' id='block_1_75' title="bbox 963 877 1757 915">
    <p class='ocr_par' dir='ltr' id='par_1_75' title="bbox 963 877 1757 915">
     <span class='ocr_line' id='line_1_75' title="bbox 963 877 1757 915; baseline 0.01 -12"><span class='ocrx_word' id='word_1_479' title='bbox 963 877 1191 910; x_wconf 83' lang='lat' dir='ltr'><strong>appellantltnlac</strong></span> <span class='ocrx_word' id='word_1_480' title='bbox 1202 878 1252 904; x_wconf 80' lang='lat' dir='ltr'><strong>.Ex</strong></span> <span class='ocrx_word' id='word_1_481' title='bbox 1263 878 1449 914; x_wconf 59' lang='lat' dir='ltr'><strong>atdxouigitur</strong></span> <span class='ocrx_word' id='word_1_482' title='bbox 1461 882 1569 915; x_wconf 78' lang='grc' dir='ltr'><strong>ἄλογον,</strong></span> <span class='ocrx_word' id='word_1_483' title='bbox 1583 883 1608 909; x_wconf 89' lang='lat' dir='ltr'><strong>id</strong></span> <span class='ocrx_word' id='word_1_484' title='bbox 1621 889 1673 914; x_wconf 86' lang='lat' dir='ltr'><strong>est.</strong></span> <span class='ocrx_word' id='word_1_485' title='bbox 1690 884 1757 911; x_wconf 88' lang='lat' dir='ltr'><strong>bru-</strong></span> 
     </span>
    </p>
   </div>
   <div class='ocr_carea' id='block_1_76' title="bbox 963 923 1755 962">
    <p class='ocr_par' dir='ltr' id='par_1_76' title="bbox 963 923 1755 962">
     <span class='ocr_line' id='line_1_76' title="bbox 963 923 1755 962; baseline 0.009 -13"><span class='ocrx_word' id='word_1_486' title='bbox 963 927 1020 949; x_wconf 89' lang='lat' dir='ltr'><strong>tum</strong></span> <span class='ocrx_word' id='word_1_487' title='bbox 1031 923 1091 948; x_wconf 76' lang='grc' dir='ltr'>κατ’</span> <span class='ocrx_word' id='word_1_488' title='bbox 1101 923 1371 958; x_wconf 59' lang='grc' dir='ltr'><strong>ἐξοχὴκιῇυιηειιιιιιιι,</strong></span> <span class='ocrx_word' id='word_1_489' title='bbox 1383 932 1427 953; x_wconf 90' lang='lat' dir='ltr'><strong>aut</strong></span> <span class='ocrx_word' id='word_1_490' title='bbox 1436 935 1533 961; x_wconf 84' lang='lat' dir='ltr'><strong>equus.</strong></span> <span class='ocrx_word' id='word_1_491' title='bbox 1543 933 1572 955; x_wconf 89' lang='lat' dir='ltr'><strong>ut</strong></span> <span class='ocrx_word' id='word_1_492' title='bbox 1582 929 1755 962; x_wconf 82' lang='lat' dir='ltr'><strong>ltalidicunt,</strong></span> 
     </span>
    </p>
   </div>
   <div class='ocr_carea' id='block_1_77' title="bbox 963 966 1755 1007">
    <p class='ocr_par' dir='ltr' id='par_1_77' title="bbox 963 966 1755 1007">
     <span class='ocr_line' id='line_1_77' title="bbox 963 966 1755 1007; baseline 0.011 -16"><span class='ocrx_word' id='word_1_493' title='bbox 963 966 989 992; x_wconf 87' lang='lat' dir='ltr'><strong>la</strong></span> <span class='ocrx_word' id='word_1_494' title='bbox 1007 966 1088 992; x_wconf 73' lang='lat' dir='ltr'><strong>bestia</strong></span> <span class='ocrx_word' id='word_1_495' title='bbox 1101 967 1165 998; x_wconf 84' lang='lat' dir='ltr'><strong>mia,</strong></span> <span class='ocrx_word' id='word_1_496' title='bbox 1178 975 1225 1001; x_wconf 87' lang='lat' dir='ltr'><strong>pro</strong></span> <span class='ocrx_word' id='word_1_497' title='bbox 1237 977 1326 1002; x_wconf 88' lang='lat' dir='ltr'><strong>equtts</strong></span> <span class='ocrx_word' id='word_1_498' title='bbox 1339 978 1425 997; x_wconf 89' lang='lat' dir='ltr'><strong>nteus.</strong></span> <span class='ocrx_word' id='word_1_499' title='bbox 1440 971 1476 997; x_wconf 81' lang='lat' dir='ltr'><strong>Ex</strong></span> <span class='ocrx_word' id='word_1_500' title='bbox 1489 972 1586 1006; x_wconf 75' lang='grc' dir='ltr'>ἀλόγου</span> <span class='ocrx_word' id='word_1_501' title='bbox 1600 974 1628 1000; x_wconf 91' lang='lat' dir='ltr'><strong>tit</strong></span> <span class='ocrx_word' id='word_1_502' title='bbox 1646 975 1755 1007; x_wconf 72' lang='grc' dir='ltr'><strong>ὰλόγιῡν</strong></span> 
     </span>
    </p>
   </div>
   <div class='ocr_carea' id='block_1_78' title="bbox 961 1010 1755 1049">
    <p class='ocr_par' dir='ltr' id='par_1_78' title="bbox 961 1010 1755 1049">
     <span class='ocr_line' id='line_1_78' title="bbox 961 1010 1755 1049; baseline 0.016 -14"><span class='ocrx_word' id='word_1_503' title='bbox 961 1010 1111 1043; x_wconf 81' lang='lat' dir='ltr'><strong>equitatus,</strong></span> <span class='ocrx_word' id='word_1_504' title='bbox 1133 1019 1181 1038; x_wconf 87' lang='lat' dir='ltr'><strong>seu</strong></span> <span class='ocrx_word' id='word_1_505' title='bbox 1197 1021 1333 1047; x_wconf 89' lang='lat' dir='ltr'><strong>eqttortttn</strong></span> <span class='ocrx_word' id='word_1_506' title='bbox 1349 1022 1508 1049; x_wconf 85' lang='lat' dir='ltr'><strong>equttuntve</strong></span> <span class='ocrx_word' id='word_1_507' title='bbox 1522 1026 1624 1046; x_wconf 87' lang='lat' dir='ltr'><strong>merus.</strong></span> <span class='ocrx_word' id='word_1_508' title='bbox 1639 1020 1755 1048; x_wconf 59' lang='lat' dir='ltr'><strong>Praefec-</strong></span> 
     </span>
    </p>
   </div>
   <div class='ocr_carea' id='block_1_79' title="bbox 963 1055 1752 1102">
    <p class='ocr_par' dir='ltr' id='par_1_79' title="bbox 963 1055 1752 1102">
     <span class='ocr_line' id='line_1_79' title="bbox 963 1055 1752 1102; baseline 0.018 -22"><span class='ocrx_word' id='word_1_509' title='bbox 963 1059 1006 1082; x_wconf 91' lang='lat' dir='ltr'><strong>tus</strong></span> <span class='ocrx_word' id='word_1_510' title='bbox 1020 1055 1163 1092; x_wconf 78' lang='grc' dir='ltr'><strong>ἁλογάτωρ</strong></span> <span class='ocrx_word' id='word_1_511' title='bbox 1182 1067 1187 1084; x_wconf 92' lang='lat'><strong>:</strong></span> <span class='ocrx_word' id='word_1_512' title='bbox 1201 1066 1326 1087; x_wconf 84' lang='lat' dir='ltr'><strong>summus</strong></span> <span class='ocrx_word' id='word_1_513' title='bbox 1340 1063 1493 1095; x_wconf 68' lang='lat' dir='ltr'><strong>praefectus,</strong></span> <span class='ocrx_word' id='word_1_514' title='bbox 1515 1065 1752 1102; x_wconf 81' lang='grc' dir='ltr'><strong>πρωταλογάτωρ.</strong></span> 
     </span>
    </p>
   </div>
   <div class='ocr_carea' id='block_1_80' title="bbox 997 1112 1754 1157">
    <p class='ocr_par' dir='ltr' id='par_1_80' title="bbox 997 1112 1754 1157">
     <span class='ocr_line' id='line_1_80' title="bbox 997 1112 1754 1157; baseline 0.017 -20"><span class='ocrx_word' id='word_1_515' title='bbox 997 1112 1244 1149; x_wconf 73' lang='grc' dir='ltr'><strong>Σεὸαστοκρὲτωρ,</strong></span> <span class='ocrx_word' id='word_1_516' title='bbox 1263 1116 1525 1152; x_wconf 71' lang='lat' dir='ltr'><strong>Augustimpcralor,</strong></span> <span class='ocrx_word' id='word_1_517' title='bbox 1546 1121 1639 1149; x_wconf 80' lang='lat' dir='ltr'><strong>Tertia</strong></span> <span class='ocrx_word' id='word_1_518' title='bbox 1665 1123 1754 1157; x_wconf 81' lang='lat' dir='ltr'><strong>digiti-</strong></span> 
     </span>
    </p>
   </div>
   <div class='ocr_carea' id='block_1_81' title="bbox 963 1159 1752 1200">
    <p class='ocr_par' dir='ltr' id='par_1_81' title="bbox 963 1159 1752 1200">
     <span class='ocr_line' id='line_1_81' title="bbox 963 1159 1752 1200; baseline 0.014 -16"><span class='ocrx_word' id='word_1_519' title='bbox 963 1162 1003 1184; x_wconf 84' lang='lat' dir='ltr'><strong>tas</strong></span> <span class='ocrx_word' id='word_1_520' title='bbox 1030 1159 1064 1185; x_wconf 81' lang='lat' dir='ltr'><strong>ab</strong></span> <span class='ocrx_word' id='word_1_521' title='bbox 1094 1159 1277 1194; x_wconf 85' lang='lat' dir='ltr'><strong>imperatore,</strong></span> <span class='ocrx_word' id='word_1_522' title='bbox 1295 1162 1449 1191; x_wconf 66' lang='lat' dir='ltr'><strong>Ctesariaua</strong></span> <span class='ocrx_word' id='word_1_523' title='bbox 1480 1168 1664 1200; x_wconf 69' lang='lat' dir='ltr'><strong>praestantior.</strong></span> <span class='ocrx_word' id='word_1_524' title='bbox 1684 1169 1752 1196; x_wconf 86' lang='lat' dir='ltr'><strong>Dum</strong></span> 
     </span>
    </p>
   </div>
   <div class='ocr_carea' id='block_1_82' title="bbox 962 1204 1751 1247">
    <p class='ocr_par' dir='ltr' id='par_1_82' title="bbox 962 1204 1751 1247">
     <span class='ocr_line' id='line_1_82' title="bbox 962 1204 1751 1247; baseline 0.015 -18"><span class='ocrx_word' id='word_1_525' title='bbox 962 1204 1111 1238; x_wconf 84' lang='lat' dir='ltr'><strong>imperator</strong></span> <span class='ocrx_word' id='word_1_526' title='bbox 1133 1205 1271 1239; x_wconf 62' lang='grc' dir='ltr'><strong>βασιλεὺς,</strong></span> <span class='ocrx_word' id='word_1_527' title='bbox 1295 1208 1438 1241; x_wconf 67' lang='grc' dir='ltr'><strong>σεῦαστὶς,</strong></span> <span class='ocrx_word' id='word_1_528' title='bbox 1464 1211 1572 1245; x_wconf 81' lang='grc' dir='ltr'><strong>Καῖσαρ</strong></span> <span class='ocrx_word' id='word_1_529' title='bbox 1591 1212 1682 1240; x_wconf 88' lang='lat' dir='ltr'><strong>dicttts</strong></span> <span class='ocrx_word' id='word_1_530' title='bbox 1699 1219 1751 1247; x_wconf 83' lang='lat' dir='ltr'><strong>est,</strong></span> 
     </span>
    </p>
   </div>
   <div class='ocr_carea' id='block_1_83' title="bbox 953 1251 1754 1294">
    <p class='ocr_par' dir='ltr' id='par_1_83' title="bbox 953 1251 1754 1294">
     <span class='ocr_line' id='line_1_83' title="bbox 953 1251 1754 1294; baseline 0.016 -20"><span class='ocrx_word' id='word_1_531' title='bbox 953 1256 1016 1283; x_wconf 83' lang='lat' dir='ltr'><strong>_uuo</strong></span> <span class='ocrx_word' id='word_1_532' title='bbox 1031 1251 1184 1285; x_wconf 88' lang='lat' dir='ltr'><strong>eodentqtte</strong></span> <span class='ocrx_word' id='word_1_533' title='bbox 1198 1259 1295 1279; x_wconf 89' lang='lat' dir='ltr'><strong>omnes</strong></span> <span class='ocrx_word' id='word_1_534' title='bbox 1311 1254 1361 1280; x_wconf 87' lang='lat' dir='ltr'><strong>hos</strong></span> <span class='ocrx_word' id='word_1_535' title='bbox 1378 1255 1472 1283; x_wconf 89' lang='lat' dir='ltr'><strong>titulos</strong></span> <span class='ocrx_word' id='word_1_536' title='bbox 1485 1257 1639 1290; x_wconf 78' lang='lat' dir='ltr'><strong>obtinente,</strong></span> <span class='ocrx_word' id='word_1_537' title='bbox 1663 1259 1754 1294; x_wconf 75' lang='lat' dir='ltr'><strong>digni-</strong></span> 
     </span>
    </p>
   </div>
   <div class='ocr_carea' id='block_1_84' title="bbox 962 1295 1752 1333">
    <p class='ocr_par' dir='ltr' id='par_1_84' title="bbox 962 1295 1752 1333">
     <span class='ocr_line' id='line_1_84' title="bbox 962 1295 1752 1333; baseline 0.016 -13"><span class='ocrx_word' id='word_1_538' title='bbox 962 1298 1030 1321; x_wconf 89' lang='lat' dir='ltr'><strong>tates</strong></span> <span class='ocrx_word' id='word_1_539' title='bbox 1044 1295 1148 1328; x_wconf 83' lang='lat' dir='ltr'><strong>otliciis,</strong></span> <span class='ocrx_word' id='word_1_540' title='bbox 1171 1305 1202 1324; x_wconf 86' lang='lat' dir='ltr'><strong>ac</strong></span> <span class='ocrx_word' id='word_1_541' title='bbox 1220 1306 1274 1325; x_wconf 89' lang='lat' dir='ltr'><strong>non</strong></span> <span class='ocrx_word' id='word_1_542' title='bbox 1298 1300 1394 1332; x_wconf 92' lang='lat' dir='ltr'><strong>titulis,</strong></span> <span class='ocrx_word' id='word_1_543' title='bbox 1418 1303 1558 1330; x_wconf 58' lang='lat' dir='ltr'><strong>:estintataz</strong></span> <span class='ocrx_word' id='word_1_544' title='bbox 1574 1310 1649 1331; x_wconf 89' lang='lat' dir='ltr'><strong>sunt.</strong></span> <span class='ocrx_word' id='word_1_545' title='bbox 1673 1301 1752 1333; x_wconf 72' lang='lat' dir='ltr'><strong>Post-</strong></span> 
     </span>
    </p>
   </div>
   <div class='ocr_carea' id='block_1_85' title="bbox 960 1343 1751 1382">
    <p class='ocr_par' dir='ltr' id='par_1_85' title="bbox 960 1343 1751 1382">
     <span class='ocr_line' id='line_1_85' title="bbox 960 1343 1751 1382; baseline 0.018 -16"><span class='ocrx_word' id='word_1_546' title='bbox 960 1347 992 1367; x_wconf 87' lang='lat' dir='ltr'><strong>ea</strong></span> <span class='ocrx_word' id='word_1_547' title='bbox 1017 1349 1082 1378; x_wconf 84' lang='lat' dir='ltr'><strong>vero</strong></span> <span class='ocrx_word' id='word_1_548' title='bbox 1097 1343 1278 1377; x_wconf 82' lang='lat' dir='ltr'><strong>imperatores</strong></span> <span class='ocrx_word' id='word_1_549' title='bbox 1295 1346 1421 1373; x_wconf 80' lang='lat' dir='ltr'><strong>luserunt</strong></span> <span class='ocrx_word' id='word_1_550' title='bbox 1438 1349 1535 1382; x_wconf 82' lang='lat' dir='ltr'><strong>titulis,</strong></span> <span class='ocrx_word' id='word_1_551' title='bbox 1559 1355 1586 1376; x_wconf 89' lang='lat' dir='ltr'><strong>ct</strong></span> <span class='ocrx_word' id='word_1_552' title='bbox 1603 1351 1751 1380; x_wconf 87' lang='lat' dir='ltr'><strong>honoraria</strong></span> 
     </span>
    </p>
   </div>
   <div class='ocr_carea' id='block_1_86' title="bbox 960 1387 1750 1429">
    <p class='ocr_par' dir='ltr' id='par_1_86' title="bbox 960 1387 1750 1429">
     <span class='ocr_line' id='line_1_86' title="bbox 960 1387 1750 1429; baseline 0.018 -17"><span class='ocrx_word' id='word_1_553' title='bbox 960 1387 1124 1422; x_wconf 81' lang='lat' dir='ltr'><strong>dignitatum</strong></span> <span class='ocrx_word' id='word_1_554' title='bbox 1144 1391 1254 1417; x_wconf 83' lang='lat' dir='ltr'><strong>nomina</strong></span> <span class='ocrx_word' id='word_1_555' title='bbox 1273 1392 1332 1419; x_wconf 84' lang='lat' dir='ltr'><strong>sine</strong></span> <span class='ocrx_word' id='word_1_556' title='bbox 1352 1392 1448 1421; x_wconf 79' lang='lat' dir='ltr'><strong>ofﬁciis</strong></span> <span class='ocrx_word' id='word_1_557' title='bbox 1467 1394 1600 1429; x_wconf 87' lang='lat' dir='ltr'><strong>itnpertiti</strong></span> <span class='ocrx_word' id='word_1_558' title='bbox 1626 1403 1691 1425; x_wconf 88' lang='lat' dir='ltr'><strong>snttt</strong></span> <span class='ocrx_word' id='word_1_559' title='bbox 1704 1407 1750 1426; x_wconf 80' lang='lat' dir='ltr'><strong>ar-</strong></span> 
     </span>
    </p>
   </div>
   <div class='ocr_carea' id='block_1_87' title="bbox 962 1432 1749 1473">
    <p class='ocr_par' dir='ltr' id='par_1_87' title="bbox 962 1432 1749 1473">
     <span class='ocr_line' id='line_1_87' title="bbox 962 1432 1749 1473; baseline 0.017 -14"><span class='ocrx_word' id='word_1_560' title='bbox 962 1432 1064 1460; x_wconf 84' lang='lat' dir='ltr'><strong>bitratu</strong></span> <span class='ocrx_word' id='word_1_561' title='bbox 1079 1443 1141 1466; x_wconf 80' lang='lat' dir='ltr'><strong>suo,</strong></span> <span class='ocrx_word' id='word_1_562' title='bbox 1169 1441 1199 1462; x_wconf 94' lang='lat' dir='ltr'><strong>ut</strong></span> <span class='ocrx_word' id='word_1_563' title='bbox 1226 1436 1391 1472; x_wconf 85' lang='lat' dir='ltr'><strong>Curopalata</strong></span> <span class='ocrx_word' id='word_1_564' title='bbox 1419 1440 1463 1467; x_wconf 88' lang='lat' dir='ltr'><strong>ltis</strong></span> <span class='ocrx_word' id='word_1_565' title='bbox 1480 1441 1573 1468; x_wconf 84' lang='lat' dir='ltr'><strong>verbis</strong></span> <span class='ocrx_word' id='word_1_566' title='bbox 1602 1443 1749 1473; x_wconf 85' lang='lat' dir='ltr'><strong>declarat:</strong></span> 
     </span>
    </p>
   </div>
   <div class='ocr_carea' id='block_1_88' title="bbox 961 1479 1751 1518">
    <p class='ocr_par' dir='ltr' id='par_1_88' title="bbox 961 1479 1751 1518">
     <span class='ocr_line' id='line_1_88' title="bbox 961 1479 1751 1518; baseline 0.016 -13"><span class='ocrx_word' id='word_1_567' title='bbox 961 1479 1089 1513; x_wconf 74' lang='lat' dir='ltr'><strong>Despota,</strong></span> <span class='ocrx_word' id='word_1_568' title='bbox 1108 1481 1328 1514; x_wconf 70' lang='lat' dir='ltr'><strong>sebastocratnr,</strong></span> <span class='ocrx_word' id='word_1_569' title='bbox 1347 1485 1438 1511; x_wconf 68' lang='lat' dir='ltr'><strong>(la&#39;sar</strong></span> <span class='ocrx_word' id='word_1_570' title='bbox 1472 1487 1504 1512; x_wconf 90' lang='lat' dir='ltr'><strong>ad</strong></span> <span class='ocrx_word' id='word_1_571' title='bbox 1538 1488 1642 1514; x_wconf 87' lang='lat' dir='ltr'><strong>ttullttnt</strong></span> <span class='ocrx_word' id='word_1_572' title='bbox 1670 1491 1751 1518; x_wconf 86' lang='lat' dir='ltr'><strong>mitti-</strong></span> 
     </span>
    </p>
   </div>
   <div class='ocr_carea' id='block_1_89' title="bbox 961 1526 1751 1570">
    <p class='ocr_par' dir='ltr' id='par_1_89' title="bbox 961 1526 1751 1570">
     <span class='ocr_line' id='line_1_89' title="bbox 961 1526 1751 1570; baseline 0.016 -20"><span class='ocrx_word' id='word_1_573' title='bbox 961 1526 1076 1552; x_wconf 89' lang='lat' dir='ltr'><strong>steriuttt</strong></span> <span class='ocrx_word' id='word_1_574' title='bbox 1095 1532 1233 1558; x_wconf 76' lang='lat' dir='ltr'><strong>tenentur.</strong></span> <span class='ocrx_word' id='word_1_575' title='bbox 1253 1529 1304 1555; x_wconf 86' lang='lat' dir='ltr'><strong>nisi</strong></span> <span class='ocrx_word' id='word_1_576' title='bbox 1321 1530 1352 1556; x_wconf 85' lang='lat' dir='ltr'><strong>ad</strong></span> <span class='ocrx_word' id='word_1_577' title='bbox 1380 1538 1517 1558; x_wconf 88' lang='lat' dir='ltr'><strong>sumnnnn</strong></span> <span class='ocrx_word' id='word_1_578' title='bbox 1534 1533 1653 1568; x_wconf 88' lang='lat' dir='ltr'><strong>aliquem</strong></span> <span class='ocrx_word' id='word_1_579' title='bbox 1674 1537 1751 1570; x_wconf 89' lang='lat' dir='ltr'><strong>prin-</strong></span> 
     </span>
    </p>
   </div>
   <div class='ocr_carea' id='block_1_90' title="bbox 961 1572 1748 1616">
    <p class='ocr_par' dir='ltr' id='par_1_90' title="bbox 961 1572 1748 1616">
     <span class='ocr_line' id='line_1_90' title="bbox 961 1572 1748 1616; baseline 0.017 -20"><span class='ocrx_word' id='word_1_580' title='bbox 961 1572 1082 1605; x_wconf 87' lang='lat' dir='ltr'><strong>cipatuttt</strong></span> <span class='ocrx_word' id='word_1_581' title='bbox 1100 1573 1302 1606; x_wconf 80' lang='lat' dir='ltr'><strong>instituantur,</strong></span> <span class='ocrx_word' id='word_1_582' title='bbox 1323 1581 1387 1610; x_wconf 89' lang='lat' dir='ltr'><strong>puta</strong></span> <span class='ocrx_word' id='word_1_583' title='bbox 1404 1582 1452 1603; x_wconf 84' lang='lat' dir='ltr'><strong>aut</strong></span> <span class='ocrx_word' id='word_1_584' title='bbox 1478 1580 1598 1613; x_wconf 76' lang='lat' dir='ltr'><strong>regendo</strong></span> <span class='ocrx_word' id='word_1_585' title='bbox 1622 1581 1748 1616; x_wconf 79' lang='lat' dir='ltr'><strong>imperio,</strong></span> 
     </span>
    </p>
   </div>
   <div class='ocr_carea' id='block_1_91' title="bbox 960 1619 1747 1663">
    <p class='ocr_par' dir='ltr' id='par_1_91' title="bbox 960 1619 1747 1663">
     <span class='ocr_line' id='line_1_91' title="bbox 960 1619 1747 1663; baseline 0.014 -20"><span class='ocrx_word' id='word_1_586' title='bbox 960 1622 1007 1643; x_wconf 90' lang='lat' dir='ltr'><strong>attt</strong></span> <span class='ocrx_word' id='word_1_587' title='bbox 1021 1619 1145 1663; x_wconf 55' lang='lat' dir='ltr'><strong>gerendo</strong></span> <span class='ocrx_word' id='word_1_588' title='bbox 1162 1619 1252 1646; x_wconf 84' lang='lat' dir='ltr'><strong>bello:</strong></span> <span class='ocrx_word' id='word_1_589' title='bbox 1269 1622 1347 1656; x_wconf 86' lang='lat' dir='ltr'><strong>cujus</strong></span> <span class='ocrx_word' id='word_1_590' title='bbox 1375 1623 1415 1649; x_wconf 87' lang='lat' dir='ltr'><strong>rei</strong></span> <span class='ocrx_word' id='word_1_591' title='bbox 1439 1625 1563 1658; x_wconf 83' lang='lat' dir='ltr'><strong>exempla</strong></span> <span class='ocrx_word' id='word_1_592' title='bbox 1590 1631 1655 1653; x_wconf 90' lang='lat' dir='ltr'><strong>sunt</strong></span> <span class='ocrx_word' id='word_1_593' title='bbox 1675 1628 1747 1661; x_wconf 85' lang='lat' dir='ltr'><strong>apud</strong></span> 
     </span>
    </p>
   </div>
   <div class='ocr_carea' id='block_1_92' title="bbox 958 1662 1747 1707">
    <p class='ocr_par' dir='ltr' id='par_1_92' title="bbox 958 1662 1747 1707">
     <span class='ocr_line' id='line_1_92' title="bbox 958 1662 1747 1707; baseline 0.018 -20"><span class='ocrx_word' id='word_1_594' title='bbox 958 1662 1145 1697; x_wconf 72' lang='lat' dir='ltr'><strong>Nicephorum</strong></span> <span class='ocrx_word' id='word_1_595' title='bbox 1163 1665 1311 1700; x_wconf 78' lang='lat' dir='ltr'><strong>Gregorant</strong></span> <span class='ocrx_word' id='word_1_596' title='bbox 1329 1675 1410 1701; x_wconf 87' lang='lat' dir='ltr'><strong>quam</strong></span> <span class='ocrx_word' id='word_1_597' title='bbox 1429 1669 1558 1703; x_wconf 85' lang='lat' dir='ltr'><strong>plurima.</strong></span> <span class='ocrx_word' id='word_1_598' title='bbox 1574 1672 1612 1699; x_wconf 86' lang='lat' dir='ltr'><strong>Ac</strong></span> <span class='ocrx_word' id='word_1_599' title='bbox 1628 1674 1747 1707; x_wconf 88' lang='lat' dir='ltr'><strong>primunt</strong></span> 
     </span>
    </p>
   </div>
   <div class='ocr_carea' id='block_1_93' title="bbox 959 1709 1747 1755">
    <p class='ocr_par' dir='ltr' id='par_1_93' title="bbox 959 1709 1747 1755">
     <span class='ocr_line' id='line_1_93' title="bbox 959 1709 1747 1755; baseline 0.016 -21"><span class='ocrx_word' id='word_1_600' title='bbox 959 1709 1070 1743; x_wconf 85' lang='lat' dir='ltr'><strong>quidem</strong></span> <span class='ocrx_word' id='word_1_601' title='bbox 1097 1711 1188 1743; x_wconf 68' lang='lat' dir='ltr'><strong>Cmsar</strong></span> <span class='ocrx_word' id='word_1_602' title='bbox 1212 1712 1263 1738; x_wconf 88' lang='lat' dir='ltr'><strong>fuit</strong></span> <span class='ocrx_word' id='word_1_603' title='bbox 1292 1715 1431 1742; x_wconf 86' lang='lat' dir='ltr'><strong>secundus</strong></span> <span class='ocrx_word' id='word_1_604' title='bbox 1456 1717 1491 1742; x_wconf 83' lang='lat' dir='ltr'><strong>ab</strong></span> <span class='ocrx_word' id='word_1_605' title='bbox 1522 1718 1688 1751; x_wconf 87' lang='lat' dir='ltr'><strong>imperatore</strong></span> <span class='ocrx_word' id='word_1_606' title='bbox 1706 1721 1747 1755; x_wconf 85' lang='lat' dir='ltr'><strong>(ut</strong></span> 
     </span>
    </p>
   </div>
   <div class='ocr_carea' id='block_1_94' title="bbox 958 1755 1747 1800">
    <p class='ocr_par' dir='ltr' id='par_1_94' title="bbox 958 1755 1747 1800">
     <span class='ocr_line' id='line_1_94' title="bbox 958 1755 1747 1800; baseline 0.016 -19"><span class='ocrx_word' id='word_1_607' title='bbox 958 1755 1040 1783; x_wconf 86' lang='lat' dir='ltr'><strong>hodie</strong></span> <span class='ocrx_word' id='word_1_608' title='bbox 1062 1764 1109 1784; x_wconf 81' lang='lat' dir='ltr'><strong>rex</strong></span> <span class='ocrx_word' id='word_1_609' title='bbox 1126 1758 1313 1786; x_wconf 83' lang='lat' dir='ltr'><strong>Romanorum</strong></span> <span class='ocrx_word' id='word_1_610' title='bbox 1338 1767 1380 1787; x_wconf 89' lang='lat' dir='ltr'><strong>est</strong></span> <span class='ocrx_word' id='word_1_611' title='bbox 1402 1761 1429 1788; x_wconf 95' lang='lat' dir='ltr'><strong>in</strong></span> <span class='ocrx_word' id='word_1_612' title='bbox 1443 1762 1585 1791; x_wconf 82' lang='lat' dir='ltr'><strong>Oceidenti</strong></span> <span class='ocrx_word' id='word_1_613' title='bbox 1603 1765 1747 1800; x_wconf 89' lang='lat' dir='ltr'><strong>imperio),</strong></span> 
     </span>
    </p>
   </div>
   <div class='ocr_carea' id='block_1_95' title="bbox 957 1801 1746 1846">
    <p class='ocr_par' dir='ltr' id='par_1_95' title="bbox 957 1801 1746 1846">
     <span class='ocr_line' id='line_1_95' title="bbox 957 1801 1746 1846; baseline 0.018 -20"><span class='ocrx_word' id='word_1_614' title='bbox 957 1806 985 1826; x_wconf 89' lang='lat' dir='ltr'><strong>et</strong></span> <span class='ocrx_word' id='word_1_615' title='bbox 1011 1801 1130 1828; x_wconf 86' lang='lat' dir='ltr'><strong>obtinuit</strong></span> <span class='ocrx_word' id='word_1_616' title='bbox 1156 1803 1208 1830; x_wconf 90' lang='lat' dir='ltr'><strong>hoc</strong></span> <span class='ocrx_word' id='word_1_617' title='bbox 1230 1804 1263 1830; x_wconf 90' lang='lat' dir='ltr'><strong>ad</strong></span> <span class='ocrx_word' id='word_1_618' title='bbox 1289 1805 1413 1832; x_wconf 76' lang='lat' dir='ltr'><strong>Alcxiunt</strong></span> <span class='ocrx_word' id='word_1_619' title='bbox 1443 1807 1615 1837; x_wconf 86' lang='lat' dir='ltr'><strong>Cotnnenum</strong></span> <span class='ocrx_word' id='word_1_620' title='bbox 1637 1819 1746 1846; x_wconf 88' lang='lat' dir='ltr'><strong>usque:</strong></span> 
     </span>
    </p>
   </div>
   <div class='ocr_carea' id='block_1_96' title="bbox 957 1848 1748 1888">
    <p class='ocr_par' dir='ltr' id='par_1_96' title="bbox 957 1848 1748 1888">
     <span class='ocr_line' id='line_1_96' title="bbox 957 1848 1748 1888; baseline 0.018 -17"><span class='ocrx_word' id='word_1_621' title='bbox 957 1852 1052 1880; x_wconf 87' lang='lat' dir='ltr'><strong>postea</strong></span> <span class='ocrx_word' id='word_1_622' title='bbox 1080 1848 1284 1876; x_wconf 88' lang='lat' dir='ltr'><strong>scbastocrator</strong></span> <span class='ocrx_word' id='word_1_623' title='bbox 1310 1851 1450 1879; x_wconf 79' lang='lat' dir='ltr'><strong>secundus</strong></span> <span class='ocrx_word' id='word_1_624' title='bbox 1487 1858 1529 1880; x_wconf 89' lang='lat' dir='ltr'><strong>est</strong></span> <span class='ocrx_word' id='word_1_625' title='bbox 1557 1855 1688 1888; x_wconf 72' lang='lat' dir='ltr'><strong>habitus.</strong></span> <span class='ocrx_word' id='word_1_626' title='bbox 1720 1863 1748 1885; x_wconf 88' lang='lat' dir='ltr'><strong>et</strong></span> 
     </span>
    </p>
   </div>
   <div class='ocr_carea' id='block_1_97' title="bbox 956 1890 1746 1931">
    <p class='ocr_par' dir='ltr' id='par_1_97' title="bbox 956 1890 1746 1931">
     <span class='ocr_line' id='line_1_97' title="bbox 956 1890 1746 1931; baseline 0.016 -13"><span class='ocrx_word' id='word_1_627' title='bbox 956 1890 1047 1918; x_wconf 64' lang='lat' dir='ltr'><strong>Caesar</strong></span> <span class='ocrx_word' id='word_1_628' title='bbox 1063 1894 1163 1919; x_wconf 83' lang='lat' dir='ltr'><strong>tertius</strong></span> <span class='ocrx_word' id='word_1_629' title='bbox 1180 1902 1241 1920; x_wconf 82' lang='lat' dir='ltr'><strong>esse</strong></span> <span class='ocrx_word' id='word_1_630' title='bbox 1256 1896 1352 1929; x_wconf 73' lang='lat' dir='ltr'><strong>cmpit,</strong></span> <span class='ocrx_word' id='word_1_631' title='bbox 1377 1905 1438 1923; x_wconf 84' lang='lat' dir='ltr'><strong>cum</strong></span> <span class='ocrx_word' id='word_1_632' title='bbox 1456 1898 1568 1926; x_wconf 73' lang='lat' dir='ltr'><strong>Alevius</strong></span> <span class='ocrx_word' id='word_1_633' title='bbox 1586 1901 1746 1931; x_wconf 83' lang='lat' dir='ltr'><strong>Cornttenus</strong></span> 
     </span>
    </p>
   </div>
   <div class='ocr_carea' id='block_1_98' title="bbox 956 1937 1746 1976">
    <p class='ocr_par' dir='ltr' id='par_1_98' title="bbox 956 1937 1746 1976">
     <span class='ocr_line' id='line_1_98' title="bbox 956 1937 1746 1976; baseline 0.016 -14"><span class='ocrx_word' id='word_1_634' title='bbox 956 1937 1087 1963; x_wconf 81' lang='lat' dir='ltr'><strong>lsaaciutn</strong></span> <span class='ocrx_word' id='word_1_635' title='bbox 1113 1940 1225 1965; x_wconf 78' lang='lat' dir='ltr'><strong>fratrem</strong></span> <span class='ocrx_word' id='word_1_636' title='bbox 1249 1940 1473 1969; x_wconf 82' lang='lat' dir='ltr'><strong>Sehastocratora</strong></span> <span class='ocrx_word' id='word_1_637' title='bbox 1502 1945 1631 1972; x_wconf 86' lang='lat' dir='ltr'><strong>diceret:</strong></span> <span class='ocrx_word' id='word_1_638' title='bbox 1649 1954 1746 1976; x_wconf 80' lang='lat' dir='ltr'><strong>auctor</strong></span> 
     </span>
    </p>
   </div>
   <div class='ocr_carea' id='block_1_99' title="bbox 958 1981 1745 2025">
    <p class='ocr_par' dir='ltr' id='par_1_99' title="bbox 958 1981 1745 2025">
     <span class='ocr_line' id='line_1_99' title="bbox 958 1981 1745 2025; baseline 0.015 -18"><span class='ocrx_word' id='word_1_639' title='bbox 958 1981 1089 2010; x_wconf 88' lang='lat' dir='ltr'><strong>Zonaras.</strong></span> <span class='ocrx_word' id='word_1_640' title='bbox 1120 1983 1264 2011; x_wconf 81' lang='lat' dir='ltr'><strong>Postremo</strong></span> <span class='ocrx_word' id='word_1_641' title='bbox 1291 1985 1439 2020; x_wconf 79' lang='lat' dir='ltr'><strong>despotes.</strong></span> <span class='ocrx_word' id='word_1_642' title='bbox 1460 1988 1518 2015; x_wconf 88' lang='lat' dir='ltr'><strong>sive</strong></span> <span class='ocrx_word' id='word_1_643' title='bbox 1547 1989 1688 2025; x_wconf 85' lang='lat' dir='ltr'><strong>dominus,</strong></span> <span class='ocrx_word' id='word_1_644' title='bbox 1711 1994 1745 2020; x_wconf 85' lang='lat' dir='ltr'><strong>ab</strong></span> 
     </span>
    </p>
   </div>
   <div class='ocr_carea' id='block_1_100' title="bbox 957 2027 1745 2073">
    <p class='ocr_par' dir='ltr' id='par_1_100' title="bbox 957 2027 1745 2073">
     <span class='ocr_line' id='line_1_100' title="bbox 957 2027 1745 2073; baseline 0.014 -20"><span class='ocrx_word' id='word_1_645' title='bbox 957 2027 1128 2062; x_wconf 89' lang='lat' dir='ltr'><strong>intperatorc</strong></span> <span class='ocrx_word' id='word_1_646' title='bbox 1162 2031 1301 2058; x_wconf 87' lang='lat' dir='ltr'><strong>secundus</strong></span> <span class='ocrx_word' id='word_1_647' title='bbox 1326 2037 1368 2059; x_wconf 89' lang='lat' dir='ltr'><strong>est</strong></span> <span class='ocrx_word' id='word_1_648' title='bbox 1387 2032 1494 2065; x_wconf 84' lang='lat' dir='ltr'><strong>factus,</strong></span> <span class='ocrx_word' id='word_1_649' title='bbox 1521 2043 1619 2070; x_wconf 80' lang='lat' dir='ltr'><strong>nempe</strong></span> <span class='ocrx_word' id='word_1_650' title='bbox 1633 2037 1745 2073; x_wconf 56' lang='lat' dir='ltr'><strong>élexius</strong></span> 
     </span>
    </p>
   </div>
   <div class='ocr_carea' id='block_1_101' title="bbox 955 2074 1745 2111">
    <p class='ocr_par' dir='ltr' id='par_1_101' title="bbox 955 2074 1745 2111">
     <span class='ocr_line' id='line_1_101' title="bbox 955 2074 1745 2111; baseline 0.013 -11"><span class='ocrx_word' id='word_1_651' title='bbox 955 2074 1146 2110; x_wconf 66' lang='lat' dir='ltr'><strong>Palseologus,</strong></span> <span class='ocrx_word' id='word_1_652' title='bbox 1167 2084 1229 2103; x_wconf 92' lang='lat' dir='ltr'><strong>cum</strong></span> <span class='ocrx_word' id='word_1_653' title='bbox 1248 2077 1320 2104; x_wconf 89' lang='lat' dir='ltr'><strong>idem</strong></span> <span class='ocrx_word' id='word_1_654' title='bbox 1347 2078 1506 2106; x_wconf 87' lang='lat' dir='ltr'><strong>Comnenus</strong></span> <span class='ocrx_word' id='word_1_655' title='bbox 1531 2081 1595 2108; x_wconf 83' lang='lat' dir='ltr'><strong>ﬁliis</strong></span> <span class='ocrx_word' id='word_1_656' title='bbox 1621 2083 1745 2111; x_wconf 86' lang='lat' dir='ltr'><strong>maribus</strong></span> 
     </span>
    </p>
   </div>
   <div class='ocr_carea' id='block_1_102' title="bbox 955 2116 1743 2161">
    <p class='ocr_par' dir='ltr' id='par_1_102' title="bbox 955 2116 1743 2161">
     <span class='ocr_line' id='line_1_102' title="bbox 955 2116 1743 2161; baseline 0.014 -15"><span class='ocrx_word' id='word_1_657' title='bbox 955 2116 1064 2153; x_wconf 73' lang='lat' dir='ltr'><strong>carens,</strong></span> <span class='ocrx_word' id='word_1_658' title='bbox 1092 2122 1197 2149; x_wconf 85' lang='lat' dir='ltr'><strong>lrenetn</strong></span> <span class='ocrx_word' id='word_1_659' title='bbox 1217 2123 1299 2150; x_wconf 83' lang='lat' dir='ltr'><strong>ftliatn</strong></span> <span class='ocrx_word' id='word_1_660' title='bbox 1323 2133 1400 2152; x_wconf 90' lang='lat' dir='ltr'><strong>suam</strong></span> <span class='ocrx_word' id='word_1_661' title='bbox 1419 2125 1629 2161; x_wconf 82' lang='lat' dir='ltr'><strong>printogenitam</strong></span> <span class='ocrx_word' id='word_1_662' title='bbox 1647 2129 1743 2157; x_wconf 83' lang='lat' dir='ltr'><strong>Alexio</strong></span> 
     </span>
    </p>
   </div>
   <div class='ocr_carea' id='block_1_103' title="bbox 956 2166 1743 2208">
    <p class='ocr_par' dir='ltr' id='par_1_103' title="bbox 956 2166 1743 2208">
     <span class='ocr_line' id='line_1_103' title="bbox 956 2166 1743 2208; baseline 0.013 -16"><span class='ocrx_word' id='word_1_663' title='bbox 956 2166 1021 2194; x_wconf 91' lang='lat' dir='ltr'><strong>huic</strong></span> <span class='ocrx_word' id='word_1_664' title='bbox 1048 2168 1349 2205; x_wconf 84' lang='lat' dir='ltr'><strong>despondit,eumque</strong></span> <span class='ocrx_word' id='word_1_665' title='bbox 1377 2171 1456 2198; x_wconf 85' lang='lat' dir='ltr'><strong>titulo</strong></span> <span class='ocrx_word' id='word_1_666' title='bbox 1486 2172 1617 2207; x_wconf 72' lang='lat' dir='ltr'><strong>despuite,</strong></span> <span class='ocrx_word' id='word_1_667' title='bbox 1644 2175 1743 2208; x_wconf 80' lang='lat' dir='ltr'><strong>idest,</strong></span> 
     </span>
    </p>
   </div>
   <div class='ocr_carea' id='block_1_104' title="bbox 955 2211 1742 2254">
    <p class='ocr_par' dir='ltr' id='par_1_104' title="bbox 955 2211 1742 2254">
     <span class='ocr_line' id='line_1_104' title="bbox 955 2211 1742 2254; baseline 0.011 -16"><span class='ocrx_word' id='word_1_668' title='bbox 955 2211 1071 2246; x_wconf 85' lang='lat' dir='ltr'><strong>domini,</strong></span> <span class='ocrx_word' id='word_1_669' title='bbox 1086 2215 1341 2248; x_wconf 89' lang='lat' dir='ltr'><strong>ornavit,futuruut</strong></span> <span class='ocrx_word' id='word_1_670' title='bbox 1361 2225 1459 2252; x_wconf 84' lang='lat' dir='ltr'><strong>nempe</strong></span> <span class='ocrx_word' id='word_1_671' title='bbox 1471 2218 1607 2246; x_wconf 67' lang='lat' dir='ltr'><strong>hatredem</strong></span> <span class='ocrx_word' id='word_1_672' title='bbox 1624 2221 1742 2254; x_wconf 87' lang='lat' dir='ltr'><strong>imperii,</strong></span> 
     </span>
    </p>
   </div>
   <div class='ocr_carea' id='block_1_105' title="bbox 955 2258 1741 2299">
    <p class='ocr_par' dir='ltr' id='par_1_105' title="bbox 955 2258 1741 2299">
     <span class='ocr_line' id='line_1_105' title="bbox 955 2258 1741 2299; baseline 0.014 -16"><span class='ocrx_word' id='word_1_673' title='bbox 955 2258 1006 2284; x_wconf 90' lang='lat' dir='ltr'><strong>ttisi</strong></span> <span class='ocrx_word' id='word_1_674' title='bbox 1027 2264 1114 2286; x_wconf 90' lang='lat' dir='ltr'><strong>ntorte</strong></span> <span class='ocrx_word' id='word_1_675' title='bbox 1131 2261 1256 2288; x_wconf 89' lang='lat' dir='ltr'><strong>sublatus</strong></span> <span class='ocrx_word' id='word_1_676' title='bbox 1283 2266 1356 2289; x_wconf 72' lang='lat' dir='ltr'><strong>esset</strong></span> <span class='ocrx_word' id='word_1_677' title='bbox 1370 2284 1377 2295; x_wconf 90' lang='lat'><strong>,</strong></span> <span class='ocrx_word' id='word_1_678' title='bbox 1409 2268 1479 2290; x_wconf 86' lang='lat' dir='ltr'><strong>teste</strong></span> <span class='ocrx_word' id='word_1_679' title='bbox 1499 2265 1619 2299; x_wconf 82' lang='lat' dir='ltr'><strong>Gregora</strong></span> <span class='ocrx_word' id='word_1_680' title='bbox 1636 2266 1683 2293; x_wconf 85' lang='lat' dir='ltr'><strong>lib.</strong></span> <span class='ocrx_word' id='word_1_681' title='bbox 1701 2274 1741 2294; x_wconf 87' lang='lat' dir='ltr'><strong>nt.</strong></span> 
     </span>
    </p>
   </div>
   <div class='ocr_carea' id='block_1_106' title="bbox 991 2318 1741 2358">
    <p class='ocr_par' dir='ltr' id='par_1_106' title="bbox 991 2318 1741 2358">
     <span class='ocr_line' id='line_1_106' title="bbox 991 2318 1741 2358; baseline 0.013 -17"><span class='ocrx_word' id='word_1_682' title='bbox 991 2318 1202 2354; x_wconf 67' lang='grc' dir='ltr'><strong>Ηρωτοῲᾰλτης,</strong></span> <span class='ocrx_word' id='word_1_683' title='bbox 1230 2322 1351 2355; x_wconf 80' lang='lat' dir='ltr'><strong>princeps</strong></span> <span class='ocrx_word' id='word_1_684' title='bbox 1368 2330 1414 2348; x_wconf 75' lang='lat' dir='ltr'><strong>seu</strong></span> <span class='ocrx_word' id='word_1_685' title='bbox 1438 2323 1538 2356; x_wconf 78' lang='lat' dir='ltr'><strong>primus</strong></span> <span class='ocrx_word' id='word_1_686' title='bbox 1561 2323 1741 2358; x_wconf 77' lang='lat' dir='ltr'><strong>psallcnliimt.</strong></span> 
     </span>
    </p>
   </div>
   <div class='ocr_carea' id='block_1_107' title="bbox 954 2364 1743 2403">
    <p class='ocr_par' dir='ltr' id='par_1_107' title="bbox 954 2364 1743 2403">
     <span class='ocr_line' id='line_1_107' title="bbox 954 2364 1743 2403; baseline 0.011 -14"><span class='ocrx_word' id='word_1_687' title='bbox 954 2364 1178 2392; x_wconf 86' lang='lat' dir='ltr'><strong>Ecclesiasticnm</strong></span> <span class='ocrx_word' id='word_1_688' title='bbox 1195 2374 1295 2394; x_wconf 88' lang='lat' dir='ltr'><strong>nomen</strong></span> <span class='ocrx_word' id='word_1_689' title='bbox 1312 2373 1375 2399; x_wconf 85' lang='lat' dir='ltr'><strong>est,</strong></span> <span class='ocrx_word' id='word_1_690' title='bbox 1394 2368 1428 2395; x_wconf 84' lang='lat' dir='ltr'><strong>de</strong></span> <span class='ocrx_word' id='word_1_691' title='bbox 1454 2370 1527 2396; x_wconf 82' lang='lat' dir='ltr'><strong>clero</strong></span> <span class='ocrx_word' id='word_1_692' title='bbox 1546 2370 1649 2403; x_wconf 87' lang='lat' dir='ltr'><strong>palatii.</strong></span> <span class='ocrx_word' id='word_1_693' title='bbox 1676 2371 1743 2397; x_wconf 81' lang='lat' dir='ltr'><strong>For—</strong></span> 
     </span>
    </p>
   </div>
   <div class='ocr_carea' id='block_1_108' title="bbox 953 2410 1615 2448">
    <p class='ocr_par' dir='ltr' id='par_1_108' title="bbox 953 2410 1615 2448">
     <span class='ocr_line' id='line_1_108' title="bbox 953 2410 1615 2448; baseline 0.009 -12"><span class='ocrx_word' id='word_1_694' title='bbox 953 2410 1024 2436; x_wconf 83' lang='lat' dir='ltr'><strong>sitan</strong></span> <span class='ocrx_word' id='word_1_695' title='bbox 1041 2414 1171 2445; x_wconf 73' lang='lat' dir='ltr'><strong>magister</strong></span> <span class='ocrx_word' id='word_1_696' title='bbox 1187 2413 1276 2445; x_wconf 88' lang='lat' dir='ltr'><strong>cltori,</strong></span> <span class='ocrx_word' id='word_1_697' title='bbox 1296 2418 1343 2440; x_wconf 88' lang='lat' dir='ltr'><strong>aut</strong></span> <span class='ocrx_word' id='word_1_698' title='bbox 1362 2414 1451 2441; x_wconf 84' lang='lat' dir='ltr'><strong>simile</strong></span> <span class='ocrx_word' id='word_1_699' title='bbox 1471 2414 1615 2448; x_wconf 86' lang='lat' dir='ltr'><strong>quiddam.</strong></span> 
     </span>
    </p>
   </div>
   <div class='ocr_carea' id='block_1_109' title="bbox 989 2467 1742 2505">
    <p class='ocr_par' dir='ltr' id='par_1_109' title="bbox 989 2467 1742 2505">
     <span class='ocr_line' id='line_1_109' title="bbox 989 2467 1742 2505; baseline 0.011 -14"><span class='ocrx_word' id='word_1_700' title='bbox 989 2467 1159 2500; x_wconf 65' lang='grc' dir='ltr'><strong>Δθμέπτικω,</strong></span> <span class='ocrx_word' id='word_1_701' title='bbox 1184 2469 1331 2496; x_wconf 75' lang='lat' dir='ltr'><strong>domestici.</strong></span> <span class='ocrx_word' id='word_1_702' title='bbox 1355 2470 1385 2496; x_wconf 89' lang='lat' dir='ltr'><strong>ttt</strong></span> <span class='ocrx_word' id='word_1_703' title='bbox 1405 2470 1469 2505; x_wconf 90' lang='lat' dir='ltr'><strong>jure</strong></span> <span class='ocrx_word' id='word_1_704' title='bbox 1493 2471 1668 2504; x_wconf 77' lang='lat' dir='ltr'><strong>:qtpcllantur</strong></span> <span class='ocrx_word' id='word_1_705' title='bbox 1693 2473 1742 2499; x_wconf 91' lang='lat' dir='ltr'><strong>d0-</strong></span> 
     </span>
    </p>
   </div>
   <div class='ocr_carea' id='block_1_110' title="bbox 953 2513 1740 2552">
    <p class='ocr_par' dir='ltr' id='par_1_110' title="bbox 953 2513 1740 2552">
     <span class='ocr_line' id='line_1_110' title="bbox 953 2513 1740 2552; baseline 0.008 -13"><span class='ocrx_word' id='word_1_706' title='bbox 953 2513 1060 2539; x_wconf 83' lang='lat' dir='ltr'><strong>ntestici</strong></span> <span class='ocrx_word' id='word_1_707' title='bbox 1076 2522 1173 2540; x_wconf 77' lang='lat' dir='ltr'><strong>omnes</strong></span> <span class='ocrx_word' id='word_1_708' title='bbox 1194 2515 1346 2549; x_wconf 82' lang='lat' dir='ltr'><strong>adjutores,</strong></span> <span class='ocrx_word' id='word_1_709' title='bbox 1370 2517 1426 2542; x_wconf 72' lang='lat' dir='ltr'><strong>sive</strong></span> <span class='ocrx_word' id='word_1_710' title='bbox 1442 2515 1598 2544; x_wconf 85' lang='lat' dir='ltr'><strong>administri</strong></span> <span class='ocrx_word' id='word_1_711' title='bbox 1616 2519 1740 2552; x_wconf 76' lang='lat' dir='ltr'><strong>legitime</strong></span> 
     </span>
    </p>
   </div>
   <div class='ocr_carea' id='block_1_111' title="bbox 953 2560 1740 2599">
    <p class='ocr_par' dir='ltr' id='par_1_111' title="bbox 953 2560 1740 2599">
     <span class='ocr_line' id='line_1_111' title="bbox 953 2560 1740 2599; baseline 0.008 -14"><span class='ocrx_word' id='word_1_712' title='bbox 953 2560 1071 2586; x_wconf 87' lang='lat' dir='ltr'><strong>instituti</strong></span> <span class='ocrx_word' id='word_1_713' title='bbox 1101 2569 1116 2586; x_wconf 89' lang='lat' dir='ltr'><strong>a</strong></span> <span class='ocrx_word' id='word_1_714' title='bbox 1136 2561 1217 2595; x_wconf 89' lang='lat' dir='ltr'><strong>justis</strong></span> <span class='ocrx_word' id='word_1_715' title='bbox 1241 2562 1414 2589; x_wconf 80' lang='lat' dir='ltr'><strong>functionnnt</strong></span> <span class='ocrx_word' id='word_1_716' title='bbox 1439 2563 1622 2597; x_wconf 81' lang='lat' dir='ltr'><strong>principibus.</strong></span> <span class='ocrx_word' id='word_1_717' title='bbox 1642 2564 1668 2590; x_wconf 91' lang='lat' dir='ltr'><strong>itt</strong></span> <span class='ocrx_word' id='word_1_718' title='bbox 1692 2573 1740 2599; x_wconf 87' lang='lat' dir='ltr'><strong>pa-</strong></span> 
     </span>
    </p>
   </div>
   <div class='ocr_carea' id='block_1_112' title="bbox 951 2606 1742 2644">
    <p class='ocr_par' dir='ltr' id='par_1_112' title="bbox 951 2606 1742 2644">
     <span class='ocr_line' id='line_1_112' title="bbox 951 2606 1742 2644; baseline 0.009 -13"><span class='ocrx_word' id='word_1_719' title='bbox 951 2606 1028 2638; x_wconf 82' lang='lat' dir='ltr'><strong>latio,</strong></span> <span class='ocrx_word' id='word_1_720' title='bbox 1045 2611 1092 2632; x_wconf 89' lang='lat' dir='ltr'><strong>aut</strong></span> <span class='ocrx_word' id='word_1_721' title='bbox 1110 2608 1135 2632; x_wconf 88' lang='lat' dir='ltr'><strong>itt</strong></span> <span class='ocrx_word' id='word_1_722' title='bbox 1155 2607 1226 2637; x_wconf 84' lang='lat' dir='ltr'><strong>foro,</strong></span> <span class='ocrx_word' id='word_1_723' title='bbox 1254 2613 1302 2634; x_wconf 89' lang='lat' dir='ltr'><strong>aut</strong></span> <span class='ocrx_word' id='word_1_724' title='bbox 1326 2608 1353 2634; x_wconf 91' lang='lat' dir='ltr'><strong>in</strong></span> <span class='ocrx_word' id='word_1_725' title='bbox 1378 2609 1504 2636; x_wconf 71' lang='lat' dir='ltr'><strong>ecclesia.</strong></span> <span class='ocrx_word' id='word_1_726' title='bbox 1529 2609 1557 2635; x_wconf 88' lang='lat' dir='ltr'><strong>ht</strong></span> <span class='ocrx_word' id='word_1_727' title='bbox 1583 2611 1694 2644; x_wconf 86' lang='lat' dir='ltr'><strong>palatio,</strong></span> <span class='ocrx_word' id='word_1_728' title='bbox 1711 2615 1742 2639; x_wconf 85' lang='lat' dir='ltr'><strong>ut</strong></span> 
     </span>
    </p>
   </div>
   <div class='ocr_carea' id='block_1_113' title="bbox 952 2653 1740 2688">
    <p class='ocr_par' dir='ltr' id='par_1_113' title="bbox 952 2653 1740 2688">
     <span class='ocr_line' id='line_1_113' title="bbox 952 2653 1740 2688; baseline 0.005 -10"><span class='ocrx_word' id='word_1_729' title='bbox 952 2660 1068 2686; x_wconf 81' lang='lat' dir='ltr'><strong>magnus</strong></span> <span class='ocrx_word' id='word_1_730' title='bbox 1088 2653 1257 2680; x_wconf 85' lang='lat' dir='ltr'><strong>domesticus</strong></span> <span class='ocrx_word' id='word_1_731' title='bbox 1272 2673 1278 2684; x_wconf 89' lang='lat'><strong>,</strong></span> <span class='ocrx_word' id='word_1_732' title='bbox 1304 2654 1472 2681; x_wconf 80' lang='lat' dir='ltr'><strong>domesticus</strong></span> <span class='ocrx_word' id='word_1_733' title='bbox 1499 2663 1620 2688; x_wconf 65' lang='lat' dir='ltr'><strong>mensaa,</strong></span> <span class='ocrx_word' id='word_1_734' title='bbox 1645 2657 1740 2683; x_wconf 86' lang='lat' dir='ltr'><strong>dotne-</strong></span> 
     </span>
    </p>
   </div>
   <div class='ocr_carea' id='block_1_114' title="bbox 951 2699 1740 2732">
    <p class='ocr_par' dir='ltr' id='par_1_114' title="bbox 951 2699 1740 2732">
     <span class='ocr_line' id='line_1_114' title="bbox 951 2699 1740 2732; baseline 0.005 -8"><span class='ocrx_word' id='word_1_735' title='bbox 951 2699 1035 2725; x_wconf 86' lang='lat' dir='ltr'><strong>sticus</strong></span> <span class='ocrx_word' id='word_1_736' title='bbox 1062 2699 1239 2730; x_wconf 69' lang='lat' dir='ltr'><strong>schvlarunt,</strong></span> <span class='ocrx_word' id='word_1_737' title='bbox 1262 2701 1433 2727; x_wconf 84' lang='lat' dir='ltr'><strong>domesticus</strong></span> <span class='ocrx_word' id='word_1_738' title='bbox 1450 2709 1593 2728; x_wconf 87' lang='lat' dir='ltr'><strong>tnttrorum</strong></span> <span class='ocrx_word' id='word_1_739' title='bbox 1609 2721 1615 2732; x_wconf 86' lang='lat'><strong>,</strong></span> <span class='ocrx_word' id='word_1_740' title='bbox 1641 2702 1740 2728; x_wconf 84' lang='lat' dir='ltr'><strong>dome—</strong></span> 
     </span>
    </p>
   </div>
   <div class='ocr_carea' id='block_1_115' title="bbox 950 2746 1738 2781">
    <p class='ocr_par' dir='ltr' id='par_1_115' title="bbox 950 2746 1738 2781">
     <span class='ocr_line' id='line_1_115' title="bbox 950 2746 1738 2781; baseline 0.003 -10"><span class='ocrx_word' id='word_1_741' title='bbox 950 2746 1036 2772; x_wconf 79' lang='lat' dir='ltr'><strong>sticus</strong></span> <span class='ocrx_word' id='word_1_742' title='bbox 1055 2746 1208 2780; x_wconf 72' lang='lat' dir='ltr'><strong>regionum,</strong></span> <span class='ocrx_word' id='word_1_743' title='bbox 1228 2752 1281 2773; x_wconf 87' lang='lat' dir='ltr'><strong>clc.</strong></span> <span class='ocrx_word' id='word_1_744' title='bbox 1302 2747 1328 2773; x_wconf 91' lang='lat' dir='ltr'><strong>lu</strong></span> <span class='ocrx_word' id='word_1_745' title='bbox 1347 2748 1417 2778; x_wconf 67' lang='lat' dir='ltr'><strong>loro,</strong></span> <span class='ocrx_word' id='word_1_746' title='bbox 1441 2752 1471 2774; x_wconf 91' lang='lat' dir='ltr'><strong>ut</strong></span> <span class='ocrx_word' id='word_1_747' title='bbox 1497 2747 1639 2773; x_wconf 81' lang='lat' dir='ltr'><strong>domestici</strong></span> <span class='ocrx_word' id='word_1_748' title='bbox 1662 2747 1738 2781; x_wconf 83' lang='lat' dir='ltr'><strong>judi-</strong></span> 
     </span>
    </p>
   </div>
   <div class='ocr_carea' id='block_1_116' title="bbox 951 2792 1736 2826">
    <p class='ocr_par' dir='ltr' id='par_1_116' title="bbox 951 2792 1736 2826">
     <span class='ocr_line' id='line_1_116' title="bbox 951 2792 1736 2826; baseline -0.001 -7"><span class='ocrx_word' id='word_1_749' title='bbox 951 2801 1024 2824; x_wconf 85' lang='lat' dir='ltr'><strong>eum,</strong></span> <span class='ocrx_word' id='word_1_750' title='bbox 1051 2792 1219 2819; x_wconf 81' lang='lat' dir='ltr'><strong>administri.</strong></span> <span class='ocrx_word' id='word_1_751' title='bbox 1234 2792 1262 2819; x_wconf 89' lang='lat' dir='ltr'><strong>In</strong></span> <span class='ocrx_word' id='word_1_752' title='bbox 1275 2794 1402 2826; x_wconf 76' lang='lat' dir='ltr'><strong>ecclesia,</strong></span> <span class='ocrx_word' id='word_1_753' title='bbox 1416 2800 1445 2820; x_wconf 90' lang='lat' dir='ltr'><strong>ut</strong></span> <span class='ocrx_word' id='word_1_754' title='bbox 1466 2793 1633 2820; x_wconf 81' lang='lat' dir='ltr'><strong>domesticus</strong></span> <span class='ocrx_word' id='word_1_755' title='bbox 1648 2792 1736 2825; x_wconf 80' lang='lat' dir='ltr'><strong>chori,</strong></span> 
     </span>
    </p>
   </div>
   <div class='ocr_carea' id='block_1_117' title="bbox 951 2838 1737 2874">
    <p class='ocr_par' dir='ltr' id='par_1_117' title="bbox 951 2838 1737 2874">
     <span class='ocr_line' id='line_1_117' title="bbox 951 2838 1737 2874; baseline -0.003 -8"><span class='ocrx_word' id='word_1_756' title='bbox 951 2839 1121 2866; x_wconf 48' lang='lat' dir='ltr'><strong>domesticus</strong></span> <span class='ocrx_word' id='word_1_757' title='bbox 1138 2840 1295 2874; x_wconf 85' lang='lat' dir='ltr'><strong>jattuaruut,</strong></span> <span class='ocrx_word' id='word_1_758' title='bbox 1320 2845 1389 2873; x_wconf 86' lang='lat' dir='ltr'><strong>etc.,</strong></span> <span class='ocrx_word' id='word_1_759' title='bbox 1405 2847 1523 2874; x_wconf 87' lang='lat' dir='ltr'><strong>quorum</strong></span> <span class='ocrx_word' id='word_1_760' title='bbox 1536 2839 1659 2866; x_wconf 90' lang='lat' dir='ltr'><strong>onntitutt</strong></span> <span class='ocrx_word' id='word_1_761' title='bbox 1674 2838 1737 2865; x_wconf 84' lang='lat' dir='ltr'><strong>fun-</strong></span> 
     </span>
    </p>
   </div>
  </div>
