1913 3074
124 103 160 134 39
686 101 859 135 JOANNES
877 101 1192 133 CANTACUZENUS.
1718 100 1754 132 40

124 160 179 188 clio
194 159 393 195 δομεστίκειον,
411 159 470 188 sive
491 159 674 195 δομεστῑκιον,
700 162 725 188 id
749 167 802 194 est,
823 161 917 188 dome-

974 160 1005 187 de
1022 161 1160 195 stipendio
1178 160 1248 195 ejus,
1277 163 1323 185 aut
1349 157 1382 185 ad
1400 158 1544 186 servilium
1569 158 1648 194 eius,
1675 158 1763 193 cujus.

124 207 240 233 sticatus
253 206 327 234 dicta
339 212 391 234 est.

166 251 414 286 Ῥαιφερενδάριος,
432 253 638 288 referendarius.
654 251 855 279 Ecclesiasticaa
871 251 914 279 di-

125 297 237 332 gnitatis
258 306 356 325 nomen
372 318 378 330 ,
399 298 495 326 Latine
517 300 618 325 relator
632 319 638 330 ,
658 299 705 333 qui
727 299 863 333 allogatur
880 298 914 325 ad

127 343 318 376 imperatorem
335 348 362 370 et
378 344 550 371 sacerdotem
568 344 728 371 tuaximum.

162 390 442 424 Πανυπερσέόαστος,
471 392 682 426 Augttslissimus
710 393 838 418 omnium.
873 390 914 418 Ab

124 435 220 462 Alexio
234 435 380 463 Comiteno
398 437 494 464 titulus
512 438 641 464 inretitus
654 459 660 468 .
677 442 706 464 ut
722 437 846 464 ilichaeli
864 436 916 463 Ta-

126 481 222 506 ronitm
239 481 441 515 gratiﬁcaretur
455 501 462 513 ,
479 482 553 516 quod
579 482 675 508 scribit
693 481 814 508 Zonaras
841 486 915 508 totno

125 527 169 559 ill.
185 528 236 555 sub
253 528 345 555 linem.
363 529 495 562 Superior
517 534 577 556 erat
593 529 730 562 omnibus,
745 529 829 556 etiam
855 528 915 563 ipso

125 574 355 608 protovestiario.
374 582 473 610 magno
489 575 570 607 duce,
597 583 695 609 magno
709 574 872 606 domestico,
887 577 916 600 et

124 619 246 646 caeteris.

164 663 427 699 Πρωτοϐεστιάριος,
445 666 674 700 protovestiarius.
692 665 779 700 liujtts
796 663 915 691 ofﬁciunt

124 711 165 737 sic
180 711 350 738 describitur
368 720 374 739 :
391 712 564 739 Ascendente
581 713 664 747 igitur
682 713 866 746 imperatore,
887 715 915 736 nt

124 757 294 784 declaratum
310 764 363 790 est,
380 759 414 785 ad
430 760 591 790 oratorium.
607 758 847 793 protovestiarius,
865 757 913 791 qui

125 804 260 837 ptlatieia,
279 812 340 838 quae
363 805 538 839 imperatoris
566 809 742 839 prospectum
764 804 913 837 obtegunt.

966 217 1048 236 causa
1074 206 1212 240 stipendia
1231 205 1306 232 facit.
1324 205 1400 239 Apud
1415 204 1538 232 Nicetam
1551 208 1578 231 et
1590 203 1754 239 φροντιστὴς

966 258 1011 282 καὶ
1026 255 1162 288 λογιστὴς.
1184 252 1281 285 νυιρεε
1299 256 1397 286 putant
1422 251 1506 283 idem,
1527 250 1600 285 quod
1620 255 1753 285 quaestor,

966 305 1014 328 aut
1029 305 1155 335 receptor
1179 299 1338 334 generalis,
1365 304 1412 325 aut
1437 297 1511 332 quod
1540 297 1685 325 Germanis
1711 301 1756 323 est

966 346 1211 374 Kammermeislar.
1223 346 1287 371 ln-le
1297 345 1400 371 clarum
1414 344 1477 378 quis
1488 343 1753 378 μεγαλογαριάστης.

1001 391 1245 426 ’Λπωιρισιάριος,
1272 390 1471 425 (ιροει-ῗεὶιινὶιιε.
1498 389 1542 416 Sic
1564 389 1754 423 iurisconsulti

965 439 1051 466 Grmci
1070 445 1131 465 eum
1148 437 1304 469 nominant,
1330 437 1376 471 qui
1406 436 1593 471 legationibus
1609 435 1756 462 audiendis

966 484 1174 518 referendisqtte
1188 484 1220 510 ad
1240 483 1446 517 imperatorem,
1467 488 1494 509 et
1511 482 1651 516 responsis
1665 480 1699 508 ab
1722 489 1756 508 eo

966 531 1064 559 dandis
1077 533 1245 558 constitutus
1260 535 1312 557 est.

1000 575 1193 611 Χιρτοφύλαξ,
1211 575 1348 610 prwfectus
1365 575 1472 601 chartis.
1488 573 1540 606 Qui
1555 573 1660 600 tabulas
1675 572 1757 599 habet

967 623 1135 653 chartaceas,
1154 623 1188 648 ad
1205 622 1267 657 jura
1287 621 1412 648 ecclesiae
1439 620 1623 654 pertinentes.
1647 619 1758 645 charta—

967 676 1027 695 rum
1059 672 1171 698 custos,
1198 667 1245 702 qui
1272 666 1414 701 privilegia
1442 670 1470 692 et
1499 664 1600 692 similia
1622 669 1755 693 asservat.

967 714 1111 748 pra-fectus
1129 714 1307 746 scrittiorum,
1323 712 1407 747 iudex
1426 711 1498 738 idem
1512 718 1657 738 causarum
1668 709 1758 736 eccle-

966 760 1151 791 siaslicarum,
1169 764 1197 786 et
1221 758 1404 794 quaestionum
1433 755 1691 786 malritnon‘talium,
1707 755 1757 780 de-

969 806 1060 832 fensor
1074 805 1101 832 in
1118 804 1282 832 clericorurn
1307 804 1417 834 causis,
1440 802 1526 829 veluti
1546 808 1643 827 manus
1656 800 1757 827 summi

125 853 173 876 aut
188 855 296 884 sceptra
317 851 462 885 judicialia
482 855 568 883 tenet,
588 856 617 877 ut
633 850 659 877 in
677 850 763 876 altutn
781 850 912 877 subvecta
929 847 951 876 B
967 850 1120 877 sacerdotis
1134 849 1240 876 dextra.
1261 848 1330 875 Hinc
1348 848 1436 882 μέγας
1450 845 1635 881 χαρτοφύὶαξ.

125 900 200 926 sunt.
215 895 311 921 dextra
339 903 421 922 manu
451 904 500 923 sua
519 896 642 923 educens
666 903 709 926 ea.
733 903 749 922 e
780 895 913 929 prother

125 940 248 966 ostendit
274 941 386 974 populo,
403 941 598 968 demonstrans
626 942 676 968 hoc
702 942 792 975 signo,
817 948 914 967 ascen—

125 987 199 1014 disse
227 988 420 1022 imperatorem
449 989 475 1015 in
502 989 666 1015 oratorium.
695 988 746 1015 llic
766 992 858 1014 autent
886 987 914 1014 in
949 1017 952 1020 Α

124 1034 258 1064 oratorio,
285 1034 306 1060 si
335 1033 489 1068 imperator
505 1040 553 1060 attt
574 1042 653 1061 suunt
681 1034 767 1068 ipsius
784 1039 913 1065 stemma,

124 1084 173 1105 aut
190 1079 303 1112 aliquod
329 1079 404 1106 aliud
429 1085 571 1114 gestamen
589 1088 669 1106 suutu
687 1084 845 1114 gestaturus
861 1083 913 1111 est,

126 1126 365 1160 protoveatiarius,
381 1125 514 1159 inquam,
536 1125 622 1152 stituit
647 1125 713 1151 illud
741 1133 755 1151 a
779 1125 915 1152 ministris

126 1171 259 1202 rucltarii,
276 1175 305 1197 et
321 1171 482 1204 imperatori
500 1171 583 1196 tradit
600 1181 605 1196 :
624 1178 713 1204 neque
730 1169 756 1196 id
779 1170 868 1196 solum
886 1170 912 1196 in

126 1220 251 1250 tempore
267 1215 402 1251 ejusmodi
429 1216 561 1243 festorum
579 1216 696 1246 dierum.
720 1223 814 1242 verum
830 1216 914 1242 etiam

126 1269 236 1295 semper
250 1262 286 1288 ita
303 1262 381 1289 facit.
414 1262 441 1288 id
460 1269 526 1288 vero
544 1262 627 1289 etiam
647 1262 789 1296 proprium
817 1266 844 1288 et
859 1257 926 1288 sin--

126 1308 219 1341 gulare
235 1309 328 1339 habet.
345 1308 418 1343 qttod
434 1309 464 1345 >si
493 1309 557 1342 qttid
581 1309 703 1335 alienum
731 1309 840 1339 viderit,
870 1312 917 1334 aut

127 1354 226 1386 lutum,
245 1359 294 1380 aut
313 1355 378 1388 quid
398 1355 472 1381 aliud
493 1355 526 1381 ad
550 1355 726 1388 imperatoris
741 1360 856 1387 vestem,
871 1357 917 1383 dc—

126 1407 232 1434 ponens
248 1400 294 1427 ille
314 1401 474 1432 umbellam,
493 1406 541 1427 aut
558 1406 664 1434 tegmen
682 1401 781 1435 capitis
797 1402 851 1432 sui,
871 1410 917 1428 ex-

128 1451 202 1472 tenta
217 1454 298 1473 manu
316 1446 397 1479 tollit,
414 1454 460 1473 aut
475 1452 575 1481 purgat
589 1446 657 1473 illud
675 1455 728 1473 non
745 1451 865 1481 rogatus.
880 1447 917 1474 Ex

127 1493 258 1519 omnibus
273 1501 339 1520 vero
356 1493 417 1519 aliis
438 1493 611 1529 principibus
629 1501 710 1520 nemo
726 1494 916 1520 auctoritatem

129 1539 210 1565 habet
237 1539 355 1566 faciendi
383 1539 466 1570 istud,
484 1539 532 1566 seti
555 1539 600 1566 ille
623 1539 709 1566 solus.
732 1539 855 1566 l’ilaticia
876 1539 954 1566 est"

128 1593 198 1620 opus
215 1593 230 1612 e
247 1586 404 1620 margaritis
430 1593 492 1613 cum
518 1585 638 1618 fimbria,
663 1585 691 1612 in
716 1585 916 1619 longitudinem

129 1631 222 1657 minus
238 1630 386 1664 spitltama,
400 1630 427 1657 in
446 1630 620 1657 latitudinem
635 1634 726 1656 autem
741 1631 842 1664 palmo,
857 1638 918 1664 qua:

128 1684 175 1704 rex
193 1677 334 1703 Medorum
350 1676 486 1710 gestabat,
499 1676 679 1710 similiterque
691 1675 807 1710 iudices,
819 1683 917 1710 quem~

128 1723 277 1750 admodum
306 1722 371 1748 oliut
410 1721 497 1748 duces
520 1722 660 1748 exercitus
684 1721 830 1756 gestabant
862 1725 918 1747 tor-

129 1777 208 1802 ques.
228 1769 362 1794 honorem
380 1768 503 1802 ipsorum
518 1767 750 1794 demonstrantes.
765 1767 801 1792 Τὸ
821 1766 918 1801 paulo,

128 1822 258 1847 suprema
273 1814 370 1845 vestis.
394 1813 499 1848 species
524 1813 608 1840 vestis
622 1820 637 1839 e
652 1812 797 1839 Germania
820 1820 919 1847 appor-

130 1866 197 1893 tata,
223 1860 296 1888 unde
337 1860 532 1887 Germanicum
559 1867 659 1886 nomen
688 1859 813 1890 retinuit.
839 1858 917 1886 Rork.

130 1907 199 1934 liiuc
227 1908 386 1941 ρουχαρεῑον
420 1906 579 1932 vestiarium
609 1905 721 1939 speciali
761 1905 872 1931 nomine
903 1913 917 1931 a

128 1953 292 1987 Curopalata
319 1953 495 1986 appellatur,
513 1951 577 1986 quia
608 1951 690 1978 latius
717 1955 792 1985 patet
819 1958 918 1977 nomen

130 1997 251 2024 \‘estiarii
268 1997 340 2031 apud
356 1997 525 2023 recentiores
538 1996 657 2023 Graecos.

168 2042 401 2074 I'rolovestiarius,
418 2048 445 2069 ut
462 2050 574 2077 agamus
591 2042 753 2073 dilucidius.
776 2042 852 2076 regio
876 2049 919 2066 ve-

130 2089 206 2115 s‘itui
224 2093 351 2123 prmerat,
372 2089 444 2123 quod
462 2088 542 2114 hodie
559 2088 794 2115 cubiculariorum
811 2087 920 2114 videtur

131 2142 243 2160 atauus.
264 2134 340 2168 Saepe
366 2134 448 2160 rebus
473 2133 583 2159 maximi
601 2133 732 2160 momenti
752 2132 921 2159 adhibeban-

1002 897 1167 931 Διιμέστικος
1180 897 1228 931 τῆς
1242 894 1391 931 τραπέζης,
1409 894 1523 928 dapifer,
1542 897 1590 920 aut
1605 892 1694 919 simile
1706 890 1757 917 ha-

968 943 1036 970 bens
1049 938 1179 975 ofﬁcium,
1201 947 1230 969 ut
1245 941 1382 975 suspicor.

1002 989 1198 1022 Δρουγγάριος,
1215 987 1386 1022 drungarius.
1401 985 1545 1020 Δρουγγᾰς
1558 992 1606 1011 seu
1625 984 1757 1018 δρουγγῆς

967 1035 1106 1062 Orientalc
1123 1041 1234 1064 nomen,
1249 1037 1351 1060 emtum
1366 1032 1509 1058 hominum
1526 1039 1578 1056 una
1595 1038 1757 1057 commean-

969 1081 1036 1107 tium
1052 1079 1221 1114 signiﬁcans,
1243 1082 1270 1105 et
1295 1082 1384 1105 coetus
1407 1077 1481 1104 illius
1497 1076 1627 1112 princeps
1643 1080 1757 1101 voratur

968 1127 1082 1160 tlargou,
1105 1125 1146 1152 vel
1163 1125 1280 1159 dorgon.
1295 1131 1326 1149 ex
1344 1131 1400 1157 qtto
1412 1122 1578 1155 drungarius
1593 1123 1662 1147 laeta
1673 1128 1758 1155 epen-

970 1173 1041 1199 titesi
1059 1171 1104 1198 τοῦ
1120 1180 1134 1196 ν
1149 1178 1199 1205 pro
1216 1178 1233 1203 γ
1248 1170 1396 1204 geminato.
1419 1168 1537 1201 Quidam
1555 1161 1655 1194 vocant
1670 1167 1757 1193 tribu-

969 1227 1033 1245 ntnu
1050 1218 1179 1244 militum.
1195 1217 1322 1250 Druugus
1338 1215 1449 1250 globum
1467 1214 1612 1250 significat,
1633 1213 1673 1240 ait
1687 1214 1758 1239 ’l‘ur-

967 1265 1067 1291 nebius
1078 1264 1147 1290 libro
1157 1263 1288 1289 vicesimo
1299 1267 1399 1296 quarto
1406 1262 1496 1295 capite
1506 1260 1636 1288 vicesimo
1647 1260 1756 1294 quinto.

970 1310 1102 1344 Vopiscus
1119 1310 1147 1336 in
1165 1309 1257 1336 Probo
1275 1317 1281 1335 :
1296 1308 1489 1342 'l‘riumphavit
1515 1307 1548 1333 de
1566 1306 1709 1333 Germanis
1730 1310 1758 1333 et

970 1357 1091 1388 lilemeis,
1105 1357 1228 1383 omnium
1242 1355 1365 1390 gentium
1377 1354 1511 1387 drungos,
1531 1361 1617 1388 usque
1629 1353 1662 1380 ad
1675 1353 1756 1386 quin-

969 1403 1097 1437 genarios
1114 1402 1243 1428 homines
1263 1406 1326 1427 ante
1342 1400 1511 1434 triumphum
1527 1399 1614 1426 duxit.
1628 1399 1757 1433 Vegetius

970 1450 1042 1477 libro
1059 1449 1140 1475 tertio
1155 1447 1244 1482 capite
1269 1447 1380 1474 decimo
1395 1451 1472 1472 sexto
1487 1455 1494 1471 :
1508 1446 1584 1473 Scire
1599 1445 1679 1472 debet
1701 1445 1756 1470 dtu

972 1495 1103 1526 hostium,
1130 1500 1226 1521 contra
1252 1501 1322 1528 quos
1347 1493 1469 1527 drungos
1498 1492 1579 1525 (male
1606 1491 1756 1525 scriptum.

971 1541 1094 1574 (it‘ltttos),
1106 1541 1158 1567 hoc
1166 1542 1219 1571 est}
1231 1539 1326 1574 globos
1337 1537 1470 1571 hostium,
1483 1546 1554 1573 quos
1565 1538 1670 1572 equites
1678 1545 1756 1572 opor-

971 1591 1026 1613 teat
1042 1594 1153 1620 ponere.
1181 1585 1249 1611 lline
1278 1584 1450 1619 Drungarius
1472 1584 1562 1619 biglae,
1590 1583 1759 1618 Drungarins

969 1633 1076 1664 classis.
1101 1633 1148 1666 qui
1185 1636 1308 1666 praesunt
1327 1631 1416 1666 globis
1442 1631 1556 1664 vigilum
1591 1635 1619 1657 et
1646 1630 1758 1657 classia-

971 1679 1086 1707 riorum.
1725 1678 1741 1684 θ

1008 1726 1043 1751 lie
1061 1725 1112 1751 hac
1126 1732 1193 1752 voce
1209 1724 1392 1751 Leunclavius
1410 1724 1436 1751 in
1452 1723 1582 1750 Pandecte
1594 1723 1628 1750 ad
1640 1722 1758 1749 Annales

972 1770 1093 1796 Turcicos
1109 1778 1116 1796 :
1135 1770 1210 1801 Dico,
1228 1769 1326 1796 Turcis
1349 1769 1493 1802 Agelarios
1508 1775 1568 1795 esse
1592 1776 1639 1794 sua
1655 1768 1757 1797 linaua,

971 1817 1017 1850 qui
1030 1816 1133 1843 Graecis
1145 1820 1225 1842 erant
1243 1816 1283 1842 vel
1302 1815 1460 1850 Drungarii,
1484 1815 1527 1841 vel
1546 1813 1690 1840 Druncarii
1707 1820 1757 1847 po-

972 1864 1037 1890 tius.
1053 1863 1105 1889 Eos
1119 1862 1173 1889 Leo
1188 1862 1303 1896 Sapiens
1316 1864 1457 1896 Augustus
1467 1861 1494 1888 in
1510 1861 1581 1888 libro
1593 1868 1644 1887 suo
1659 1859 1694 1885 De
1709 1868 1758 1893 np-

971 1909 1105 1942 paratibus
1118 1908 1226 1937 bellicis.
1247 1907 1337 1942 capite
1348 1907 1375 1939 5,
1389 1914 1465 1933 num.
1484 1907 1530 1938 42,
1555 1905 1589 1932 45
1603 1925 1610 1938 ,
1627 1905 1661 1931 45
1672 1924 1678 1936 ,
1694 1905 1757 1931 olitn

970 1954 1060 1980 dictos
1087 1952 1170 1979 fuisse
1197 1952 1281 1978 tradit
1309 1951 1498 1983 chiliarehos,
1524 1951 1597 1985 quod
1625 1951 1758 1977 militibus

973 1999 1047 2025 mille
1065 2002 1215 2032 prmessent
1231 2006 1237 2024 :
1254 2001 1282 2024 et
1294 1997 1429 2024 druneum
1449 1996 1650 2022 ehiliarchiam.
1670 1996 1758 2022 Latin:

972 2044 1139 2070 tbiliateltos
1153 2043 1288 2070 vocabant
1307 2042 1444 2073 tribunos,
1467 2042 1512 2075 qui
1537 2034 1611 2067 nilne
1631 2039 1759 2068 colon-ili

971 2096 1046 2117 sant.
1065 2089 1202 2116 Druncutn
1214 2089 1266 2122 (sic
1280 2088 1354 2115 enitn
1369 2087 1564 2122 pronuntiabat
1582 2087 1700 2122 Zygoma
1713 2095 1756 2119 at,

972 2141 1000 2161 et
1014 2135 1207 2165 druncariutn,
1237 2141 1291 2159 noti
1313 2133 1449 2167 drungum
1465 2152 1472 2164 ,
1494 2133 1536 2159 vel
1568 2132 1760 2167 drnngarium,

133 2187 188 2211 tur.
206 2187 234 2208 et
251 2188 293 2207 res
306 2187 354 2214 per
370 2187 418 2206 eos
433 2188 487 2206 non
503 2179 630 2214 vulgares
647 2178 825 2213 gerebantur,
845 2183 874 2205 ut
891 2178 917 2204 in
935 2189 956 2214 ῃ
971 2182 1045 2216 quod
1067 2182 1149 2216 vulgo
1167 2181 1224 2208 ﬁeri
1244 2180 1326 2214 solet)
1351 2179 1391 2207 sic
1417 2179 1584 2213 appellatum
1609 2179 1732 2206 arbitror
1745 2187 1761 2206 a

133 2227 276 2261 Lecapeno
306 2230 335 2253 et
359 2225 452 2252 Leone
474 2224 568 2252 Basilii
583 2225 640 2251 lilio
667 2224 738 2259 apud
763 2224 919 2252 Cedrenum

134 2273 228 2300 videre
243 2277 295 2300 est.
318 2272 345 2299 ln
370 2272 572 2303 Constantino,
598 2270 714 2298 Romani
744 2271 799 2297 tilio
826 2275 920 2304 proto-

134 2319 257 2347 Vcsliarii
273 2318 392 2353 dignitas
409 2319 533 2353 proxima
551 2326 565 2344 a
582 2318 732 2345 domestico
753 2316 919 2347 scholarum,

132 2372 161 2393 et
176 2365 344 2397 accubitore,
358 2365 437 2399 bigla:
451 2364 601 2400 druugario
611 2364 738 2398 superior
752 2362 919 2389 ostenditur.

134 2412 240 2444 Inveni,
253 2412 300 2447 qui
315 2411 460 2442 scriberet.
475 2410 732 2445 -protovestiariutn
757 2409 842 2436 fuisse
859 2408 921 2434 the-

132 2457 297 2489 sanrarium,
326 2464 375 2484 seu
392 2457 522 2482 thesauro
539 2455 713 2490 praefectum,
729 2455 793 2489 quia
810 2453 921 2489 βεστιά-

135 2513 191 2539 ριον
204 2503 330 2530 ωτιιτὶυιη
350 2506 475 2533 vocetur,
497 2510 545 2529 seu
565 2501 686 2529 thesauri
715 2501 919 2535 repositorium,

132 2551 266 2585 ταμιεῖον.
283 2549 360 2582 Quod
379 2557 430 2584 ego
443 2548 554 2583 quidem
570 2549 596 2574 in
623 2548 715 2582 aliquo
731 2547 774 2574 vel
797 2552 920 2577 auctore,

133 2596 175 2622 vel
190 2595 322 2630 glossario
338 2596 459 2621 nondum
477 2595 540 2629 legi.

170 2642 365 2676 Δικαιοφύᾶαξ.
379 2642 419 2668 Ad
437 2642 551 2668 verbum
566 2661 573 2672 ,
601 2646 686 2667 custos
705 2640 790 2674 legum
804 2646 828 2666 et
839 2641 921 2675 juris,

132 2686 168 2715 de
184 2695 239 2722 quo
253 2687 414 2722 magistratu
433 2687 502 2713 nihil
524 2686 607 2713 habet
621 2686 795 2720 Curopaiala.

169 2735 374 2770 Λογαριὰστης,
393 2733 561 2768 logariustea.
578 2733 598 2759 Α
616 2732 786 2767 Curopalata
800 2731 922 2763 additur,

133 2781 183 2815 τῆς
197 2781 294 2816 αὐλῆς,
308 2781 388 2812 aulzc,
405 2788 453 2808 seu
468 2779 573 2815 palatii.
590 2779 724 2806 Rationes
737 2778 787 2818 init
799 2779 921 2806 omnium

134 2827 369 2861 stipendiatorutn
386 2828 432 2862 qui
449 2827 478 2854 in
494 2827 554 2854 aula
571 2830 647 2858 sunt,
665 2826 687 2852 si
703 2819 859 2860 quid‘deest
874 2825 922 2852 ulli

973 2234 1082 2260 trunco,
1103 2229 1160 2255 sive
1177 2227 1286 2257 baculo.
1303 2227 1360 2253 sive
1378 2232 1488 2260 sceptro
1504 2235 1511 2252 :
1528 2225 1760 2260 quemadmodum

973 2274 1110 2308 hodieque
1136 2275 1320 2308 regimentum
1341 2280 1472 2300 vocamus
1487 2277 1541 2299 tam
1557 2272 1644 2306 ipsius
1658 2272 1760 2299 tribuni

974 2320 1099 2347 baculum
1127 2320 1222 2353 (vilem
1247 2319 1342 2346 dixere
1368 2324 1435 2353 puto
1458 2318 1583 2351 Romani)
1605 2325 1687 2352 quem
1711 2326 1761 2345 ceu

973 2367 1149 2402 magistratus
1163 2366 1270 2400 insigne
1285 2368 1384 2400 gestat,
1399 2372 1481 2399 quant
1503 2365 1580 2393 illum
1607 2365 1761 2399 signorum,

976 2414 1150 2448 tuilitumque
1168 2419 1324 2442 numerum.
1340 2411 1387 2446 qui
1404 2411 1437 2438 ad
1449 2410 1674 2437 constituendum
1692 2410 1762 2444 regi-

974 2465 1097 2486 mentunt
1111 2458 1273 2494 requiritur.
1290 2457 1411 2491 ideoque
1430 2457 1553 2483 druncus
1567 2461 1609 2483 est
1624 2456 1762 2494 regimen-

975 2510 1031 2531 tum
1048 2492 1187 2535 militum,
1210 2503 1290 2537 cuius
1315 2507 1398 2536 eaput
1425 2506 1466 2528 est
1494 2492 1678 2533 druncatius,
1696 2501 1762 2527 olim

976 2550 1114 2582 tribunus,
1133 2557 1207 2576 nunc
1232 2549 1395 2581 coloncllus,
1419 2552 1468 2574 aut
1490 2547 1636 2581 regimenti
1663 2547 1762 2582 praefe-

974 2601 1045 2622 ctus.

1014 2643 1109 2675 Μέγας
1131 2642 1320 2675 ὲταιριάρχης,
1337 2637 1614 2674 ηιαρνιιιε,δο‹1αιὶεαιὶι
1630 2638 1761 2680 princeps.

975 2691 1128 2723 Antequam
1141 2696 1156 2714 c
1170 2688 1238 2715 cella
1253 2695 1301 2714 sua
1316 2689 1465 2721 imperator
1476 2690 1566 2715 exeat.
1581 2685 1763 2719 protovestia-

976 2737 1043 2762 rites
1061 2735 1138 2761 adest
1154 2735 1180 2760 in
1198 2734 1318 2760 triclinio
1333 2740 1395 2759 cum
1415 2739 1513 2766 magno
1531 2730 1711 2758 hetaeriarclta
1736 2734 1764 2756 et

976 2780 1136 2816 primicerio
1159 2780 1238 2807 ante.
1262 2780 1412 2813 Postquam
1438 2786 1502 2805 \‘ero
1518 2785 1647 2812 egressus
1666 2783 1717 2807 est.
1736 2781 1764 2803 et

975 2825 1101 2856 constitit
1119 2825 1280 2860 imperator,
1300 2823 1448 2859 egrediens
1465 2823 1703 2858 protovrstiarites
1716 2830 1763 2848 ae-
