1913 3074
154 135 192 168 tt
750 132 1023 167 msromanun
1043 137 1159 167 uasa
1181 132 1205 168 t.
1757 141 1792 172 49

155 196 248 223 ccrsit
278 193 507 222 honoratisSimos
526 193 665 229 principes
687 193 721 221 ad
748 195 986 224 circumstatio—A
1036 194 1130 227 Μέγας
1140 193 1211 226 δοῦξ.
1235 202 1347 229 magnus
1378 194 1443 222 dux.
1468 194 1704 228 Quemadmodum
1732 205 1792 224 ma-

158 249 237 268 nem.
255 241 325 276 Lege
340 245 452 273 caetera,
470 244 498 268 ct
516 240 596 268 infra.
614 240 664 268 ilic
676 247 742 267 vero
751 241 854 275 excipit
870 241 953 267 etiam

157 287 294 323 perfugas
309 287 489 315 advenientes
510 295 545 315 ex
565 287 639 314 omni
655 291 744 321 parte,
760 294 792 314 ac
807 291 953 322 propterea

143 335 247 361 .etiam
265 332 462 362 hemriarches
477 333 647 366 nominatur,
655 333 730 361 velut
742 333 882 368 ἑταίρους,
894 334 953 361 sive

159 381 270 408 amicos
287 379 442 414 excipiens.
628 387 633 393 ι
871 371 873 373 ’

203 427 353 461 Παράγγοι,
369 426 494 461 barangi.
521 425 549 452 in
573 425 642 452 festo
659 425 795 453 Occursus
809 424 953 459 (Puriiica—

162 473 262 506 tionis)
279 472 397 499 discedit
418 470 566 506 imperator
596 472 623 498 in
652 471 865 498 Blacberuarnm
885 475 953 497 tem-

161 510 254 553 plum,
267 519 396 553 barangis
412 525 521 552 quoque
537 517 728 552 sequentibus.
742 519 831 551 Atque
848 516 875 542 bi
891 517 953 550 qui-

160 567 227 592 dem
251 565 353 599 ubique
376 564 568 599 imperatorem
589 563 760 598 equitantem
777 569 951 597 prosequun-

161 617 221 643 tur,
250 612 372 638 ferentes
391 610 516 637 humeris
535 617 649 637 secures
676 617 750 636 suas.
779 609 864 636 Erant
886 616 952 643 ergo

160 658 305 691 custodes,
322 657 469 689 satellites,
485 660 532 684 aut
551 656 700 691 stipatores
718 655 892 690 imperatoris
912 655 952 681 bi-

162 704 325 739 penniferi;
351 711 448 731 eorum
471 702 619 738 praefectus
643 705 707 729 ante
724 701 786 729 illos
805 701 951 736 imperatu-

162 758 222 777 rem
244 750 422 785 sequebatur,
436 753 465 777 et
481 748 544 777 ideo
557 748 702 779 ἀκόλουθος
715 748 868 775 dicebatur.

201 797 368 830 Πιγκέρπιης,
383 796 520 830 placenta,
542 802 558 821 a
574 794 689 829 poculis.
705 793 784 827 Quod
797 794 818 821 si
833 793 951 828 impera-

162 848 251 868 torem
273 845 384 875 oportet
403 839 510 872 bibere,
536 839 666 874 pincerna
693 839 831 866 ministrat
845 838 911 866 illud
942 847 949 864 :

160 895 197 915 ac
222 895 277 913 non
295 886 395 913 diebus
409 885 486 913 festis
500 885 600 917 solum,
616 893 721 912 ~verum
742 885 823 912 etiam
841 892 950 920 semper

163 932 334 966 imperatore
348 929 440 957 cibum
452 935 578 969 sumente
596 930 704 963 miscet,
721 929 744 956 si
761 937 882 964 praesens
896 933 948 956 est.

163 979 205 1004 Ae
219 981 312 1003 vetere
329 975 442 1010 quidem
466 982 543 1002 more
560 975 606 1002 hic
620 969 696 1002 extra
712 974 851 1002 civitatem
865 975 950 1010 impe-

162 1027 287 1050 ratorem
310 1028 430 1056 sequens
456 1020 563 1048 ferebat
588 1020 718 1055 poculum
739 1025 889 1055 castrense,
905 1029 951 1049 ca-

165 1073 230 1095 tena
255 1068 379 1095 vinctum
402 1075 411 1096 ξ
437 1070 468 1094 ut
482 1066 506 1094 si
530 1073 592 1093 cum
615 1074 686 1101 opus
706 1071 780 1094 esset
795 1067 900 1099 bibere,
916 1075 948 1094 ex

164 1115 252 1147 route,
274 1119 321 1141 aut
335 1113 419 1140 ﬂuvio
434 1113 522 1145 daret,
538 1120 571 1140 ac
592 1111 709 1140 biberet.
729 1112 787 1140 Hoc
813 1117 905 1141 autem
921 1114 949 1141 in

164 1160 310 1196 prxsentia
317 1167 379 1193 “non
396 1158 436 1186 lit.

205 1206 235 1232 '0
250 1205 296 1232 tul
307 1205 358 1240 τῆς
368 1205 519 1241 τραπέζης,
532 1213 627 1233 mensus
641 1205 789 1242 prafectur.
807 1205 951 1233 Serviebat

163 1252 248 1278 etiam
267 1250 428 1286 imperatori
453 1251 487 1278 ad
515 1257 649 1278 mensam.
677 1251 821 1278 Praebebat
836 1251 949 1278 missum

166 1304 281 1332 magnus
311 1297 483 1324 domesticus
517 1297 624 1332 primus
649 1296 773 1331 proxime
802 1297 952 1332 imperato-

166 1351 223 1370 rem
241 1351 248 1369 :
265 1347 326 1377 post
350 1350 413 1370 eum
429 1343 598 1370 domesticus
614 1350 733 1375 mensa};
753 1348 781 1370 et
801 1347 862 1378 post
878 1343 951 1370 hunc

166 1389 311 1424 praefectus
335 1396 448 1422 mensae,
474 1392 503 1416 et
527 1396 589 1424 quae
606 1388 677 1423 apud
697 1388 890 1424 Curopalatam
906 1396 950 1416 se-

165 1440 300 1470 quuntur.
785 1462 790 1466 ,

201 1481 364 1516 Δομέστικρς
380 1480 506 1516 Θςμάτων
518 1480 664 1515 ἑσπερίων,
677 1480 834 1508 domesticus
848 1482 951 1509 thema-

1005 248 1075 274 gnus
1091 240 1259 268 domesticus
1273 241 1411 276 princeps,
1429 247 1457 269 et
1477 246 1560 277 caput
1576 242 1610 270 ad
1630 243 1789 281 universum

1005 287 1134 315 fossatum
1150 286 1226 322 (quid
1241 287 1277 315 sit
1291 287 1429 322 fossatum,
1440 295 1490 316 suo
1506 288 1567 316 loco
1581 289 1787 323 explicabitur),

1004 327 1141 360 sic'etiam
1160 332 1204 360 hic
1221 332 1254 360 ad
1276 333 1434 361 universum
1455 341 1540 361 mare.
1559 334 1597 362 Ac
1614 335 1707 362 caeteri
1727 335 1790 370 qui-

1004 378 1066 405 dem
1083 379 1221 414 principes
1235 379 1298 407 aliis
1313 380 1397 407 rebus
1414 380 1544 413 instituti,
1559 385 1589 407 ut
1604 381 1704 416 capita,
1719 389 1789 416 pne-

1004 426 1097 452 ferunt
1129 430 1294 452 consuetum
1329 417 1504 460 imperatoris
1536 425 1713 460 ﬂammeum,
1741 433 1789 454 aut

1004 471 1140 498 exercitus
1158 470 1314 499 ﬂammeum
1329 479 1391 498 cum
1406 472 1499 507 ignitis
1516 472 1589 500 telis.
1605 473 1719 508 Magnus
1733 473 1789 500 dux

1003 521 1114 544 contum
1130 517 1242 551 prazl'ert
1255 518 1432 551 imperatoris
1443 518 1590 545 insidentis
1601 508 1682 553 equo.
1701 519 1790 546 Habet

1002 568 1094 590 autem
1110 563 1249 597 subjectos
1265 563 1317 589 sibi
1339 571 1468 598 magnum
1485 563 1663 599 druugarinm
1682 564 1787 595 classis.
1838 582 1843 593 κ

1003 608 1175 642 ameralium,
1201 613 1256 636 etc.
1286 609 1359 636 Vide
1386 608 1590 643 Curopaiatam,
1614 613 1641 637 et
1668 610 1789 637 scholia-

1003 660 1074 682 sten.
1268 690 1273 694 κ

1039 699 1279 739 Πρῳτοσέϐαστος,
1295 700 1504 736 primaugurtus.
1532 700 1643 727 Nullum
1664 700 1789 728 ministe-

1002 745 1073 774 rium
1091 746 1186 778 habet,
1201 747 1265 781 quia
1279 753 1337 774 non'
1348 747 1454 774 functio
1469 751 1511 774 est
1528 747 1630 781 palatio
1646 747 1787 774 militans:

1001 791 1048 819 sed
1078 791 1196 827 dignitas
1215 792 1373 825 honoraria,
1394 800 1477 828 quam
1494 790 1562 820 non"
1575 792 1719 829 ministerii
1742 798 1790 820 aut

1003 837 1109 865 ordinis
1123 839 1273 867 necessitas
1287 839 1363 871 facit,
1379 838 1428 866 sed
1444 835 1620 874 imperatoris
1636 839 1757 865 εὐδοκία.

1047 884 1142 918 Μέγα;
1178 884 1374 924 χιξρτηυὶάριος
1394 904 1402 917 ,
1447 892 1558 919 magnus
1597 884 1788 911 chartularius.

1003 928 1111 964 Equum
1125 929 1299 964 imperatoris
1312 930 1327 957 tt
1340 934 1539 965 protostratore
1548 934 1721 965 susceptum,
1733 935 1788 958 etc.

1004 975 1071 1003 Vide
1105 983 1167 1010 quae
1203 983 1285 1011 supra
1317 976 1345 1003 in
1378 979 1579 1011 protostratore
1608 975 1681 1003 dicta
1713 981 1787 1003 sunt.

1004 1020 1182 1048 Stallmeistcr
1197 1021 1344 1050 Germanis
1365 1022 1419 1049 dici
1437 1026 1516 1057 putat
1539 1021 1711 1059 scholiastes.
1737 1022 1790 1049 Ζο-

1004 1074 1084 1094 naras
1098 1067 1126 1094 in
1145 1066 1237 1094 Leone
1253 1068 1359 1100 lsauro,
1382 1071 1457 1095 tomo
1473 1067 1555 1095 tertio
1570 1067 1717 1094 Annalium
1735 1075 1786 1102 po-

1004 1113 1169 1141 sterioribus
1185 1113 1358 1148 temporibus
1368 1113 1416 1139 τὸν
1429 1113 1484 1140 τῶν
1500 1113 1648 1148 βασιλικῶν
1672 1113 1787 1140 ἱπποκό-

1006 1167 1064 1196 μων
1079 1159 1277 1187 ἐπιστατοῦντα
1290 1159 1457 1194 appellatum
1479 1159 1573 1187 tradit.
1611 1168 1614 1169 '

1040 1206 1223 1241 Πριμικήριος
1256 1205 1360 1240 αὐλῆς,
1397 1205 1468 1233 uultu
1494 1206 1667 1240 primicerius.
1699 1205 1788 1234 Hath

983 1246 992 1257 ’
1004 1252 1115 1287 quidem
1129 1252 1156 1279 in
1171 1252 1398 1279 circumstationo
1423 1251 1705 1285 administrationem,
1722 1259 1789 1287 qua-

1003 1299 1057 1326 lem
1074 1303 1138 1326 ante
1157 1298 1290 1328 diximus,
1303 1298 1400 1325 ordine
1415 1305 1480 1325 vero
1492 1297 1608 1325 collocat
1623 1298 1706 1325 etiam
1729 1306 1789 1325 om-

1005 1351 1053 1372 nes
1077 1343 1125 1378 qni
1151 1343 1180 1370 in
1212 1344 1273 1370 aula
1296 1348 1370 1371 sunt.
1394 1343 1428 1370 Ut
1461 1335 1534 1370 enim
1555 1343 1681 1378 princeps
1708 1351 1789 1371 suum

1004 1390 1120 1425 quisque
1133 1394 1160 1417 et
1175 1390 1355 1417 constitutum
1379 1390 1469 1417 locum
1498 1389 1532 1417 ad
1555 1390 1789 1418 circumstandum

1005 1436 1088 1463 habet
1103 1444 1111 1463 :
1130 1435 1170 1463 sic
1183 1436 1265 1462 etiam
1284 1435 1396 1463 ordines
1412 1436 1459 1470 qui
1478 1436 1506 1463 in
1518 1435 1580 1464 aula
1596 1439 1672 1469 sunt,
1688 1436 1789 1471 singuli

1005 1482 1145 1517 proprium
1161 1489 1242 1509 suum
1256 1481 1347 1509 locum
1363 1481 1501 1509 obtinent.
1778 1478 1780 1484 ’

166 1531 222 1553 tum
249 1527 461 1554 occidentalium.
489 1526 555 1560 Quae
583 1526 698 1554 ﬂorente
720 1527 812 1554 adhuc
833 1527 950 1562 imperio
965 1543 986 1572 ο
1039 1527 1263 1564 Πρωτοκυνηγός,
1276 1532 1429 1555 venatorum
1451 1528 1581 1564 princeps,
1593 1528 1788 1564 jdgermeirter.

168 1571 290 1598 Romano
304 1571 443 1607 τάγματα,
455 1570 514 1599 sive
529 1570 652 1606 legiones
664 1570 756 1603 dictae,
776 1572 951 1606 postmodum

168 1617 311 1644 imminuta
335 1616 453 1644 ﬂerat-lii
477 1616 648 1651 temporibus
677 1617 800 1644 Romana
814 1618 950 1652 potentia,

167 1667 196 1690 et
212 1668 339 1690 truncato
364 1662 481 1698 imperio
501 1662 629 1697 θεμάτων
648 1663 748 1705 nomen
772 1670 950 1699 acceperunt,

168 1714 292 1736 carentes
300 1709 357 1744 jam
373 1709 458 1736 veteri
474 1708 657 1743 amplitudine
669 1716 729 1737 sua.
745 1709 813 1737 Vide
826 1710 950 1738 libellum

166 1755 337 1783 Constantini
354 1753 619 1791 Porphyrdgennetae
632 1755 667 1783 de
681 1755 870 1790 Thematibus,
892 1757 950 1784 sive

167 1802 201 1829 de
225 1801 379 1837 agminibus
404 1801 571 1829 militaribus
585 1809 635 1837 per
652 1802 798 1836 imperium
815 1803 950 1831 orientale

167 1848 332 1877 distributis.
358 1848 409 1876 llic
429 1848 576 1883 praefectus
595 1847 785 1882 hujuscemodi
809 1849 949 1884 agminum

169 1902 217 1929 μυι-
247 1895 403 1922 Occidentis
435 1895 521 1923 urbes
554 1894 767 1922 distributorum
794 1894 950 1930 intelligen-

167 1940 219 1966 dus
236 1944 288 1967 cst.

201 1987 292 2020 Μέγας
302 1986 452 2022 διοικητὴς,
466 1995 578 2022 magnus
592 1986 871 2020 administrator,'sive
887 1995 950 2021 pro-

166 2036 281 2059 curator.
302 2032 375 2059 Nihil
392 2033 426 2060 de
444 2033 497 2060 hoc
509 2033 686 2068 Curopalata.

1005 1573 1171 1609 imperatore
1189 1573 1391 1601 conscendente
1406 1581 1507 1609 equum
1534 1581 1617 1602 nemo
1635 1574 1706 1601 alius
1718 1581 1788 1609 prae-

1005 1625 1048 1648 ter
1075 1620 1148 1647 bunc
1167 1620 1284 1655 stapiam
1303 1624 1378 1647 tenet
1398 1627 1460 1648 cum
1484 1628 1604 1655 praesens
1619 1625 1670 1648 est.
1687 1621 1789 1648 Przeest

1005 1673 1070 1693 vero
1085 1665 1120 1693 iis
1136 1665 1326 1698 venatoribus,
1348 1666 1397 1702 qui
1417 1670 1560 1694 curatores
1574 1673 1674 1694 canum
1694 1666 1788 1701 appel-

1005 1712 1107 1739 lantur.
1129 1711 1207 1745 Quod
1222 1712 1245 1740 si
1263 1712 1374 1747 quando
1396 1713 1584 1748 imperatoris,
1611 1719 1674 1740 cum
1698 1712 1726 1739 in
1741 1720 1788 1739 vc-

1004 1758 1117 1785 natione
1146 1761 1197 1791 est,
1233 1762 1336 1785 vestem
1363 1757 1482 1792 aliquam
1510 1757 1644 1792 sanguine
1677 1756 1786 1792 aspergi

1004 1803 1171 1838 contigerit,
1200 1811 1260 1831 eam
1294 1803 1340 1831 hic
1363 1808 1477 1831 venator
1510 1803 1611 1839 accipit
1635 1811 1668 1831 ex
1698 1803 1788 1830 bene-

1003 1848 1076 1885 ﬁcio.
1659 1841 1661 1843 ’

1038 1894 1168 1930 lipsi-reip
1187 1895 1284 1930 δήμου,
1316 1898 1415 1931 prwtor
1432 1894 1533 1930 populi.
1550 1894 1658 1923 Nullam
1673 1892 1790 1921 admini-

1002 1941 1164 1968 stratiOnem
1175 1941 1258 1969 habet
1281 1942 1308 1968 in
1321 1941 1392 1976 [aula
1407 1941 1538 1976 palatina,
1555 1940 1603 1968 sed
1617 1940 1645 1968 in
1665 1939 1746 1972 urbe,
1759 1942 1788 1966 et

1004 1985 1135 2013 urbanam
1148 1987 1247 2014 solum.

177 2125 1785 2142 ..ι-*ρᾓ

651 2176 666 2189 ⁸
801 2186 811 2195 ’
859 2191 1093 2252 Lucrum.

204 2295 282 2323 Nilus
296 2301 321 2324 et
335 2296 519 2324 Christotlulus
535 2297 598 2331 ﬁcta
613 2297 721 2324 nomine
737 2300 811 2328 sunt,
835 2295 927 2330 qualia
943 2295 1014 2329 apud
1037 2299 1133 2322 vetera
1149 2295 1176 2321 in
1204 2293 1317 2328 dialogi:
1337 2297 1362 2319 at
1384 2293 1501 2327 ρρὶιιυιὶι
1519 2293 1645 2328 plurima.
1663 2294 1788 2322 Christo—

166 2342 244 2369 dulus
261 2343 324 2370 mihi
342 2342 542 2370 Cuntacuzeuu:
556 2348 605 2376 est,
632 2347 721 2378 utpote
747 2342 792 2377 qui
817 2342 888 2368 curis
916 2341 1063 2368 illustribus
1085 2341 1235 2375 defunctus,
1254 2341 1420 2374 decursisque
1441 2341 1500 2367 vita:
1515 2341 1643 2374 palatina:
1656 2340 1788 2374 maleﬁdia

167 2391 316 2423 honoribus,
336 2391 440 2418 Christo
458 2392 559 2424 cibique
574 2392 601 2417 in
619 2395 753 2425 posterum
767 2398 862 2416 vacare
876 2393 1009 2419 statuens.
1026 2389 1139 2416 nobilem
1156 2388 1233 2415 illum
1251 2389 1403 2415 servitutem
1419 2388 1557 2423 amplexus
1576 2394 1623 2420 est,
1639 2397 1698 2424 qua:
1714 2396 1788 2415 mera

168 2437 219 2463 viri
235 2438 362 2471 sapientis
384 2438 490 2464 libertas
506 2437 595 2464 haberi
614 2437 696 2464 debet.
719 2436 808 2468 Nilus,
828 2445 843 2462 ιι
861 2442 912 2469 quo
926 2442 953 2461 se
970 2435 1005 2461 ad
1028 2435 1193 2461 scribendum
1210 2434 1312 2469 impelli
1330 2434 1418 2470 ﬁngit,
1438 2435 1558 2461 monac/ri
1576 2443 1680 2467 nomen,
1696 2439 1723 2460 ut
1736 2436 1792 2462 cui-

168 2483 206 2509 vis
225 2482 327 2510 obvium
346 2488 394 2509 est.

348 2586 483 2634 ΝΕΙᾹΟΣ
501 2607 653 2634 ΧΡΙΣΤΟΔ
658 2606 759 2640 ΟΥΑῼ.

208 2664 317 2699 Ἐπειδὴ
336 2672 366 2690 σε
381 2663 522 2699 βούλεσθαι
548 2661 607 2690 οἶδα
625 2663 709 2698 μηδὲν
725 2662 780 2689 τῶν
809 2661 954 2698 ἡμετέρων

168 2712 288 2745 ἀγνοεῖν,
306 2712 330 2738 εἰ
345 2712 393 2738 καὶ
421 2711 504 2746 μηδέν
523 2719 550 2737 τι
573 2711 697 2744 γενναῖον
720 2710 828 2744 ἔχοιμεν
852 2708 952 2742 λέγειν,

168 2758 217 2791 ἆγε
233 2757 319 2783 ἔνεστι
337 2757 441 2793 σιωπᾷν
453 2757 483 2783 οὐ
500 2756 592 2791 θέμις·
608 2754 686 2782 οἶσθα
708 2755 772 2787 τοὺς
786 2754 954 2789 περιπάτους

168 2804 213 2836 οὓς
243 2803 373 2830 ἑκάστοτε
400 2803 470 2837 μετὰ
491 2804 546 2828 τῶν
570 2802 655 2836 φίλων
680 2801 848 2835 ποιούμεθα·
869 2801 898 2826 ἐν
913 2797 955 2831 οἷς

170 2849 268 2881 πολλὰ,
282 2848 320 2876 τὰ
335 2848 384 2883 μὲν
399 2848 514 2883 σπουδῇ,
527 2848 561 2874 τὰ
575 2848 603 2873 δὲ
614 2847 708 2882 παιδιᾷ
722 2847 896 2883 προσήκοντα
909 2845 954 2872 λέ-

327 2895 462 2926 ΡΔτιιοῐ..
487 2895 544 2925 Gn.
574 2893 672 2924 CLIII.

1176 2604 1197 2638 ι
1216 2603 1323 2632 NILUS
1341 2601 1584 2639 CHRISTODULO
1603 2600 1632 2629 S.

1039 2662 1174 2696 Quoniam
1191 2661 1282 2697 probe,
1293 2660 1350 2696 scio
1368 2663 1394 2688 te
1415 2667 1460 2687 res
1476 2664 1584 2686 nostras
1599 2666 1707 2690 omnes,
1721 2665 1790 2692 qua»

1005 2709 1045 2736 les
1062 2708 1168 2743 quales,
1183 2707 1268 2735 etiam
1283 2715 1365 2735 avere
1388 2714 1566 2740 cognoscere,
1584 2706 1721 2734 desiderio
1742 2709 1789 2731 tuo

1007 2762 1111 2782 morem
1128 2762 1220 2787 geram
1234 2763 1241 2780 :
1256 2758 1346 2781 tacere
1360 2753 1434 2781 enim
1451 2761 1504 2780 non
1521 2753 1595 2780 licet.
1611 2752 1641 2778 ln
1652 2750 1790 2785 quotidia-

1005 2799 1049 2826 nis
1062 2799 1307 2831 ambulationibus,
1323 2806 1402 2835 quas,
1424 2798 1497 2833 quod
1520 2803 1546 2824 te
1559 2803 1614 2823 non
1631 2795 1710 2829 fugit,
1725 2801 1788 2821 cum

1005 2845 1347 2887 iamiliaribusmconlicer'e
1372 2843 1579 2873 consuevimus,
1607 2839 1684 2868 multi
1708 2840 1790 2868 nobis
