1913 3074
230 88 242 95 α

116 119 170 149 105

708 114 978 145 HISTORIAHUM
1001 113 1112 144 LIBER
1133 114 1156 143 l.

1690 115 1740 147 106

109 178 296 214 ἡμερώτερον
309 177 478 204 ἀποκτεῖναι.
496 176 557 207 Τοῖς
576 176 630 210 γὰρ
645 176 672 202 ὲν
689 176 745 202 ἔθει
757 176 803 202 τοῦ
828 176 901 210 θερα-

960 175 999 201 ria
1025 179 1102 209 parte
1126 174 1238 201 alteram
1262 174 1367 201 lancem
1389 173 1554 208 deprimere,
1570 182 1631 201 cum
1649 177 1741 203 ambas

108 224 250 251 πεύεσθαι
262 224 307 250 καὶ
322 222 541 258 δσρυψορεῖσοαι,
569 222 758 256 φοϐερώτερον
781 221 827 248 τοῦ
842 223 908 248 ἁπο-

108 272 222 302 Θανεῖν,
239 270 269 296 τὸ
291 270 358 304 παρ’
375 268 453 300 ἀξίαν
468 269 664 302 κακοπραγεῖν.
681 267 726 292 Διὸ
750 267 796 293 καὶ
814 267 906 293 πολλοὶ

107 305 169 343 τῶν
197 315 374 350 ὑμνουμένων
414 314 488 348 παρὰ
520 312 669 346 Ῥωμαίοις
697 313 906 347 αὐτοκρατόρων

113 361 225 394 μᾶλλον
250 361 354 386 εἴλοντο
371 359 525 389 ἀποθανεῖν,
551 358 568 392 ἢ
592 358 690 389 ζῶντες
706 358 824 392 αἰσχρῶς
847 358 906 397 δου-

107 406 208 432 λεύειν
220 406 406 440 ἀτυχήσαντες
427 405 490 438 περὶ
520 404 567 435 τὰς
585 403 690 437 μάχας·
709 403 754 428 καὶ
778 403 862 437 χωρὶς
877 402 906 428 δὲ

107 452 231 481 τούτων,
246 451 275 477 τὸ
292 450 368 484 παρὰ
384 450 437 476 τῶν
453 449 581 483 φυλάκων
603 449 640 479 ὡς
655 448 780 483 δεσμώτῃ
809 457 906 482 προσε-

107 498 220 531 χίίντων
238 495 462 530 περιϋϐρίζεσοαι
479 494 527 521 καὶ
543 494 733 527 λοιδορεῖσθαι,
757 494 856 524 παντὸς
872 494 906 520 ἂν

108 542 155 576 εἴη
170 541 334 575 πικρότερον
347 540 443 571 ὓδατος
459 539 570 572 Στυγός.
586 538 645 564 ΙἘτι
658 538 681 564 δ’
690 539 745 564 οὐδ’
757 538 906 572 ἀσφάλειαν

108 589 183 620 ἡμῖν
197 587 313 622 παρέχει
331 587 360 612 τὸ
385 588 520 621 δήσαντας
542 586 682 619 φρουρεῖν.
703 586 751 611 “Av
769 587 823 620 γὰρ
839 587 907 622 ὁτῳ-

109 633 206 667 δήτινι
231 633 323 668 τρόπῳ
344 631 470 666 δυνηθείή
499 631 533 657 τὰ
547 631 635 665 δεσμὰ
660 631 812 664 διαφυγεῖν,
838 631 905 666 ὅπερ

110 679 184 712 ἡμῖν
196 678 328 712 πρόσεστι
347 677 414 708 νῦν,
439 677 469 703 τὸ
494 676 640 708 δοκοῦντας
663 677 813 703 ἀδικεῖσθαι
838 685 907 712 καρ-

111 721 235 748 ποῦσθαι
243 722 292 756 τὴν
305 722 434 748 ἁπάντων
449 722 566 754 εὔνοιαν,
581 723 680 757 ἐκείνῳ
697 723 904 757 περιστήσεταιο

110 767 160 808 κα)
193 768 374 802 σφοδρότερον
397 767 546 802 πολεμήσει
575 768 731 803 συμμάχοις
756 769 906 803 προθύμοις

110 814 231 844 καὶτοῖς
245 813 395 846 περιοίκοις
423 812 573 848 βαρϐάροις
602 815 649 840 καὶ
667 814 811 848 Ῥωμαιοις
836 814 905 849 χρὼ-

112 867 209 892 μενος.
229 859 293 884 Ὅτε
306 859 407 890 τοίνυν,
428 858 457 884 τὺ
476 858 527 899 μὲν
559 858 720 885 ἀποκτεῖναι
747 859 906 894 ἀλαστόρων

111 904 162 929 καὶ
177 903 351 937 ἀνδροφόνων
372 903 523 938 ἐπιτιμίαν,
540 903 569 929 οὒ
589 903 670 937 μόνον
690 905 764 938 ἡμῖν,
779 905 845 930 ἀλλὰ
861 906 906 932 καὶ

111 957 151 975 πα
158 950 211 975 ισὶν
231 950 378 983 ἡμετέροις
398 949 493 975 ἔπειτα
509 949 673 983 προσάπτει,
683 950 713 975 τὸ
728 950 750 976 δ’
764 950 906 984 εἴρξαντας

112 996 256 1030 φρουρεῖν,
276 995 344 1028 μετᾶ
355 994 401 1021 τοῦ
418 994 533 1029 αἰσχροῦ
555 995 675 1026 καὶτοὺς
693 996 823 1029 ἐσχάτους
841 997 906 1022 ὑπο-

113 1040 212 1066 πτεύει
230 1040 382 1072 κινδύνους,
396 1041 443 1066 καὶ
457 1041 596 1071 λυσιτελὲς
616 1041 674 1076 ἅμα
690 1042 736 1068 καὶ
748 1041 851 1069 δίκαιον
863 1040 904 1068 εἶ-

114 1094 159 1111 ναι
178 1085 292 1119 νομίζω.
309 1086 362 1111 τῶν
375 1086 515 1120 προτέρων
530 1086 675 1120 ἐχομένους
697 1087 846 1121 λογισμῶν,
860 1088 906 1114 τὸν

114 1131 251 1166 ἡμέτερον
274 1131 387 1166 βασιλέα
415 1132 559 1163 διασώζειν
590 1133 782 1167 ἀμυνομένους
809 1134 841 1160 ἄν
862 1143 905 1167 τις

115 1177 193 1212 ἐπίῃ.
215 1177 285 1203 Ἀλλ’
296 1178 379 1212 ἐρεῖς,
396 1178 427 1204 Τί
440 1177 504 1210 οὒνς
530 1177 563 1204 ἂν
579 1179 762 1213 ὲπιστρατεὺῃ
778 1178 905 1213 βασιλεὺς

117 1223 195 1256 ἡμῖν,
210 1223 243 1248 οὺ
261 1222 420 1257 μαχούμεθα
441 1223 525 1257 αὐτῷ,
557 1223 613 1248 οὐδ’
641 1224 854 1258 ἀποκτενοῦμεν,
872 1224 904 1251 ἂν

115 1267 189 1294 οὕτω
206 1269 343 1303 συμϐαίης
362 1269 486 1294 Μάλιστα
508 1269 556 1303 μὲν
571 1266 617 1295 οὖν
631 1269 810 1303 ἀμυνούμεθα
828 1271 902 1306 πάσῃ

116 1314 232 1348 δυνάμει
249 1321 255 1328 ·
270 1314 327 1340 ἀλλ’
342 1314 372 1340 οὐ
388 1315 432 1340 τὴν
454 1314 536 1341 αὐτον
567 1315 622 1349 ἔχει
651 1316 682 1341 τό
700 1324 730 1342 τε
756 1317 904 1351 κατάρχειν

117 1361 209 1386 καὶτὸ
225 1361 381 1394 ἀμύνασθαί
395 1369 466 1391 τινα,
483 1361 570 1395 λόγον.
589 1362 634 1396 Τῷ
652 1362 701 1396 μὲν
716 1363 770 1397 γὰρ
786 1364 852 1398 cpi;
864 1363 903 1397 τῷ

117 1407 224 1442 αἰσχρῷ
244 1407 375 1441 πρόσεστι
392 1407 439 1434 καὶ
460 1407 490 1433 τὸ
506 1408 625 1434 ἀδικεῖν·
641 1409 669 1434 τὸ
692 1408 715 1435 δ’
733 1409 901 1444 ἀμύνασθαι,

117 1453 186 1487 πρὸς
207 1453 246 1487 τῷ
274 1453 371 1487 δικαίῳ
386 1453 434 1479 καὶ
460 1453 508 1488 τὴν
533 1454 586 1479 ἀπὸ
603 1453 655 1479 τῶν
671 1453 760 1488 ἔργων
776 1454 901 1482 εὕκλειαν

118 1497 186 1531 ἔχει.
202 1497 250 1524 “Av
266 1498 319 1533 γὰρ
331 1496 477 1533 συμὸᾕτὸν
496 1499 720 1533 προκατάρχοντα
737 1500 832 1526 παοεῐν
849 1508 900 1526 κα-

117 1543 184 1574 κῶς,
196 1544 225 1568 οὐ
236 1543 275 1577 τῷ
287 1544 448 1578 ἀμυνομένῳ
458 1545 506 1578 τὴν
514 1544 657 1576 ἀπόϐασιν,
668 1544 735 1570 ἀλλὰ
748 1544 786 1580 τῷ
798 1545 900 1572 ἐπιόντι

118 1589 283 1622 λογίζεσθαι,
299 1590 353 1616 τῶν
381 1590 468 1624 ἔργων
493 1590 609 1616 δίκαιον.
635 1591 715 1625 Ἡμῖν
734 1591 784 1625 μὲν
797 1590 842 1617 οὖν
856 1590 900 1618 ἐπ’

119 1636 261 1669 ἀμφότερα
290 1635 459 1669 γυμνάζουσι
473 1636 518 1662 τὸν
541 1636 618 1670 λόγον
634 1635 775 1670 ἑκατέροις
793 1636 900 1671 εἴρηται

121 1681 216 1707 πολλὰ.
239 1682 347 1708 Βασιλεῖ
366 1682 394 1707 δὲ
410 1682 517 1709 πάντων
537 1683 705 1717 ἀκροωμένῳ
727 1681 834 1714 ἐξέσται
856 1683 901 1710 τὸν

121 1727 173 1753 τῶν
185 1727 282 1753 ἀλιέων
297 1728 397 1762 τρόπον
410 1728 459 1761 τῆς
475 1729 596 1763 σαγήνης
618 1727 702 1754 πολλὰ
718 1728 901 1763 περισχούσης

119 1773 152 1799 τὰ
166 1775 289 1808 χρήσιμα
303 1774 484 1808 ἐκλεξαμένῳ,
500 1773 552 1799 τῶν
562 1773 705 1808 ἀχρήστων
721 1773 900 1808 ἀποσχέσθαι.

125 1819 187 1845 Ἐπὶ
208 1819 311 1850 τούτοις
334 1820 382 1845 καὶ
396 1819 450 1845 τῶν
471 1818 558 1845 ἄλλων
584 1818 764 1853 συνθεμένων,
791 1821 837 1847 καὶ
852 1821 900 1854 τὴν

119 1863 255 1900 διάκρισιν
280 1865 334 1890 τῶν
350 1865 436 1899 λόγων
462 1865 636 1899 ἁναΟεμένων
657 1866 694 1900 τῷ
711 1865 824 1900 βασιλεῖ,
839 1865 900 1892 εἷπε

91 1909 94 1910 ⁷
120 1913 163 1937 καὶ
179 1911 260 1943 αὐτὸς
269 1911 398 1938 τοιαῦτα·

960 220 1052 254 potius
1078 221 1111 247 ad
1138 225 1351 255 :equamentum,
1372 227 1419 246 seu
1435 219 1619 254 aequilibrium
1632 228 1742 255 compo-

958 274 1024 292 nere
1037 266 1195 293 debeamus.
1213 266 1268 293 Nec
1286 274 1353 292 vero
1369 266 1463 295 utilius
1483 273 1545 292 eum
1566 266 1741 299 habebimus,

958 311 980 337 si
999 311 1120 338 vinctum
1141 311 1167 337 in
1185 311 1338 338 custodiam
1357 312 1511 342 Irudamus.
1525 319 1606 345 quatit
1623 313 1644 339 si
1657 309 1742 340 semel

955 357 1181 392 jugulaverilnus.
1199 357 1249 389 Qui
1268 357 1340 383 enim
1357 362 1411 383 tam
1429 358 1549 385 oiiiciose
1563 359 1627 390 coli,
1640 359 1743 386 satelli-

958 404 1049 438 tioquc
1072 411 1181 437 semper
1205 403 1300 437 stipari
1324 409 1538 435 consueverunt,
1557 405 1591 431 iis
1611 405 1668 440 (89)
1685 413 1743 432 am-

931 444 936 447 ;
957 449 1092 482 plitudine
1114 453 1142 475 ct
1168 449 1300 483 dignitate
1327 456 1373 475 Sua
1395 449 1497 476 orbatis
1517 451 1646 477 adversos
1662 459 1742 478 casus

957 495 1084 527 volvere,
1108 495 1183 522 letho
1213 495 1272 530 ipso
1307 495 1525 522 horribiliusest.
1558 497 1625 525 Hinc
1649 497 1743 532 plures

957 540 1141 568 Romanorum
1174 541 1373 574 imperatores,
1400 549 1516 576 quorum
1543 544 1661 570 celebris
1699 549 1741 570 est

957 585 1028 619 apud
1048 593 1170 619 posteros
1186 586 1333 616 memoria,
1348 587 1447 620 prteliis
1460 587 1500 613 usi
1517 587 1648 619 adversis,
1659 589 1740 619 mori,

957 638 1038 665 quam
1051 631 1188 665 indignam
1201 631 1328 658 hostibus
1338 632 1497 659 servitutem
1510 634 1623 665 servire,
1636 634 1740 660 malue-

958 681 1022 702 runt
1048 675 1115 710 (90).
1136 676 1270 702 Praeterea
1290 683 1304 702 a
1330 676 1502 708 custodibus,
1523 683 1552 704 ut
1566 678 1599 704 ad
1617 678 1739 704 vinctum

957 722 1079 754 attentis,
1104 722 1203 755 probra
1240 726 1267 748 et
1301 724 1483 750 contumelias
1518 725 1634 758 perpeti,
1674 725 1742 751 tales

957 767 1064 792 animos
1081 766 1177 799 quavis
1200 773 1269 800 aqua
1289 765 1380 801 Stygia
1402 767 1508 794 cruciat
1533 769 1653 794 amarius
1674 768 1740 803 (9|).

956 810 1009 844 32
1037 811 1095 837 lluc
1121 811 1238 842 accedit,
1258 811 1332 845 quod
1356 812 1443 838 nihilo
1457 813 1613 839 securiores
1627 814 1741 846 erimus,

923 855 979 883 "si
1019 857 1122 883 catenis
1149 857 1256 891 injectis
1284 865 1346 884 eum
1373 857 1475 884 carceri
1508 858 1739 889 ntandaverimus.

958 902 1064 936 Quippe
1080 902 1102 929 si
1127 907 1185 928 arte
1210 903 1300 937 aliqua
1329 902 1391 929 inde
1419 903 1529 937 elapsus
1552 904 1647 935 fuerit,
1667 905 1740 937 quod

958 948 1039 974 hodie
1065 948 1173 974 abunde
1197 948 1279 976 datur
1303 949 1394 980 nobis,
1409 954 1449 981 ut,
1464 957 1526 975 cum
1543 949 1636 984 inique
1647 950 1741 977 nobis-

957 1001 1019 1020 cum
1046 995 1173 1021 videatur
1200 1000 1307 1027 actum,
1331 995 1454 1022 om'nium
1467 995 1563 1022 favore
1575 1003 1607 1023 ac
1622 996 1740 1024 benevo-

956 1041 1040 1068 lentia
1054 1041 1238 1075 peri‘ruamur,
1251 1045 1316 1069 tunc
1330 1041 1369 1068 illi
1383 1041 1505 1072 dabitur,
1518 1046 1546 1068 et
1559 1042 1656 1069 vicinis
1670 1042 1738 1069 Bar-

956 1087 1031 1114 baris
1063 1088 1248 1121 Romanisque
1282 1088 1396 1122 impigre
1425 1088 1642 1122 adjuvantibus,
1669 1089 1740 1117 infe-

955 1134 1040 1161 stiore
1057 1133 1084 1159 in
1102 1141 1152 1159 nos
1167 1133 1254 1160 Marte
1271 1133 1413 1167 pugnabit.
1427 1132 1494 1165 Quia
1517 1133 1600 1167 igitur
1614 1141 1629 1160 e
1647 1135 1738 1161 medio

957 1180 1053 1206 tollere
1079 1179 1285 1214 imperatorem,
1309 1179 1387 1206 nobis
1405 1179 1554 1214 liberisque
1575 1180 1677 1206 nostris
1693 1189 1740 1207 nc-

955 1225 1087 1252 fariorum
1123 1229 1205 1258 atque
1228 1223 1429 1251 homicidarum
1455 1228 1546 1250 notam
1575 1224 1676 1256 iuuret,
1713 1225 1739 1251 in

956 1278 1094 1298 carcerem
1121 1274 1212 1297 autem
1234 1269 1431 1303 compingere,
1462 1273 1560 1303 praeter
1583 1268 1644 1295 facti
1672 1269 1740 1296 infa-

956 1316 1036 1343 miam
1062 1316 1144 1343 etiam
1173 1322 1344 1342 summorum
1366 1314 1498 1342 malorum
1533 1315 1696 1349 suspicionis
1708 1323 1740 1342 ac

953 1362 1110 1390 formidinis
1135 1362 1247 1397 plenum
1271 1366 1313 1388 est
1333 1369 1340 1388 :
1357 1369 1389 1388 ex
1407 1368 1486 1395 aequo
1513 1365 1541 1387 et
1564 1360 1637 1387 bono
1664 1360 1738 1387 futu-

954 1416 1015 1436 rum
1039 1408 1144 1440 sentio,
1172 1407 1198 1434 in
1227 1407 1343 1442 pristino
1366 1406 1481 1433 consilio
1503 1414 1685 1440 permanere,
1711 1411 1739 1433 et

953 1454 1147 1489 imperatorem
1169 1459 1293 1481 nostrum
1318 1454 1470 1489 juniorem,
1488 1454 1511 1481 si
1526 1462 1580 1488 qua
1596 1454 1637 1480 vis
1653 1454 1738 1480 exsti-

953 1500 1032 1532 terit,
1057 1505 1145 1527 tutum
1166 1504 1308 1534 pnestare.
1337 1499 1387 1526 Hic
1414 1504 1442 1526 tu
1455 1499 1569 1534 objicies
1588 1499 1735 1531 :Quid?si

955 1545 1048 1573 senior
1069 1553 1144 1572 arma
1168 1545 1249 1572 nobis
1269 1545 1402 1577 intulerit,
1425 1553 1479 1572 non
1495 1549 1589 1572 contra
1603 1545 1738 1579 pugnabi.

955 1591 1033 1618 mus?
1055 1599 1111 1618 non
1135 1598 1208 1623 eum,
1231 1591 1254 1618 si
1276 1599 1336 1618 sors
1363 1591 1398 1618 ita
1420 1591 1499 1621 ferat,
1517 1590 1740 1617 trucidabimus?

954 1637 1071 1664 Maxime
1094 1637 1146 1663 imo
1165 1635 1359 1672 pugnabimus,
1371 1641 1398 1662 et
1416 1636 1527 1670 quidem
1543 1635 1635 1662 nervis
1647 1636 1737 1662 omni-

955 1683 1027 1716 bus;
1049 1690 1146 1709 verum
1161 1682 1236 1709 aliud
1251 1686 1293 1710 est
1313 1689 1514 1716 praeoccupare,
1531 1686 1558 1708 et
1577 1681 1650 1708 aliud
1667 1681 1738 1708 resi-

957 1733 1040 1757 stere.
1054 1728 1122 1756 lllud
1134 1732 1161 1755 et
1175 1733 1254 1762 turpe
1269 1728 1302 1754 ad
1316 1727 1425 1760 famam,
1441 1731 1468 1754 et
1481 1727 1612 1762 injusth
1626 1735 1633 1758 ;
1650 1726 1702 1753 hoc
1712 1732 1738 1753 et

956 1774 1117 1809 gloriosum,
1129 1778 1157 1800 et
1167 1773 1272 1808 justum
1288 1777 1462 1799 numeratur.
1481 1771 1558 1804 Quod
1572 1771 1594 1798 si
1608 1763 1737 1798 damnum

954 1820 1092 1855 acceperit
1112 1819 1156 1853 qui
1175 1819 1332 1850 antevertit,
1352 1826 1442 1845 rerum
1455 1819 1557 1845 exitum
1574 1825 1629 1844 non
1645 1818 1738 1845 defun-

954 1868 1021 1899 sori,
1034 1866 1080 1894 sed
1096 1865 1215 1892 invasori
1232 1865 1394 1892 condecebit
1405 1864 1552 1891 asoribere.
1568 1864 1608 1891 Ab
1622 1869 1737 1897 utroque

953 1913 1036 1947 igitur
1058 1916 1184 1937 nostrum
1206 1910 1234 1938 in
1254 1914 1399 1943 utramque
1423 1914 1528 1943 partem
1540 1910 1614 1935 velut
1632 1909 1737 1936 exerci—

120 1956 230 1985 tationis
252 1965 333 1986 causa
348 1958 414 1985 satis
429 1957 532 1985 dictum
547 1961 599 1984 est.
617 1957 714 1985 Restat
736 1961 766 1983 ut
792 1957 941 1991 imperator
972 1956 1073 1983 auditis
1088 1955 1216 1982 omnibus
1242 1962 1256 1980 a
1283 1953 1429 1988 principio,
1454 1961 1529 1980 more
1557 1954 1735 1987 piscatorum,

120 2004 195 2038 quasi
216 2011 232 2030 ο
249 2011 347 2038 sagena
383 2004 482 2031 multos
505 2003 593 2038 pisces
626 2003 817 2035 concludente,
840 2003 917 2030 utilia
936 2003 1047 2037 deligat,
1071 2000 1178 2027 inutilia
1203 1999 1317 2034 rejiciat.
1352 1998 1409 2026 Hoc
1431 1998 1519 2033 ipsum
1533 1999 1578 2025 ubi
1595 2003 1621 2025 et
1637 1999 1734 2033 reliqui

123 2049 176 2076 duo
190 2057 302 2077 assensu
316 2050 468 2082 ﬁrmarunt,
483 2054 511 2076 et
524 2049 747 2085 dijudicatiouem
765 2049 958 2076 controversia:
973 2049 1062 2076 eidem
1077 2046 1248 2078 detulerunt,
1263 2045 1302 2072 sic
1319 2044 1442 2079 profatus
1458 2049 1500 2071 est
1518 2053 1525 2071 :

754 2126 863 2157 Jacobi
878 2125 1009 2157 Pontani
1026 2131 1120 2155 noue.

159 2212 213 2245 (89)
239 2210 267 2237 Id
290 2210 427 2244 praecipue
455 2209 551 2245 tragici
576 2212 664 2243 poetae
687 2207 898 2245 nqobisqegregie
916 2210 937 2237 D
952 2206 1085 2245 Catonem
1110 2205 1278 2245 yticensem.
1306 2205 1512 2245 Quibus_adde_
1536 2212 1570 2231 ex
1599 2204 1732 2245 Suetonio

125 2243 230 2282 ponunt
245 2243 308 2272 ante
328 2243 435 2282 oculos,
466 2244 530 2270 dum
547 2244 646 2282 heroas
659 2248 687 2269 et
704 2243 899 2282 heroinas_sua

126 2278 283 2309 infortunia.
312 2279 561 2313 tristissimamque,
588 2283 616 2304 et
640 2278 900 2313 beatmrquoudam,

125 2324 156 2342 ac
168 2315 239 2342 {elici
261 2315 340 2347 longe
356 2314 493 2347 disparem
513 2313 700 2340 conditionem
726 2312 903 2345 deplorantes

126 2351 269 2376 inducunt.
288 2348 416 2382 Exempla
430 2348 515 2374 multa
533 2347 720 2381 suppeditabit
736 2355 807 2373 llllus
820 2347 901 2373 Euri-

129 2385 211 2419 pides.
230 2384 287 2411 Nec
303 2388 356 2409 tam
373 2382 531 2419 iucundum
543 2387 597 2412 est,
614 2389 647 2408 ex
664 2381 764 2419 amicta
781 2389 812 2408 ac
835 2389 901 2415 per-

126 2417 182 2446 dito
206 2419 328 2449 beatum,
358 2426 438 2451 quam
461 2417 589 2444 acerbum
615 2424 646 2443 ac
671 2417 839 2451 luctuosum,
868 2423 902 2442 ex

128 2455 204 2480 beato
232 2450 412 2479 miserum’et
434 2453 622 2479 calamitosum
638 2453 765 2477 evadere.
785 2450 900 2479 Seneca.

126 2489 161 2516 De
174 2487 365 2522 tranquillitate
379 2488 471 2517 animi,
486 2495 545 2520 cap.
555 2487 587 2513 8:
601 2484 772 2522 Tolerabilius
781 2491 830 2516 est,
842 2485 903 2522 {aci-

127 2524 224 2558 liusque
241 2519 299 2548 non
317 2524 462 2556 acquirere,
478 2530 557 2556 quam
568 2520 702 2558 emittere.
723 2520 835 2558 Ideoque
855 2519 900 2545 la:-

127 2555 201 2584 tt'orés
217 2558 315 2583 videbis
330 2555 393 2592 quos
410 2565 544 2591 nunquam
559 2556 666 2590 fortuna
683 2555 806 2589 respexit,
824 2562 903 2589 quant

126 2601 183 2629 quos
198 2593 323 2629 degruit.

122 2622 137 2634 “’
159 2629 212 2662 (90)
234 2627 384 2662 Enumerat
398 2625 489 2653 Valer.
508 2625 577 2662 Max.
599 2625 649 2651 lib.
668 2632 712 2662 ut,
730 2631 790 2662 cap,
813 2623 850 2662 2,_
865 2622 902 2662 De

126 2658 287 2726 {ortitudinn
306 2661 336 2687 P.
358 2662 497 2693 Crassum.
517 2661 564 2694 qui
588 2668 649 2686 cum
668 2659 822 2686 Aristonico
845 2658 902 2684 bel-

137 2706 177 2725 utu
190 2698 218 2724 in
241 2697 305 2724 Asia
328 2698 423 2726 gessit,
448 2695 605 2726 Scipionem
629 2695 740 2726 Pompei
760 2699 900 2723 socerum.

137 2706 177 2725 utu
190 2698 218 2724 in
241 2697 305 2724 Asia
328 2698 423 2731 gessit,
448 2695 605 2730 Scipionem
629 2695 740 2729 Pompei
760 2699 900 2723 socerum.

241 2865 378 2894 Ριτιιοι..
398 2862 455 2892 Gtt.
475 2864 576 2894 CLIII.

951 2241 1099 2268 Othonem.
1114 2242 1221 2267 Primus
1241 2241 1319 2267 hoste
1332 2241 1469 2269 lacessito.
1488 2239 1522 2266 ab
1538 2247 1570 2266 eo
1588 2244 1630 2266 est
1646 2241 1733 2266 inter-

950 2276 1050 2305 fectus.
1065 2275 1163 2307 reliqui
1181 2282 1230 2302 sua
1247 2282 1328 2301 manu
1345 2283 1439 2302 necem
1453 2274 1505 2301 sibi
1522 2275 1684 2302 intulerunt.
1699 2283 1734 2301 ne

952 2313 1098 2337 servirent.
1115 2310 1166 2337 Sed
1183 2310 1296 2336 Catonis
1314 2310 1419 2336 facinus
1437 2317 1499 2336 cum
1522 2309 1562 2340 ab,
1580 2309 1652 2340 aliis,
1674 2316 1732 2336 tum

953 2345 1035 2372 etiam
1047 2353 1061 2371 a
1074 2345 1208 2372 Cicerone
1222 2344 1332 2371 laudem
1348 2345 1464 2371 invenit.
1479 2339 1656 2374 Putat‘enim,
1670 2352 1733 2371 cum

953 2381 978 2406 ei
993 2379 1183 2406 incredibilem
1199 2379 1341 2406 tribuisset
1358 2384 1455 2405 natura
1471 2378 1645 2412 gravitatem,
1658 2386 1733 2404 eatn-

953 2422 1005 2448 que
1019 2414 1077 2449 ipse
1093 2419 1226 2448 perpetua
1248 2414 1402 2440 constantia
1425 2414 1592 2449 roborasset,
1609 2420 1733 2449 semper-

953 2447 1006 2483 que
1020 2447 1047 2475 in
1064 2447 1215 2483 proposito,
1232 2453 1416 2482 susceptoque
1433 2447 1549 2474 consilio
1566 2448 1742 2481 permansis--

954 2482 1006 2513 set,
1024 2482 1118 2510 necem
1141 2484 1231 2517 potius
1248 2483 1300 2510 sibi
1317 2483 1599 2517 consciscerekquain
1624 2482 1733 2516 tyranni

953 2518 1067 2545 Caesaris
1083 2515 1188 2544 vultum
1204 2518 1326 2551 aspicere
1338 2518 1477 2544 debuisse.
1496 2515 1547 2551 0/)“.
1566 2524 1585 2543 1.

990 2553 1044 2587 (9t)
1068 2553 1126 2587 Ipsa
1140 2552 1219 2587 Styge
1233 2552 1342 2580 est.illis
1355 2552 1488 2581 odiOsius,
1505 2559 1566 2577 nam
1581 2556 1609 2578 et
1625 2551 1659 2578 ab
1670 2551 1734 2578 odio

953 2586 1039 2622 palus
1051 2587 1095 2614 illa
1110 2586 1233 2613 fabulosa
1248 2594 1348 2613 nomen
1358 2587 1623 2622 habetalmpaticns
1637 2590 1682 2622 est
1692 2587 1733 2612 in-

950 2621 1030 2656 jurim
1046 2622 1274 2654 contumeliieque
1300 2621 1400 2647 nobilis
1425 2621 1543 2652 animus,
1556 2626 1584 2648 et
1598 2621 1734 2647 nobilium

954 2655 1157 2689 illustriumque
1181 2658 1322 2682 hominum
1346 2657 1509 2690 plerumque
1526 2657 1608 2683 etiam
1625 2655 1734 2682 nobiles

954 2699 1050 2719 animi.
