1913 3074
140 133 196 165 109

132 189 163 215 δὲ
184 187 285 223 πολλὴν
298 189 422 224 ὁμολογῶ
496 189 565 224 Θεῷ,
582 190 621 215 ὅτι
640 189 687 223 τῆς
702 190 740 220 εἰς
758 188 808 222 ἐμὲ
825 187 930 218 εὐνοίας

132 235 216 261 οὐδὲν
229 235 335 262 οὐδέπω
349 237 395 262 καὶ
409 235 456 262 νῦν
471 236 536 270 ὑμῖν
555 236 696 270 ἀπήντηκε
712 235 765 261 τῶν
780 234 930 269 δυσχερῶν,

133 280 201 306 οὐδὲ
213 280 279 314 περὶ
291 277 329 306 ὧν
344 280 565 314 ἐϐουλευσάμεθα
582 279 732 313 κατάδηλον
746 279 824 305 οὐδὲν
852 279 917 311 γέγο
927 293 934 298 -

134 335 188 352 νεν
201 326 290 352 οὐδενὶ
306 325 377 360 πλὴν
389 326 477 361 ὑμῶν.
493 325 566 359 Ἐγὼ
576 326 603 352 δὲ
618 326 655 357 ὼς
672 325 704 351 ἂν
719 324 773 356 οἷός
790 334 818 351 τε
837 322 870 355 ὥ,
886 325 932 350 καὶ

123 372 179 403 ,ὡς
192 371 225 397 ἃν
241 373 253 397 ὁ
279 371 344 402 Θεὸς
361 371 434 406 διδῷ,
449 372 495 397 τὸν
510 371 580 406 ὑπὲρ
597 369 716 403 ἐμαυτοῦ
732 370 855 396 κίνδυνον
875 370 932 396 δια-

136 417 318 451 κυόερνήσω.
337 416 402 442 Οἶδα
427 416 476 451 μὲν
491 414 538 442 οὖν
563 417 600 447 ὡς
614 416 647 442 Ξιν
664 416 752 450 συμϐῇ
780 415 932 450 μαχόμενόν

138 471 176 495 με
192 464 296 494 πεσεῖν,
317 462 400 488 πολλὰ
423 463 472 496 μὲν
485 452 684 497 ὲπιθρῃνήσετε
700 461 830 496 κειμένῳ,
851 461 933 487 πολλὰ

136 507 168 532 δὲ
188 506 320 537 πολλάκις
341 506 546 532 ἀνακλαύσεσθε
566 507 612 532 τὸν
640 506 726 540 φίλον.
750 507 772 531 εἰ
795 506 825 540 δή
843 515 868 532 τι
886 507 933 532 καὶ

139 552 255 586 μνήμης
283 552 358 583 ἄξιον
386 551 577 585 ἐνεδειξάμεθα
591 552 682 584 φιλίας
698 553 736 582 εἰς
760 552 841 585 ὑμᾶς.
862 552 892 577 Εί
911 551 932 577 δ’

137 598 183 623 ἔτι
202 598 324 631 πεμιὸντι
346 597 427 623 πάλιν
445 597 589 632 ἐθελήσετε
606 597 776 632 προσελθεῖν,
789 597 933 631 ,μηδαμῶς

137 644 209 677 ὑμῖν
222 644 352 682 ὲμπόδιον
366 644 395 668 τὸ
411 644 457 669 νῦν
471 644 545 679 ἡμᾶς
563 643 727 678 χωρίζεσθαι
752 643 931 677 καταστήτω·

137 690 274 723 εὑρήσετε
286 691 340 724 γὰρ
361 689 406 716 ἀεὶ
415 689 460 715 τὸν
474 689 556 715 αὑτὸν
571 689 634 715 ὅντα
652 689 698 714 καὶ
711 688 825 721 φιλικῶς
838 687 932 722 ὥσπερ

137 736 192 761 καὶ
214 735 261 760 νῦν
286 735 461 769 διακείμενον
492 735 557 770 πρὸς
588 735 668 770 ὑμᾶς.
690 735 732 771 Μὴ
751 735 881 770 νομίσητε
905 735 933 761 δὲ

139 779 194 814 ἐμὲ
212 781 280 814 μήτε
309 780 420 810 ἀλύπως
438 779 485 806 ἐπὶ
503 780 542 815 τῷ
568 780 702 815 χωρισμῷ
729 780 806 815 ὑμῶν
833 781 933 806 διακεῖ-

140 827 218 858 σθαι,
236 826 299 860 μήθ’
313 826 350 857 ὡς
370 826 418 852 τοῦ
444 827 559 862 μηδενὸς
578 827 670 858 ἀξίους
697 828 769 862 ὑμᾶς
796 826 883 858 οὕτως
901 827 933 852 ὲκ

140 872 191 898 τοῦ
204 874 362 907 παραυτίκα
378 873 559 901 ἀπωθεῖσθαι.
578 873 625 905 Ἐξ
639 874 700 899 ὅτου
717 874 771 907 γὰρ
788 872 853 908 περὶ
875 873 931 898 τῶν

140 917 274 944 τοιούτων
289 918 417 954 ἠρξάμην
447 919 558 952 λέγειν,
588 919 695 945 πολλῶν
722 919 771 954 τὴν
791 918 933 945 διάστασιν

141 964 222 998 ὑμῶν
239 965 338 991 ἐννοῶν
354 964 519 998 αἰσθάνομαι
535 964 589 990 τῶν
605 964 778 999 ἁλγηδόνων’
796 961 855 990 οἶδα
871 964 893 990 δ’
904 965 933 990 ἐν

141 1011 181 1045 τῴ
196 1012 267 1044 μετὰ
280 1012 366 1037 ταῦτα
382 1012 427 1037 καὶ
441 1011 573 1037 πλειόνων
588 1011 787 1045 αίσθησόμενος
809 1010 857 1037 καὶ
870 1019 935 1044 σιρο-

143 1057 293 1091 εροτέρων,
305 1057 401 1091 Φέρειν
414 1057 442 1083 δὲ
457 1057 575 1092 ἀνάγκη,
591 1057 645 1083 τῶν
661 1057 831 1091 πραγμάτων
846 1057 934 1091 ἀσυμ-

142 1101 233 1133 6ἀτως
248 1103 374 1137 ὲχᾶντων.
395 1103 424 1128 Εἰ
443 1103 492 1137 μὲν
505 1100 562 1133 οὖν,
576 1101 670 1137 ῶσπερ
683 1100 771 1132 εἷπον,
788 1102 933 1137 ἐθελήσετε

142 1147 197 1174 τῶν
214 1148 356 1183 προτέρων
373 1149 521 1183 ἐχομένους
542 1148 682 1183 λογισμῶν
693 1168 699 1180 ,
719 1148 788 1182 ὑπὲρ
817 1149 867 1183 μὲν
884 1148 933 1183 τῆς

143 1194 283 1228 ἡμετέρας
299 1194 436 1228 σωτηρίας
455 1194 610 1229 φροντίσαι,
629 1194 712 1229 μηδὲν
722 1193 751 1220 δὲ
771 1194 841 1220 κατὰ
859 1194 935 1228 βασι-

144 1239 213 1270 λέως
225 1239 422 1274 βουλεύσασθαι
436 1240 490 1266 τῶν
502 1240 667 1271 ἅπεικότων,
682 1240 728 1265 καὶ
742 1239 792 1274 ἐμὲ
805 1239 933 1265 κοινωνὺν

143 1285 220 1317 ἕξετε
244 1285 301 1312 τῶν
330 1285 527 1319 πραττομένων
538 1293 545 1300 ·
573 1286 597 1311 εί
613 1285 635 1310 δ’
649 1285 751 1319 ἑτέρως
768 1284 832 1318 ὑμῖν
849 1284 933 1314 δοκεῖ,

143 1333 222 1359 οὐδὲν
236 1332 300 1359 ἄλλο
312 1332 416 1363 λοιπὸν,
433 1331 552 1366 ἢ¹πολλὰ
565 1332 612 1366 τῆς
627 1332 666 1362 εἰς
682 1331 732 1365 ἐμὲ
744 1331 837 1364 φιλίας
854 1331 936 1356 {nam

145 1378 262 1412 ξάμενον
276 1378 376 1411 ἀγαθὰ,
395 1378 455 1403 καθ’
471 1378 569 1403 ἑαυτὸν
582 1377 599 1404 ἆ
616 1385 660 1411 μοι
677 1377 747 1402 δοχῶ
760 1376 935 1410 συμφέροντα

146 1425 289 1459 πράττειν.
307 1423 427 1450 Τοιαῦτα
444 1424 490 1449 καὶ
517 1423 564 1450 τοῦ
581 1423 714 1458 βασιλέως
739 1422 871 1453 εἰπόντος,
889 1423 935 1448 ἐπὶ

145 1470 214 1495 πολὺ
228 1469 277 1504 μὲν
296 1470 361 1504 πρὸς
377 1469 507 1503 ἀλλήλους
524 1469 627 1504 ἐώρων,
641 1469 670 1494 τι
684 1469 733 1503 τῆς
742 1467 854 1503 γνώμης
867 1467 934 1494 θαυ-

148 1516 281 1550 μάζοντες
297 1516 344 1541 ἐπὶ
361 1514 396 1541 τὰ
410 1515 481 1542 καλὰ
499 1514 626 1549 βεϐηκὸς,
645 1514 682 1546 ὡς
698 1514 780 1548 μηδὲν
796 1513 846 1548 τῆς
866 1513 934 1548 πρὸς

145 1562 192 1588 τὸν
209 1561 320 1595 βασιλέα
333 1562 379 1588 καὶ
398 1562 511 1587 πάππον
529 1561 619 1592 αἰδοῦς
634 1561 751 1594 ὑφεῖναι,
770 1560 858 1586 καίτοι
872 1560 934 1586 πολ-

145 1607 200 1636 λοῖς
218 1607 300 1633 αὑτὸν
325 1608 382 1637 τοῖς
397 1605 530 1632 λυποῦσιν
546 1605 739 1640 ἀμειϐομένου.
757 1603 815 1630 Εἴθ’
829 1605 842 1631 ὁ
859 1612 934 1639 πρω-

144 1653 306 1686 τοστράτωρ
330 1652 495 1685 ἀπεκρίνατο
520 1651 645 1677 τοιαῦται
668 1651 758 1686 Ἡμῖν,
775 1648 797 1676 ὦ
812 1650 932 1685 βασιλεῦ,
953 1654 955 1656 ’

145 1697 176 1723 τὸ
188 1698 328 1732 συμφέρον
343 1697 384 1723 σοί
407 1705 436 1722 τε
464 1697 509 1724 καὶ
535 1698 600 1732 ἡμῖν
621 1697 714 1727 αὐτοῖς
732 1695 890 1726 σιοποῦσιν,
916 1694 933 1720 ἃ

145 1743 296 1769 λυσιτελεῖν
307 1743 464 1777 ἐδοκοῦμεν,
491 1742 692 1778 ἐφθεγξάμεθα.
713 1743 746 1768 Ἀ
760 1742 788 1768 δὲ
806 1742 870 1776 περὶ
884 1741 933 1775 βα-

147 1789 242 1815 σιλέως
266 1789 468 1824 ἐφθεγξάμεθα,
495 1789 544 1815 οὐκ
569 1788 636 1815 αὐτο
660 1788 739 1814 τοῦτο
761 1788 841 1823 μόνον
858 1787 933 1818 ὅπως

147 1835 230 1861 κακόν
257 1844 285 1860 τι
317 1835 398 1861 πάθοι
428 1827 593 1866 σκοποῦντες
617 1833 848 1868 ἐϐουλευσάμεθα,
875 1834 932 1860 ἀλλ’

145 1881 219 1911 ὅπως
234 1881 272 1916 μὴ
288 1881 358 1915 μετὰ
383 1881 414 1906 τὸ
437 1880 564 1915 φανερῶς
580 1880 619 1912 είς
639 1880 684 1905 τὸν
709 1880 827 1913 πόλεμον
849 1887 933 1905 κατα-

147 1927 254 1960 στῆναι,
270 1927 312 1957 τὶς
327 1927 499 1953 ὑπολείποιτο
514 1925 582 1960 μετὰ
602 1925 649 1952 σοῦ
666 1925 812 1960 προσδοκία
824 1924 912 1950 δεινοῦ
924 1932 930 1939 ”

146 1973 226 1999 τοῦτο
244 1973 298 2007 γὰρ
327 1973 395 2006 ἡμῖν
412 1972 476 2007 περὶ
501 1971 631 1997 πλείστου
650 1971 792 1997 σκοπεῐται
804 1978 810 1984 ·
829 1970 889 1995 ἐπεὶ
907 1969 932 1995 δ’

147 2019 184 2050 ὡς
212 2019 369 2052 ἠκούσαμεν
392 2018 442 2052 τῆς
472 2018 512 2049 εἰς
540 2017 586 2044 τὸν
613 2017 723 2052 βασιλέα
749 2017 797 2043 καὶ
820 2017 932 2043 πάππον

146 2064 295 2098 ἀσφαλείας
310 2070 339 2089 τε
355 2064 403 2089 καὶ
420 2065 504 2098 τιμῆς
518 2063 568 2097 τὴν
592 2064 696 2089 οίκείαν
723 2063 862 2098 σωτηρίαν
884 2062 932 2088 καὶ

146 2109 295 2143 ἀσφάλειαν
310 2110 339 2134 ἐν
355 2109 475 2144 δευτέρῳ
487 2109 594 2144 λογίζῃ,
611 2108 761 2144 θαυμάζειν
778 2109 828 2143 μὲν
842 2108 931 2134 ἔπεισι

146 2155 194 2189 τῆς
210 2154 413 2189 μεγαλοψυχίας
436 2154 541 2188 καὶτῆς
553 2154 737 2189 δικαιοσύνης,
750 2154 891 2181 πείθεσθαι
903 2153 931 2179 δὲ

146 2197 185 2231 οἷς
200 2202 233 2227 ἄν
249 2200 354 2235 ἐθέλῃς,
374 2200 420 2226 καὶ
449 2199 537 2225 ταῦτα
563 2199 684 2234 νομίζειν
706 2199 753 2226 καὶ
776 2200 868 2226 δίκαια
884 2199 930 2225 καὶ

147 2247 332 2281 συμφέροντα,
351 2245 424 2280 ἅπερ
438 2245 472 2272 ἂν
486 2246 534 2272 καὶ
551 2246 591 2271 σοὶ
605 2245 730 2280 συνδοκῇ.
749 2246 780 2271 Εἰ
800 2245 827 2271 δέ
843 2253 868 2270 τι
883 2245 930 2270 καὶ

147 2292 278 2326 πρότερον
289 2291 470 2326 διηνέχθημεν
485 2290 549 2325 περὶ
573 2291 635 2321 τοὺς
654 2291 760 2324 λόγους,
778 2291 827 2316 οὐκ
849 2290 931 2324 ἀλλή-

146 2337 200 2368 λοις
215 2338 326 2364 ἐναντία
356 2336 556 2371 βουλευόμενοι,
585 2336 643 2362 ἀλλ’
669 2337 745 2367 ὅπως
771 2336 853 2371 μηδὲν
878 2336 930 2362 τῶν

145 2383 257 2410 δεόντων
287 2382 463 2414 ἀνεξέταστον
483 2382 613 2417 διαφύγῃ.
627 2383 780 2417 Τοιγαροῦν
804 2382 866 2409 ἐπεὶ
883 2382 931 2417 τῆς

147 2429 311 2464 ἁμφιὸολίας
338 2431 519 2466 παυσαμένης
544 2433 583 2462 είς
612 2430 642 2457 ἓν
673 2430 841 2465 συνήλθομεν
872 2431 931 2461 ταῖς

147 2475 280 2510 γνώμαις,
293 2476 369 2502 οὐδὲν
384 2475 447 2502 ἄλλο
466 2475 588 2502 λείπεται
601 2475 618 2510 ἢ
629 2476 689 2506 τοὺς
707 2475 804 2508 λόγους
819 2475 931 2502 καταλι-

147 2520 256 2552 πόντας,
268 2516 368 2555 χωρεῖν
379 2522 425 2547 ἐπὶ
440 2521 469 2547 τὸ
484 2521 614 2555 πράττειν
638 2521 672 2547 τὰ
700 2521 857 2555 δεδογμένα.
878 2521 930 2546 Καὶ

147 2566 296 2601 Συργιάννη
324 2567 394 2593 κατὰ
418 2567 532 2601 γνώμην
548 2567 623 2601 αὑτῷ
651 2568 776 2598 εἰπόντος
792 2566 929 2602 εἰρῆσθαι,

145 2612 189 2637 καὶ
205 2611 287 2638 τοῦτο
312 2612 477 2647 προσθέντος
488 2619 495 2627 ·
515 2611 554 2642 ὡς
570 2611 625 2646 Τῆς
638 2612 677 2642 εἰς
697 2612 743 2637 τὸν
758 2611 869 2646 βασιλέα
883 2610 930 2636 καὶ

146 2658 255 2684 πάππον
269 2658 362 2689 αἰδοῦς
382 2659 429 2684 καὶ
447 2656 620 2693 κηδεμονίας,
644 2654 666 2684 ὧ
688 2657 811 2692 βασιλεῦ,
835 2656 931 2683 πολλαί

146 2711 184 2730 σοι
199 2703 276 2738 παρὰ
296 2703 335 2738 τῷ
348 2703 457 2739 μεγάλῳ
475 2705 523 2731 καὶ
534 2704 653 2739 οὐρανίῳ
678 2703 782 2738 βασιλεῖ
793 2703 931 2729 κείσονταί

144 2749 269 2783 χάριτες·
286 2751 333 2776 καὶ
353 2750 369 2784 ἢ
388 2750 535 2784 μεταδαλεί
556 2751 605 2781 τὰς
621 2749 733 2783 γνώμας
748 2749 802 2775 τῶν
821 2748 932 2774 επιϐου-

144 2795 284 2827 λευόντων,
311 2795 327 2830 ἢ
345 2795 447 2821 κακοῦν
466 2796 650 2831 ὡρμημένων,
666 2794 748 2826 αὐτὸς
762 2795 831 2830 ὑπὲρ
853 2795 931 2829 ἡμῶν

144 2843 308 2877 πολεμήσει·
327 2841 376 2867 τοῦ
404 2850 432 2867 τε
450 2842 582 2876 βασιλέως
599 2841 647 2876 τῆς
665 2842 704 2873 είς
723 2842 804 2868 αὑτὸν
823 2840 930 2872 εὐνοίας

736 131 1011 163 HISTORIARUM
1028 130 1145 161 LIBER
1165 129 1186 160 ῐ.

1712 129 1769 162 -ιὶθ

946 194 968 218 Α
983 186 1137 220 singulares
1160 193 1210 220 ago
1235 185 1345 221 gratias,
1367 185 1439 220 quod
1460 192 1546 220 usque
1561 185 1594 212 ad
1613 185 1682 213 hanc
1699 186 1770 213 diem

985 231 1052 257 nulli
1069 235 1190 258 vestrum
1207 238 1254 257 sua
1268 230 1294 257 in
1311 238 1354 257 me
1369 231 1513 258 inclinatio
1524 231 1676 257 voluntatis
1688 230 1770 265 quid-

984 284 1065 311 quam
1091 277 1195 303 creavit
1220 276 1387 303 incommodi
1411 285 1417 303 :
1446 284 1535 310 neque
1556 280 1632 302 extra
1657 283 1705 302 vos
1724 275 1771 302 ulli

983 323 1142 349 mortalium
1167 327 1322 349 nostrarum
1350 322 1584 349 consultationum
1610 329 1708 348 arcana
1729 330 1775 356 pn-

985 367 1083 395 telacla
1109 373 1182 394 sunt.
1208 368 1286 400 Quod
1311 369 1343 394 ad
1370 377 1413 395 me
1437 368 1547 399 attinet,
1572 373 1601 394 ut
1619 372 1727 402 potero.
1747 373 1774 394 et

984 417 1015 439 nt
1039 414 1109 440 Deus
1133 414 1272 443 aunuerit,
1295 414 1320 440 in
1347 413 1469 447 periculo
1492 421 1554 440 meo
1582 422 1624 441 me
1638 415 1772 440 tractabo.

985 459 1118 493 Equidem
1138 467 1192 485 non
1210 460 1316 494 ignoro,
1333 459 1355 485 si
1379 459 1405 485 in
1421 467 1510 494 pugna
1537 461 1705 490 occubuero,
1722 458 1775 495 3ﬁ.

985 511 1034 530 vos
1059 503 1141 530 morti
1165 511 1231 531 nieze
1253 503 1471 538 illacrymaturos
1488 504 1602 537 aﬂ'atim,
1620 503 1773 539 frequenti—

985 557 1038 583 que
1061 557 1092 576 ac
1111 549 1193 583 longo
1215 549 1279 576 ﬂetu
1300 549 1418 575 amicum
1435 554 1639 583 prosccuturos,
1656 551 1679 577 si
1693 551 1774 577 modo

985 595 1095 630 aliquod
1109 595 1238 622 amicitia:
1255 596 1382 621 meritum
1403 596 1535 622 memoria
1546 595 1618 622 haud
1632 596 1773 630 indignum

987 641 1013 668 in
1033 649 1082 667 vos
1097 641 1239 668 collocavi.
1256 641 1332 672 Quod
1350 641 1372 667 si
1388 641 1421 668 ad
1437 641 1611 676 superstitem
1621 641 1712 668 denuo
1726 650 1774 669 vos

984 686 1134 722 adiungere
1165 688 1320 720 volueritis,
1348 696 1402 714 non
1427 688 1481 715 erit
1504 688 1560 714 ullo
1576 688 1774 722 impedimeer

985 732 1037 759 ista
1059 739 1119 766 qua:
1139 740 1212 759 nunc
1233 732 1262 759 ﬁt
1285 733 1356 760 inter
1381 741 1430 760 nos
1448 733 1607 760 dissociatio
1623 743 1629 760 :
1645 734 1772 760 eumdem

984 778 1086 813 quippe
1110 786 1152 805 me
1172 786 1291 813 semper,
1317 784 1398 813 atque
1432 783 1461 806 ut
1481 787 1564 812 nunc,
1581 779 1664 806 vestri
1681 787 1777 806 amau-

985 829 1038 851 tem
1058 825 1213 852 invenietis.
1230 824 1269 852 Ne
1283 832 1350 852 vero
1369 825 1555 857 arbitremini.
1581 829 1628 852 aut
1648 825 1777 853 hanc'se-

949 869 968 896 Β
984 869 1154 904 parationem
1168 870 1234 897 mihi
1253 878 1308 897 non
1325 871 1469 898 molestam
1485 871 1624 903 accidere.
1650 876 1697 898 aut
1714 879 1776 904 vos,

985 925 1035 944 ceu
1061 917 1189 944 homines
1208 917 1288 944 nauci
1311 925 1325 944 a
1343 924 1387 944 me
1411 916 1487 952 rejici
1513 917 1539 944 in
1557 917 1714 952 praesentia.
1738 917 1775 944 Ex

985 971 1039 998 quo
1063 964 1137 991 enim
1152 963 1225 990 hunc
1240 971 1395 990 sermonem
1420 971 1500 991 orsus
1524 972 1597 997 sum,
1615 973 1649 992 ex
1670 965 1774 999 cogita-

986 1010 1060 1038 tione
1087 1010 1276 1037 distractionis
1295 1015 1395 1037 nostra:
1413 1010 1555 1039 doloribus
1571 1013 1665 1039 multis
1681 1020 1777 1039 cuum-

985 1054 1058 1081 latus
1072 1058 1114 1081 est
1129 1054 1196 1081 mihi
1213 1055 1321 1082 animus
1336 1063 1343 1081 :
1361 1055 1411 1083 etsi
1440 1063 1481 1083 me
1497 1057 1523 1083 in
1540 1061 1680 1090 posterum
1695 1057 1773 1092 plura

984 1104 1012 1126 et
1027 1100 1218 1128 vehementius
1233 1100 1383 1128 doliturum
1400 1102 1496 1128 sciam.
1514 1101 1566 1129 Sed
1583 1103 1712 1136 quoniam
1731 1109 1775 1129 res

986 1145 1013 1171 ili
1040 1144 1219 1180 tranquillum
1239 1145 1358 1172 conferri
1387 1154 1440 1173 non
1461 1151 1595 1181 possunt,
1614 1147 1686 1181 quod
1703 1147 1775 1175 ferre

985 1195 1104 1226 oportet.
1122 1191 1252 1218 feramus.
1266 1191 1339 1228 Ergo
1355 1192 1389 1223 si.
1408 1198 1439 1220 ut
1455 1192 1592 1226 dicebam,
1609 1194 1773 1228 antegressis

986 1238 1202 1273 cogitationibus
1224 1238 1404 1270 insistentes.
1425 1239 1507 1266 saluti
1534 1245 1635 1267 nostra:
1663 1241 1771 1274 prospi-

985 1290 1048 1310 cere
1062 1304 1068 1315 ,
1092 1287 1120 1310 et
1145 1283 1276 1311 adversus
1292 1292 1373 1310 avum
1388 1284 1458 1310 nihil
1478 1285 1676 1312 inconveniens
1691 1285 1775 1312 medi-

986 1328 1036 1354 tari
1062 1329 1249 1361 institueritis,
1273 1329 1356 1356 rebus
1373 1330 1491 1363 agundis
1505 1331 1634 1358 comitem
1655 1339 1697 1359 me
1711 1339 1776 1366 pro-

985 1372 1084 1399 ﬁtebor
1106 1381 1113 1399 :
1136 1374 1178 1400 sin
1201 1374 1253 1400 alia
1287 1375 1366 1402 vobis
1397 1383 1485 1408 mens,
1512 1376 1566 1403 hoc
1594 1385 1679 1404 unum
1693 1378 1778 1405 relino

985 1419 1089 1454 quitur,
1119 1425 1148 1446 ut
1164 1420 1249 1447 multa
1265 1420 1336 1448 bona
1349 1422 1385 1448 ob
1401 1422 1566 1448 declaratam
1586 1423 1613 1450 in
1631 1430 1674 1450 me
1690 1423 1777 1450 bene-

985 1465 1134 1492 volentiam
1158 1465 1238 1493 vobis
1254 1474 1268 1493 a
1284 1466 1338 1494 Deo
1357 1472 1496 1502 precatus,
1513 1467 1571 1502 ipse
1591 1469 1658 1496 mihi
1673 1470 1705 1496 ad
1722 1470 1775 1497 uti.

986 1511 1089 1538 litatem
1107 1519 1196 1538 meam
1214 1520 1329 1546 promus
1342 1513 1448 1541 condus
1466 1513 1539 1541 llam.
1562 1514 1608 1541 [iis
1621 1516 1722 1542 auditis
1736 1516 1775 1543 illi

986 1557 1033 1584 diu
1053 1557 1125 1584 inter
1145 1565 1174 1585 se
1191 1559 1323 1593 aspicere.
1344 1563 1371 1586 et
1393 1559 1523 1587 admirari
1541 1560 1681 1595 ingenium
1694 1562 1775 1596 juve-

987 1603 1042 1634 nis,
1056 1603 1125 1631 adeo
1141 1604 1174 1630 ad
1194 1604 1365 1631 honestatem
1384 1605 1543 1640 grassantis.
1566 1612 1596 1634 ut
1623 1606 1656 1634 de
1670 1607 1775 1642 pudore

987 1653 1014 1675 et
1041 1649 1194 1676 reverentia
1211 1657 1281 1684 ,erga
1298 1658 1378 1676 avum
1396 1651 1465 1678 nihil
1481 1651 1660 1684 diminueret,
1679 1661 1777 1688 quam-

987 1695 1026 1721 vis
1044 1694 1088 1722 ille
1112 1695 1200 1722 tristia
1220 1696 1305 1723 multa
1329 1697 1516 1724 remetiretur.
1534 1699 1600 1725 Dein
1623 1703 1774 1732 protoslra-

986 1746 1029 1768 tor
1050 1742 1090 1769 sic
1113 1742 1208 1777 incipit
1225 1752 1231 1769 :
1251 1743 1316 1775 Nos,
1338 1743 1500 1778 imperator,
1514 1745 1548 1772 de
1567 1745 1620 1772 luis
1631 1750 1713 1779 anne
1726 1753 1776 1773 uo-

985 1788 1049 1815 stris
1061 1789 1213 1816 commodis
1227 1789 1348 1821 solliciti,
1361 1798 1422 1825 quae
1435 1798 1468 1818 eo
1485 1791 1575 1818 facere
1593 1793 1770 1827 putabamus.

984 1834 1193 1862 edisseruimus.
1207 1835 1284 1868 Quod
1302 1841 1394 1863 autem
1412 1837 1445 1864 de
1458 1845 1508 1864 avo
1521 1839 1724 1870 consuluimus.
1746 1840 1772 1866 in

985 1889 1018 1908 eo
1043 1888 1098 1907 non
1124 1881 1176 1908 hoc
1200 1889 1284 1908 unum
1301 1883 1496 1916 spectavimus,
1511 1888 1541 1910 ut
1557 1885 1629 1920 malo
1642 1886 1774 1912 multare-

985 1930 1039 1957 tur,
1064 1933 1158 1952 verum
1184 1930 1214 1952 ut
1236 1934 1271 1954 ne
1299 1927 1333 1953 ad
1357 1926 1458 1953 bellum
1480 1933 1605 1962 apertum
1619 1930 1774 1963 veniretur,

985 1978 1087 2007 tuoque
1115 1973 1197 2008 capiti
1223 1982 1302 2001 casus
1325 1974 1425 2009 aliquis
1443 1976 1556 2010 gravior
1574 1976 1747 2010 impenderet
1765 1987 1772 2004 :

984 2018 1010 2045 id
1033 2019 1106 2045 enim
1130 2023 1185 2051 est.
1214 2019 1286 2053 quod
1307 2020 1431 2046 omnium
1457 2020 1571 2047 minime
1593 2021 1720 2050 velimus.
1740 2021 1774 2049 Et

983 2071 1045 2090 cum
1072 2065 1246 2091 securitatem
1273 2065 1463 2100 honoremque
1485 2066 1528 2093 avi
1557 2071 1609 2094 tuae
1620 2055 1704 2094 saluti
1732 2068 1773 2095 in-

983 2109 1200 2152 columitatique‘
1214 2111 1353 2146 praeferas.
1374 2112 1445 2146 quod
1477 2112 1676 2145 intelleximus.
1698 2115 1774 2142 subit

982 2163 1033 2182 nos
1056 2157 1138 2192 hujus
1164 2155 1398 2192 magnanimitatis
1422 2163 1449 2185 et
1466 2158 1581 2193 iustitia:
1611 2159 1771 2191 admiratio.

947 2212 967 2239 ι)
984 2207 1010 2229 et
1033 2210 1094 2236 qua
1116 2203 1191 2230 voles
1217 2204 1420 2238 praestabimus,
1438 2205 1569 2239 iustaque
1593 2210 1620 2232 et
1636 2206 1712 2233 utilia
1727 2211 1774 2234 tuo

980 2248 1085 2284 judicio
1108 2249 1268 2276 metiemur.
1294 2250 1373 2282 Quod
1397 2258 1462 2277 vero
1479 2255 1558 2278 antea
1577 2252 1701 2279 Ora-tione
1718 2254 1773 2280 dis-

983 2295 1152 2329 crepuimus.
1166 2303 1221 2322 non
1240 2296 1267 2322 id
1284 2296 1377 2323 studio
1397 2296 1577 2324 dissentiendi
1596 2297 1698 2324 factum
1716 2304 1769 2330 est,

983 2340 1029 2366 sed
1054 2345 1084 2366 ut
1107 2348 1141 2367 ne
1155 2341 1219 2375 quid
1235 2348 1330 2368 eorum
1352 2349 1413 2376 quae
1426 2346 1534 2376 tempus
1548 2342 1710 2377 postularet,
1725 2350 1748 2369 ιιι
1761 2351 1774 2370 s

983 2385 1167 2413 indiscussum
1191 2387 1355 2421 praateriret.
1375 2387 1494 2415 Proinde
1517 2395 1580 2415 cum
1598 2388 1672 2415 omni
1686 2388 1774 2415 ambi-

982 2432 1084 2466 guitate
1108 2433 1215 2460 sublata
1241 2433 1387 2461 sententiis
1397 2441 1595 2468 congruamus,
1616 2433 1670 2461 hoc
1684 2435 1773 2461 solum

983 2480 1078 2508 restat,
1102 2481 1132 2503 ut
1157 2478 1268 2504 omissis
1292 2478 1479 2510 sermonibus,
1502 2478 1536 2505 ad
1554 2478 1580 2505 id
1594 2479 1667 2513 quod
1682 2478 1772 2512 datur,

983 2522 1186 2557 aggrediamur.
1210 2523 1359 2558 Postquam
1379 2523 1546 2559 Syrgiannes
1562 2524 1662 2551 deinde
1676 2532 1709 2552 ex
1725 2532 1774 2551 sua

983 2569 1047 2595 item
1070 2573 1163 2595 mente
1182 2569 1305 2596 locutum
1320 2574 1549 2604 protostratorem
1569 2570 1770 2604 pronuntiavit.

982 2618 1010 2640 et
1032 2613 1083 2640 hoc
1095 2613 1128 2640 ad
1141 2613 1409 2642 commendationem
1429 2615 1537 2649 nepotis
1548 2615 1658 2650 adjecit.
1670 2617 1705 2642 ob
1719 2615 1774 2650 35

984 2660 1055 2686 hanc
1076 2659 1258 2686 reverentiam
1280 2663 1362 2694 atque
1386 2667 1481 2686 curam
1507 2661 1550 2688 avi
1577 2661 1663 2688 multa
1693 2660 1772 2687 illum

983 2705 1055 2739 apud
1076 2713 1214 2740 maguum.
1230 2706 1427 2741 ccelesbemquc
1446 2708 1641 2742 imperatorem
1661 2715 1772 2735 manere

984 2751 1106 2785 pra-mia,
1126 2751 1173 2784 qui
1189 2756 1237 2778 aut
1254 2752 1455 2780 malevolorum
1471 2754 1587 2781 consilia
1603 2758 1770 2785 mutaturus,

983 2801 1030 2823 aut
1051 2797 1084 2823 ad
1109 2797 1261 2824 nocendum
1292 2800 1538 2834 prorumpentibus
1559 2807 1608 2834 pro
1626 2799 1770 2827 defensore

983 2843 1094 2870 obviam
1115 2843 1213 2877 iturus
1228 2849 1299 2871 esset
1319 2853 1325 2870 :
1349 2846 1395 2872 ubi
1413 2853 1499 2880 nepos
1514 2853 1625 2881 quoque
1637 2846 1670 2874 de
1681 2845 1778 2883 bene-_
