1913 3074
131 146 177 180 ll?!

710 147 982 178 HISTORIARUM
1004 149 1119 180 LIBER
1140 150 1164 180 Ι.

1692 145 1741 179 114

127 212 189 235 νως,
221 201 290 228 ἀλλὰ
305 201 585 236 κατεσπουδασμὲνως
602 203 649 228 καὶ
664 202 715 229 ’σὺν
727 203 804 238 τάχει
820 203 910 238 πολλῷ

967 205 1164 236 cunctandum,
1182 212 1271 240 neque
1287 204 1414 240 aequabili
1444 208 1470 231 et
1488 203 1564 231 lento
1591 211 1671 238 passu
1695 204 1743 231 bo-

126 250 179 284 χρή
193 256 201 264 ·
224 248 268 274 ἴνα
284 248 323 282 μὴ
338 249 391 282 πρὸ
415 247 462 274 τοῦ
487 249 561 282 ἡμᾶς
574 248 732 281 ἀφικέσθαι,
747 248 796 284 τὴν
818 249 909 282 ἄτριξιν

125 295 206 328 ἡμῶν
228 294 388 328 πυθόμενοι,
409 293 606 328 βουλεύσωνται
618 294 689 320 κατὰ
707 295 786 328 σφᾶς,
804 295 840 329 μὴ
854 297 912 321 είσ-

124 340 252 372 δέξασθαι
266 340 340 373 ἡμᾶς
359 341 391 373 τῇ
406 339 495 372 πόλει,
524 341 570 365 καὶ
586 339 717 372 γένωνται
736 340 910 374 παράδειγμα

127 386 175 412 καὶ
187 387 249 417 ταῖς
279 385 373 416 ἄλλαις
401 385 434 411 τὰ
462 385 507 411 ῐσα
532 385 610 420 δρᾷν.
637 385 694 412 ἀλλ’
714 386 812 416 αὐτοὺς
837 386 910 420 ἡμᾶς

127 432 270 465 ἀγγέλλειν
295 439 325 457 τε
357 430 405 465 τὴν
433 430 525 465 ἄφιξιν
540 431 630 465 ἡμῶν,
655 432 701 458 καὶ
723 432 847 466 κατέχειν
860 431 909 466 τὴν

126 477 205 502 πόλιν
220 484 227 492 ·
246 477 277 503 οὑ
295 477 349 511 μὴν
363 476 431 503 ἀλλά
444 477 491 502 καὶ
507 476 537 502 τὸ
552 477 621 503 κατὰ
637 477 756 512 γαστρδς
768 477 839 512 ἔχειν
860 478 910 513 τὴν

128 521 265 554 βασιλίδι,
282 521 312 546 οὗ
336 520 435 555 μικρὸν
449 520 565 555 κώλυμα
581 521 650 555 πρὸς
669 521 699 547 τὸ
716 521 829 556 ἀνδράσι
842 522 909 556 φεύ-

126 575 222 599 γουσιν
235 566 401 593 ἀκολουθεῖν.
421 565 460 592 Δι’
476 566 493 593 ἃ
509 567 540 601 δὴ
565 566 652 593 πάντα
667 567 815 601 προσήκειν
829 568 911 602 ἡγοῦ-

127 621 186 645 μαι,
206 612 308 645 ταύτην
333 612 381 647 μὲν
400 612 447 646 ἐᾷν
464 613 525 639 καθ’
544 612 658 647 ἡσυχίαν
677 613 781 646 μένειν,
794 614 868 648 ἡμᾶς
883 613 910 639 δὲ

125 657 339 684 διακινδυνεύειν
349 666 356 672 '
369 657 420 684 κᾶν
439 657 487 692 μὲν
502 658 567 692 ἡμῖν
578 659 612 683 τὰ
628 657 780 692 πράγματα
795 659 909 693 χωρήσῃ

125 703 198 728 κατὰ
215 702 278 729 νοῦν
295 702 363 728 Θεοῦ
375 703 552 737 βουλομένου,
569 703 624 730 τότ’
640 704 690 738 ἤδη
705 704 752 730 καὶ
770 704 817 737 τὴν
833 705 911 739 βασι-

126 749 186 774 λίδα
204 749 417 783 μεταχαλεῖσθαι
444 749 511 775 ὅπου
537 758 588 784 περ
604 749 637 776 ἃν
691 750 828 784 βασιλεὺς,
846 751 870 776 εἰ
888 751 910 777 δ’

127 795 258 825 ἐναντίως
275 794 290 829 ἢ
305 794 452 828 ἐλπίζομεν
466 794 596 828 ἀποσαίη,
612 795 697 828 αὐτὴν
710 795 775 829 γοῦν
787 796 815 821 ὲν
825 797 912 830 ἀσφα-

129 839 190 874 λείᾳ
213 838 295 867 εἶναι.
321 839 433 870 Τούτοις
452 841 508 870 τοῖς
531 840 622 873 λόγοις
638 840 676 872 ὡς
699 841 787 872 καλῶς
804 841 910 876 ἔχουσιν

127 885 366 919 ἑπιψηφισάμενος
382 887 395 911 ό
418 885 544 919 βασιλεὺς
568 886 617 912 σὺν
633 888 691 917 τοῖς
714 886 815 919 ἄλλοις,
837 888 911 914 ἐσκέ-

130 932 228 957 πτοντο
242 932 306 966 περὶ
322 931 370 957 τοῦ
387 931 451 957 πότε
467 932 513 957 καὶ
527 932 602 963 ὅπως
612 932 661 967 τὴν
675 933 847 968 ἀναχώρησιν
858 933 912 968 χρὴ

129 985 164 1002 πο
175 976 278 1003 εἰσθαι.
305 977 438 1010 ὐρῶντες
457 977 486 1003 δὲ
513 978 560 1003 καὶ
586 978 649 1009 τοὺς
673 978 832 1009 ἐπιλοίπους
862 979 912 1014 τῆς

130 1020 284 1054 συγκλήτου
309 1022 356 1048 καὶ
382 1023 444 1053 τοὺς
463 1023 490 1048 ὲν
512 1023 625 1049 τέλειὲν
650 1023 729 1058 δεινῷ
753 1025 912 1059 τιθεμένους

130 1067 179 1101 τὴν
196 1067 251 1092 τῶν
268 1067 400 1101 βασιλέων
416 1068 560 1103 διαφορὰν,
579 1069 625 1096 καὶ
638 1070 730 1096 κακῶν
747 1071 858 1104 νιφάδας
873 1071 912 1105 τῷ

131 1113 214 1148 κοινῷ
228 1113 282 1139 τῶν
302 1114 446 1148 Ῥωμαίων
459 1115 488 1140 οὺ
507 1116 622 1150 μετρίας
644 1117 851 1151 προσδοκῶντας
867 1119 913 1145 καὶ

133 1158 314 1192 περὶτούτων
331 1160 397 1193 πρὸς
414 1159 544 1194 ἀλλήλους
569 1161 612 1187 ἀεὶ
629 1162 847 1196 διαλεγομένους,
867 1163 913 1191 καὶ

133 1204 332 1239 προσδοκίμους
347 1205 427 1236 ὄντας
451 1207 500 1232 καὶ
525 1206 630 1240 βασιλεῖ
655 1208 826 1240 διαλέξεσθαι
850 1211 913 1245 περὶ

132 1250 179 1276 τοῦ
197 1250 235 1285 μὴ
249 1251 305 1277 δεῖν
327 1251 509 1286 νεωτερίζειν,
528 1252 585 1279 ἀλλ’
603 1254 650 1289 ὲᾷν
672 1254 717 1280 τὸν
737 1254 847 1289 ἔγγονον
868 1257 915 1283 ἐπὶ

133 1297 273 1331 σχήματος
285 1297 366 1328 εἶναι,
378 1298 415 1329 ὡς
430 1299 557 1332 μεγάλων
567 1300 660 1326 κακῶν
676 1301 766 1332 αἰτίας
781 1302 914 1337 ἐσομένης

133 1343 179 1369 καὶ
191 1343 315 1377 ταραχῆς
330 1344 379 1378 τῆς
395 1345 531 1379 τοιαύτης
544 1345 752 1381 ὲπιχειρήσεως,
769 1347 829 1373 ἐπεὶ
842 1348 914 1381 ἔδοξε

134 1391 279 1425 καρτερεῖν
294 1391 324 1416 τὸ
340 1391 436 1426 μέλλον
450 1391 639 1425 ἀποϐήσεσθαι
659 1393 838 1426 σκοποῦντας,
853 1394 916 1426 ἐξα-

135 1436 311 1462 πυστὲλλουσι
324 1436 389 1476 πρρς
405 1437 516 1471 Θρᾴκην
529 1437 574 1463 τὸν
587 1438 756 1477 ξυργιάννην
769 1439 819 1473 τῆς
830 1440 915 1474 ἀρχῆς

135 1481 381 1517 ἐπιμελησόμενον,
396 1483 473 1509 αὐτοὶ
491 1483 519 1510 δὲ
534 1485 771 1519 προσεκαρτέρουν
784 1487 816 1519 τῇ
837 1487 916 1512 Κων-

960 258 1026 277 num
1048 255 1156 285 tempus
1171 251 1372 278 conterendum
1390 260 1397 278 :
1417 251 1465 278 sed
1487 251 1568 278 enixe
1594 255 1622 278 et
1637 250 1742 277 accele-

960 301 1021 323 rato
1037 297 1121 331 gradu
1142 297 1337 325 ambulandum
1357 301 1408 326 est.
1427 304 1459 324 ne
1475 301 1622 331 anteqttam
1643 303 1741 331 perve-

961 342 1080 372 niamus,
1096 342 1193 370 incolae
1207 342 1326 370 adventu
1339 347 1433 369 nostro
1449 347 1600 376 praecepto,
1616 341 1741 368 unanimi

961 394 1098 414 consensu
1119 387 1189 414 urbe
1207 395 1256 415 nos
1280 393 1404 420 arceant,
1432 388 1602 423 reliquisque
1624 387 1742 414 urbibus

961 433 994 460 ad
1011 433 1129 460 similent
1147 433 1291 460 audaciam
1314 434 1439 468 exemplo
1459 441 1509 461 suo
1535 438 1654 468 praeeant
1669 441 1675 463 ;
1692 433 1742 460 sed

962 483 993 506 ut
1009 480 1119 514 ipsintet
1144 480 1272 507 ntttttiutn
1296 480 1432 507 adventus
1447 479 1533 507 nostri
1551 485 1740 514 apportetnus,

962 524 1115 559 urbemque
1143 533 1321 560 occupemus.
1347 525 1416 552 illud
1432 525 1544 559 insuper
1573 524 1740 559 imperatrici

962 570 995 597 ad
1011 571 1197 598 comitandam
1211 572 1335 598 virorunt
1354 570 1446 605 fugam
1469 578 1524 598 tton
1547 570 1601 598 levi
1625 570 1740 604 impedi-

962 623 1055 643 mento
1089 620 1141 648 est,
1162 616 1236 650 quod
1263 621 1372 643 uterum
1402 616 1464 643 fert.
1493 615 1534 643 0b
1560 616 1618 642 inec
1648 615 1740 642 omnia

962 669 1070 695 aquom
1085 660 1191 696 judico,
1212 665 1241 689 ut
1258 660 1303 687 illa
1318 668 1347 688 se
1364 668 1417 687 non
1442 664 1568 693 moveat;
1587 661 1636 686 nos
1650 664 1740 686 autem

961 706 1100 733 fortunam
1118 707 1278 737 subeamus,
1292 711 1330 738 et,
1348 706 1369 732 si
1392 705 1504 740 quidem
1526 712 1581 736 res,
1597 705 1655 731 Deo
1673 704 1740 731 beneI

959 753 1083 785 juvante,
1098 752 1130 778 ad
1143 752 1312 779 voluntatem
1326 751 1447 780 finxerit.
1464 754 1521 777 tutn
1533 751 1587 785 jam
1602 749 1660 784 ipsa
1676 757 1739 783 quo-

961 804 1014 831 que
1028 804 1061 824 eo
1081 801 1252 827 accersatur,
1274 796 1320 823 ubi
1347 796 1447 830 conjux
1472 794 1574 827 fuerit;
1593 794 1635 821 sin
1651 801 1741 824 secus.

963 844 1020 878 ipsa
1041 844 1137 871 saltem
1158 850 1255 871 secura
1274 843 1361 877 degat.
1380 842 1428 870 llis
1447 846 1475 868 ut
1491 842 1624 876 praeclare
1644 840 1738 870 dictis,

962 890 1111 925 imperator
1136 895 1161 917 et
1177 889 1276 924 reliqui
1299 888 1490 923 suﬂragames,
1512 887 1632 922 quando,
1652 893 1742 920 quove

963 940 1042 970 pacto
1087 935 1268 967 secederent,
1304 933 1572 968 circumspiciebant.
1607 933 1741 960 Catertrn

962 989 1023 1008 cum
1047 980 1244 1015 perspicerent,
1265 979 1346 1006 etiam
1376 979 1499 1012 reliquos
1525 982 1581 1004 tum
1603 974 1743 1012 proceres,

963 1031 1020 1053 tum
1034 1027 1211 1061 magistratus
1224 1025 1338 1053 dissidio
1353 1025 1552 1059 imperatorum
1567 1022 1688 1057 graviter
1703 1022 1743 1048 of-

964 1073 1049 1104 fendi.
1069 1072 1314 1107 calamitatumque
1338 1069 1517 1098 densissintos
1543 1069 1646 1096 imbres
1667 1076 1743 1095 com-

964 1117 1039 1146 muni
1065 1118 1253 1145 Romanorum
1272 1117 1336 1144 ittde
1357 1121 1491 1148 metuere,
1516 1120 1544 1142 et
1569 1123 1616 1142 eas
1640 1115 1742 1142 crebris

964 1171 1097 1198 usurpare
1111 1163 1298 1195 sermonibus,
1314 1162 1523 1197 exspectarique
1537 1166 1567 1188 ut
1582 1161 1664 1188 iidem
1681 1169 1743 1187 cum

965 1210 1132 1245 imperatore
1147 1214 1273 1245 agerent,
1291 1217 1325 1236 ne
1342 1208 1409 1243 quid
1430 1209 1492 1235 novi
1508 1212 1536 1234 et
1555 1207 1675 1234 inusitati
1704 1207 1745 1233 itt-

965 1261 1098 1291 ceptaret,
1118 1256 1166 1284 sed
1188 1256 1282 1291 nepoti
1299 1260 1462 1282 ornamenta
1481 1254 1658 1290 imperatoria
1684 1261 1746 1287 per-

966 1304 1107 1336 mitteret;
1132 1302 1209 1337 quod
1234 1301 1336 1336 alioqui
1364 1301 1471 1328 molitio
1497 1301 1570 1328 senis
1593 1300 1746 1335 ingentium

966 1347 1203 1384 incommodorum
1221 1353 1253 1373 ac
1269 1350 1395 1372 motuum
1425 1345 1515 1372 futura
1530 1348 1603 1372 esset
1619 1345 1744 1375 materia.

966 1393 1135 1425 durandum,
1149 1396 1176 1420 et
1187 1399 1241 1426 quo
1259 1399 1302 1418 res
1316 1390 1456 1423 evaderet,
1471 1389 1673 1417 observandum
1686 1397 1747 1417 esse

967 1443 1148 1467 censuerunt.
1163 1438 1259 1472 itaque
1270 1437 1424 1472 Syrgianne
1436 1436 1462 1463 in
1474 1435 1618 1463 Thraciam
1631 1436 1664 1463 ad
1677 1443 1747 1469 pra:-

968 1485 1080 1512 fe‘cturae
1097 1491 1154 1511 suae
1173 1490 1274 1510 munus
1290 1483 1414 1515 dimisso,
1437 1482 1529 1509 caeteri
1549 1481 1748 1509 Constantino-

137 1527 289 1554 σταντίνου.
316 1529 360 1554 Ἐν
376 1529 480 1560 τούτοις
496 1529 524 1555 δὲ
538 1530 592 1556 τῶν
610 1530 781 1565 πραγμάτων
794 1530 888 1564 ὄντων,
905 1532 916 1558 ὁ

969 1530 1025 1565 poli
1042 1531 1145 1557 haerere
1158 1532 1345 1563 perseverant.
1359 1528 1386 1554 in
1408 1527 1461 1554 hoe
1484 1534 1578 1554 rerum
1600 1530 1672 1554 statu
1688 1533 1748 1552 ma-

137 1573 225 1608 μέγας
241 1574 418 1605 κονοσταῢλος
441 1574 549 1609 Μιχαὴλ
574 1575 588 1601 ὁ
608 1576 741 1611 Τορνίκης
770 1576 918 1612 (μητρόθεν

137 1620 188 1654 μὲν
217 1620 287 1646 κατὰ
310 1621 386 1654 γένος
414 1622 562 1655 προσήκων
590 1621 628 1656 τῷ
662 1622 839 1658 πρεσϐυτέρῳ
863 1623 917 1650 τῶν

138 1666 282 1701 βασιλέων,
294 1666 342 1693 καὶ
351 1665 452 1701 πολλῆς
464 1666 607 1701 εὐμενείας
616 1667 759 1694 ἀπολαύων
768 1667 832 1703 παρ’
843 1668 918 1703 αὐτῷ

137 1713 186 1740 καὶ
213 1713 308 1747 τιμῆς,
326 1712 356 1738 οὒ
387 1713 466 1746 μόνον
483 1712 527 1739 διὰ
541 1712 590 1748 τὴν
610 1713 780 1747 συγγένειαν,
798 1714 855 1740 ἀλλ’
877 1715 918 1742 ὅτι

138 1759 186 1785 καὶ
211 1758 309 1793 φρενὸς
325 1755 360 1793 ἦν
374 1758 497 1793 βαθείας,
513 1758 560 1784 καὶ
585 1759 647 1790 τοὺς
666 1759 784 1793 τρόπους
806 1759 917 1793 ἀγαθὸς,

137 1804 274 1839 καὶπρὸς
288 1803 337 1834 τὰς
351 1803 485 1838 ἐπαρχίας
500 1800 537 1831 ὧν
552 1801 620 1839 ἦρξε
643 1804 777 1839 βασιλέως
791 1805 917 1838 διδόντος,

137 1849 328 1884 εὖνομώτατος
340 1850 386 1876 καὶ
401 1849 611 1881 σπουδαιότατος
626 1849 738 1885 ἐφάνη),
750 1847 829 1882 οὗτος
837 1851 869 1885 δὴ
884 1852 917 1886 τῇ

135 1896 206 1930 πρὸς
220 1896 302 1922 αὐτὸν
315 1895 443 1930 εὐμενείᾳ
457 1895 504 1921 τοῦ
520 1894 651 1930 βασιλέως
672 1895 821 1931 Θαρρήσας,
837 1905 920 1931 προσ-

135 1941 203 1975 ἦλοέ
225 1949 255 1967 τε
275 1941 321 1967 καὶ
332 1940 454 1975 διελέχθη
467 1940 557 1975 κρύφα
571 1940 636 1975 περὶ
648 1940 778 1975 βασιλέως
791 1941 837 1967 τοῦ
847 1942 919 1974 νέου,

138 1987 171 2013 τὸ
183 1987 295 2017 ἄτοπον,
309 1985 347 2016 ὡς
366 1985 451 2016 είκδς,
467 1986 522 2012 τῶν
538 1985 733 2020 μελετωμένων
748 1987 919 2020 ὑποδεικνὺς,

139 2032 185 2058 καὶ
204 2031 242 2062 ὡς
257 2030 362 2057 πολλῶν
374 2030 462 2056 ἔσοιτο
484 2030 631 2065 συμφορῶν
641 2030 727 2057 αίτιον
745 2032 778 2067 τῇ
796 2031 920 2067 βασιλείᾳ

144 2077 298 2112 Ῥωμαίων,
314 2076 347 2103 ἄν
363 2085 392 2102 τε
408 2076 567 2111 κατορθωθῇ
579 2076 610 2102 το
626 2076 825 2111 μελετώμενον,
842 2077 875 2104 ἄν
889 2086 919 2104 τε

141 2123 190 2158 μή.
206 2122 243 2149 Τὸ
269 2122 291 2148 δ’
307 2121 374 2148 αὐτὸ
395 2121 475 2148 τοῦτο
501 2123 547 2149 ttat
563 2121 716 2157 Μετοχίτης
743 2121 890 2157 λογοθέτης
906 2125 920 2150 ὁ

142 2166 237 2200 μέγας,
253 2165 283 2196 ὃς
301 2164 449 2199 μεσιτεύων
465 2165 514 2199 μὲν
528 2167 588 2191 τότε
602 2167 634 2200 τῇ
655 2166 785 2201 διοικήσει
804 2167 857 2193 τῶν
874 2167 920 2202 βα-

141 2211 253 2238 σ.λικῶν
269 2210 437 2245 πραγμάτων
455 2209 500 2246 ἦν,
510 2210 597 2242 ἄλλως
614 2211 642 2237 δὲ
668 2211 808 2246 ἀγχίνους,
825 2213 872 2238 καὶ
890 2213 921 2239 οὐ

143 2257 223 2291 μόνον
241 2257 292 2292 τῆς
316 2257 378 2283 καθ’
396 2257 478 2291 ἡμᾶς,
496 2256 564 2283 ἀλλὰ
583 2256 691 2290 καὶτῆς
707 2256 759 2288 ἔξω
775 2257 870 2291 σοφίας
883 2257 923 2289 είς

141 2302 227 2338 ἄκρον
251 2302 389 2338 ὲληλακώς
405 2310 413 2318 ·
429 2303 478 2337 τὴν
503 2302 557 2337 γὰρ
579 2302 762 2338 ἀστρονομίαν
785 2302 838 2328 ἀπό
851 2311 921 2334 τινος

142 2349 287 2384 Βρυεννίου
302 2348 405 2383 φαύλας
420 2348 497 2379 τινὰς
512 2348 560 2374 καὶ
573 2348 623 2375 οὐκ
638 2348 762 2383 ἀκριόεῖς
775 2349 852 2381 ,πάνυ
869 2357 922 2376 πα-

144 2395 269 2430 ραλα6ὼν
283 2395 380 2430 ἀρχὰς,
403 2393 484 2425 αὐτὸς
507 2393 582 2425 ίδίοις
597 2393 688 2425 πόνοις
705 2394 921 2429 ἐξηκριὸώσατο,

970 1582 1040 1610 gnus
1054 1573 1246 1602 contoslttulus
1266 1572 1380 1600 Michael
1400 1572 1532 1599 Tornices
1548 1572 1604 1606 (qui
1622 1576 1749 1598 materno

969 1627 1069 1656 genere
1086 1621 1277 1654 imperatorem
1291 1618 1428 1645 seniorem
1446 1618 1608 1652 attingebat,
1622 1624 1673 1645 nec
1697 1623 1749 1651 po-

971 1670 1106 1693 stremum
1127 1665 1220 1699 gratiae
1236 1669 1264 1691 et
1288 1663 1460 1691 auctoritatis
1478 1663 1568 1690 locum
1588 1663 1664 1697 apud
1686 1669 1749 1689 eunt

970 1711 1090 1743 tenebat,
1108 1717 1162 1737 non
1179 1714 1284 1737 tantum
1303 1709 1368 1744 quia
1389 1714 1532 1743 cognatus,
1550 1708 1597 1736 sed
1613 1708 1677 1743 quia
1696 1715 1750 1734 non

970 1757 1076 1790 vulgari
1091 1755 1252 1792 prudentia,
1275 1760 1302 1782 et
1323 1761 1431 1782 morum
1453 1754 1590 1789 probitate
1613 1753 1750 1788 egregius,

970 1807 1052 1838 atque
1070 1811 1084 1830 a
1102 1802 1265 1838 provinciis,
1280 1809 1348 1836 quas
1365 1800 1540 1836 imperatoris
1555 1807 1688 1827 cottcessu
1702 1799 1751 1827 ad-

970 1849 1155 1880 mittistrarat,
1167 1847 1304 1882 aequitatis
1319 1851 1347 1873 et
1358 1846 1526 1879 integritatis
1539 1845 1648 1872 laudem
1665 1844 1751 1871 maxir

970 1902 1041 1921 mam
1060 1893 1271 1928 reportaverat),
1289 1892 1341 1927 37
1357 1891 1403 1919 hic
1428 1891 1512 1926 igitur
1532 1890 1620 1918 fretus
1640 1897 1672 1917 ea
1690 1897 1751 1924 gra-

969 1941 1008 1968 tia
1026 1947 1080 1974 qua
1095 1938 1214 1970 valebat,
1230 1938 1301 1965 clam
1316 1937 1377 1964 aliis
1393 1936 1427 1963 ad
1446 1937 1640 1970 imperatorem
1656 1942 1751 1962 acces-

971 1987 1018 2018 sit,
1041 1990 1151 2012 etcum
1182 1990 1217 2011 eo
1246 1990 1330 2017 super
1354 1985 1452 2017 ttepote
1475 1981 1640 2013 collocutus,
1671 1988 1752 2015 quant

971 2033 1060 2059 aliena
1082 2038 1097 2058 a
1113 2029 1219 2057 ratione
1237 2033 1364 2060 tentaret,
1385 2035 1438 2055 non
1464 2027 1601 2055 immerito
1620 2027 1752 2058 ostendit,

970 2084 1108 2113 quamque
1134 2075 1225 2103 varias
1243 2075 1271 2102 in
1291 2074 1438 2109 imperium
1468 2074 1620 2101 Romanum
1644 2073 1756 2100 calami-

971 2128 1041 2151 tates
1056 2123 1210 2153 inveheret,
1222 2121 1280 2148 sive
1296 2120 1426 2147 meditata
1436 2119 1566 2151 feliciter,
1580 2118 1639 2149 sive
1658 2123 1754 2145 contra

973 2169 1057 2200 irent,
1071 2166 1279 2194 demonstravit.
1293 2165 1322 2192 id
1339 2165 1428 2200 ipsum
1451 2169 1478 2192 et
1490 2172 1605 2199 magnus
1616 2164 1761 2199 logotlteta

974 2212 1139 2242 Metochites
1155 2211 1210 2247 (94)
1229 2211 1367 2246 prtestitit,
1393 2210 1440 2244 qui
1466 2214 1523 2236 tum
1537 2210 1649 2236 domum
1667 2209 1754 2243 impe-

976 2259 1115 2290 ratorium,
1137 2257 1196 2284 sive
1215 2256 1303 2283 aulam
1324 2256 1436 2290 regebat
1450 2256 1517 2290 (95),
1534 2256 1576 2282 vir
1592 2255 1694 2289 alioqui
1710 2262 1757 2281 so-

975 2303 1029 2331 lers
1042 2323 1048 2335 ,
1066 2307 1095 2330 et
1109 2309 1163 2329 non
1176 2301 1341 2329 Christianis
1356 2301 1449 2334 modo,
1467 2300 1514 2328 sed
1532 2300 1654 2327 externis
1669 2301 1752 2326 etiatn

974 2348 1075 2376 litteris
1105 2347 1298 2382 politissimus.
1337 2346 1446 2372 Etenim
1475 2352 1537 2372 cum
1572 2345 1751 2373 astronontite

975 2394 1110 2430 principia
1133 2400 1149 2422 α
1173 2391 1291 2427 quodam
1320 2391 1456 2427 Bryennio
1487 2391 1593 2419 minuta
1613 2395 1641 2418 et
1656 2391 1758 2425 impet-

773 2466 883 2498 Jacobi
900 2466 1032 2497 Pontani
1048 2468 1142 2497 notae.

178 2539 233 2575 (94)
258 2538 323 2565 Erat
332 2541 393 2575 tum
410 2542 500 2575 potius
514 2536 584 2575 apud
597 2538 782 2575 t'm_pera_torem
795 2545 826 2575 ac
837 2545 926 2575 rerum

142 2570 258 2602 omnium
276 2572 425 2599 moderator
449 2570 599 2598 Metochites
620 2571 776 2603 Theodorus,
797 2572 927 2606 logotlteta

142 2608 286 2644 generalis.
304 2607 348 2634 Sic
361 2611 449 2644 autem
461 2607 493 2632 ab
503 2607 668 2644 imperatore
681 2607 831 2644 amabatur,
843 2607 925 2633 tanti-

160 2652 192 2671 ue
206 2643 295 2677 ﬁebat,
311 2646 339 2668 ut
361 2641 464 2668 nullum
483 2642 541 2675 ejus
559 2649 687 2668 arcanum
704 2642 850 2676 ignoraret,
870 2645 924 2668 etc.

154 2680 276 2713 lregoras
292 2677 341 2704 lib.
362 2684 411 2713 vn.

178 2709 233 2747 (93)
254 2711 419 2747 Graecisicr
436 2715 488 2747 est,
510 2710 539 2747 ρς
567 2709 718 2747 μεσιτεύων
742 2710 791 2744 μὲν
812 2710 871 2747 τότε
891 2711 923 2744 τῇ

141 2744 273 2781 διοίκῆτει
284 2746 338 2772 τῶν
350 2745 498 2780 βασιλικῶν
509 2744 553 2780 ἢν,
567 2746 639 2781 quod
653 2753 739 2771 rerum
751 2745 866 2771 omnium
879 2753 925 2778 pro

105 2779 114 2819 ζ
142 2779 300 2819 imperatore
323 2779 525 2810 moderatorem,
547 2788 592 2819 seu
610 2779 736 2819 vicarium
760 2780 926 2819 ittzpefatoris

145 2814 284 2844 transferri
302 2823 383 2850 posse
396 2823 449 2842 non
466 2819 543 2849 puto.
563 2814 669 2841 Etenim
683 2815 731 2850 isti
753 2815 925 2850 μεσάζοντες,

145 2859 192 2879 seu
208 2849 395 2887 μισιτεύοντες
411 2851 466 2881 τοῖς
488 2850 630 2884 πράγμασι
648 2849 693 2876 τοῦ
715 2849 856 2884 βασιλέως,
873 2856 922 2875 seu

958 2565 961 2568 ,
977 2538 1026 2571 τῆς
1039 2537 1180 2572 βασιλίδος
1190 2535 1306 2572 (nam_et
1323 2535 1368 2572 illa
1380 2542 1459 2572 suum
1475 2534 1588 2568 μεσίτην
1599 2534 1694 2572 habuit
1705 2543 1760 2572 mea

976 2569 1117 2603 diutorem,
1148 2571 1181 2597 ad
1217 2569 1343 2598 verbum)
1371 2570 1501 2596 videntur
1525 2576 1579 2596 non
1604 2570 1650 2596 alii
1673 2569 1766 2596 fuisse

976 2615 1059 2641 quam
1083 2606 1204 2640 magistri
1226 2605 1304 2641 anim,
1327 2604 1499 2641 Haﬂfmeister.
1515 2609 1667 2641 curatores,
1688 2611 1759 2639 prte-

977 2639 1040 2668 fecti
1055 2647 1082 2668 et
1096 2639 1252 2668 administri
1268 2647 1359 2666 rerum
1372 2639 1471 2665 domus
1483 2639 1676 2673 imperatoriae,
1689 2646 1760 2672 quos

972 2676 1155 2711 jureconsulli
1186 2679 1285 2711 vocant
1316 2674 1432 2701 comites
1457 2681 1549 2711 rerum
1571 2674 1756 2711 privatarum.

975 2708 1020 2745 ἱιιιί
1039 2711 1149 2745 quidem
1167 2709 1270 2736 assidui
1292 2713 1372 2736 erant
1394 2708 1464 2742 apud
1492 2709 1639 2745 principes,
1662 2715 1758 2745 eorum

973 2742 1055 2780 j'ussa'
1065 2745 1234 2780 excipientes
1256 2748 1287 2780 et
1300 2750 1492 2780 exsequentes.
1509 2744 1661 2777 ΙΙράγματα
1675 2742 1758 2774 igitur

977 2778 1104 2820 βαριλικὰ
1117 2778 1176 2815 quae
1191 2778 1296 2806 fuerint
1313 2779 1363 2806 hoc
1380 2779 1451 2810 loco,
1468 2778 1534 2813 jam,
1552 2782 1581 2804 ut
1600 2785 1673 2809 reor,
1696 2784 1759 2810 pcr-

977 2823 1070 2850 spius.
