1913 3074
118 127 162 159 ill

701 128 976 160 HISTORIARUM
997 128 1115 160 LIBER
1134 129 1159 160 Ι.

1696 128 1745 160 113

116 185 194 218 ἔχων,
208 183 292 219 ήρετο
308 183 355 210 τὸν
368 184 542 225 μηνύσαντα,
562 186 610 213 κού⁸
628 185 743 218 ἀξίωσιν
759 185 901 221 προσθεὶς,

968 189 1012 218 μοι,
1023 189 1050 212 et
1063 183 1194 219 precibus
1207 183 1304 211 orabat
1316 183 1460 215 nuntium,
1475 186 1507 210 ut
1533 183 1555 210 si
1571 182 1637 218 quid
1654 187 1746 210 nosset

115 231 140 256 εί
152 238 179 255 τι
197 229 320 256 σύνοιδεν
337 230 540 264 ἀπαγγέλλεινθ
558 233 574 258 ό
585 231 607 257 δ’
620 230 695 266 ἔλεγε
717 231 826 266 βέϐαιον
854 231 904 266 μὲν

113 275 190 301 οὐδὲν
202 275 294 301 εἰπεῖν
310 275 394 310 ἔχειν,
413 276 594 311 στοχάζεσθαι
607 277 646 308 δὲ,
660 277 706 303 τὸν
721 276 832 303 πάππον
842 276 905 310 βού-

115 319 209 346 λεσθαι
224 322 272 347 καὶ
289 320 406 354 βασιλέα
420 322 467 348 τοῦ
496 323 668 357 πατριάρχου
684 322 732 348 καὶ
753 322 904 357 ἀρχιερέων

115 360 262 402 παρόντων
285 367 382 401 λόγους
403 368 480 400 τινὰς
495 369 564 403 πρὸς
591 368 621 395 σὲ
641 368 755 395 διελθεῖν
767 376 774 384 ο
789 368 815 395 οἵ
831 376 905 399 τινες

114 413 177 438 δὲοὶ
195 413 273 446 λόγοι
295 414 422 448 καὶπρὸς
438 414 465 440 τί
478 414 604 448 φέρουσι,
622 415 716 449 σαφῶς
733 414 834 441 ειδέναι
856 423 906 449 μη-

114 458 222 492 δαμῶς.
250 456 317 485 Εἶτα
336 460 437 494 μικρὸν
461 459 602 495 ἐπισχών·
617 461 726 495 Ὥσπερ
755 461 804 495 μὲν
827 460 906 495 ἔφην,

116 504 241 539 ἁχριὸὧς
256 505 306 531 οὐκ
319 503 388 538 οἴδα,
403 504 477 536 εἶπε.
493 508 559 541 περὶ
580 503 618 533 ὧν
633 507 658 533 οί
671 506 746 540 λόγοι
760 514 766 520 ·
783 505 907 537 εἰκάζειν

119 550 213 583 μέντοι
242 551 280 585 μὴ
299 553 447 586 προσηνεῖς
476 560 551 584 τινας
577 552 688 579 ἔσεσθαι
709 553 758 578 καὶ
775 552 836 586 ήμέ,
849 559 908 582 ους,

116 595 176 620 ἀλλ’
189 595 228 626 ὡς
249 596 299 623 ἐπὶ
313 596 376 632 δίκῃ
392 596 536 624 καλεῖσθαι
549 605 555 612 ·
573 597 659 624 ἐδεῖτὸ
673 606 702 624 τε
728 598 829 633 μικρὸν
843 598 910 624 ἁνα-

118 643 259 676 μεεναντα,
275 643 324 669 καὶ
338 643 436 678 μέλετῃ
464 644 552 678 μικρᾷ
575 643 848 678 προσασχοληθέντα,
870 643 909 675 ὡς

117 689 235 720 εὐθύνας
253 690 399 723 ὑφέξοντα,
427 691 497 726 πρῆς
517 691 667 725 ἀπολογίαν
693 692 803 726 ἕτοιμον
819 692 909 726 ἥκειν.

123 735 154 762 Ὀ
174 735 303 770 βασιλεὺς
327 735 356 762 δὲ
371 736 450 770 χάριν
467 737 541 771 αὐτῷ
552 737 602 771 τῆς
621 736 824 770 καλοκαγαθίας
843 738 909 771 ὀμο-

119 779 252 814 λογήσας.
285 781 332 806 καὶ
362 781 473 814 ἀγαθῶν
503 782 621 817 ἀμοιεὴν
649 782 910 816 προσεπευξάμενος

122 825 198 859 παρὰ
213 825 293 858 θεοῦ,
306 823 365 852 εἶτα
383 827 520 853 καὶτοῦτο
533 826 632 859 εἰπὼν,
649 827 688 858 ὡς
709 827 780 853 κατὰ
796 827 910 861 γνώμην

124 869 196 904 αὺτῷ
214 871 313 902 γένοιτ’
331 870 364 896 ἂν
380 870 411 896 τὸ
435 871 543 897 πολλῶν
573 871 716 906 παρόντων
733 870 911 904 δικαζόμενον

124 915 313 942 ἀπολύσασθαι
323 916 358 942 τὰ
372 916 456 951 ὲγκλή
462 925 545 951 ματα,
554 916 742 950 ἀπαγγέλλειν
751 915 859 943 ἐκέλευε
873 915 912 950 τῷ

124 962 231 996 πάππῳ
253 962 300 987 καὶ
315 961 431 1001 βασιλεῖ,
447 961 485 993 ὡς
501 962 628 996 ἀφίξεται
647 962 710 988 ὅσον
725 960 812 987 οὔπω.
826 961 913 987 Ἐκεῖ-

123 1015 170 1038 νος
188 1009 237 1042 μὲν
248 1006 296 1033 οὖν
310 1008 361 1042 τὴν
387 1008 464 1043 παρὰ
484 1007 552 1035 Θεοῦ
577 1007 706 1043 βοήθειαν
728 1006 914 1041 ὲπευξάμενο;

124 1054 154 1079 ἑν
185 1055 242 1084 τοῖς
273 1053 389 1088 παροῦσι
416 1054 456 1088 τῷ
488 1053 609 1089 βασιλεῖ,
641 1053 689 1080 καὶ
717 1052 914 1088 προσκυνήσας

125 1099 243 1134 ἀπῆλθε.
260 1099 394 1130 Βασιλεὺς
423 1099 445 1126 δ’
467 1100 549 1134 εὐθὺς
573 1099 636 1130 τοὺς
658 1099 783 1133 ἑταίρους
798 1107 915 1133 μετεκα-

127 1146 208 1171 laico.
228 1144 298 1171 Ἀλλ’
312 1146 325 1171 ὁ
340 1145 390 1179 μὲν
404 1145 489 1179 μέγας
505 1137 677 1179 δομὲστικος,
694 1145 768 1172 θείου
783 1145 857 1179 αὺτῷ
867 1144 914 1171 τοῦ

126 1191 350 1225 Ταρχανειώτου,
367 1191 488 1225 ἀδελφῆς
502 1190 550 1217 τοῦ
577 1191 687 1226 πρώτου
715 1191 847 1226 βασιλέως
865 1191 916 1217 Μι-

127 1237 198 1270 χαὴλ
223 1236 282 1263 υἱοῦ
309 1237 481 1272 τεθνηκότος,
505 1237 598 1272 παρῆν
622 1238 681 1264 ἐκεῖ
712 1237 917 1272 πενθήσωνέπὶ

128 1281 249 1316 κειμένῳ
265 1282 303 1317 τῷ
327 1285 465 1316 συγγενεῖ.
486 1283 515 1310 ὐ
536 1283 756 1318 πρωτοστράτωρ
772 1283 800 1309 δὲ
814 1283 918 1318 διατρί-

129 1328 183 1353 ϐων
199 1328 280 1361 οἴκοι,
300 1328 415 1362 ἀφίκετό
437 1338 467 1355 τε
485 1329 551 1362 προς
565 1329 678 1364 βασιλέα
693 1329 785 1362 εὐθὺς,
803 1329 850 1355 καὶ
867 1329 918 1364 τὴν

129 1373 222 1400 αἰτίαν
236 1374 286 1408 τῆς
307 1374 430 1406 κλήσεως
452 1375 547 1409 ἠρώτα
565 1375 673 1409 μαθεῖν.
692 1375 824 1407 Βασιλεὺς
838 1375 866 1401 δὲ
882 1375 917 1402 τά

129 1428 157 1446 τε
172 1421 250 1454 παρὰ
277 1420 410 1454 βασιλέως
435 1421 600 1456 μηνυθέντα,
617 1423 663 1450 καὶ
680 1422 813 1455 ὃτιδίκηι-
836 1422 918 1448 ἕνεκα

131 1466 240 1492 καλοῖτο
261 1466 402 1500 γνωρίζει.
431 1468 478 1493 καὶ
493 1467 529 1498 ὡς
546 1467 622 1502 ἥξειν
648 1467 831 1502 ἐπηγγείλατο
847 1467 919 1494 κατὰ

131 1513 226 1547 τάχος,
250 1512 383 1546 προσθεὶς

129 1558 208 1592 αὐτῴ
220 1559 326 1591 γένοιτο
338 1558 515 1593 δικασθῆναι,
533 1559 708 1594 δυνησομένῳ
724 1559 823 1594 ῥαδίως
836 1559 918 1585 αὑτὸν

133 1603 183 1636 μὲν
201 1603 289 1629 οὐδενὶ
315 1604 369 1629 τῶν
392 1604 602 1639 ἐγκαλουμένων
629 1605 792 1639 ἐνεχόμενον
809 1605 918 1631 ἁποδεί-

131 1650 188 1682 Eat,
207 1648 252 1674 τὸν
263 1649 292 1675 δὲ
307 1649 401 1684 κύριον
416 1650 462 1676 καὶ
479 1650 602 1684 βασιλέα,
621 1650 711 1685 ψυχῆς
728 1651 794 1682 ἰδίας
807 1650 918 1686 θέλησιν

130 1695 304 1722 ἐκδικοῦντα.
329 1696 357 1722 '0
373 1697 593 1732 πρωτοστράτωρ
611 1697 650 1728 δὲ,
668 1698 742 1724 Πάνυ
766 1705 811 1732 μοι
831 1698 920 1729 δοκεῖς

131 1742 316 1776 ἁμαρτάνειν,
336 1741 401 1777 ἔφη,
428 1742 476 1768 τοῦ
506 1742 593 1774 ὖντος,
613 1739 636 1769 ὧ
661 1742 772 1777 βασιλεῦ
786 1751 792 1757 ·
816 1743 863 1769 καὶ
882 1743 919 1774 ὠς

131 1789 234 1819 ἑοικεν,
251 1783 288 1814 ὦν
302 1787 369 1823 πρὸς
382 1789 411 1814 σὲ
428 1789 492 1822 περὶ
507 1789 557 1823 τῆς
568 1788 696 1822 τοιαύτης
709 1789 827 1823 κρίσεως
843 1790 855 1815 ό
873 1790 921 1824 μέ-

132 1843 182 1868 γας
195 1834 356 1868 δομέστικος
372 1834 483 1870 εἴρηκεν
501 1836 650 1868 ἐπελάθου,
666 1835 683 1862 ἃ.
698 1836 729 1870 δή
746 1844 799 1862 που
814 1835 861 1862 καὶ
879 1836 920 1862 σοὶ

132 1880 261 1914 εἰρῆσθαι
272 1879 332 1906 τότε
348 1881 395 1906 καὶ
411 1881 477 1915 ήαῖν
491 1881 578 1916 ὀρθῶς
592 1881 691 1908 ἐδόκει.
709 1882 760 1907 Σοῦ
777 1881 831 1916 γὰρ
847 1883 922 1917 εἰρη-

133 1926 224 1956 κότος,
245 1926 289 1957 Ὠς
304 1926 451 1961 βουλοίμην
465 1926 498 1953 ἂν
513 1927 559 1953 ἐπὶ
570 1927 617 1953 τοῦ
638 1927 769 1962 βασιλέως
784 1928 830 1954 καὶ
846 1927 921 1954 πάπ-

134 1980 187 1998 που
202 1972 281 2007 δίκης
298 1971 401 2006 τυχὼν,
417 1972 433 2007 ἢ
453 1972 487 1999 τὰ
511 1973 671 2007 ἐγκλήματα
688 1973 886 2005 ἀπολύσασθαι,
903 1972 920 2006 ἢ

133 2017 214 2043 τοῦτο
231 2017 269 2051 μὴ
283 2017 419 2051 δυνηθεὶς,
450 2017 488 2052 μὴ
502 2018 552 2052 τὴν
580 2017 720 2052 βασιλείαν
737 2018 828 2052 μόνον,
853 2018 921 2045 ἀλλὰ

134 2062 181 2087 καὶ
195 2062 283 2096 αὐτὴν
299 2061 482 2097 ἀφαιρεθῆναι
507 2061 590 2097 ζωὴν,
606 2061 620 2088 δ
646 2062 668 2089 δ’
686 2062 789 2097 ηὔξατο
815 2063 852 2098 μὴ
865 2062 921 2094 ζῶν

135 2109 201 2134 ἰδεῖν
216 2107 346 2142 τοιαύτην
360 2108 468 2142 ἡμέραν
483 2109 510 2133 ἐν
558 2109 705 2143 γενήσεταί
726 2117 767 2135 σοι
791 2110 830 2144 τῷ
843 2109 923 2144 βασι-

132 2154 175 2181 λεῖ
188 2155 236 2180 καὶ
246 2154 285 2188 τῷ
302 2155 408 2188 πάππῳ
423 2153 602 2188 δικαζόμενον
623 2155 697 2186 ἰδεῖν,
719 2155 748 2181 οὐ
761 2155 814 2190 γὰρ
829 2156 918 2190 δίκης,

929 849 949 877 Β

956 238 991 258 ne
1009 230 1124 258 celaret.
1140 230 1210 256 Tum
1226 230 1283 262 ille,
1299 229 1370 256 nihil
1395 237 1425 257 se
1450 229 1625 264 exploratum
1642 229 1746 256 habere

958 277 1031 312 quod
1052 276 1219 309 aiIirmarct;
1244 277 1272 303 in
1298 276 1484 311 suspicionem
1510 281 1603 303 autent
1635 276 1746 309 delabi,

957 330 1038 350 avum
1064 322 1217 357 patriarcha
1244 327 1273 350 et
1296 323 1433 358 episcopis
1459 324 1642 358 praesentibus
1678 332 1743 351 eum

957 368 1137 396 constituisse
1154 369 1269 404 alloqui.
1284 370 1383 397 Verum
1410 369 1552 403 quidnam,
1576 374 1604 397 et
1623 378 1678 405 quo
1694 369 1747 398 llne

959 415 1084 442 dicturus
1102 415 1148 447 sit,
1165 414 1217 442 sibi
1240 406 1400 450 neutiquam
1425 415 1530 450 liquido
1550 420 1696 448 constare;
1720 419 1748 442 et

958 467 1108 494 parumper
1122 460 1322 493 conticescens,
1335 459 1413 487 Sicut
1431 461 1552 492 narravi,
1565 460 1666 496 inquit,
1680 459 1748 487 satis

963 510 1138 540 perspectum
1161 513 1215 532 non
1235 505 1336 538 habeo,
1358 506 1424 540 quid
1443 506 1591 534 verborum
1606 507 1642 534 sit
1657 506 1748 533 lactu—

961 559 1022 585 rtts;
1048 559 1169 587 auguror
1194 558 1297 586 tamen,
1319 552 1401 579 molle
1429 553 1461 579 ac
1486 558 1660 579 mansuetum
1677 553 1748 580 nihil

960 598 1132 629 locuturum,
1149 598 1196 626 sed
1214 603 1238 626 te
1255 599 1330 626 velut
1344 599 1370 625 in
1385 599 1520 632 judicium
1533 599 1646 626 arcessi.
1660 598 1750 631 Quare

960 643 1122 678 aliquandiu
1151 644 1349 678 priemediteris
1380 644 1454 676 licet,
1480 649 1512 671 ut
1541 644 1674 671 rationem
1704 652 1750 670 re-

961 689 1126 724 poseendus,
1148 694 1260 723 paratus
1275 689 1309 716 ad
1326 689 1552 724 respondendum
1572 689 1677 716 venias.
1700 689 1754 716 Nc-

962 739 1060 770 pos.ut
1077 735 1151 762 bono
1166 735 1225 763 viro
1238 736 1340 770 gratias
1355 742 1451 771 agens,
1468 741 1495 763 et
1512 736 1653 771 prmmium
1671 744 1685 762 a
1697 736 1718 762 D
1737 743 1753 761 ο

963 789 1155 816 comprecans.
1178 787 1260 817 atque
1277 782 1328 810 hoc
1343 782 1459 817 insuper
1474 783 1590 814 addens,
1610 782 1662 809 sibi
1677 787 1754 816 opta-

964 831 1020 854 tum
1039 827 1107 860 fore,
1127 835 1219 854 coram
1239 827 1449 862 multisjudicio
1469 827 1682 854 contendentem
1700 827 1756 854 cri-

964 871 1038 898 mina
1055 871 1165 906 objci‘ta
1185 870 1321 903 refellere,
1339 871 1502 899 renuntiare
1519 879 1570 898 avo
1584 871 1673 905 jubet,
1692 878 1755 896 mox

963 923 992 943 se
1006 915 1168 943 all‘uturum.
1184 915 1334 951 Apparitor
1345 915 1466 943 divinam
1482 916 1508 942 ei
1523 922 1604 950 opem
1622 914 1667 942 tali
1680 919 1755 942 statu

963 967 1102 996 precatus,
1121 967 1148 989 et
1174 966 1204 990 ut
1233 963 1429 996 imperatorem
1453 966 1612 993 veneratus,
1629 959 1754 988 recedit.

963 1008 1108 1042 Extemplo
1126 1008 1217 1035 socios
1230 1011 1375 1035 convocat.
1385 1007 1473 1035 Porro
1493 1014 1608 1042 magnus
1623 1007 1757 1034 domesti-

964 1061 1025 1084 cus.
1045 1053 1231 1081 Tarchaniota
1247 1054 1351 1080 sororis
1372 1054 1455 1088 primi
1481 1053 1622 1080 Michaelis
1637 1054 1756 1087 impera-

967 1100 1033 1127 toris
1044 1119 1052 1131 ,
1063 1104 1091 1126 et
1108 1100 1225 1134 majoris
1241 1103 1396 1126 materterae
1410 1107 1465 1126 sua:
1480 1099 1536 1126 lilio
1553 1099 1636 1126 rebus
1656 1099 1757 1126 burna-

965 1146 1009 1172 nis
1024 1150 1131 1180 erepto,
1146 1145 1179 1172 ad
1190 1145 1316 1172 exanime
1327 1152 1428 1179 corpus
1439 1145 1530 1172 luctus
1542 1152 1622 1171 causa
1631 1144 1735 1172 abierat
1749 1153 1755 1171 :

970 1196 1155 1227 protostrator
1171 1191 1247 1218 domi
1265 1199 1381 1218 manens
1398 1191 1474 1218 illico
1488 1191 1576 1222 adest,
1601 1198 1651 1218 cur
1676 1198 1757 1218 voca-

967 1243 1011 1264 tus
1024 1237 1060 1264 sit
1073 1237 1183 1272 quaerit.
1202 1237 1293 1272 Nepos
1308 1241 1335 1263 et
1350 1237 1416 1272 quid
1433 1236 1486 1264 sibi
1508 1237 1544 1264 ab
1570 1244 1622 1264 avo
1641 1237 1756 1263 manda-

968 1288 1038 1314 tum,
1054 1287 1082 1310 et
1096 1290 1125 1309 se
1142 1289 1219 1309 reum
1235 1283 1327 1315 citari,
1353 1291 1385 1310 ac
1410 1282 1469 1310 sine
1487 1290 1563 1309 mora
1582 1290 1611 1310 se
1626 1283 1756 1310 stiturnm

967 1328 1062 1356 refert.
1079 1328 1270 1360 Additetiam,
1291 1336 1321 1356 se
1341 1329 1525 1364 judicittrttex
1543 1329 1635 1356 animo
1651 1329 1758 1356 subitu-

969 1382 1041 1406 rum,
1059 1382 1121 1402 cum
1139 1374 1209 1401 nihil
1231 1374 1336 1409 negotii
1359 1375 1393 1402 sit
1414 1375 1573 1406 ostendere,
1594 1380 1651 1402 tum
1667 1382 1696 1402 se
1713 1383 1758 1401 va-

968 1427 1031 1447 care
1058 1421 1133 1447 omni
1159 1420 1292 1452 crimine,
1318 1425 1375 1447 tum
1400 1420 1542 1447 dominum
1560 1425 1586 1448 et
1611 1421 1759 1455 imperato-

970 1473 1027 1492 rem
1047 1470 1135 1492 semet
1154 1465 1189 1492 de
1206 1466 1324 1500 maligna
1345 1466 1488 1493 voluntate
1505 1474 1553 1493 sua
1571 1466 1666 1493 ulcisci
1688 1466 1770 1501 (99).-

407 1514 456 1539 ttat
477 1513 567 1544 τοῦτο,
584 1513 621 1545 ὡς
644 1514 714 1540 κατὰ
746 1513 859 1549 γνώμην
887 1514 916 1540 ἂν

973 1511 1097 1547 Subjecit
1121 1515 1329 1546 protostrator:
1349 1511 1442 1546 Longe
1462 1512 1530 1539 mihi
1555 1519 1568 1539 ιι
1585 1520 1650 1539 vero
1666 1512 1759 1547 lapsus

969 1559 1084 1590 videris,
1102 1559 1264 1593 imperator,
1279 1563 1363 1593 atque
1380 1563 1409 1586 ut
1423 1558 1575 1586 verisimile
1593 1559 1631 1589 ﬁt.
1648 1567 1708 1594 qua:
1723 1559 1758 1586 de

971 1604 1017 1631 tali
1032 1605 1139 1639 judicio
1155 1612 1170 1631 a
1187 1612 1286 1639 magno
1302 1605 1455 1632 domestico
1466 1605 1608 1637 audivisti,
1619 1605 1674 1640 39
1685 1613 1760 1639 quzc-

969 1658 1023 1684 que
1039 1656 1095 1677 tum
1111 1655 1138 1676 et
1159 1658 1173 1677 a
1191 1655 1228 1681 te.
1242 1655 1270 1678 et
1284 1658 1299 1677 a
1313 1651 1402 1682 nobis,
1419 1655 1448 1677 ut
1465 1656 1539 1678 recte
1554 1651 1625 1678 dicta
1642 1651 1759 1686 aceipic«

969 1697 1082 1730 bantur,
1102 1704 1199 1723 eorum
1222 1700 1248 1724 te
1266 1698 1411 1731 occupavit
1425 1696 1538 1724 oblivio.
1556 1696 1623 1724 Nam
1649 1705 1710 1724 cum
1731 1703 1759 1723 tu

971 1743 1009 1771 ita
1026 1743 1215 1777 praedicasses,
1233 1743 1304 1770 velle
1321 1746 1356 1775 te,
1374 1743 1395 1770 si
1410 1743 1482 1778 apud
1497 1750 1576 1769 avum
1594 1751 1703 1771 causam
1720 1743 1762 1770 di-

971 1797 1064 1821 ceres,
1079 1794 1126 1816 aut
1139 1789 1246 1823 objecta
1260 1788 1376 1820 diluere,
1393 1793 1450 1822 aut,
1464 1789 1486 1816 si
1502 1789 1528 1815 id
1548 1789 1639 1816 minus
1654 1796 1759 1824 posses,

972 1842 1027 1862 non
1043 1834 1160 1869 imperio
1178 1838 1296 1872 tantum,
1313 1841 1409 1861 verum
1428 1833 1511 1861 etiam
1526 1834 1582 1861 vita
1596 1842 1702 1865 carere,
1716 1834 1761 1861 ille

973 1879 1062 1906 emori
1092 1879 1206 1911 optabat
1234 1879 1326 1914 potius
1349 1887 1431 1913 quam
1456 1879 1550 1906 videre
1570 1880 1643 1907 diem
1671 1880 1760 1912 illum,

973 1932 1028 1958 quo
1044 1927 1072 1950 tu
1088 1923 1193 1958 judicio
1212 1931 1274 1950 cum
1292 1931 1344 1950 avo
1372 1923 1557 1951 contenderes
1584 1933 1591 1951 :
1615 1932 1669 1951 non
1686 1925 1760 1951 enim

970 1969 1081 2005 judicii,
1097 1969 1144 1997 sed
1162 1969 1403 1997 condemnationis
1421 1970 1494 1996 diem
1512 1977 1608 1997 revera
1622 1970 1761 2004 appellare

974 2016 1114 2044 convenit.
1130 2015 1199 2043 Cum
1215 2016 1290 2043 enim
1315 2015 1387 2043 idem
1411 2016 1448 2044 sit
1476 2015 1586 2043 futurus
1601 2016 1694 2051 judex,
1713 2015 1762 2051 qui

977 2066 1133 2095 accusator,
1151 2061 1226 2089 aliud
1252 2061 1445 2089 ratiocinando
1460 2061 1551 2096 colligi
1569 2061 1637 2088 nihil
1660 2065 1760 2096 potest.

973 2109 1111 2136 Praeterea
1127 2115 1182 2135 non
1195 2108 1232 2135 ita
1248 2112 1291 2135 est
1305 2108 1449 2143 insipiens,
1462 2112 1492 2135 ut
1508 2113 1562 2135 tam
1578 2107 1763 2135 inconsidera-

975 2159 1002 2183 te
1018 2155 1053 2182 ad
1073 2155 1210 2191 judicium
1226 2154 1342 2187 feratur,
1359 2154 1465 2189 tibique
1487 2159 1596 2188 tempus
1619 2153 1703 2181 etiam
1728 2154 1761 2180 ad

134 2200 286 2233 καταδίκης
302 2200 330 2226 δὲ
346 2200 447 2234 μᾶλλόν
462 2201 534 2226 ἐστιν
548 2200 647 2234 ἀληθὲς
659 2201 707 2236 τὴν
723 2202 830 2243 ἡμέραν
839 2211 911 2236 προσ

977 2201 1186 2236 responsionem
1201 2201 1347 2232 concedat,
1361 2208 1417 2234 quo
1430 2204 1478 2227 aut
1491 2200 1666 2227 innocentem
1681 2204 1707 2226 te
1719 2207 1764 2226 os-

134 2247 224 2272 ειπεῐν
254 2245 373 2280 ἐκείνην.
396 2245 470 2275 Ἑνδς
497 2246 552 2280 γὰρ
578 2246 654 2276 δντος
689 2245 737 2272 τοῦ
764 2246 923 2278 δικάζοντος

134 2293 183 2317 καὶ
204 2290 251 2317 τοῦ
269 2289 495 2325 κατηγοροῦντος,
512 2291 588 2316 οὐδὲν
616 2290 680 2317 ἄλλο
707 2290 830 2317 λείπεται
862 2299 926 2318 συν-

135 2337 335 2371 άγειν.Ἀλλως
349 2337 373 2363 τ’
391 2336 452 2362 οὐδὲ
467 2337 522 2363 τῶν
539 2338 660 2372 ἀνοήτων
675 2338 688 2363 ὸ
702 2337 842 2372 βασιλεὺς,
856 2337 924 2363 ὥσθ’

135 2383 223 2414 οὕτως
239 2383 451 2418 ἀπερισκέπτως
466 2382 622 2417 ὁρμηθῆναι
635 2383 702 2417 πρὴς
722 2383 772 2418 τὴν
786 2383 873 2418 δίκην,
886 2383 923 2414 ὡς

110 2455 113 2459 ,
135 2430 186 2455 καὶ
204 2429 300 2463 καιρὸν
316 2427 466 2461 ἀπολογίας
487 2435 528 2453 σοι
552 2428 713 2462 παρασχεῖν,
731 2428 778 2454 καὶ
790 2428 807 2462 ἢ
825 2429 859 2453 τὰ
875 2429 921 2458 ἐγ-

136 2474 266 2508 κλήματα
291 2472 489 2505 ἀπολύσασθαι,
513 2472 529 2506 ἢ
548 2474 596 2498 καὶ
622 2472 799 2509 ἀδικορμενον
822 2472 920 2498 ἑαυτὸν

135 2514 276 2548 ἀποδεῖξαι
289 2523 298 2531 ο
316 2515 383 2542 ἀλλὰ
398 2515 509 2550 βαθείας
520 2514 557 2541 ὢν
571 2516 618 2542 καὶ
634 2516 756 2550 συνετῆς,
776 2516 815 2547 ὡς
830 2516 921 2550 ἴσμεν,

139 2563 248 2597 φρενὸς,
263 2562 311 2588 καὶ
324 2561 411 2592 δεινὸς
425 2561 571 2596 πράγμασι
590 2561 721 2596 χρῆσθαι,
735 2561 791 2587 τότ’
814 2563 859 2588 ἐπὶ
873 2562 923 2596 τῆς

136 2609 217 2643 δίκης
248 2616 278 2634 σε
310 2608 487 2642 καταστήσει,
513 2607 557 2634 ὅτε
583 2608 650 2642 πρὸς
674 2607 705 2633 τὸ
728 2607 805 2643 αὐτῷ
828 2607 923 2634 δοκοῦν

137 2656 227 2682 πάντα
258 2653 600 2690 προκατασκευασάμενος,
625 2653 734 2684 οὐδενὸς
758 2654 839 2680 ἄλλου
869 2655 924 2680 λεί-

975 2248 1082 2280 tendas,
1097 2248 1119 2274 si
1139 2247 1219 2279 bene,
1250 2251 1298 2274 aut
1314 2251 1470 2279 nocentem,
1488 2247 1510 2274 si
1530 2247 1600 2273 male
1617 2246 1765 2280 responde-

975 2294 1031 2326 ris;
1046 2293 1093 2320 sed
1109 2301 1171 2320 cum
1191 2294 1237 2325 sit,
1254 2293 1326 2328 quod
1343 2293 1458 2323 scimus,
1476 2292 1618 2327 praestanti
1639 2292 1761 2326 pruden-

978 2339 1024 2369 tia,
1038 2343 1066 2366 et
1082 2346 1174 2365 rerum
1187 2338 1369 2372 gerendarum
1393 2337 1519 2369 callidus,
1534 2342 1590 2364 tum
1609 2337 1718 2364 demum
1734 2338 1760 2364 in

973 2384 1108 2419 judicium
1133 2389 1159 2411 te
1181 2383 1312 2416 adducet,
1331 2383 1442 2418 quando
1458 2384 1518 2418 ejus
1531 2383 1668 2410 arbitratu
1691 2392 1764 2418 prae:

975 2429 1091 2455 structis
1105 2428 1246 2460 omnibus,
1263 2436 1347 2455 unum
1371 2428 1423 2455 hoc
1439 2429 1566 2460 restabit,
1583 2433 1612 2455 ut
1623 2430 1760 2455 sententia

974 2473 1007 2500 de
1023 2479 1059 2506 te,
1094 2477 1224 2508 tanquam
1244 2474 1278 2501 de
1301 2474 1578 2501 sceleratissimorum
1607 2475 1760 2501 facinorum

976 2519 1133 2551 manifesto,
1148 2523 1175 2545 et
1190 2519 1224 2546 ob
1242 2519 1268 2545 id
1283 2520 1428 2553 quibusvis
1445 2520 1588 2554 suppliciis
1612 2520 1758 2547 excarniﬁ-

974 2565 1063 2591 cando
1086 2565 1127 2597 (ut
1150 2565 1189 2592 sic
1207 2565 1279 2599 apud
1296 2570 1406 2593 exteros
1424 2565 1506 2592 etiam
1522 2565 1636 2601 iustitiae
1650 2566 1759 2600 opinio—

974 2618 1036 2638 nem
1055 2611 1173 2644 auferat)
1187 2610 1391 2644 pronuntietur.
1407 2611 1470 2650 llacc
1496 2611 1550 2638 illis
1569 2610 1596 2638 in
1620 2611 1760 2646 colloquio

975 2655 1155 2690 agitantibus,
1172 2663 1236 2684 ecce
1259 2656 1330 2684 alius
1354 2656 1389 2684 ab
1413 2657 1580 2692 imperatore
1606 2656 1759 2692 apparitor.

769 2711 878 2743 Jacobi
894 2713 1027 2744 Pontani
1044 2717 1137 2745 notae.

173 2775 232 2816 (ψ)
252 2775 289 2803 Ut
311 2775 378 2801 facit
401 2781 485 2801 senex
505 2775 578 2809 apud
594 2774 767 2806 Terentium,
792 2775 819 2802 in
837 2776 925 2803 Heau~

139 2814 358 2837 lantimorumeno
373 2817 383 2836 :

191 2845 295 2872 Interea
312 2852 392 2879 usque
406 2844 447 2872 illi
464 2845 495 2871 de
509 2852 549 2872 me
562 2844 719 2879 supplicium
732 2845 809 2872 dabo.

979 2777 1032 2804 Sed
1048 2777 1129 2804 aliam
1146 2778 1181 2804 ob
1202 2785 1314 2805 causam
1331 2778 1387 2810 ille,
1406 2783 1434 2806 et
1450 2779 1486 2806 ob
1507 2779 1587 2806 aliam
1606 2779 1666 2805 iste.
1686 2777 1761 2805 Pu:-

979 2817 1064 2846 terea,
1080 2812 1124 2840 ille
1137 2813 1229 2840 volens
1245 2820 1276 2840 ac
1289 2813 1420 2849 prudens,
1436 2814 1481 2841 hic
1494 2814 1608 2841 invitus.
