1913 3074
158 120 209 153 127

743 123 907 156 JOANNIS
927 123 1192 156 CANTACUZENI

1734 125 1786 156 128

157 181 190 206 ad
214 188 298 208 unum
313 181 389 209 viros
408 181 502 214 fortes,
519 185 547 208 et
564 181 597 208 ad
612 181 791 216 przeliaudum
814 182 947 210 exercita-

1002 180 1079 216 δίκης
1094 181 1107 207 ὁ
1119 180 1249 215 βασιλεὺς
1272 180 1469 216 ὑπιρθήσεται.
1487 180 1523 207 Τὸ
1538 180 1562 207 δ’
1582 181 1633 207 οὐκ
1646 179 1720 217 εἶχεν
1741 184 1788 210 οὕ-

158 231 211 258 tos,
227 227 249 254 si
265 226 422 254 abeundum
438 227 484 258 sit,
505 227 588 254 etiam
605 227 710 261 plures,
728 232 756 254 et
773 227 882 262 ignotos
899 236 946 256 ac-

157 279 290 299 cursuros
307 282 313 299 :
330 272 364 300 de
380 273 432 305 his,
451 273 575 308 inquam,
591 273 646 300 illis
658 282 814 301 sermonem
830 274 948 302 miscen-

158 317 242 348 tibus,
259 317 399 351 Deumque
414 319 603 352 precantibus,
618 319 672 354 43
682 319 818 354 judicium
834 320 947 354 amplia-

158 367 209 394 rct,
232 363 321 396 quoad
345 363 498 397 coiissent,
525 365 572 399 qui
603 373 652 400 pro
680 367 748 400 ipsis
776 366 946 394 decertaturi

156 409 350 441 sperabantur,
376 410 462 437 missu
488 412 532 438 avi
555 411 634 439 adest
660 412 806 440 eunuchus
831 413 947 441 Michael

155 453 406 489 Callicreuites;et
423 457 582 492 priusquam
614 466 708 486 vocem
725 459 799 492 edat.
820 461 948 496 lacrymis

156 499 362 535 gemitibusque
380 502 531 529 infaustum
554 511 583 530 se
598 509 744 539 apportare
760 506 886 533 nuntium
903 514 949 534 os-

157 545 256 572 tendit.
280 545 382 574 Deinde
405 548 545 582 praefatus,
572 550 701 578 maluisse
722 558 752 578 se
778 552 876 579 tellure
894 553 947 580 ima

156 590 208 617 sibi
229 591 390 619 dehiscente
410 593 443 620 ad
463 594 555 622 Manes
577 595 745 623 descendere
767 597 817 632 (6).
844 603 871 624 et
898 597 949 625 hac

154 636 359 670 iucundissima
378 639 438 666 luce
463 640 575 674 privari,
593 649 676 675 quam
697 643 765 670 adeo
783 644 852 670 mala
875 652 948 671 nun-

159 683 228 709 tiare
243 692 249 710 :
270 683 412 716 Dominus,
428 686 528 720 inquit.
544 692 572 714 et
586 687 736 722 imperator
753 697 820 716 avus
841 694 904 717 tuus
923 694 949 717 te

157 728 190 755 ad
207 736 317 756 causam
333 729 479 758 dicendam
495 738 583 759 vocat.
602 733 670 760 Tum
686 734 730 760 ille
744 743 750 760 ι
765 735 841 762 [laud
853 744 949 770 asper-

159 776 279 802 nandum
295 781 346 804 tua:
361 777 387 804 in
406 786 448 805 me
461 780 653 813 propensionis
671 782 871 815 testimonium,
882 791 950 818 quas

156 820 249 849 fundis
272 823 428 858 lacrymas:
449 830 550 856 tamen,
576 826 642 860 quid
662 827 697 854 ita
715 827 773 859 fles.
797 836 860 856 cum
883 838 948 858 ncc-

158 866 222 892 dum
245 873 361 895 eventus
387 871 500 903 pateat?
526 871 596 898 Fieri
622 873 758 906 siquidem
784 879 893 909 potest,
919 881 949 903 ut

157 920 220 939 cum
242 913 305 940 albo
322 915 430 942 calculo
454 917 492 950 (7)
510 916 660 945 discedam.
686 919 745 953 Ipsa
762 928 816 952 res,
831 921 949 956 suscipit

156 959 372 993 (‘.allicrenites,~
385 969 428 988 me
458 962 484 990 in
512 963 613 990 fletum
629 965 723 992 solvit.
753 966 860 993 Etenim
885 975 947 994 cum

156 1011 226 1030 avus
249 1012 298 1038 pro
316 1013 392 1033 more
417 1007 444 1033 in
471 1010 585 1040 throno,
608 1010 766 1043 patriarcha
782 1012 814 1038 ad
831 1013 903 1040 latus
921 1013 948 1040 in

155 1049 234 1078 sella.
248 1050 343 1078 arbitri
361 1052 456 1079 dextra
472 1054 584 1081 sinistra
599 1056 739 1087 Sedereut,
757 1057 804 1084 tibi
821 1058 871 1085 soli
885 1067 948 1086 sea-

157 1094 264 1121 Inillum
276 1103 291 1122 ο
307 1097 416 1130 regione
428 1101 456 1125 cl.
471 1100 603 1126 reutotius
628 1101 758 1128 mandatu
775 1102 948 1137 imperatoris

156 1141 277 1174 positum
294 1147 347 1168 est.
364 1143 424 1175 Quo
443 1144 511 1176 viso,
531 1145 771 1174 condcmnationis
788 1154 840 1175 tua:
856 1149 945 1176 locum

158 1186 230 1212 illam
248 1187 404 1214 sedeculam
420 1188 615 1223 interpretans,
637 1193 741 1226 optavi,
765 1198 794 1220 ut
810 1194 947 1228 dicebam,

157 1231 239 1260 hodie
262 1234 327 1260 mihi
354 1239 456 1262 terram
481 1235 637 1264 dehiscere.
664 1237 765 1265 Verum
793 1239 876 1270 Deus.
899 1241 947 1275 qui

157 1277 318 1312 prophetam
339 1287 419 1306 suum
436 1281 574 1308 Dauiclcm
590 1283 623 1309 de
644 1283 703 1309 lacu
721 1284 832 1311 leonum
848 1285 948 1313 libera-

157 1321 207 1354 vit,
227 1328 255 1349 et
283 1327 340 1351 tres
361 1333 461 1359 pueros
483 1334 498 1354 a
521 1327 671 1362 Babylonia
695 1329 807 1358 fornace
831 1332 948 1360 intactos

157 1368 296 1402 praestitit,
308 1370 478 1406 collatasque
491 1371 516 1398 in
525 1372 678 1401 Susauuam
689 1375 949 1414 scelestoruuijudi.

156 1420 220 1440 cum
233 1414 386 1443 calumnias
399 1416 513 1448 detexit,
533 1418 603 1445 idem
621 1424 645 1446 te
661 1427 736 1448 nunc
747 1429 800 1456 qua
814 1425 947 1457 premeris

156 1461 321 1488 necessitate
339 1463 509 1497 superiorem
524 1464 631 1497 reddat.
656 1467 782 1501 angelqu
792 1476 872 1496 suum
883 1470 948 1497 mit-

998 234 1063 257 τως·
1092 226 1150 253 ἀλλ’
1169 227 1365 260 ἀναμφιϐόλως
1385 226 1539 261 ἡτοίμαστο
1565 227 1599 253 τὰ
1629 227 1680 261 τῆς
1697 227 1786 262 δίκης.

999 273 1060 299 Ἐτι
1075 272 1129 306 γὰρ
1148 273 1302 306 δομεστίκιιι
1315 272 1354 308 τῷ
1368 272 1479 307 μεγάλῳ
1495 272 1691 308 διαλεγομένῳ
1708 273 1788 308 βασι-

998 318 1076 350 λέως,
1104 319 1152 345 καὶ
1168 318 1214 345 τὸν
1238 319 1356 353 ἀριθμδν
1382 319 1527 352 ζητοῦντος
1545 319 1641 354 μαθεῖν
1657 319 1711 346 τῶν
1727 329 1790 346 συνι

1003 365 1133 399 ηγμένων
1159 364 1276 401 ἀνδρῶν,
1304 365 1354 391 καὶ⁵
1369 365 1464 391 τούτου
1484 365 1553 399 πρὸς
1574 365 1656 392 αὑτὸν
1672 366 1788 400 ἀποκρι-

999 411 1136 446 ναμένου,
1162 411 1206 442 Ὠς
1234 410 1283 437 νῦν
1312 411 1363 446 μέν
1396 412 1466 437 εἰσιν
1493 411 1602 442 ﬁxa-cev,
1629 412 1730 445 μικρᾶς
1757 412 1787 438 δὲ

1003 457 1194 491 παρελθούσης
1210 457 1286 492 ὧρας
1300 456 1506 483 συνεὶεύσονται
1520 457 1574 483 καὶ·
1583 457 1665 492 μέχρι
1677 465 1790 492 τριακο-

1003 502 1080 535 σίων,
1100 502 1202 533 πάντες
1227 502 1345 536 ἀνδρεῖοι
1369 503 1415 528 καὶ
1432 502 1567 536 μάχεσθαι
1586 503 1749 538 ἠσκημένοι·
1763 503 1789 529 εί

998 547 1091 582 δεήσει
1119 547 1148 573 δὲ
1178 547 1360 581 ἀπέρχεσθαι,
1376 548 1421 572 καὶ
1437 547 1512 574 ἄλλοι
1531 548 1653 578 πλείονες
1668 548 1789 582 συνδρα-

1002 592 1116 626 μοῦνται
1132 592 1179 619 καὶ
1198 593 1245 624 οὓς
1261 593 1312 619 οὐκ
1338 594 1435 627 ἴσμεν·
1459 595 1524 627 περὶ
1540 593 1642 619 τούτων
1653 593 1684 628 δὴ
1700 593 1791 620 διαλε-

1001 638 1137 672 γομένων.
1168 639 1215 664 καὶ
1240 638 1309 664 Θεοῦ
1337 639 1473 673 δεομένων
1492 639 1542 673 τὴν
1557 639 1606 672 τῆς
1623 639 1701 673 δίκης
1714 639 1790 674 ὤραν

1001 684 1205 719 παραταθῆναι,
1220 685 1290 711 ὥστε
1307 685 1536 719 συναθροισϐἦναι
1557 685 1620 716 τοὺς
1645 685 1791 720 ἐλπιζομέ-

1002 739 1063 761 νους
1082 731 1152 766 ὑπὲρ
1173 731 1264 757 αὐτῶν
1282 730 1439 765 μαχεῖσθαι,
1463 729 1531 766 ἦκεν
1547 731 1579 757 ὲκ
1595 730 1728 765 βασιλέως
1741 730 1790 756 τοῦ

1003 776 1194 812 πρεσϐυτέρου
1212 778 1279 811 πρὸς
1306 777 1352 803 τὸν
1376 777 1436 803 νέον
1456 777 1662 811 ἀπεσταλμένος
1683 778 1697 803 ὁ
1717 776 1791 803 Καλ-

1003 821 1164 857 λικρηνίτης
1181 822 1292 857 Μιχαὴλ
1308 822 1450 855 ἐκτομίας·
1465 822 1511 848 καὶ
1527 822 1593 856 πρὶν
1608 822 1789 856 φθέγξασθαι,

1000 869 1055 898 τοῖς
1078 867 1194 902 δάκρυσι
1220 867 1266 893 καὶ
1293 868 1351 899 τοῖς,
1375 869 1538 902 στεναγμοῖς
1562 868 1653 894 κακῶν
1672 868 1791 902 ἄγγελος

1000 914 1079 949 ἥκειν
1094 914 1248 949 σημαίνωνι
1262 915 1398 949 πρότερον
1417 913 1439 939 δ’
1455 913 1544 947 ἑαυτῷ
1563 914 1614 948 τὴν
1629 914 1681 948 γῆν
1697 916 1790 949 χανεῖν

1002 957 1120 992 μᾶλλον,
1148 958 1194 984 καὶ
1219 958 1267 993 τῆς
1281 958 1395 992 ἡδίστης
1413 957 1621 993 ἀπεστερῆσθαι
1653 958 1726 993 ζωῆς
1741 959 1790 984 άν-
1835 991 1838 994 ,

1003 1003 1148 1038 εκτότερον
1166 1001 1250 1036 εἶναι,
1267 1004 1283 1038 ἣ
1311 1003 1442 1029 τοιούτων
1469 1003 1563 1030 κακῶν
1576 1004 1692 1037 ἄγγελος
1710 1005 1790 1039 ἥκειν

999 1048 1086 1075 εἰπὼν
1099 1069 1106 1079 ,
1132 1048 1160 1075 '0
1176 1049 1289 1083 κύριος,
1307 1048 1370 1082 ἔφη,
1389 1048 1436 1074 καὶ
1462 1048 1595 1082 βασιλεὺς
1612 1050 1626 1074 ὁ
1651 1049 1697 1080 σὸς
1715 1050 1791 1076 πάπ-

1001 1103 1061 1126 πος,
1087 1092 1110 1120 ὦ
1133 1094 1255 1130 βασιλεύ,
1280 1095 1326 1121 ἐπὶ
1352 1094 1430 1129 δίκην
1449 1095 1603 1122 καλεῖ.Τυῦ
1622 1095 1753 1130 βασιλέως
1766 1096 1789 1122 δ’

1000 1141 1046 1166 ἐπὶ
1071 1140 1179 1171 τούτοις
1199 1141 1334 1172 εἰπόντος,
1351 1140 1395 1172 Ὠς
1421 1141 1470 1174 τῆς
1494 1141 1542 1175 μὲν
1558 1141 1598 1172 εἰς
1613 1141 1663 1175 ἐμὲ
1681 1150 1728 1167 σου
1745 1142 1790 1167 εὑ-

1000 1187 1074 1217 νοῖας
1104 1186 1256 1221 ἀξιόχρεως
1288 1187 1322 1212 τὰ
1347 1187 1452 1221 δάκρυα
1480 1188 1597 1221 μάρτυς·
1616 1187 1675 1214 ἀνθ’
1691 1188 1752 1214 ὅτου
1766 1187 1791 1214 δ’

999 1230 1072 1257 οὕτω
1090 1231 1209 1266 ορηνεῖς.
1227 1233 1256 1258 ὲν
1279 1232 1370 1268 ἀδήλῳ
1385 1233 1514 1267 κειμένης
1534 1233 1583 1267 τῆς
1604 1233 1697 1268 δίκης;
1715 1234 1790 1260 ἐνδι-

1000 1285 1078 1310 χεται
1095 1277 1149 1311 γάρ
1166 1286 1200 1311 με
1223 1277 1270 1304 καὶ
1288 1277 1337 1312 τὴν
1352 1278 1475 1304 νικῶσαν
1499 1278 1685 1311 ἐνεγκάμενον
1707 1280 1790 1306 ἀπελ-

1000 1324 1066 1350 ο;ῖν.
1090 1324 1119 1350 ’0
1135 1324 1359 1358 Καὶλικρηνίτης
1372 1343 1379 1355 .
1397 1325 1472 1351 Λύτὰ
1497 1325 1531 1350 τὰ
1551 1325 1703 1359 πράγματα
1721 1326 1789 1360 Θρη-

1000 1369 1055 1395 νεῖν
1067 1369 1219 1402 πείθουσιν,
1239 1368 1326 1402 εἶπεν,
1343 1367 1365 1396 ὦ
1380 1370 1504 1404 βασιλεῦ·
1515 1370 1563 1397 τοῦ
1581 1371 1636 1405 γὰρ
1655 1371 1789 1405 βασιλέως

1000 1414 1046 1440 καὶ
1071 1415 1185 1441 πάππου
1215 1415 1262 1442 τοῦ
1283 1415 1331 1442 σοῦ
1358 1416 1405 1443 ἐπὶ
1430 1416 1525 1451 θρόνου
1545 1416 1789 1448 καθεσθέντος,ὠς

1000 1459 1072 1492 ἔθος,
1099 1461 1149 1487 καὶ
1166 1461 1214 1487 τοῦ
1240 1462 1414 1497 πατριάρχου
1431 1462 1498 1497 παρ’
1523 1463 1598 1498 αὑτῷ
1616 1465 1660 1489 ἐπὶ
1677 1464 1788 1498 δίφρου,

157 1510 229 1539 lens,
258 1507 305 1542 qui
327 1512 353 1535 te
377 1510 532 1543 antecedat,
558 1515 586 1538 et
608 1513 772 1547 sapientiam
799 1515 848 1542 tibi
867 1520 947 1551 atque

1002 1506 1055 1533 τῶν
1082 1506 1104 1532 δ’
1131 1508 1347 1543 ἁκροασομένων
1365 1508 1414 1539 τὴν
1433 1509 1512 1543 δίκην
1534 1509 1564 1541 ἐξ
1583 1510 1723 1544 ἑκατέρων
1737 1518 1789 1543 μι-

157 1551 368 1588 iutelligeutiam
385 1555 529 1590 largiatur,
543 1565 597 1591 qua
613 1558 719 1593 objecta
733 1560 823 1593 facile,
840 1569 890 1588 ceu
906 1567 947 1589 te—

155 1598 196 1626 las
209 1607 371 1627 aranearum
392 1601 537 1630 dissolvas.
556 1604 618 1631 "(BC
631 1605 676 1631 ubi
695 1611 823 1639 precatus
844 1613 886 1634 est
899 1616 949 1634 eu.-

157 1643 278 1674 nuehus.
305 1645 352 1671 Dei
368 1646 495 1674 voluntas
509 1647 566 1679 fiat.
578 1649 616 1675 ait
632 1649 781 1684 imperator
795 1659 802 1682 ;
814 1651 948 1687 jubctque

157 1696 208 1715 avo
222 1691 386 1722 renuntiari,
403 1699 432 1719 se
455 1692 589 1727 imperata
605 1693 760 1729 facturum;
785 1701 813 1723 et
830 1705 948 1725 conver-

158 1741 206 1761 sus
218 1734 251 1762 ad
264 1736 378 1768 audcos.
392 1737 433 1764 sic
445 1745 492 1765 eos
504 1739 651 1774 compellat
664 1749 670 1767 :
683 1741 712 1768 Si
733 1749 853 1776 unquam
869 1743 946 1776 alias,

159 1787 233 1807 nuttc
262 1786 370 1815 tempus
392 1784 478 1816 venit,
505 1791 560 1818 quo
589 1785 739 1820 virtutem,
766 1787 947 1822 diligentiam,

157 1825 345 1860 prudentiam,
363 1828 594 1864 tolcrautiamque
618 1835 748 1864 vestram,
771 1836 826 1859 tam
852 1832 948 1861 fortui-

156 1871 253 1899 doloso
278 1877 402 1908 tempore
423 1874 580 1903 declaretis.
611 1877 758 1904 Enimvero
781 1885 843 1904 cum
868 1879 948 1907 multi

157 1921 232 1949 sta-pe
246 1920 274 1943 et
288 1924 418 1952 numero,
431 1923 459 1945 et
473 1919 535 1947 aliis
550 1919 632 1948 rebus
648 1921 727 1950 vobis
740 1922 869 1957 impares,
887 1925 945 1952 ani-

157 1967 264 1988 morum
280 1961 351 1990 facta
367 1964 586 2000 conspiratione,
605 1966 779 1995 admirabilia
805 1973 833 1995 et
849 1969 947 1997 obstu-

158 2007 294 2040 pcscenda
323 2016 454 2044 prospere
476 2012 621 2046 gesserint,
643 2021 692 2040 vos
705 2014 740 2040 itu
760 2014 900 2048 freqentes
916 2023 949 2044 ac

159 2053 227 2080 tales
246 2054 326 2089 longe
343 2056 438 2090 utique
450 2057 554 2091 justius
572 2063 624 2091 est,
646 2060 788 2094 praeclaris
810 2067 837 2087 et
853 2061 950 2088 lauda-

159 2097 262 2126 bilibus
274 2099 444 2129 facinoribus
454 2102 606 2130 efﬁciendis
617 2105 754 2132 vobismet
768 2105 835 2140 ipsis
850 2106 948 2142 dignos

158 2151 302 2178 apparere,
325 2151 354 2173 et
370 2151 418 2174 aut
437 2149 519 2175 vitam
533 2149 675 2177 honestam
697 2151 801 2184 vivere,
820 2157 869 2180 aut
890 2154 949 2188 glo-

1005 1552 1068 1585 ρῶν,
1087 1552 1128 1578 σοὶ
1146 1553 1228 1587 μόνῳ,
1244 1553 1292 1580 τοῦ
1306 1554 1439 1588 βασιλέως
1461 1556 1686 1590 προστεταχότος,
1708 1556 1788 1591 σκίμ-

1003 1606 1069 1628 πους
1090 1598 1169 1633 ἐ.τέοη
1192 1599 1262 1625 κατὰ
1295 1599 1441 1632 πρόσωπον
1470 1600 1612 1634 βασιλέως·
1637 1603 1683 1628 καὶ
1711 1599 1790 1634 οὗτος

1003 1643 1149 1678 ἀπωτέρω.
1172 1645 1260 1680 Ὅπερ
1277 1645 1350 1678 ἰδὼν,
1371 1646 1499 1682 ηὐξάμην
1512 1667 1519 1677 ,
1538 1647 1606 1682 ὅπερ
1633 1645 1722 1678 εἷπον,
1739 1649 1791 1684 σή.-

1005 1698 1088 1724 μερον
1112 1689 1162 1725 τὴν
1191 1691 1244 1725 γῆν
1265 1692 1357 1725 χανεῖν
1380 1700 1436 1726 μοι,
1467 1692 1617 1727 καταδίκης
1642 1694 1725 1719 τάπον
1740 1693 1791 1729 τὴν

1003 1734 1140 1769 καθέδραν
1171 1735 1353 1770 λογισαμένῳ.
1379 1736 1449 1762 Ἀλλ’
1474 1737 1488 1762 ὁ
1518 1737 1618 1771 Δανιὴλ
1641 1737 1689 1763 τὸν
1706 1737 1790 1764 αὑτοῦ

1006 1782 1152 1816 προφήτην
1174 1782 1207 1808 ὲκ
1220 1782 1268 1808 τοῦ
1285 1782 1388 1808 λάκκου
1402 1781 1457 1809 τῶν
1472 1782 1589 1809 λεὲντων
1607 1782 1712 1818 ἀϐλασῆ
1733 1783 1792 1809 δια-

1004 1827 1106 1861 σώσας,
1134 1830 1183 1854 xui.
1207 1827 1257 1862 τῆς
1284 1828 1462 1859 Βαῦυλωνίας
1488 1828 1607 1863 καμίνου
1633 1829 1696 1860 τοὺς
1715 1830 1792 1862 τρεῖς

1003 1875 1102 1902 παῖδας
1128 1874 1289 1910 κρείττονας
1307 1873 1454 1906 ἀποδείξας
1478 1874 1556 1906 Θεὸς,
1572 1875 1619 1900 καὶ
1635 1874 1789 1906 Σωσάνναν,

1004 1920 1061 1948 τῶν
1078 1920 1180 1947 ἀδίκων
1199 1920 1302 1954 κριτῶν
1320 1920 1370 1955 τὴν
1387 1921 1574 1954 συκοφαντίαν
1594 1919 1718 1953 ἐλέγξας,
1739 1919 1791 1946 αὐ-

1002 1968 1049 2000 τὸς
1072 1968 1124 2001 τῆς
1145 1967 1303 2001 ἐφεστώσης
1329 1967 1453 2001 ἀνάγκης
1476 1967 1618 2001 κρείττονα
1634 1967 1681 1993 καὶ
1697 1966 1726 1992 σὲ
1743 1967 1790 1993 νῦν

1003 2014 1156 2046 ἀποδείξαι.
1171 2014 1218 2040 καὶ
1234 2013 1394 2039 ἀποστείλαι
1410 2013 1457 2039 τὸν
1478 2013 1595 2046 ἄγγελον
1620 2011 1703 2038 αὑτοῦ
1720 2020 1789 2048 προ-

1005 2059 1172 2095 πορεύεσοαί
1191 2067 1248 2089 σου,
1266 2059 1315 2085 καὶ
1331 2058 1428 2093 σοφίαν
1448 2059 1586 2093 παράσχοι
1603 2058 1651 2084 καὶ
1667 2057 1788 2089 σύνεσιν,

1003 2108 1074 2134 ὥστε
1095 2108 1129 2134 τὰ
1153 2107 1363 2142 προϐαλλόμενα
1383 2106 1458 2133 λύειν
1481 2106 1600 2138 εὐκόλως
1616 2107 1653 2138 ὼς
1668 2106 1791 2141 ἀράχνης

1004 2154 1105 2185 ῑστούς.
1121 2153 1216 2185 Οὕτως
1234 2153 1385 2188 εὐξαμένου
1401 2152 1448 2179 τοῦ
1465 2152 1604 2187 ἐκτομίου,
1621 2153 1634 2178 ὁ
1651 2151 1789 2186 βασιλεὺς,

159 2190 261 2217 riosam
284 2197 400 2219 mortem
422 2199 565 2229 appetere,
580 2196 650 2223 hanc
667 2197 752 2224 solam
769 2204 888 2226 mentem
903 2208 947 2228 vo:

1005 2200 1041 2226 Τὸ
1056 2199 1103 2226 τοῦ
1122 2199 1241 2234 Χριστοῦ
1271 2199 1379 2234 θέλημα
1403 2197 1538 2233 γενέσθω,
1564 2197 1660 2230 εἰπὼν,
1681 2199 1727 2224 καὶ
1752 2197 1791 2233 τῷ

159 2235 258 2264 decere
272 2238 451 2266 arbitrantes.
471 2240 527 2275 Ego
539 2241 573 2268 ad
591 2242 711 2270 tribunal
729 2244 818 2277 vado;
836 2245 910 2280 quod
927 2247 950 2274 si

158 2282 254 2310 divino
268 2292 382 2313 munere
404 2295 512 2314 rursum
530 2289 743 2323 coniungantur,
760 2290 887 2326 interque
901 2300 951 2320 nos

159 2329 315 2358 amabiliter
332 2331 432 2360 iterum
447 2333 630 2367 intuebimur,
645 2335 698 2363 erit
711 2344 760 2363 cur
775 2332 879 2371 gratias
893 2339 951 2366 Nu-

159 2375 226 2402 miui
245 2377 445 2410 persolvanius.
472 2379 520 2407 Sin
547 2381 614 2415 quid
639 2381 714 2408 aliud
745 2382 784 2409 illi
810 2383 844 2410 de
870 2384 951 2411 nobis

159 2422 353 2456 complacitum
375 2429 429 2455 est.
452 2433 503 2460 ego
527 2427 570 2454 his
592 2427 684 2455 verbis
711 2434 881 2463 postremum
902 2439 950 2459 vos

160 2471 292 2499 salutatus
317 2474 379 2501 volo
393 2482 400 2500 :
415 2482 463 2502 vos
478 2475 533 2511 44
543 2481 634 2504 autent
648 2477 784 2506 nobilitati
799 2479 950 2514 virtutique

160 2522 259 2544 vestrae
279 2524 414 2552 paretote.
429 2521 470 2548 Ad
493 2520 543 2548 ista
559 2529 622 2549 cum
648 2528 763 2558 uterque
789 2524 883 2552 dicere
900 2525 950 2552 ali-

160 2563 226 2597 quid
240 2571 414 2600 percuperet,
432 2572 632 2602 protostratore
652 2574 810 2603 cunctante,
834 2579 949 2606 magnus

1006 2246 1111 2280 πάππῳ
1138 2245 1262 2280 μηνύσας
1279 2244 1316 2276 ὡς
1337 2243 1447 2277 ἕτοιμός
1463 2244 1522 2269 ἐστι
1536 2242 1567 2269 τὸ
1586 2243 1792 2277 προσταττόμε-

1006 2300 1049 2317 νον
1067 2290 1236 2326 ἐκπληροῦν,
1254 2289 1323 2324 πρὸς
1338 2290 1402 2321 τοὺς
1416 2289 1511 2323 φίλους
1526 2289 1716 2323 ἐπιστραφεὶς,
1734 2288 1791 2314 Νῦν

1006 2339 1113 2372 καιρὸς,
1130 2337 1194 2371 ἔφη,
1214 2337 1326 2371 ἀνδρίαν
1347 2335 1405 2370 ἅμα
1421 2335 1469 2361 καὶ
1484 2335 1603 2368 σπουδὴν
1618 2335 1665 2361 καὶ
1683 2335 1791 2360 σύνεσιν

1006 2384 1053 2410 καὶ
1070 2383 1219 2418 καρτερίαν
1244 2384 1273 2409 ὲν
1298 2383 1355 2412 τοῖς
1382 2382 1481 2412 δεινοῖς
1503 2380 1691 2413 ἐπιδείξασθαι
1706 2380 1790 2414 ἡμᾶς.

1005 2430 1102 2456 Καίτοι
1122 2438 1153 2463 γε
1180 2428 1273 2454 πολλοὶ
1288 2427 1419 2458 πολλάκις
1436 2427 1482 2454 καὶ
1506 2427 1552 2452 τὸν
1577 2426 1694 2460 ἀριθμὸν
1712 2426 1792 2451 ἐλάσ-

1004 2485 1079 2510 σους,
1093 2477 1141 2502 καὶ
1158 2474 1243 2501 τᾶλλα
1259 2474 1338 2509 ἡμῶν
1356 2472 1520 2508 ἡττώμενοι,
1537 2472 1665 2506 ὁμόνοιαν
1688 2471 1791 2506 κτησά-

1004 2531 1092 2557 μενοι,
1109 2520 1252 2556 θαυμάσιά
1269 2528 1300 2545 τε
1315 2519 1362 2545 καὶ
1376 2519 1463 2552 ἀκοὴν
1479 2517 1668 2551 ἐκπλήττοντα
1683 2515 1791 2549 κατώρ-

1002 2569 1094 2595 θωτάν
1114 2575 1184 2594 τινα·
1201 2566 1275 2601 ἡμᾶς
1292 2565 1321 2591 δὲ
1337 2564 1480 2595 τοσούτους
1498 2562 1577 2593 ὂντας
1594 2562 1641 2588 καὶ
1653 2560 1792 2593 τοιούτους

800 2626 907 2656 Jacobi
927 2625 1058 2656 Pouluni
1082 2627 1174 2654 nolle.

203 2673 311 2713 (6l_Ex_
325 2674 459 2713 _llpm_ero
473 2695 481 2708 ,
511 2676 584 2711 quoi]
612 2677 749 2712 expressit
769 2677 903 2713 Virgilius
928 2686 955 2705 ιν

161 2709 269 2737 ίΕιιεὶά.
286 2709 331 2735 ubi
348 2709 388 2736 sic
405 2709 471 2737 Dido
486 2721 492 2738 :

201 2755 251 2782 Sed
265 2756 328 2782 mihi
341 2756 379 2782 uel
397 2756 474 2783 tellus
487 2762 572 2792 optem
586 2759 658 2794 prius
676 2759 730 2786 ima
745 2759 870 2785 dehiscat.

166 2801 328 2840 Quanquam
343 2801 477 2840 Homerus
492 2805 551 2830 τότε
570 2813 614 2839 μοι
627 2806 702 2840 χάνοι
719 2805 814 2838 εὐρεῖα
827 2804 910 2838 χῢὼν.

205 2836 243 2872 (7)
266 2837 321 2873 Τὴν
339 2838 457 2866 νικῶσαν
471 2843 549 2868 vocat
563 2836 669 2875 auctor,
684 2836 842 2868 vincentch
856 2839 955 2867 Album

1010 2677 1146 2704 calculum
1167 2675 1281 2706 addere,
1297 2678 1339 2700 est
1353 2672 1518 2710 approbare.
1532 2670 1602 2697 Olim
1616 2669 1792 2710 enimcalcu-

1008 2713 1041 2739 lis
1070 2712 1096 2738 iu
1127 2719 1224 2738 urnam
1255 2709 1347 2745 missis
1372 2705 1408 2745 ita
1437 2707 1606 2745 ferebantur_
1623 2713 1637 2731 a
1655 2705 1793 2745 iudicibus

1009 2746 1163 2776 sententiae.
1183 2750 1212 2771 ur.
1233 2745 1301 2771 albis
1324 2743 1508 2778 absolverent,
1526 2741 1651 2775 pluribus
1669 2739 1792 2778 scilicet,

1007 2783 1073 2809 atris
1087 2774 1184 2808 ιΙίιιιιίιτι
1190 2786 1260 2806 rent.
1274 2778 1350 2811 Quod
1359 2777 1394 2814 .si_
1402 2774 1656 2814 :equale's'nlnuncro'
1667 2774 1792 2805 fuissent,

1009 2825 1072 2844 rcus
1097 2809 1480 2843 nihilominusVliberabalur.
1494 2811 1576 2838 Plura
1588 2809 1743 2837 Cluliastes.
