1913 3074
153 115 202 148 I39

734 116 895 146 JOANNIS
915 117 1181 148 CANTACUZENI

1724 119 1775 152 H0

149 173 228 200 σθαι·
246 172 349 208 δμνυμι
366 173 398 207 εὴ
419 172 516 200 σοιτὺν
531 171 658 199 ἁπάντων
677 171 772 206 κύριον
786 172 833 198 καὶ
851 173 963 207 βασιλέα
984 173 1061 205 Θεὸν,
1073 173 1110 205 ὼς
1123 174 1154 201 ἄν
1169 182 1194 200 τι
1213 175 1331 208 φωράσω
1345 175 1409 211 περὶ
1427 176 1476 210 ἐμὲ
1489 176 1684 213 βουλευόμενον
1714 178 1773 205 κίν-

148 219 226 246 δυνον
242 218 384 251 ἁπειλοῦν,
399 218 473 253 πάσῃ
485 218 599 252 δυνάμει
626 217 673 244 καὶ
687 217 740 252 ὅλῳ
758 217 818 244 ποδὶ
835 218 975 253 χρήσομαι
992 220 1058 253 πρὸς
1071 220 1171 254 φυγήν.

854 273 967 302 CAPUT
978 274 1058 301 «XVI.

144 326 280 355 Invenitur
293 326 321 352 in
336 328 456 360 nepotem
477 332 556 350 senes:
571 332 630 351 cum
651 325 737 351 minis.
758 323 846 360 Nepos
861 323 965 349 ueniam

178 361 356 391 exouulatur,
370 358 404 386 ἐι
419 359 535 386 osculum
553 359 584 385 ab
600 367 629 386 eo
650 360 754 394 recipit.
778 358 856 385 Ficta
878 359 978 384 rcconci

982 323 1047 384 petit
1072 322 1177 364 delictis
1195 324 1265 364 suis;
1289 323 1379 357 pedem
1394 323 1446 364 illi,
1472 332 1623 360 quanquam
1636 326 1773 354 renitenti.

991 363 1068 384 ωηο.
1082 363 1104 384 et
1122 359 1152 384 ob
1168 358 1196 384 id
1217 367 1297 384 triaue
1321 360 1457 384 aaudtum.
1480 359 1590 384 Muamu
1614 360 1772 384 damnum

991 358 1068 387 iatio.
1082 363 1104 384 et
1122 359 1152 384 ob
1168 358 1196 384 id
1217 359 1297 384 inane
1321 359 1457 392 gaudium.
1478 358 1590 393 Magnus
1614 360 1772 388 domesticus

177 398 206 423 in
222 397 430 430 Peloponnesum
453 396 492 421 ire
506 395 610 428 jussus,
629 400 747 429 nepotem
762 399 786 420 et
802 397 1022 428 protonratorem
1037 394 1160 420 rertiorea
1181 393 1256 427 facit.
1274 393 1310 419 De
1330 402 1359 420 ea
1377 401 1404 419 re
1419 394 1580 421 consultant.

177 455 241 480 Haec
262 453 373 488 juniore
390 452 554 484 disserente,
578 451 630 478 sub
652 453 735 487 janua
761 450 925 477 domuncula

1023 449 1117 476 Ταῦτα
1133 449 1181 475 τοῦ
1207 449 1268 476 νέου
1283 449 1417 484 βασιλέως
1442 450 1599 483 διεξιόντος,
1615 453 1629 477 ὁ
1647 453 1767 488 πρεσϐύ-

142 501 297 528 consislens
313 499 405 527 senior
420 499 590 526 auscultabat
607 500 708 526 omnia.
727 499 761 525 Et
782 499 813 524 ad
829 503 926 524 cretera

142 546 254 581 quidem
280 549 384 576 mutus,
408 545 454 572 ubi
482 545 550 579 fuga:
576 545 649 571 illata
671 549 714 571 est
738 543 928 574 mentio:Tu.

143 591 241 626 inquit,
254 596 318 618 tunc
330 595 360 618 ut
369 590 474 625 fugias?
485 590 565 624 Atqui
584 590 692 625 jamjam
704 589 929 624 comprehensus,

141 642 168 663 et
186 637 304 664 vinculis
319 636 486 663 constrictus
505 635 652 664 abducere.
669 640 697 662 et
710 635 741 661 ad
759 635 857 669 captivi
873 635 931 662 for-

143 689 236 709 tunam
252 682 383 716 redigere.
397 681 454 716 Ego
467 689 532 707 vero
547 688 598 707 nec
614 681 700 707 tribus
715 680 813 711 obolis,
830 680 852 706 si
869 687 931 714 pos-

142 729 204 760 sim,
230 731 256 754 te
274 735 288 754 e
313 727 446 754 servitute
471 726 630 753 exemerim.
661 725 765 752 Dehinc
789 720 929 759 paululum

142 780 304 807 progressus
328 771 477 804 :Cernitis,
495 771 583 806 inquit
598 771 630 797 ad
653 776 810 805 prmsentes,
831 778 930 806 quem-

142 818 289 845 admodum
312 818 363 845 iste
390 817 481 844 Verbis
503 817 571 844 meis
595 817 673 844 fidem
702 816 840 849 conciliet,
858 824 928 844 con-

143 869 234 891 tumax
260 864 397 894 videlicet,
421 870 450 890 se
475 862 616 897 magnifice
641 862 875 896 circumspiciens.
903 866 930 889 et

143 909 289 936 immodice
315 908 465 942 arrogans?
487 907 560 942 quod
587 915 621 934 ex
646 907 734 942 reipsa
765 907 844 934 vobis
863 906 930 934 licet

142 956 257 983 discere.
274 955 391 990 Subjicit
402 954 514 989 junior:
530 953 662 988 Equidem
678 961 768 988 neque
783 957 929 980 contumax

141 1009 212 1032 sum.
226 1008 315 1036 neque
329 1000 454 1027 mihimet
471 1003 613 1034 tantopere
629 999 729 1034 plaudo
745 1009 751 1026 :
766 999 814 1026 sed
836 999 929 1026 multi-

142 1048 229 1075 tudini
247 1053 422 1081 peccatorum
440 1054 563 1072 meorum
579 1050 721 1080 acceptum
741 1045 839 1077 refero,
854 1045 927 1080 quod

142 1093 204 1120 talis
221 1092 270 1120 tibi
292 1092 397 1118 videar.
414 1092 512 1118 ’l'estor
534 1091 630 1123 Deum,
651 1099 732 1125 quem
755 1090 823 1117 nihil
849 1090 926 1121 latet.

143 1139 214 1166 haud
232 1146 274 1165 me.
292 1138 374 1166 ullam
399 1137 506 1172 culpam
523 1138 561 1164 ira
584 1141 628 1163 tua
647 1142 700 1164 tam
717 1137 802 1164 atroci
818 1137 926 1171 dignam

142 1183 351 1212 commeruisse.
367 1184 540 1218 Quapropter
554 1183 703 1217 potentiam
717 1187 789 1209 tuam
801 1183 926 1215 obsecro,

143 1238 190 1258 seu
215 1230 323 1262 noxius,
349 1237 396 1257 seu
421 1229 550 1255 innoxius
566 1235 637 1258 sum,
652 1228 718 1255 mihi
735 1228 859 1263 ignoscas
875 1228 928 1255 :ad

143 1280 205 1301 tuos
218 1274 291 1300 enim
305 1273 388 1308 pedes
399 1273 468 1301 mori
481 1273 562 1308 cupio
575 1272 731 1305 (insinuans
743 1272 794 1299 hac
804 1273 928 1308 ambage,

143 1319 253 1346 nonnisi
281 1323 405 1346 coactum
420 1319 454 1346 ab
467 1326 500 1346 eo
515 1319 708 1350 recessurum).
725 1318 758 1345 Et
772 1318 851 1345 simul
865 1326 928 1345 cum

143 1364 195 1391 hoc
207 1364 282 1392 dicto
296 1364 330 1391 ad
345 1369 446 1391 terram
459 1364 668 1399 procumbebat,
681 1364 722 1390 avi
737 1364 833 1398 pedem
848 1371 929 1391 oscu-

142 1411 266 1442 laturus;
284 1418 365 1445 quem
385 1410 430 1437 ille
447 1410 569 1437 humeris
589 1411 647 1445 ejus
663 1409 792 1437 obnitens
808 1409 929 1437 abstine-

143 1458 198 1488 bat,
212 1464 244 1484 ac
261 1464 327 1484 voce
351 1456 415 1483 item
434 1456 609 1491 prohibebat,
624 1457 789 1491 tandemque
810 1455 928 1490 amplius

142 1503 289 1530 luctantem
315 1502 421 1536 capillis
439 1501 584 1529 retinebat.
598 1500 666 1528 Cum
682 1500 765 1528 etiam
791 1501 842 1533 sic,
857 1500 927 1527 sibi-

142 1555 197 1577 met
209 1557 264 1577 non
279 1556 404 1584 parcens,
420 1548 474 1583 50
488 1547 514 1574 vi
534 1555 641 1575 summa
653 1553 789 1583 pergeret,
803 1551 928 1574 metuens

142 1603 221 1627 avus,
237 1603 271 1622 ne
284 1595 329 1622 illa
344 1595 475 1621 violentia
488 1594 577 1621 crines
592 1601 607 1620 a
621 1593 724 1620 vertice
739 1593 929 1623 abstraheret)-

143 1646 198 1674 tur,
213 1645 313 1667 terram
328 1645 432 1674 petere,
444 1643 472 1666 et
484 1639 547 1673 pedi
557 1639 681 1666 osculum
698 1639 780 1673 ﬁgere
793 1639 926 1673 permisit,

142 1690 354 1721 surgentemque
381 1684 470 1719 capite
497 1684 722 1718 apprehendens,
748 1684 842 1711 oculos
869 1684 928 1718 ejus

141 1731 318 1759 deosculatus
342 1735 385 1757 est
411 1730 479 1765 (18).
497 1730 557 1763 Quo
581 1734 737 1764 conspecto,
762 1729 927 1764 patriarcha,

984 503 1063 529 τερος
1075 495 1127 521 ὑπὸ
1152 496 1199 526 τὰς
1213 495 1300 530 θύρας
1317 497 1462 530 ἱστάμενος
1481 496 1528 523 τοῦ
1544 498 1681 531 οἰκίσκον,
1699 500 1769 526 πάν-

984 550 1039 567 των
1059 542 1226 576 ἐπηκροᾶτο,
1252 542 1299 568 καὶ
1328 542 1414 569 τᾶλλα
1436 543 1486 577 μὲν
1520 543 1620 578 ἠνεγκε
1646 546 1767 577 σιωπῶν,

984 586 1033 621 τὴν
1047 587 1137 622 φυγὴν
1166 587 1195 613 δὲ
1224 589 1353 619 ἀκούσας,
1373 588 1408 614 Σὺ
1423 588 1455 620 δ’,
1468 588 1530 624 ἔφη,
1559 589 1646 626 φεύξῃ
1662 599 1694 625 γε
1712 592 1745 623 σύ
1760 602 1767 624 ;

984 632 1062 659 Ἀλλ’
1080 633 1142 659 ὅσον
1157 633 1234 664 οὔπω
1252 633 1284 660 σὺ
1302 634 1351 667 μὲν
1374 634 1537 668 συλληφθεὶς
1560 636 1707 672 ἀπαχθήσῃ
1724 637 1770 664 δε-

983 678 1107 711 σμώτης,
1135 678 1183 704 καὶ
1204 678 1273 712 πρὸς
1306 679 1473 712 δοριαλὼτθυ
1500 681 1640 713 καταστὰς
1668 683 1767 717 τύχην·

989 723 1060 756 Ἐγὼ
1076 723 1098 749 δ’
1117 723 1178 749 οὐδὲ
1193 723 1277 758 τριῶν
1292 723 1393 750 ὀϐολῶν
1417 724 1541 758 ἐθελήσω
1564 725 1699 753 λύσασθαι
1718 727 1769 762 τῆς

981 769 1099 799 δουλίας.
1125 767 1192 795 Εἶτα
1224 769 1322 804 μικρὸν
1350 770 1464 801 προϐὰς,
1488 770 1598 804 Ὀρᾶτε,
1616 772 1667 807 ἔφη
1698 773 1770 806 πρὸς

983 815 1045 846 τοὺς
1059 815 1207 848 παρόντας,
1222 816 1296 846 ὅπως
1311 816 1367 846 τοῖς
1384 816 1460 850 ἐμοῖς
1477 816 1566 849 λόγοις
1591 813 1669 848 οὗτος
1698 826 1769 851 συμ-

985 861 1132 895 μαρτυρεῖ,
1155 860 1274 895 σκληρδς
1289 860 1328 887 ὢν
1344 862 1393 887 καὶ
1410 861 1544 896 αὐθάδης.
1561 862 1608 888 καὶ
1626 863 1696 898 πέρα
1719 863 1768 890 τοῦ

982 907 1089 937 δέοντος
1105 906 1212 938 ἀλαζών
1227 916 1233 939 ;
1253 907 1304 941 ἠδη
1321 908 1368 933 καὶ
1385 907 1450 942 ὑμῖν
1478 908 1536 934 ἔστι
1552 909 1647 943 σαφῶς
1663 911 1695 936 ὲκ
1711 909 1767 936 τῶν

981 952 1154 986 πραγμάτων
1170 952 1351 987 καταμαθεῖν.
1360 951 1391 980 Ὀ
1404 953 1464 984 νέος
1475 953 1497 979 δ’
1512 953 1696 988 Ἀνδρόνικος,
1705 953 1768 982 Ἐπ’

980 997 1122 1032 ἀληθείας,
1137 995 1225 1031 εἶπεν,
1250 995 1272 1024 ὦ
1288 997 1412 1032 βασιλεῦ,
1429 998 1491 1024 οὔτε
1510 1000 1626 1034 σκληρός
1641 1001 1700 1035 εἰμί
1713 1010 1767 1034 τις,

951 1038 957 1043 ’
979 1042 1042 1070 οὔτε
1057 1043 1177 1078 αὐθάδης
1190 1052 1197 1058 ·
1219 1043 1286 1070 ἀλλὰ
1303 1044 1357 1070 τῶν
1382 1044 1458 1080 ἐμῶν
1486 1045 1631 1080 ἁμαρτιῶν
1649 1047 1663 1072 6
1677 1046 1766 1081 σωρὸς

979 1090 1101 1116 τοιοῦτον
1115 1087 1185 1116 εἶναι
1199 1089 1345 1124 φαίνεσθαί
1361 1098 1402 1115 σοι
1419 1091 1510 1116 ποιεῖ·
1528 1090 1584 1124 ἐγὼ
1598 1091 1620 1117 δ’
1636 1092 1682 1117 ἐπὶ
1695 1093 1767 1126 μάρ-

979 1146 1041 1171 τυρι
1057 1137 1130 1170 λέγω
1146 1136 1185 1170 τῷ
1202 1136 1283 1162 εἰδότι
1297 1137 1386 1163 πάντα
1399 1136 1469 1172 Θεῷ,
1488 1137 1525 1168 ὼς
1552 1138 1626 1164 οὐδὲν
1643 1139 1766 1166 τοιοῦτον

979 1182 1091 1218 ἐμαυτῷ
1119 1182 1227 1209 σύνοιδα
1241 1183 1413 1217 εἰργασμένῳ
1429 1183 1466 1215 ὡς
1483 1184 1557 1215 ἄξιον
1580 1182 1650 1211 εἶναι
1662 1185 1710 1219 τῆς
1721 1194 1766 1212 το-

980 1229 1082 1263 σαύτης
1099 1228 1195 1263 ὀργῆς.
1208 1228 1253 1254 Διὸ
1265 1228 1297 1263 δὴ
1317 1229 1364 1254 καὶ
1383 1228 1479 1264 δέομαι
1497 1229 1544 1255 τοῦ
1568 1230 1616 1256 σοῦ
1644 1232 1765 1266 κράτους

981 1274 1149 1309 συγγνώμης
1177 1274 1228 1300 κᾶν
1246 1282 1276 1300 τε
1304 1274 1430 1309 ἥμαρτον
1454 1276 1557 1309 τυχεῖν,
1587 1276 1637 1303 κᾶν
1654 1285 1684 1303 τε
1712 1277 1763 1313 μή.

979 1320 1051 1355 Πρὸς
1067 1319 1128 1350 τοὺς
1147 1319 1231 1350 πόδας
1246 1319 1300 1354 γὰρ
1315 1319 1425 1354 ἐφίεμαι
1440 1320 1503 1351 τοὺς
1522 1321 1585 1352 σοὺς
1617 1321 1764 1349 ἀποθανεῖν

979 1365 1187 1401 (αίνιττόμενος,
1212 1365 1250 1396 ὡς
1272 1365 1322 1391 οὐκ
1335 1366 1367 1392 ἂν
1393 1366 1476 1392 αὑτοῦ
1509 1367 1667 1402 βουλήσοιτο
1696 1369 1764 1394 ἀπο-

980 1411 1077 1446 στῆναι
1094 1411 1179 1445 χωρὶς
1205 1410 1328 1445 ἀνάγκης
1342 1410 1363 1445 ).
1386 1410 1464 1445 ’Ᾱμα
1483 1411 1510 1437 δὲ
1524 1411 1630 1444 τούτοις
1648 1413 1704 1443 τοῖς
1719 1412 1763 1439 λό-

979 1464 1037 1490 γοις
1071 1456 1118 1482 καὶ
1138 1455 1205 1490 πρὸς
1232 1455 1284 1489 γῆν
1305 1455 1481 1482 κατεκλίνετο
1498 1457 1688 1491 ἀσπασόμενος
1713 1458 1762 1483 ’τὸν

980 1501 1049 1528 πόδα
1073 1500 1119 1527 τοῦ
1145 1500 1287 1535 βασιλέως.
1311 1500 1341 1527 '0
1367 1500 1390 1526 δ’
1416 1501 1508 1535 ἀνεῖχε
1539 1501 1690 1537 λαϐόμενος
1714 1502 1762 1528 τοῦ

978 1547 1064 1582 ὥμου,
1081 1547 1138 1582 ἅμα
1155 1547 1203 1573 καὶ
1220 1546 1310 1580 λόγοις
1326 1547 1356 1572 τὸ
1371 1547 1452 1582 ἔργον
1468 1548 1658 1582 ἀπαγορεύων.
1681 1548 1725 1579 Ὠς
1738 1549 1761 1574 δ’

979 1592 1053 1628 ἐώρα
1068 1592 1240 1627 βιαζόμενον,
1259 1593 1339 1626 ἀφεὶς
1353 1592 1399 1618 τὸν
1407 1589 1494 1627 ὦμον,
1507 1593 1617 1619 ἑλὰὗετο
1632 1593 1686 1619 τῶν
1702 1601 1761 1628 τρι-

978 1639 1046 1673 χῶν,
1071 1637 1116 1669 Ὠς
1129 1637 1156 1662 δὲ
1172 1638 1219 1663 καὶ
1245 1636 1333 1667 οὕτως
1352 1636 1490 1670 ἐϐιάζετο,
1508 1637 1626 1670 ἀφειδῶν
1649 1638 1760 1669 ἑαυτοῦ,

978 1683 1068 1713 δείσας
1083 1683 1096 1708 6
1111 1682 1223 1712 πάππος
1238 1682 1276 1717 μὴ
1291 1683 1325 1717 τῇ
1346 1681 1393 1716 βίᾳ
1411 1683 1460 1716 τῆς
1476 1682 1598 1716 κεφαλῆς
1615 1682 1762 1710 διαστῶσιν

979 1729 1006 1755 αἱ
1021 1729 1124 1763 τρίχες,
1141 1727 1256 1753 ἐνέδωκε
1281 1727 1331 1761 τὴν
1351 1727 1512 1754 κατάκλισιν
1523 1736 1531 1742 ·
1547 1729 1561 1754 6
1587 1729 1615 1756 δὲ
1631 1729 1763 1755 κατακλι-

141 1777 242 1812 quique
257 1776 372 1803 aderant
395 1783 533 1810 proceres,
555 1775 608 1803 hoc
624 1776 737 1802 minime
754 1775 866 1802 dubium
883 1784 925 1803 re-

980 1775 1036 1805 θεὶς
1050 1775 1193 1808 ἠσπάσατο
1208 1773 1252 1800 τὸν
1266 1774 1333 1800 πόδα
1343 1773 1387 1800 τοῦ
1399 1774 1542 1809 βασιλέως.
1559 1773 1615 1801 Εἶτ’
1628 1776 1763 1801 ἀναστάν-

141 1823 301 1856 diutegratre
316 1821 390 1848 inter
405 1821 584 1855 imperatores
595 1821 722 1848 amicitia:
736 1827 925 1856 argumentum

141 1867 203 1895 rati.
222 1866 396 1901 ingeminatis
417 1866 540 1899 vocibus,
558 1866 615 1893 Deo
630 1867 706 1900 pacis
722 1866 842 1901 largitori
864 1874 927 1901 gra-

141 1912 192 1938 tias
209 1918 299 1946 agere.
322 1910 393 1943 Quin
415 1915 443 1938 ct
462 1911 557 1945 junior
574 1911 722 1945 imperator
743 1918 803 1938 cum
829 1918 928 1946 magno

140 1957 303 1987 domestico,
320 1961 347 1983 ct
363 1961 563 1992 protostratore
577 1958 714 1983 seniorem
730 1956 865 1991 placatum
883 1964 926 1983 ar-

140 1999 245 2032 bitrati,
262 2000 356 2027 laetitia
381 2000 529 2032 exsultare,
547 2000 673 2034 diemque
692 2001 767 2027 illum
789 2001 927 2028 eandidis-

140 2045 239 2072 simum
263 2045 398 2080 judicare.
422 2045 456 2071 Et
481 2046 590 2072 rediens
615 2045 736 2077 domum,
763 2053 859 2080 nepos.
882 2047 925 2073 in-

140 2098 232 2125 quam,
249 2098 390 2117 sermones
405 2091 432 2116 in
447 2090 550 2124 judicio
564 2091 671 2117 habitos
686 2092 848 2118 necessariis
867 2091 924 2118 suis

140 2135 328 2166 memorabat;
343 2135 391 2169 qui
414 2142 508 2161 omnes
525 2142 578 2162 una
595 2134 666 2161 diem
684 2135 782 2162 festum
797 2143 924 2163 commu-

141 2180 225 2208 nibus
247 2180 355 2216 gaudiis
376 2180 540 2214 exigebaut;
564 2180 710 2216 Syrgianni
731 2181 843 2216 insuper
865 2188 924 2211 acta

114 2250 118 2255 .
140 2225 354 2261 perscribentes,
372 2230 401 2251 ut
415 2229 441 2252 et
459 2226 517 2259 ipse
531 2225 661 2260 gauderet
674 2234 734 2253 cum
747 2229 842 2255 amicis
859 2236 925 2263 gau-

139 2272 279 2304 dentibus,
294 2279 382 2307 neque
404 2278 433 2298 se
448 2271 501 2298 ulla
518 2272 545 2299 in
568 2276 707 2306 posterum
720 2280 786 2300 cura
801 2282 925 2301 macera-

139 2322 197 2349 rct;
223 2322 321 2352 utpote
344 2316 458 2352 objectis
479 2317 535 2353 jam
560 2317 700 2352 prioribus
732 2319 871 2350 consiliis,
896 2324 924 2347 et

140 2363 231 2390 stabili
256 2363 329 2390 inter
347 2363 526 2398 imperatores
543 2363 688 2390 concordia
713 2369 839 2392 revocata
858 2373 924 2392 con-

140 2409 218 2436 fectis
234 2409 362 2435 omnibus
378 2417 412 2436 ex
436 2409 581 2436 sententia.
599 2408 656 2436 lloc
678 2410 750 2437 enim
767 2417 827 2438 erat
849 2413 922 2446 quod

139 2453 211 2480 votis
224 2461 412 2488 saepenumero
425 2453 590 2488 petiverant,
606 2459 634 2480 ut
645 2461 711 2481 avus
722 2454 814 2481 odium
827 2462 922 2483 contra

139 2503 267 2532 nepotem
296 2498 466 2532 deponeret,
504 2498 611 2532 ipsique
641 2498 825 2532 periculorum
850 2506 923 2533 metu

139 2543 219 2570 soluti
242 2551 273 2570 ac
297 2543 386 2573 liberi,
406 2543 488 2570 vitam
505 2543 637 2578 placidam
654 2548 681 2570 et
698 2544 818 2578 quietam
841 2544 924 2579 dege-

977 1829 1022 1852 τος
1042 1821 1090 1854 τῆς
1117 1819 1237 1854 κεφαλῆς
1262 1819 1412 1853 λαϐόμενος
1425 1821 1439 1846 6
1464 1820 1601 1854 βασιλεὺς,
1621 1821 1761 1855 κατεφίλει

977 1865 1026 1895 τὰς
1040 1863 1127 1898 ὄψεις.
1141 1863 1226 1890 Τοῦτο
1237 1863 1269 1897 δὴ
1284 1864 1298 1890 6
1319 1864 1492 1899 πατριάρχης
1512 1865 1561 1893 καὶ
1576 1865 1601 1890 οἱ
1618 1865 1668 1900 τῆς
1695 1873 1761 1899 συγ-

976 1910 1077 1945 κλήτου
1106 1910 1238 1944 παρόντες
1269 1909 1380 1941 ἰδόντες,
1397 1912 1445 1936 καὶ
1459 1910 1607 1945 διαλλαγῆς
1623 1912 1760 1943 ἀπόδειξιν

977 1956 1137 1990 νομίσαντες
1153 1955 1204 1990 ἤδη
1221 1955 1333 1990 βεϐαίας
1344 1955 1398 1982 τῶν
1410 1956 1552 1990 βασιλέων,
1568 1957 1669 1989 πολλὰς
1690 1958 1760 1992 ἀφῆ-

977 2007 1027 2025 καν
1042 1999 1130 2032 φωνὰς
1144 1998 1370 2033 εὐχαριστοῦντες
1379 2000 1438 2035 Θεῷ
1451 1995 1489 2034 τῷ
1503 2001 1614 2036 χορηγῷ
1623 2004 1671 2035 τῆς
1684 2003 1760 2037 εἰρή-

976 2053 1035 2078 νης.
1053 2045 1108 2070 Καὶ
1123 2044 1204 2076 αὐτὸς
1224 2044 1252 2071 δὲ
1269 2044 1394 2079 βασιλεὺς
1409 2046 1422 2071 6
1445 2045 1502 2076 νέος
1518 2047 1566 2072 καὶ
1581 2046 1606 2072 οἱ
1629 2047 1692 2082 περὶ
1709 2048 1758 2073 αὐ-

975 2091 1032 2122 τὸν,
1050 2089 1210 2124 διηλλάχθαι
1227 2090 1387 2124 νομίσαντες
1402 2091 1441 2126 τῷ
1458 2091 1561 2126 ἑγγόνῳ
1575 2091 1621 2118 τὸν
1636 2091 1757 2127 βασιλέα,

976 2135 1086 2171 ἔχαιρόν
1104 2144 1133 2161 τε
1147 2135 1237 2168 αὐτοὶ,
1255 2136 1302 2162 καὶ
1315 2136 1442 2171 εὐτυχίας
1459 2136 1548 2172 ἄκρας
1576 2137 1691 2172 ἡγοῦντο
1709 2138 1758 2174 τὴν

975 2182 1083 2217 ἡμέραν
1104 2181 1224 2216 εκείνην.
1246 2182 1293 2208 Ἐκ
1307 2182 1362 2208 τῶν
1380 2182 1525 2217 βασιλείων
1550 2183 1642 2210 οῑκαδε
1669 2185 1683 2210 6
1698 2186 1758 2215 νέος

976 2227 1103 2262 βασιλεὺς
1117 2226 1254 2261 ἀπελθὼν,
1266 2228 1384 2262 διηγεῖτό
1397 2236 1427 2254 τε
1442 2230 1496 2260 τοῖς
1509 2229 1595 2263 φίλοις
1610 2229 1673 2260 τοὺς
1687 2230 1758 2255 κατὰ

974 2273 1024 2308 τὴν
1051 2273 1128 2307 δίκην
1153 2273 1259 2307 λόγους,
1276 2273 1454 2308 συνεόρταζόν
1473 2282 1504 2300 τε
1531 2276 1578 2302 καὶ
1597 2276 1757 2310 συνέχαιρον

975 2317 1100 2352 ἀλλήλοις
1112 2326 1119 2334 ·
1135 2318 1270 2353 μηνύουσι
1281 2318 1313 2353 δὴ
1330 2319 1376 2344 καὶ
1390 2319 1546 2355 Συργιάννῃ
1562 2320 1597 2346 τὰ
1613 2321 1755 2355 γεγονότα,

972 2363 1011 2394 ὡς
1031 2363 1064 2389 ἂν
1079 2363 1126 2389 καὶ
1153 2362 1236 2394 αὐτὸς
1255 2363 1394 2400 συγχαίρῃ
1421 2365 1478 2395 τοῖς
1507 2365 1596 2398 φίλοις
1615 2365 1755 2400 χαίρουσι,

974 2409 1021 2434 καὶ
1038 2408 1174 2443 μηδεμίαν
1192 2408 1242 2444 ἔχῃ
1271 2410 1402 2443 φροντίδα
1432 2411 1570 2444 τήκουσαν
1585 2410 1633 2445 τὴν
1653 2410 1755 2445 ψυχὴν,

940 2447 1011 2485 θὼς
1030 2454 1084 2480 τῶν
1102 2454 1243 2488 προτέρων
1269 2454 1320 2489 ἠδη
1344 2454 1537 2490 βουλευμάτων
1564 2456 1754 2488 διαλυθέντων,

973 2499 1020 2524 καὶ
1047 2498 1159 2533 βεῆαίας
1186 2499 1299 2534 εἰρήνης
1315 2501 1504 2534 γεγενημένης
1531 2501 1588 2531 τοῖς
1604 2500 1753 2534 βασιλεῦσι,

975 2545 1022 2571 καὶ
1040 2545 1100 2570 κατ’
1113 2544 1196 2580 εὐχὴν
1209 2545 1301 2576 αὐτοῖς
1327 2545 1380 2572 τῶν
1395 2545 1569 2581 πραγμάτων
1596 2546 1755 2581 κεχωρηκὸ-

771 2601 879 2632 Jacobi
897 2603 1029 2633 Pontani
1046 2606 1155 2633 [ιοιιξξ.⁸

174 2653 230 2687 (18)
250 2652 342 2679 Monet
367 2660 411 2679 me
439 2659 572 2679 numerus
595 2652 800 2682 multitudinis.
832 2657 862 2680 ut
883 2653 918 2680 de

138 2687 227 2715 oculis
247 2687 381 2721 accipiam
398 2696 405 2713 :
421 2688 529 2714 tametsi
551 2688 631 2721 paulo
650 2688 718 2715 infra
741 2688 809 2714 dicit
831 2688 916 2721 πρόσ-

137 2731 223 2753 ωπον,
236 2721 332 2748 faciem
350 2722 502 2749 osculatam
516 2730 586 2752 esse.
603 2731 664 2749 nam
678 2728 705 2750 et
718 2723 789 2750 «culi
806 2727 870 2749 sunt
889 2724 916 2750 in

137 2757 219 2784 facie.
251 2756 345 2785 Lahia.
375 2764 470 2791 genas.
498 2757 604 2788 oculos,
637 2758 765 2786 frontem.
803 2758 914 2788 collum,

137 2792 257 2818 osculari
271 2799 329 2818 mos
342 2791 403 2821 fuit.
416 2792 492 2818 vario
514 2791 578 2820 fine.
589 2799 635 2818 seu
653 2793 759 2818 diversa
776 2792 809 2818 dc.
821 2800 915 2819 causa.

141 2826 193 2853 Sed
219 2827 324 2859 oculos,
349 2826 422 2861 quod
447 2834 510 2853 cum
537 2826 592 2853 sint
609 2826 712 2853 iudices
735 2827 830 2859 animi,
851 2827 918 2861 ipsis

969 2654 1129 2692 osculandis
1144 2654 1265 2692 animum
1281 2655 1370 2690 ipsum
1386 2657 1546 2692 contingere
1556 2658 1610 2686 sibi
1624 2657 1753 2685 videren-

970 2695 1025 2717 tur.
1047 2689 1095 2727 οε.
1109 2690 1269 2727 osculorum
1287 2689 1437 2724 generibus
1454 2689 1516 2719 vide
1542 2693 1664 2727 Lipsium
1692 2692 1756 2720 Ele-

968 2725 1116 2787 ριρὲἒείέὶι.
1134 2732 1152 2756 l,
1177 2732 1238 2759 cap.
1255 2725 1281 2756 6,
1299 2730 1328 2753 et
1345 2727 1483 2762 symbolas
1502 2725 1612 2756 nostras
1634 2727 1662 2754 in
1684 2727 1753 2757 illud

1064 2769 1072 2786 1
1093 2779 1100 2785 ι
1112 2768 1121 2786 ἔ

1004 2805 1070 2831 Cum
1087 2806 1160 2832 dabit
1173 2806 1321 2841 amplexus,
1338 2812 1415 2842 atque
1425 2810 1516 2837 oscula
1529 2810 1618 2837 dulcia
1629 2810 1701 2846 liget.
