1913 3074
177 161 230 194 143

771 165 933 196 JOANNIS
952 166 1216 198 CANTACUZENI

1747 171 1799 203 lu

172 218 328 246 amandabit
368 219 546 254 celeriterque
569 219 702 254 proficisci
726 221 881 256 compellet.
906 221 943 249 Ub

996 223 1131 252 ,πᾶσιδιᾶ
1148 223 1198 258 τὴν
1228 223 1345 257 μόνωσιν
1373 221 1448 250 οὖσιν
1471 224 1687 258 ἀσθενεστάτοις,
1706 222 1744 261 ἢν
1764 229 1798 254 ὃν

173 273 220 292 vos
239 266 413 297 illustriores,
428 271 454 292 et
471 266 528 301 ipsa
547 267 635 301 capita
652 275 667 294 e
689 267 779 294 tnedio
796 268 954 300 rctnov'erit,

171 317 228 339 tum
244 313 298 347 jam
313 317 339 339 et
355 313 485 346 reliquos,
499 313 582 348 siqui
597 319 670 346 sunt,
685 314 870 348 investigabil,
888 319 957 340 tota-

171 366 224 392 que
238 366 265 384 re
280 362 359 384 antea
375 365 407 384 ex
421 365 468 384 sna
486 359 622 385 Sententia
639 358 707 385 bene
723 359 882 389 constituta,
897 363 956 385 tan-

170 403 230 429 dem
249 410 297 436 pro
318 403 492 436 catastrophe
518 403 551 429 ad
569 412 611 429 mc
628 411 747 437 quoque,
772 408 802 430 ut
824 409 954 438 superatu

169 447 285 477 facilem,
304 455 332 474 se
349 453 488 474 convertet
510 449 576 483 (19).
601 448 676 476 Dicet
698 449 846 483 quispiam,
862 449 901 480 Si,
926 455 955 476 ιιι

167 493 217 524 ais,
244 498 270 519 te
293 493 391 519 borum
417 494 538 520 virorum
566 493 694 528 praesidio
720 494 825 521 nudare
849 494 952 526 volens,

167 539 323 573 pravincias
335 540 362 566 in
376 540 566 567 remotissimis
582 541 696 567 Romani
713 541 821 576 imperii
833 541 889 568 oris
901 541 954 568 illis

167 586 309 618 describit,
323 586 478 620 expeditius
489 591 548 613 erat
563 587 621 614 sine
634 587 728 619 dubio,
744 588 883 621 multoque
899 587 953 614 uti-

166 632 230 664 lius,
244 632 266 658 si
284 632 318 658 iis
334 633 522 666 apprehensis,
534 637 562 660 et
574 633 699 660 custodia
713 634 823 664 clausis,
836 634 909 660 curis
924 642 953 661 se

168 678 243 704 liiSce
261 678 381 705 exuisset
396 687 401 705 :
415 678 480 714 quid
505 678 577 705 enim
596 684 647 711 est,
671 679 744 713 quod
769 679 839 706 istuc
863 680 953 707 facere

170 724 313 757 prohibeat
330 724 543 758 imperatorem?
558 725 651 756 Recte,
674 725 745 759 quod
767 725 843 751 illum
862 726 953 759 probi-

167 769 239 801 heat,
256 770 326 796 nihil
341 775 384 797 est
398 778 405 801 ;
421 770 472 805 52
495 770 548 797 Sed
572 771 710 802 callidum,
730 778 837 804 usuque
859 779 950 798 rertnn

166 817 276 842 doctum
293 816 484 849 imperatorem
500 823 670 850 nequaquam
688 816 766 848 fallit,
789 817 861 843 haud
883 825 952 844 con-

166 859 275 892 ducere.
294 862 451 896 priusquam
476 862 610 896 exquisite
626 862 709 894 norit,
727 867 794 896 quot
808 868 835 889 et
856 864 950 897 quales

165 907 231 939 sint,
248 907 293 941 qui
315 914 421 933 tnecuttt
443 908 600 934 societatem
617 907 761 940 coiverint,
775 909 807 934 ad
824 916 948 943 pugnan-

165 953 229 979 dum
241 952 365 978 cominus
376 952 498 986 aggredi.
511 952 672 979 Timcndnm
689 954 771 984 enim,
784 961 817 980 ne
832 954 854 981 si
869 955 947 982 multi

164 998 230 1030 sint,
246 1005 277 1024 ac
296 998 490 1031 potentissimi,
506 1006 590 1025 unum
607 999 730 1033 quidem,
747 999 898 1026 alterumve
920 1001 947 1027 in

163 1043 272 1070 vincula
290 1043 397 1070 tradere
410 1048 508 1077 queat;
526 1045 633 1070 cmtcris
646 1050 736 1071 autem
751 1045 805 1079 jam
822 1053 948 1072 necessa-

162 1088 206 1114 rio
229 1088 447 1122 eonjurantibus,
472 1089 589 1122 cogitata
617 1089 746 1122 perﬁcere
772 1097 823 1116 non
850 1090 945 1123 possit.

163 1133 306 1160 Probabile
334 1141 416 1168 porro
439 1138 491 1165 est,
514 1141 576 1160 eum
601 1135 768 1168 existimare,
799 1137 899 1162 multos
921 1141 947 1163 ct

163 1179 308 1213 opulentos
328 1183 484 1205 nostrarum
506 1187 567 1206 eSse
585 1181 713 1214 partium.
737 1181 804 1207 Nam
826 1182 898 1216 quod
919 1183 946 1208 in

161 1224 266 1260 judicio
280 1224 480 1251 nudiustertius
490 1232 542 1259 ego
557 1225 631 1252 solus
648 1226 824 1260 interceptus,
838 1233 865 1253 et
880 1235 946 1254 con~

164 1269 257 1297 clusus
279 1277 332 1296 tton
351 1270 470 1300 concidi,
497 1276 584 1303 neque
610 1269 752 1298 timiditate
775 1272 864 1306 aliqua
881 1280 946 1299 con-

163 1322 269 1346 Cnssus,
285 1315 369 1342 multa
385 1322 447 1341 cum
467 1314 576 1346 ﬁducia,
592 1316 784 1350 constantique
801 1319 900 1349 animo,
918 1322 946 1344 et

164 1361 273 1395 ingenio
296 1359 465 1392 contradixi;
492 1360 619 1394 quodque
641 1362 772 1394 accessit,
795 1368 825 1389 ut
844 1363 946 1390 Melite—

164 1406 256 1434 nensis
279 1406 393 1433 vtrniens
409 1406 557 1438 nuntiaret,
575 1406 642 1434 foris
659 1411 731 1434 stare
748 1408 879 1442 quosdam
891 1403 966 1444 'po--

165 1457 263 1484 tentes,
282 1459 340 1478 mea
365 1458 446 1478 causa
462 1457 571 1486 paratos
594 1453 627 1479 ad
654 1454 755 1485 omnia,
772 1462 826 1480 non
850 1462 945 1489 parum
962 1467 967 1475 κ

164 1498 224 1532 ejus
246 1498 360 1525 consilia
387 1499 505 1525 turbavit
525 1499 619 1526 :unde
639 1501 731 1526 statim
757 1501 855 1528 throno
872 1505 944 1530 exsi-

165 1544 249 1575 lit-ns,
275 1543 416 1570 securitati
441 1551 498 1570 suae
525 1544 672 1571 consuluit.
699 1545 775 1573 Nunc
802 1547 854 1573 sibi
878 1555 944 1574 con-

162 1590 260 1616 ducere
284 1590 399 1621 censuit,
430 1597 478 1616 vos
501 1589 620 1623 delatos,
648 1598 695 1625 per
718 1592 835 1626 speciem
860 1593 945 1620 bene-

163 1634 276 1661 t‘teentite
301 1642 316 1661 a
343 1642 386 1661 me
414 1634 576 1662 distrahere.
609 1635 704 1663 Postea
731 1637 828 1664 iterum
863 1639 945 1666 rebus

161 1681 228 1714 ipsis
245 1680 419 1712 docentibus,
437 1680 537 1714 quibus
554 1688 583 1708 se
605 1688 695 1716 operae
719 1683 834 1717 pretium
856 1684 944 1712 factu-

161 1733 220 1752 rum
235 1725 351 1759 putabit,
368 1733 417 1752 nos
431 1725 617 1760 aggredietur.
633 1727 681 1754 His
695 1729 822 1756 omnibus
833 1729 866 1757 de
877 1739 943 1758 cau-

160 1771 198 1797 sis
221 1778 274 1796 non
301 1770 417 1804 amplius
443 1771 687 1804 tergiw-rsandum.
710 1780 771 1805 nec,
788 1774 865 1808 quasi
888 1782 944 1810 pra:

160 1816 293 1842 malorum
311 1815 497 1850 magnitudine
519 1816 552 1843 de
569 1821 703 1850 potestate
718 1819 880 1852 exissemus,
898 1828 943 1848 sa-

159 1861 243 1888 lutem
258 1865 377 1887 nostram
394 1869 478 1895 usque
495 1861 528 1889 ad
543 1862 631 1896 ipsum
649 1864 761 1897 periculi
780 1865 858 1893 ttobis
874 1874 943 1900 pra:-

157 1907 227 1941 cepti
253 1914 284 1933 ac
302 1907 409 1941 praevisi
438 1911 568 1940 puttctum
588 1909 788 1943 negligendam,
813 1911 859 1938 sed
881 1920 940 1939 eam

158 1961 207 1987 pro
227 1953 331 1979 viribus
353 1953 567 1980 conservandam
589 1955 696 1988 opinor.
710 1955 778 1982 Volo
801 1961 900 1989 tamen,
918 1958 940 1984 si

157 1999 234 2026 vobis
259 2000 358 2033 placet,
376 2007 458 2033 super
483 2007 516 2026 eo
541 2000 573 2026 de
589 2007 644 2034 quo
670 2002 785 2034 agimus,
809 2007 837 2029 et
859 2003 939 2030 aliam

156 2045 318 2072 sententiam
340 2051 503 2078 proponere.
529 2043 614 2076 Quam
636 2045 729 2071 illam?
755 2048 828 2073 Arus
851 2049 939 2076 socios

157 2098 231 2117 meos
242 2090 288 2124 qui
301 2094 391 2116 essent
404 2089 474 2115 scire
489 2089 608 2121 studuit;
624 2097 675 2124 ego
688 2098 734 2124 pro
749 2095 868 2125 tempore
882 2099 938 2120 tum

157 2135 295 2169 respondi.
314 2142 403 2168 neque
428 2134 518 2160 socios
537 2134 603 2174 mihi
628 2142 686 2162 esse
708 2136 787 2168 ullos,
814 2146 900 2172 neque
915 2140 937 2166 si

156 2185 258 2210 essent,
278 2187 321 2206 me
337 2180 410 2214 ipsos
424 2180 636 2207 nominaturunt.
651 2182 730 2216 Atqui
749 2184 828 2210 modo
843 2185 938 2219 pt-oi’u.

156 2230 245 2252 turttnt
259 2225 357 2257 sentio,
374 2225 509 2259 legatione
522 2225 603 2253 missa
624 2228 757 2261 confiteri,
777 2229 877 2258 habere
892 2240 935 2259 tne

996 2229 1085 2260 ιύτοὺς
1104 2229 1248 2261 διασώζειν
1262 2231 1299 2262 ὡς
1316 2232 1348 2258 ἂν
1363 2229 1414 2259 οἷοί
1438 2242 1466 2259 τε
1484 2231 1568 2269 ὦμεν.
1586 2237 1646 2263 Ἔτι
1663 2247 1694 2272 γε

154 2270 253 2302 socios,
269 2274 295 2296 et
313 2276 424 2303 poscere
440 2271 474 2296 ab
497 2277 530 2297 eo
551 2271 746 2306 juramentum,
774 2281 832 2301 mea
855 2283 936 2303 causa

154 2322 208 2341 non
232 2314 291 2341 fore
319 2315 424 2348 injuriae
451 2323 608 2348 memorem,
636 2324 724 2351 neque
749 2314 850 2346 malum
870 2321 937 2355 ipsis

153 2359 341 2387 daturum.'Si
365 2365 457 2393 pacate
477 2366 504 2388 et
525 2366 664 2389 mansuete
682 2365 837 2397 petitionem
860 2368 935 2394 exci-

153 2406 245 2440 piens,
277 2407 466 2440 impunitatem
495 2407 549 2434 illis
571 2414 743 2436 sacramento
768 2412 933 2446 promiserit,

145 2451 264 2478 evidens
288 2457 341 2478 ertt
365 2452 506 2485 indicium,
530 2458 556 2480 et
579 2461 683 2481 tnecum
705 2456 772 2482 citra
797 2457 887 2484 fucum
906 2459 934 2486 itt

144 2497 266 2531 gratiam
282 2497 407 2530 rediisse,
420 2503 446 2532 e_t
461 2506 510 2525 vos
525 2499 583 2525 sine
599 2505 670 2532 astu,
685 2506 712 2527 at
733 2502 849 2534 insidiis,
868 2511 933 2530 can-

151 2543 267 2576 didcqne
290 2544 316 2569 in
335 2543 490 2577 provincias
512 2544 618 2571 mittere
640 2546 782 2579 cogitasse.
808 2547 835 2574 Si
861 2549 932 2576 indi-

150 2593 256 2622 gnatus.
272 2589 433 2623 legationem
448 2589 564 2622 rejiciet,
582 2591 654 2617 nulla
669 2592 722 2617 erit
741 2592 792 2620 hac
811 2593 868 2627 ipsa
884 2594 931 2622 lir-

150 2634 220 2660 mior
233 2631 365 2668 probatio,
381 2634 470 2661 omnia
485 2634 542 2661 htec
554 2635 669 2664 subdole
681 2642 774 2664 contra
789 2646 839 2665 nos
854 2639 933 2666 insti-

1012 268 1134 303 βούλοιτο
1150 269 1228 304 δίκην
1242 270 1378 304 ἐπιθήσει.
1398 271 1454 297 Νῦν
1474 272 1523 306 μὲν
1539 269 1585 298 οὖν
1602 272 1644 298 σοὶ
1660 273 1709 307 τὴν
1728 273 1797 307 πρὸς

1008 314 1211 348 Πελοπόννησον
1230 315 1361 347 ἐπέταξεν
1383 316 1504 344 ἀπιέναι.
1522 317 1569 349 Εἰς
1584 319 1634 352 τὴν
1649 319 1796 352 ὑστεραίαν

1006 360 1034 386 δὲ
1062 360 1285 395 πρωτοστράτορι
1312 361 1408 395 ἑτέραν
1431 363 1511 396 δῆθιν
1529 363 1618 398 ἀρχήν
1644 372 1704 390 τινα
1726 364 1795 398 πρὸς

1006 407 1065 436 ταῖς
1095 405 1232 440 ἐσχατιαῖς
1256 406 1305 440 τῆς
1329 407 1472 441 Ῥωμαίων
1497 409 1548 443 γῆς
1564 409 1723 444 ὲγχειρίσει,
1748 410 1796 436 καὶ
1827 437 1832 441 ,

1006 451 1210 484 καταναγκάσει
1224 453 1291 486 πρὸς
1306 453 1388 487 τάχος
1406 461 1437 486 γε
1461 454 1570 480 ἀπιέναι
1583 461 1591 469 ’
1609 456 1682 489 ὑμᾶς
1705 456 1728 482 δ’
1747 457 1793 481 ὲκ-

1005 496 1095 522 ποδὼν
1115 498 1231 531 ποιήσας
1255 498 1318 529 τοὺς
1333 500 1593 535 περιφανεστέρους,
1606 502 1660 527 τότ’
1675 502 1725 536 ἠδη
1744 503 1791 527 καὶ

1005 541 1069 575 περὶ
1084 542 1184 576 ἐτέρων
1195 543 1221 568 εί
1245 543 1298 577 πέρ
1323 544 1391 570 εἰσιν
1410 545 1597 579 ἁνερευνήσει.
1616 547 1707 573 Πάντα
1720 547 1743 572 δ’
1756 547 1793 577 ὡς

1005 587 1037 612 ἂν
1049 586 1122 621 αὐτῷ
1149 588 1238 618 καλῶς
1254 588 1309 622 ἔχοι
1334 590 1465 624 πρότερον
1485 590 1661 625 διαθέμενος,
1690 592 1727 622 ὡς
1741 593 1791 628 ήδη

1004 632 1073 666 πρὶς
1088 634 1278 668 καταστροιςὴν
1306 635 1514 670 εὐεπιχείρητον
1541 636 1654 672 ὕστερον
1669 639 1791 672 χωρήσει

1004 678 1050 703 καὶ
1068 679 1137 712 πρὸς
1160 679 1220 712 ἐμέ.
1244 679 1314 705 Ἀλλ’
1338 680 1402 711 ἴσως
1429 681 1488 715 ἐρεῖ
1507 690 1559 713 τις,
1572 682 1609 713 ὡς
1627 682 1660 708 Εἴ
1672 691 1704 716 γε
1720 685 1790 710 κατὰ

1003 721 1081 755 λόγον
1097 723 1141 749 τὸν
1158 723 1202 749 σὺν
1228 724 1258 750 σὲ
1272 726 1323 759 τῆς
1339 726 1393 751 ἀπὸ
1413 726 1515 753 τούτων
1530 728 1691 762 ἐπικουρίας
1719 730 1788 755 ἁπο-

1003 769 1133 802 στερῆσαι
1161 769 1321 805 βουλόμενος
1347 772 1435 807 ἀρχὰς
1453 774 1545 804 αὐτοῖς
1569 774 1718 809 ἐγχειρίσει.
1739 776 1789 805 τὰς

1003 815 1032 840 ἐν
1048 815 1191 849 ἐσχατιαῖς
1207 816 1256 850 τῆς
1275 817 1419 851 Ῥωμαίων
1447 819 1544 853 ἀρχῆς,
1571 821 1636 854 ῥᾷον
1653 818 1687 855 ἦν
1701 821 1788 854 δήπου

1003 859 1051 885 καὶ
1062 859 1281 896 λυσιτελέστερον
1308 862 1375 889 πολὺ
1401 864 1566 890 συλλαϐόντα
1583 867 1630 891 καὶ
1644 866 1789 892 κατακλεί-

1002 914 1087 932 σαντα
1104 908 1210 942 φρουρᾷ
1229 908 1278 942 τῆς
1303 909 1356 935 ἀπὸ
1373 909 1474 935 τούτων
1488 910 1662 946 ἀπηλλάχθαι
1680 912 1789 946 φροντί-

1000 952 1062 982 δος·
1078 952 1104 978 τί
1121 953 1175 986 γὰρ
1188 953 1263 980 ἔσται
1277 955 1307 980 τὸ
1333 955 1454 981 κωλῦσον
1476 956 1524 982 τοῦ
1541 956 1627 983 ταῦτα
1643 959 1789 992 καταπρά-

1002 997 1098 1031 ξασθαι
1115 999 1160 1024 τὸν
1178 999 1308 1033 βασιλέας
1329 1001 1384 1027 Καὶ
1398 1001 1460 1027 νοῦν
1473 1002 1567 1036 ἔχοντα
1586 1003 1664 1036 λόγον
1675 1005 1743 1038 ἐρεῖ,
1758 1005 1788 1030 τὸ

1002 1043 1123 1070 κωλῦσον
1139 1045 1188 1079 μὲν
1206 1045 1253 1072 οὖν
1269 1047 1358 1073 οὐδέν.
1379 1047 1491 1074 Συνετδν
1505 1048 1531 1074 δὲ
1546 1048 1609 1074 ὂντα
1623 1050 1668 1075 καὶ
1682 1050 1788 1076 πολλῶν

1000 1091 1171 1124 πραγμάτων
1187 1091 1317 1126 ἔμπειρον
1331 1093 1375 1119 τὸν
1391 1093 1501 1127 βασιλέα
1518 1095 1597 1121 τοῦτο
1612 1095 1723 1130 λέληθεν
1737 1096 1783 1122 οὺ-

1000 1136 1103 1170 δαμῶς,
1119 1137 1156 1167 ὡς
1174 1137 1342 1172 ἀλυσιτελὲς,
1359 1140 1424 1174 πρὶν
1436 1140 1558 1174 ἀκριϐῶς
1575 1141 1706 1175 ἐκμαθεῖν
1720 1142 1785 1168 ὀπό-

1001 1190 1042 1207 σοι
1052 1182 1123 1213 τινὲς
1134 1183 1181 1208 καὶ
1196 1180 1245 1209 οἷοι
1253 1183 1301 1218 τὴν
1317 1185 1385 1218 πρὸς
1396 1186 1446 1220 ἐμὲ
1461 1186 1614 1221 προείλοντο
1629 1188 1783 1222 κοινωνίαν,

999 1227 1081 1261 ὁμόσε
1095 1228 1162 1262 πρὸς
1179 1228 1208 1254 τὸ
1223 1230 1360 1264 πολεμεῖν.
1376 1231 1441 1263 Δέος
1459 1233 1512 1266 γὰρ
1527 1233 1563 1267 μὴ
1579 1233 1684 1260 πολλῶν
1702 1242 1784 1261 τινων

999 1273 1046 1299 καὶ
1058 1272 1251 1300 δυνατωτάτων
1264 1275 1349 1302 όντων
1362 1277 1410 1302 ἕνα
1430 1277 1479 1311 μὲν
1493 1278 1508 1313 ἦ
1520 1279 1567 1305 καὶ
1581 1278 1626 1304 δύο
1641 1279 1782 1315 καθείρξῃ,

999 1317 1052 1342 τῶν
1067 1317 1095 1343 δὲ
1111 1317 1212 1345 λοιπῶν
1227 1319 1277 1354 ἤδη
1295 1321 1363 1355 πρὸς
1376 1322 1497 1356 ἀνάγκην
1514 1321 1727 1358 συνισταμένων,
1751 1327 1783 1351 οὐ

999 1364 1068 1390 κατὰ
1091 1363 1152 1390 νοῦν
1172 1367 1284 1401 χωρήσῃ
1309 1367 1342 1394 τὰ
1360 1368 1516 1402 ,πράγματα
1545 1370 1628 1405 αὐτῷ.
1657 1371 1736 1402 Εἰκὸς
1753 1372 1783 1397 δὲ

998 1409 1079 1435 αὑτὸν
1091 1411 1138 1436 καὶ
1154 1411 1267 1443 πολλούς
1290 1421 1365 1444 τινας
1380 1406 1569 1447 καὶιδυνατοὺς
1583 1417 1646 1446 τοὺς
1660 1418 1695 1442 τὰ
1712 1418 1781 1452 ἠμέ-

997 1462 1064 1488 τερα
1075 1453 1144 1482 εἶναι
1158 1457 1261 1483 οἴεσθαι
1273 1460 1480 1493 προῃρημένους
1493 1470 1499 1476 ·
1513 1462 1541 1488 τὸ
1558 1463 1612 1498 γὰρ
1631 1464 1659 1489 ἐν
1675 1465 1705 1498 τῇ
1717 1464 1780 1499 δίκῃ

999 1502 1051 1535 πρὸ
1066 1502 1115 1536 τῆς
1131 1503 1193 1536 χθὲς
1209 1505 1257 1538 ἐμὲ
1288 1506 1367 1540 μόνον
1379 1507 1624 1543 ὲναπειλημμένον,
1643 1510 1681 1544 μὴ
1697 1518 1781 1536 κατα-

998 1549 1091 1573 πεσεῖν
1122 1547 1189 1583 μὴδὲ
1215 1550 1300 1584 δειλία
1315 1553 1479 1587 συσχεθῆναι
1500 1563 1564 1586 τινι,
1580 1555 1637 1581 ἀλλ’
1652 1556 1781 1591 ἀτρέπτῳ

996 1594 1041 1619 καὶ
1059 1596 1212 1629 φρονήματι
1228 1596 1276 1622 καὶ
1287 1597 1346 1632 ἤθει
1370 1599 1439 1631 μετὰ
1464 1600 1614 1633 ἀσφαλείας
1629 1602 1780 1636 ἀντιλέγειν

996 1639 1107 1674 πολλῆς,
1123 1641 1152 1666 τὸ
1164 1641 1211 1667 καὶ
1222 1642 1267 1668 τὸν
1284 1643 1490 1680 Μελιτηνιώτην
1503 1646 1602 1679 ἔξωθεν
1616 1648 1728 1674 ἑστάναι
1741 1658 1780 1675 τι-

994 1684 1042 1715 νὰς
1059 1685 1114 1710 τῶν
1143 1686 1265 1714 δυνατῶν
1296 1689 1461 1723 ἀπαγγεῖλαι
1493 1692 1564 1726 ὑπὲρ
1593 1693 1660 1728 ἐμοῦ
1690 1694 1779 1721 πάντα

994 1730 1123 1763 πράττειν
1147 1733 1364 1767 προσγενόμενον
1392 1736 1643 1771 προθυμουμένους,
1659 1739 1710 1766 οὐκ
1732 1741 1778 1766 ἐπὶ

995 1776 1093 1810 μικρὸν
1109 1777 1249 1804 κατέσεισε
1276 1780 1340 1810 τοὺς
1354 1780 1503 1815 λογισμοὺς
1519 1784 1583 1814 τοὺς
1610 1784 1778 1818 βασιλικούς.

994 1822 1039 1846 At?)
1051 1821 1111 1848 τότε
1125 1823 1174 1857 μὲν
1195 1824 1275 1855 εὐθὺς
1289 1825 1357 1860 ἔπερ
1377 1827 1526 1860 ἀσφάλειαν
1542 1829 1628 1856 ὲδόκει
1647 1832 1778 1866 παρέχειν

992 1866 1129 1901 ἔπραττε,
1155 1869 1210 1894 τῶν
1240 1870 1341 1903 θρόνων
1369 1873 1528 1905 ἐξαναστάς.
1555 1876 1624 1902 Νυνὶ
1643 1877 1671 1902 δὲ
1686 1878 1776 1909 καλῶς

992 1911 1064 1946 ἔχειν
1090 1913 1178 1945 ἔδοξεν
1205 1915 1278 1950 αὑτῷ
1312 1918 1376 1949 τοὺς
1408 1920 1577 1955 καταδήλους
1612 1923 1775 1957 γενομένους

991 1958 1072 1993 ὑμᾶς,
1095 1960 1124 1985 ὲν
1143 1960 1301 1995 εὐεργεσίας
1328 1965 1503 1999 προσχήματι
1530 1967 1704 2002 ἀποστῆσαι·
1730 1971 1777 1996 καὶ

992 2004 1062 2036 μετά
1076 2004 1156 2031 τοῦτο
1181 2006 1261 2032 πάλιν
1277 2008 1367 2034 αὐτῶν
1382 2009 1564 2038 διδασκόντων
1578 2013 1632 2039 τῶν
1647 2016 1775 2049 πραγμά-

990 2056 1044 2075 των
1059 2047 1099 2080 οἷς
1114 2051 1236 2085 οἰήσεται
1263 2052 1448 2088 λυσιτελήσειν
1462 2056 1644 2092 ἐπιχειρήσει.
1667 2060 1775 2087 Τούτων

990 2095 1073 2121 ἕνεκα
1089 2096 1209 2128 πάντων,
1226 2097 1319 2123 οὐκέτι
1338 2099 1490 2133 διαμέλλειν
1516 2101 1606 2135 οἴομαι
1622 2103 1687 2136 δεῖν,
1713 2105 1774 2131 οὐδὲ

991 2140 1059 2173 πρὸς
1073 2140 1212 2173 προῦπτον
1229 2142 1350 2168 κίνδυνον
1365 2145 1464 2175 αὖτοὺς
1478 2146 1597 2179 ἀμελεῖν,
1613 2147 1708 2184 ὥσπερ
1721 2151 1774 2176 ὑπὸ

992 2184 1123 2218 μεγέθους
1137 2185 1189 2212 τῶν
1208 2187 1302 2213 δεινῶν
1316 2189 1466 2220 ὲκστὰντας
1481 2191 1536 2216 τῶν
1553 2191 1702 2227 λογισμῶν,
1717 2196 1774 2221 ἀλλ’

1720 2242 1774 2274 μὴν

989 2273 1035 2299 καὶ
1049 2273 1160 2308 γνώμην
1169 2275 1266 2309 ἑτέραν
1282 2277 1346 2310 περὶ
1355 2278 1408 2303 τῶν
1423 2281 1623 2314 προκειμένων,
1641 2284 1668 2309 ιῖ
1680 2291 1711 2317 γε
1724 2285 1772 2310 καὶ

989 2320 1053 2353 ὑμῖν
1069 2320 1201 2353 συνδοκεῖ,
1222 2320 1354 2356 βούλομαι
1370 2323 1532 2358 ἐξενεγκεῖν.
1560 2327 1642 2353 Ποίαν
1658 2329 1689 2362 δὴ
1704 2330 1771 2355 ταύ-

987 2373 1052 2399 την;
1067 2366 1096 2391 '0
1107 2366 1231 2399 βασιλεὺς
1245 2368 1291 2394 καὶ
1303 2369 1411 2400 πάππος
1426 2371 1523 2404 eam,
1539 2373 1726 2408 καθάπερῖστε
1740 2377 1772 2411 δὴ

988 2412 1034 2437 καὶ
1047 2413 1133 2445 animi,
1150 2414 1318 2448 καταδήλους
1331 2417 1394 2447 τοὺς
1408 2417 1470 2451 limi
1486 2419 1615 2451 συνόντας
1636 2422 1769 2457 ἐζήτησεν

985 2457 1060 2492 αὐτῷ
1077 2460 1199 2492 ποιῆσαι,
1219 2461 1280 2486 τότε
1300 2461 1349 2495 μὲν
1365 2461 1410 2488 οὖν
1433 2464 1608 2498 ἁρμόζοντας
1623 2468 1724 2503 ἀπεκρι
1743 2470 1771 2495 οἱ-

988 2511 1040 2537 μην
1061 2504 1099 2538 τῷ
1112 2505 1200 2539 καιρῷ
1217 2505 1321 2540 λόγους.
1343 2508 1405 2542 μήτ’
1421 2507 1491 2536 εἶναι
1505 2510 1591 2537 είπὼν
1601 2514 1664 2544 τοὺς
1675 2517 1771 2541 συνόν-

985 2558 1033 2581 τας
1052 2551 1113 2584 ὲμοὶ
1124 2552 1209 2584 τινας,
1227 2553 1287 2587 μήτ’
1301 2552 1327 2578 εἴ
1341 2562 1395 2589 περ
1409 2555 1473 2589 εἰσὶ,
1486 2557 1652 2591 καταδήλους
1669 2560 1769 2592 αὐτοὺς

986 2597 1121 2630 ποιήσειν,
1135 2597 1192 2623 Νῦν
1202 2598 1231 2623 δέ
1244 2607 1288 2632 μοι
1300 2598 1373 2626 δοκεῖ
1388 2600 1546 2634 λυσιτελεῖν,
1561 2605 1692 2640 πρεσῦείᾳ
1701 2615 1770 2641 χρη-

987 2643 1103 2676 σάμενον
1129 2645 1197 2679 πρὸς
1212 2645 1311 2679 αὐτὴν,
1334 2646 1414 2673 ὃτιτε
1435 2648 1505 2675 εἰσιν
1521 2649 1698 2686 ὁμολογῆσαι,
1721 2655 1768 2680 καὶ

780 2703 889 2734 Jacobi
910 2706 1041 2736 Pontani
1060 2713 1152 2739 notua.

184 2762 239 2795 (19)
259 2760 414 2798 Cujuslibet
440 2762 479 2798 rei
503 2763 593 2790 exitus
614 2763 716 2790 dicitur
742 2765 931 2798 catastrophe,

147 2796 314 2832 proverbiali
339 2796 435 2829 ﬁgura.
464 2797 606 2831 Sumptum
636 2806 649 2824 τι
677 2799 799 2826 comicis.
828 2796 929 2827 Fabula

147 2830 328 2868 enimromnis
347 2832 373 2858 in
392 2836 446 2858 tres
465 2830 558 2866 partes
574 2833 761 2865 distribuitur,
784 2835 811 2860 in
830 2835 931 2868 πρότα-

148 2875 199 2899 σιν,
223 2867 356 2897 ἐπίτασιν,
383 2868 586 2902 καταστροφήν.
613 2868 797 2895 l’rotasis-cst
822 2869 928 2903 primus

983 2768 1028 2811 ille
1041 2771 1192 2811 lltltttltllttls.
1211 2773 1288 2811 quasi
1301 2773 1430 2811 gliscens.
1446 2776 1567 2811 Epitasis
1586 2779 1664 2806 turba
1682 2779 1764 2808 τοι-νί-

981 2804 1105 2845 dissiluit.
1128 2804 1314 2845 (datastrophe
1336 2809 1428 2838 subita
1454 2804 1761 2845 t'eruntﬁeoiumutatio.

981 2837 1060 2866 Plura
1074 2837 1317 2881 apud‘ChiHas-ten.
