1913 3074
120 104 175 137 153

735 111 1008 143 HISTORIARUM
1030 116 1064 145 Ll
1072 117 1117 145 BE
1124 117 1146 147 B
1168 117 1189 147 Ι.

1717 120 1767 153 154

117 166 152 198 τῇ
169 164 196 190 δ’
214 165 336 200 ἐπιούσῃ
353 166 486 200 μηνύεται
509 167 583 202 παρὰ
608 167 741 208 βασιλέως
754 169 792 200 ὡς
810 169 917 204 τάχιστα

976 178 1029 197 non
1041 176 1106 210 ante
1120 172 1146 198 id
1163 179 1253 207 posse,
1277 180 1358 207 quam
1385 173 1502 207 pecunia
1519 173 1570 201 sibi
1589 175 1616 201 in
1631 175 1765 210 stipendia

117 210 265 240 ἐξελθεῖν,
287 211 316 238 Ὀ
338 212 360 236 δ’
377 213 546 247 ἀπεκρίνατο
575 213 613 248 μὴ
634 214 767 248 πρότερον
783 215 923 248 δύνασθαι,

119 256 191 288 πρὶν
215 255 256 282 ἂν
268 257 300 282 τὰ
315 257 447 291 χρήματα
461 258 523 292 δοθῇ
541 259 609 292 πρὸς
631 259 722 291 αὑτὸν,
739 256 780 290 οἷς
806 259 839 285 ἂν
858 261 926 294 πρός

118 309 149 325 τε
164 301 197 326 τὸ
214 303 416 336 μισϐοτορικὸν
429 304 566 338 χρήσηται
578 304 626 338 τῆς
640 306 782 338 στρατιᾶς,
797 307 844 332 καὶ
858 306 926 340 πρὸς

119 348 172 377 τὰς
190 347 256 372 τῶν
268 347 412 382 πολιχνίων
425 348 479 374 τῶν
492 349 520 374 ἐν
531 349 665 384 Θετταλίᾳ
678 350 808 384 φρςυράς.
824 352 854 377 Et
871 351 925 386 γὰρ

118 391 209 417 τοῦτο
229 392 346 425 γένοιτο,
365 393 502 427 μηδεμίαν
520 395 652 429 ἀναϐολὴν
669 396 707 421 ἐτ’
720 394 793 422 εἶναι
813 397 881 431 πρὺς
896 397 925 423 τὸ

120 437 234 470 τειχῶν
257 437 309 470 ἔξω
322 438 377 463 τῶν
394 439 549 467 Βυζαντίων
567 441 606 470 εἰς
630 440 678 475 τὴν
698 441 828 467 ὲπιοῦσαν
843 442 927 476 ὀφθῆ-

121 490 181 507 ναι.
199 482 247 508 Τὰ
263 482 313 516 μὲν
339 481 385 509 οὖν
405 484 536 518 χρήματα
552 484 686 518 βασιλέως
710 486 924 520 προστάξαντος,

121 527 295 563 αὐθημερὸν
321 529 461 564 παρέσχον
481 530 506 555 οἱ
530 530 586 556 τῶν
604 530 752 564 βασιλικῶν
775 532 925 567 χρημάτων

120 573 245 607 ταμίαι,
263 574 399 609 μυριάδας
416 575 481 601 ὄντα
501 577 616 611 χρυσίου
637 577 728 603 πέντε’
741 578 759 604 ἃ
774 579 821 605 καὶ
834 587 926 610 παρα-

121 618 265 651 λαϐόντες
290 621 314 645 οἱ
331 619 377 646 τοῦ
400 622 520 655 μεγάλου
535 622 695 656 δομεστίκου
711 624 821 657 ταμίαι,
845 624 926 651 πάλιν

123 666 232 691 εῐασαν
250 665 318 701 πρὸς
334 667 374 701 τῷ
386 667 518 702 βασιλικῷ
530 668 635 702 ταμείῳ
651 669 830 702 φρουρεῖσθαι
844 669 925 704 (οὕτω

123 712 380 746 προστεταγμένον
396 712 489 745 αὐτοῖς
512 715 588 748 παρὰ
612 714 659 740 τοῦ
675 715 828 750 δεσπότου),
841 725 925 751 προσ-

124 757 227 786 θέντες
247 757 339 784 αίτίαν
354 759 403 792 τῆς
437 759 634 793 καταλείψεως,
647 760 685 790 ὡς
697 761 727 786 ἓν
743 761 796 787 τῶν
810 761 926 796 ξυστραι

124 802 224 829 τεὺειν
245 804 339 837 τάγμα
353 803 391 838 τῷ
409 805 520 840 μεγάλῳ
532 806 781 840 προστεταγμένων
796 807 924 841 δομεστῐ-

128 855 172 882 κῳ
191 849 227 874 ἐκ
243 849 374 882 στρατιᾶς
386 849 483 884 ἐτέρας
499 849 637 883 ἐπανῆκον
650 849 723 884 ἄρτι,
737 850 783 876 καὶ
800 851 926 884 δεόμενον

131 893 226 928 μικρὰ
245 895 305 925 ταῖς
324 894 426 925 οἰκίαις
441 894 665 929 προσδιατρίψαι,
685 895 746 921 ἐπεὶ
758 895 842 922 πολλὰ
861 905 926 922 κατ-

128 940 297 970 αναγκάσας
321 940 335 965 ὀ
356 942 507 975 στρατηγὸς
531 941 583 967 οὐκ
607 941 725 976 Ιὴδυνήθη
751 942 804 968 τῶν
831 943 924 968 οἰκιῶν

126 985 266 1016 ἐξελάσαι
281 985 361 1012 ἄλλον
375 986 470 1012 ἄλλοσε
484 987 733 1021 διαδιδράςκοντας.
748 988 923 1023 συνεχώρησε

127 1032 176 1057 καὶ
192 1033 273 1057 ἄκων
286 1033 335 1067 τὴν
349 1033 395 1058 τοῦ
413 1033 510 1068 Πάσχα
527 1034 622 1068 ἑορτὴν
638 1035 707 1060 οἴκοι
719 1035 923 1070 διατρίψαντας,

129 1077 192 1110 μετ’
205 1078 296 1112 αὐτὴν
313 1078 394 1110 εὐθὺς
410 1078 521 1113 ἔχεσθαι
545 1081 595 1113 τῆς
616 1079 687 1106 ὀδοῦ·
706 1080 753 1111 οὓς
771 1081 813 1106 δεῖ
827 1081 874 1107 καὶ
890 1081 924 1107 τὰ

129 1123 269 1157 χρήματα
287 1121 353 1158 μεθτ
364 1125 469 1150 ἑαυτῶν
487 1125 607 1159 ἔχοντας,
627 1126 694 1160 πρὸς
710 1126 756 1152 τὸν
772 1126 924 1162 στρατηγὸν

128 1169 295 1203 ἀφικέσθαι.
316 1171 352 1196 Τὸ
365 1171 387 1196 δ’
403 1169 437 1206 ἦν
453 1172 590 1204 πρότασις
606 1172 798 1207 πεπλασμένη’
813 1173 925 1199 κατελέ-

127 1215 230 1241 λειπτο
244 1215 272 1241 δὲ
289 1216 324 1242 τὰ
340 1217 480 1251 χρήματα,
499 1217 557 1250 ἁμα
577 1218 626 1251 μὲν
641 1218 715 1248 ὅπως
729 1217 771 1252 εἴη
786 1218 922 1252 πρόφασις

128 1260 278 1294 εὖπρεπὴς
288 1260 334 1286 τοῦ
347 1261 412 1295 περὶ
428 1260 457 1286 τὸ
474 1260 620 1292 Βυζάντιον
631 1261 779 1295 διατρίϐειν
790 1261 923 1296 (διέτριψε

128 1307 186 1340 γὰρ
203 1306 277 1340 μετὰ
288 1307 337 1340 τὴν
353 1306 444 1339 ἔξοδον
460 1307 566 1341 ἡμέρας
589 1307 670 1333 πέντε
689 1307 752 1341 περὶ
770 1308 856 1340 αὐτὸ),
874 1309 925 1342 τὴν

128 1352 177 1377 τοῦ
193 1352 258 1378 νέου
280 1352 412 1386 βασιλέως
426 1352 519 1386 ἄφιξιν
544 1352 734 1386 ἐκδεχόμενος.
756 1353 814 1387 ἅμα
829 1354 856 1380 δὲ
875 1353 923 1380 καὶ

130 1398 250 1431 ἀγεννὲς
267 1398 314 1424 καὶ
341 1398 475 1432 μηδαμῶς
502 1398 577 1432 αὐτῷ
603 1399 742 1433 προσῆκον
773 1399 922 1433 χρημάτων

130 1443 272 1477 ἡσσῆσθαι
285 1444 385 1475 δοκεῖν,
404 1443 524 1478 νομίζων
535 1444 572 1475 ὡς
588 1443 679 1478 ἀπάτῃ
696 1445 742 1471 καὶ
755 1445 841 1482 κλοπῇ
858 1453 922 1479 σχε-

979 218 1211 245 mercenariorum
1248 226 1279 245 ac
1314 219 1545 253 praesidiariorum
1585 228 1634 255 per
1665 222 1764 256 oppida

977 261 1126 290 Thessalia:
1141 267 1295 296 prresletur.
1320 263 1345 290 Id
1363 264 1385 290 si
1403 264 1458 295 ﬁat,
1475 265 1542 291 citra
1560 266 1764 299 tergiversatio-

977 315 1038 334 nem
1054 308 1188 342 postridie
1202 313 1278 335 extra
1296 310 1395 336 maznia
1412 318 1441 336 se
1467 310 1665 344 appariturum.
1679 311 1766 337 Pecu-

977 355 1049 381 niam
1072 363 1105 382 eo
1123 356 1181 390 ipso
1199 356 1243 383 die
1265 357 1341 391 jussu
1361 357 1546 391 imperatoris.
1565 358 1764 391 quinquaginta

977 406 1119 427 nummum
1148 409 1295 428 aureorum
1321 402 1404 428 millia
1435 408 1588 437 qu'estorcs
1609 409 1764 430 numerant.

976 446 1061 479 Quam
1075 453 1209 473 summam
1219 448 1385 481 accipientes
1397 449 1486 483 magni
1499 449 1639 475 domestici
1649 455 1767 483 qtnrslo-

976 500 1030 523 res,
1055 501 1165 520 rursum
1191 494 1289 520 aerario
1312 494 1487 528 imperatoris
1501 496 1765 527 asservanrlam,d0-

977 537 1052 564 mino
1079 538 1115 564 ita
1143 539 1518 572 praecipiente,relinquunt,
1535 540 1668 565 rationem
1700 540 1764 566 facti

977 583 1048 609 hanc
1066 583 1222 614 ali'erenles,
1240 591 1320 610 unam
1335 591 1428 610 earum
1443 583 1609 616 cohortitnn,
1625 593 1685 618 qua:
1702 593 1763 611 eum

977 634 1076 661 magno
1106 627 1259 654 domestico
1288 627 1434 654 militatum
1460 627 1536 654 abire
1561 628 1701 659 deberent,
1732 637 1764 656 ex

977 673 1028 699 alia
1050 673 1224 707 expeditione
1254 680 1349 699 recens
1377 681 1515 699 reversam
1543 681 1644 703 orasse.
1663 678 1691 700 ul
1713 675 1764 701 sibi

977 718 1098 752 pauxillo
1124 723 1248 752 tempore
1277 717 1351 744 domi
1379 718 1483 744 haerere
1507 718 1685 744 concodatur.
1701 717 1764 744 Eam

977 765 1102 798 quamvis
1131 764 1201 790 duce
1235 763 1384 798 impensius
1416 768 1542 797 urgente,
1561 771 1613 789 non
1644 763 1764 797 potuisse

977 810 1124 837 domiciliis
1140 811 1207 841 suis,
1219 810 1280 837 aliis
1298 810 1363 836 alias
1393 809 1514 836 latebras
1528 809 1725 843 quaarentibus,
1738 813 1766 836 et

978 864 1007 883 se
1030 856 1241 888 occultantibus,
1270 855 1384 890 expelli.
1400 855 1480 882 Unde
1498 855 1612 881 invitum
1629 855 1710 881 etiam
1725 855 1765 881 eis

978 900 1097 931 dedisse,
1121 905 1151 926 ut
1169 900 1240 926 diem
1266 899 1376 926 Paschae
1395 899 1468 924 domi
1497 902 1699 928 consumentes,
1714 905 1764 931 po—

977 951 1053 973 stero
1068 946 1172 973 lumine
1188 945 1329 972 Confestim
1347 944 1555 978 egrederentur,
1567 948 1593 969 et
1608 944 1634 969 in
1651 944 1720 969 viam
1734 951 1763 969 se

975 991 1092 1022 darent;
1109 998 1178 1025 quos
1193 997 1304 1016 necesse
1327 995 1409 1019 esset,
1424 994 1568 1016 numerato
1590 989 1642 1015 sibi
1658 989 1763 1022 stipen-

977 1037 1034 1068 dio,
1052 1036 1085 1064 ad
1101 1039 1199 1063 ducem
1229 1036 1382 1069 pervenire.
1399 1035 1451 1062 Sed
1478 1035 1548 1061 istuc
1563 1041 1668 1061 merum
1688 1040 1763 1059 com-

976 1088 1098 1109 mentum
1115 1086 1186 1109 erat.
1215 1081 1279 1108 Ideo
1298 1088 1415 1114 namque
1430 1080 1572 1114 pecuniam
1600 1079 1759 1113 reliquerat,

975 1131 1005 1154 ut
1023 1130 1050 1153 et
1076 1125 1148 1160 apud
1166 1116 1325 1159 By-zantium
1351 1125 1482 1158 temporis
1504 1123 1624 1150 ducendi.
1647 1123 1762 1149 honesta

974 1176 1048 1199 esset
1073 1171 1182 1198 ocdasio
1200 1170 1287 1203 (trivit
1310 1176 1402 1197 autem
1430 1170 1487 1197 illic
1506 1169 1564 1195 dies
1585 1169 1683 1203 quinos
1701 1174 1762 1202 post

973 1225 1126 1252 egressum,
1152 1216 1346 1250 imperatorem
1367 1215 1505 1250 juniorem
1531 1213 1719 1248 prtestolans);
1735 1217 1764 1240 et

974 1263 1038 1297 quia
1068 1262 1140 1289 haud
1168 1262 1291 1293 liberale,
1322 1260 1430 1295 sibique
1459 1260 1571 1294 penitus
1601 1259 1762 1285 indecorum

974 1307 1163 1339 existimabat,
1191 1306 1279 1333 videri
1297 1311 1405 1340 captum
1421 1304 1549 1340 pecunia,
1564 1311 1644 1338 quam
1667 1303 1699 1330 al)
1712 1303 1764 1330 im-

975 1359 1100 1389 peratore
1116 1361 1180 1381 sene
1198 1353 1316 1384 fallacia,
1333 1357 1362 1379 et
1380 1351 1453 1378 furto
1468 1350 1667 1385 propemodum
1683 1357 1763 1376 aver-

975 1404 1053 1430 teret,
1064 1399 1135 1433 quod
1145 1396 1534 1434 glorite,celebritatique.58
1543 1403 1597 1422 suae
1610 1395 1720 1427 tradam,
1731 1402 1763 1421 ac

974 1444 1171 1478 sempiternam
1183 1443 1271 1470 labem
1281 1445 1448 1476 aspergeret.
1464 1440 1492 1467 ld
1509 1440 1601 1466 multis
1634 1440 1762 1473 quodque

130 1490 174 1514 δὸν
193 1489 400 1523 ἀφαιρούμενος
425 1488 574 1523 βασιλέως·
596 1489 610 1515 ὃ
630 1489 748 1523 μάλιστα
763 1490 839 1524 αὐτῷ
854 1491 917 1525 πρὶς

974 1491 1098 1526 pecunia:
1138 1489 1324 1517 servientibus
1350 1495 1432 1522 supra
1466 1486 1577 1513 modum
1602 1485 1762 1512 admirabile
1799 1502 1802 1506 -

131 1534 182 1569 τὴν
199 1534 329 1560 εὔκλειαν
346 1535 393 1560 καὶ
408 1534 456 1569 τὴν
476 1534 599 1566 εὐδοξίαν
610 1535 656 1560 τὸν
673 1534 812 1561 είσὲπειτα
827 1536 922 1570 χρόνον

132 1582 225 1606 παντα
241 1581 289 1606 οὐκ
304 1580 383 1613 ὀλίγα
395 1579 574 1614 λυμανεῖσθαι
589 1579 666 1614 ᾧετρ.
691 1581 723 1606 ¹¹Ο
739 1580 773 1614 δὴ
796 1581 843 1607 καὶ
858 1581 922 1607 πολ-

131 1625 185 1656 λοῖς
194 1625 252 1651 τῶν
267 1625 329 1659 περὶ
346 1626 477 1660 χρήματα
492 1626 652 1661 ἡττημένων
665 1625 755 1658 ἔδοξεν
769 1627 918 1662 ὑπερφυὲς,

131 1673 161 1697 τὸ
176 1672 318 1698 τοσούτων
336 1672 496 1706 χρημάτων,
515 1672 563 1698 καὶ
580 1672 665 1703 οὕτως
684 1674 712 1698 ὲν
727 1673 860 1708 ἐπικαίρῳ
873 1675 921 1707 τῆς

132 1718 230 1751 χρείας
247 1717 344 1752 ῥᾳδίως
359 1717 396 1748 ὡς
414 1717 529 1743 οὗδενῶν
551 1718 769 1752 καταφρονῆσαι,
794 1718 863 1751 ἐξὸν,
881 1719 920 1744 ετ·
935 1741 938 1748 ,

133 1772 184 1797 περ
196 1763 335 1794 ἐϐούλετο,
348 1764 396 1789 σὺν
408 1763 534 1799 ῥᾳστώνῃ
549 1764 624 1799 πάσῃ
637 1763 741 1790 λαϐεῖν.
764 1764 795 1790 '0
811 1764 859 1799 μὲν
874 1762 920 1790 οὖν

134 1808 221 1841 μέγας
234 1808 393 1841 δομέστικος
406 1809 438 1842 τῇ
452 1809 570 1844 τετάρτῃ
586 1809 636 1842 τῆς
657 1809 781 1843 μεγάλης
804 1809 920 1844 ἑϐδομά-

132 1855 173 1885 δος
189 1855 288 1889 ἐξῆλθε
316 1854 366 1888 τῆς
389 1855 608 1885 Κωνσταντίνου,
636 1855 683 1881 καὶ
709 1854 828 1889 διέτριϐε
855 1855 919 1890 περὶ

133 1900 232 1934 αὐτὴν,
249 1899 313 1928 τοὺς
337 1897 505 1932 στρατιώτας
532 1897 711 1932 ἐκδεχόμενος
736 1899 782 1923 καὶ
800 1899 835 1924 τὰ
854 1899 921 1932 χρή-

136 1953 207 1977 ματα
225 1944 317 1978 δῆθεν.
335 1943 413 1970 Κατὰ
438 1943 466 1968 δὲ
493 1943 542 1977 τὴν
559 1943 642 1977 ἕκτην
657 1943 705 1976 τῆς
726 1943 812 1977 αὐτῆς
842 1944 888 1969 καὶ
906 1944 918 1969 ὁ

135 1990 358 2024 πρωτοττράτωρ
373 1990 529 2023 ἠνάγκαστο
542 1989 661 2020 ἐξιέναι·
677 1989 708 2014 οὐ
726 1988 779 2022 μὴν
797 1988 917 2023 ἐξῆλθεν·

135 2036 201 2062 ἀλλὰ
215 2036 246 2061 τό
268 2044 296 2062 τε
308 2034 500 2069 ἀπαράσκευον
510 2033 681 2068 αἰτιώμενος,
694 2035 741 2060 καὶ
750 2035 831 2065 ἄλλας
845 2035 919 2066 τινὰς

134 2082 220 2112 αἰτίας
231 2080 375 2114 συνείρων,
403 2079 585 2114 ἐπηγγείλατο
612 2079 680 2113 μετὰ
695 2079 792 2114 τρίτην
809 2080 917 2115 ἡμέραν

134 2126 177 2151 καὶ
193 2125 278 2156 αὐτὸς
292 2124 421 2157 ἐξελθεῖν.
450 2124 489 2159 Τῇ
509 2124 532 2150 δ’
547 2125 615 2159 αὑτῇ
632 2125 681 2158 τῆς
698 2125 820 2159 μεγάλης
841 2125 917 2151 ἑϐδο-

974 1536 1037 1570 fuit,
1057 1540 1111 1562 tam
1137 1535 1275 1569 ingentem
1301 1534 1361 1568 ejus
1381 1532 1447 1562 vim.
1459 1537 1487 1559 et
1501 1532 1534 1558 ad
1551 1539 1629 1558 usum
1644 1538 1762 1565 praesen-

973 1587 1027 1609 tem
1045 1581 1113 1608 adeo
1130 1584 1313 1614 opportunam
1333 1578 1436 1612 (quant,
1451 1577 1474 1604 si
1497 1577 1636 1607 voluisset,
1663 1575 1762 1603 habere

971 1627 1101 1654 facillime
1119 1625 1235 1660 poterat)
1253 1619 1369 1659 perinde
1385 1631 1416 1650 ac
1429 1623 1450 1650 si
1465 1622 1538 1649 nulla
1552 1626 1624 1648 esset
1639 1625 1762 1648 content-

975 1680 1053 1699 nere.
1065 1672 1178 1706 Magnus
1192 1670 1285 1704 itaque
1298 1669 1468 1696 domesticus
1483 1673 1582 1702 quarto
1600 1667 1645 1694 die
1659 1673 1762 1701 magna:

971 1717 1152 1745 hebdomadis
1179 1715 1416 1750 Constantinopoli
1441 1715 1589 1744 excedens,
1606 1713 1639 1739 ad
1664 1713 1760 1739 urbem

972 1763 1083 1795 mansit,
1102 1763 1205 1790 milites
1221 1762 1358 1792 videlicet,
1374 1765 1400 1787 et
1416 1761 1559 1795 pecuniam
1586 1762 1760 1793 exspectans.

971 1809 1019 1836 Die
1046 1813 1122 1835 sexto
1153 1807 1213 1843 [seu
1239 1805 1431 1841 Parasceves],
1458 1806 1541 1832 etiam
1579 1807 1762 1838 protostrator

970 1856 1046 1883 exire
1077 1854 1317 1889 compellebatur:
1333 1859 1491 1888 quanquam
1516 1860 1568 1878 non
1596 1851 1692 1881 exivit,
1713 1850 1761 1876 sed

972 1906 1029 1928 tum
1047 1902 1213 1936 imparatum
1229 1908 1270 1932 se,
1285 1904 1340 1926 tum
1355 1900 1407 1926 alia
1424 1898 1548 1933 quasdam
1566 1896 1760 1931 impedimenta

970 1951 1108 1980 causatus,
1135 1955 1164 1974 se
1199 1946 1264 1973 item
1292 1949 1353 1980 post
1379 1945 1451 1971 diem
1482 1943 1592 1970 tertium
1621 1941 1757 1968 exiturun.

970 1993 1152 2021 conﬁrmavit.
1178 1993 1312 2019 Czeterum
1342 1991 1386 2017 die
1412 1991 1459 2016 illo
1475 1993 1564 2020 sexto,
1583 1992 1693 2022 propter
1704 1987 1761 2013 lec-

970 2044 1026 2067 tum
1051 2039 1171 2075 junioris
1209 2037 1385 2072 imperatoris
1413 2035 1522 2063 libellus
1552 2035 1679 2060 inventus
1705 2037 1758 2063 est,

969 2086 1143 2120 conscriptus
1174 2085 1216 2111 his
1244 2083 1356 2111 verbis:
1380 2082 1432 2116 Qui
1459 2082 1519 2113 sim,
1536 2085 1583 2108 aut
1596 2079 1658 2114 quis
1677 2086 1760 2105 vocer

969 2124 1015 2167 qui
1031 2132 1084 2159 hoc
1099 2131 1219 2161 exaravi,
1234 2137 1286 2156 non
1312 2135 1461 2164 cognosces
1477 2127 1567 2154 modo.
1583 2126 1649 2152 Dico
1669 2129 1759 2151 autem

135 2171 217 2203 μάδος
236 2170 314 2205 ἕκτῃ,
338 2169 438 2204 εὓρητο
462 2170 530 2203 προς
556 2171 589 2204 τῇ
615 2170 692 2206 κλίνῃ
721 2170 851 2205 βασιλέως
870 2171 916 2198 τοῦ

973 2184 1045 2208 vere,
1062 2176 1143 2203 hodie
1161 2175 1269 2210 impleri
1289 2174 1355 2201 illud
1374 2183 1380 2200 :
1403 2174 1474 2200 Venit
1498 2173 1572 2205 hora,
1587 2176 1613 2197 ιιι
1627 2171 1762 2204 dispergu-

133 2216 190 2241 νέου
218 2215 332 2249 βιϐλίον,
346 2215 409 2241 τάδε
426 2214 487 2249 ἔχον
501 2215 695 2249 γεγραμμένα”
718 2215 762 2247 Ὠς
785 2217 834 2250 μὲν
846 2217 915 2251 γρά-

132 2260 182 2294 ψας
206 2262 298 2291 ὁποῖος
318 2261 351 2286 ἂν
369 2260 410 2295 εἴη
426 2269 478 2293 τις,
509 2260 525 2293 ἦ
540 2261 553 2286 ὃ
569 2269 594 2286 τι
621 2261 791 2295 ὀνομάζοιτο.
818 2263 868 2288 οὐκ
884 2263 916 2289 ἂν

133 2307 228 2340 μάθοις
249 2307 277 2332 ἐν
291 2306 329 2340 τῷ
348 2306 474 2340 παρόντι·
493 2306 564 2339 λέγω
587 2306 679 2341 μέντοι
695 2307 762 2342 πρὸς
777 2307 917 2342 ἀλήθειαν,

131 2351 165 2382 ὡς
180 2353 301 2387 σήμερον
328 2351 512 2386 ἐκπληροῦται
526 2353 556 2377 τὸ
581 2353 726 2387 εἰρημένον
746 2353 787 2385 τὸ,
807 2354 918 2388 ‹,Ἐ).ή-

132 2396 208 2425 λυθεν
223 2399 239 2432 ἡ
264 2398 325 2432 ὥρα
352 2398 396 2424 ἵνα
421 2398 605 2433 σκορπισθῆτε
634 2399 762 2431 ἕκαστος,
787 2400 835 2425 καὶ
865 2400 915 2434 ἐμὲ

133 2443 208 2476 μόνον
221 2444 320 2478 ἀφῆτε·
329 2453 338 2469 ι
355 2444 464 2474 συνετὸς
476 2444 497 2469 δ’
508 2443 556 2476 ὣν,
569 2443 619 2470 οὐκ
633 2444 776 2478 ἀγνοήσεις
787 2445 822 2471 τὰ
837 2445 914 2479 λεγό-

132 2496 197 2521 μενα
216 2490 313 2525 δήπου.
336 2489 365 2515 '0
380 2489 428 2524 μὲν
442 2488 488 2516 οὖν
507 2489 575 2516 ἐνόει
589 2490 619 2516 τὸ
637 2491 764 2524 γράμμα,¹
778 2490 850 2516 τοῦτ’
874 2489 909 2526 ἦν

131 2533 195 2569 ὅπερ
211 2537 257 2562 καὶ
273 2535 356 2565 αὐτὸς
373 2535 533 2569 ἐστοχάζετο
550 2533 687 2569 βασιλεὺς,
704 2535 741 2566 ὡς
754 2536 767 2560 ὁ
782 2536 836 2561 τῶν
850 2536 915 2570 περὶ

133 2580 217 2608 αὐτῶν
233 2581 565 2616 διασκεδασμὺς,εοὺδενὸς
582 2581 675 2616 ἑτέρου
698 2581 786 2616 χάριν,
806 2581 821 2617 ἣ
840 2582 914 2613 ὅπως

132 2626 207 2659 αὐτὸς
223 2627 339 2661 γένηται
364 2627 585 2662 εὐεπιχείρητος,
601 2626 656 2661 εἴη.
680 2625 731 2653 Τὸν
752 2626 845 2662 μέντοι
866 2636 912 2661 γε-

163 2697 261 2726 'Joan.
280 2706 336 2731 xvt,
353 2699 398 2726 3'2.

964 2222 1029 2249 mini
1041 2221 1227 2255 unusquisque,
1238 2225 1262 2246 et
1275 2219 1406 2246 "tmolum
1421 2218 1575 2252 relinquatis
1588 2217 1605 2248 ',,
1618 2216 1644 2242 ni
1656 2215 1758 2242 stultus

969 2267 1017 2298 sis,
1046 2267 1204 2302 assequeris
1232 2266 1328 2300 utique
1354 2265 1419 2299 quid
1448 2264 1566 2291 dicatur.
1583 2262 1649 2296 Ejus
1663 2259 1758 2294 scripti

967 2313 1103 2340 sententia
1116 2312 1173 2339 haec
1186 2315 1254 2344 erat,
1269 2318 1349 2346 quam
1361 2314 1388 2337 et
1406 2316 1490 2344 nepos
1502 2308 1559 2342 ipse
1575 2305 1738 2341 conjiciebat
1749 2313 1758 2330 :

969 2360 1120 2386 amicorum
1147 2365 1260 2385 suorum
1291 2356 1495 2391 dispersionent.
1518 2361 1571 2380 non
1587 2352 1656 2378 alitis
1673 2352 1758 2386 gratia

968 2405 1039 2435 ﬁeri.
1057 2411 1139 2440 quam
1157 2408 1187 2430 ut
1202 2403 1260 2438 ipse
1275 2402 1449 2430 commodius
1466 2399 1557 2427 invadi
1586 2397 1758 2432 opprimique

967 2455 1069 2485 posset.
1098 2451 1246 2477 Auctorem
1264 2450 1410 2483 scripturae
1433 2447 1515 2482 huius
1539 2443 1712 2480 postmodum
1729 2441 1756 2468 in

965 2503 1033 2530 pace
1051 2501 1160 2529 quoque
1188 2494 1235 2520 diu
1253 2493 1412 2528 indagatum
1429 2499 1484 2518 non
1514 2490 1636 2517 invenit:
1652 2488 1756 2514 interea

967 2544 1082 2565 mortem
1108 2539 1211 2566 obiisse
1227 2537 1350 2565 creditus
1370 2542 1420 2564 est.
1436 2536 1470 2564 Et
1487 2535 1544 2563 haec
1560 2533 1670 2568 quidem
1685 2532 1761 2566 ejus_

966 2585 1039 2611 modi
1069 2584 1190 2611 fuerunt.
1223 2584 1326 2611 Eodem
1356 2591 1419 2610 vere
1446 2590 1494 2609 χιιι
1525 2581 1580 2616 (ἓὸ)
1622 2577 1756 2606 Kalendas

966 2629 1051 2657 Maias
1083 2630 1235 2658 indictione
1271 2634 1368 2665 quarta
1401 2629 1465 2657 anni
1499 2627 1587 2655 sexies
1617 2623 1755 2652 millesimi

754 2736 859 2766 Jacobi
880 2737 1015 2769 Pontani
1036 2742 1129 2769 notae.

138 2785 217 2824 ιε(ἳῇ
242 2785 279 2813 De
303 2785 501 2814 indictionibus
535 2785 582 2821 qui
618 2786 700 2819 volet,
717 2785 999 2821 legatCoverruviam
1029 2788 1174 2818 Variarum
1197 2789 1385 2818 resolutionum
1399 2786 1448 2815 lib.
1467 2795 1486 2821 ι,
1510 2791 1569 2819 cap.
1600 2783 1642 2816 ιο,
1677 2786 1753 2809 num.

131 2818 227 2847 tiet7.
