1913 3074
99 178 150 210 165

696 176 966 207 HISTORIARUM
988 176 1105 206 LIBER
1127 163 1168 207 Ι.-

1678 174 1729 207 166

96 236 146 262 καὶ
159 234 257 262 τούτου
276 234 358 269 χάριν
390 235 465 270 ἡμᾶς
491 235 541 269 μὲν
561 235 580 262 ἃ
606 234 771 270 βουλοίμεθα
785 235 883 268 αἰτεῖν,

940 241 951 262 ε
966 233 1105 269 republica
1117 232 1242 260 senserit.
1258 231 1307 260 llic
1324 239 1420 260 omnes
1435 232 1505 259 velut
1520 239 1552 259 ex
1565 234 1728 268 composito,
1761 227 1768 261 ἶ

97 282 202 308 ὲκιῖνον
216 280 245 306 δι
262 280 348 315 ἡδέως
360 280 433 314 ἔχειν
444 281 484 312 εἰς
503 281 591 316 πέρας
605 281 694 315 ἄγειν.
711 280 812 307 Λοιπδν
826 281 883 307 τοί-

95 335 146 353 νυν
159 325 232 361 ὑμᾶς
245 325 361 352 ἕκαστον
371 325 388 352 ἃ.
403 325 436 352 ἂν
450 325 540 360 οἴηται
550 326 686 352 συνοίσειν
698 325 800 359 λέγειν.
813 325 886 360 Πρὸς

96 372 177 400 ταῦθ’
191 372 313 402 ἄπαντις
330 371 428 405 ὥσπερ
439 371 493 398 ἀπὸ
511 371 651 407 συνθήκης
672 372 723 406 μία
741 372 884 406 γενόμενοι

98 419 224 453 γλῶσσα,
245 419 282 453 μὴ
301 418 430 452 δέχεσθαι
456 418 562 452 ἔφασαν
587 418 637 453 τὴν
664 419 790 454 εἰρήνην,
817 418 886 453 μηδὲ

99 464 246 499 βούλεσθαι
261 464 331 494 ὅλως
344 463 520 498 βουλεύεσθαι
542 464 605 497 περὶ
620 464 806 491 τούτου.Ὶδοὺ
819 467 884 499 γὰρ,

97 511 135 542 ὥς
153 511 302 545 ἀκούομεν,
320 511 442 546 βασιλεῦ,
460 512 500 543 εἰς
524 512 639 547 ἔσχατον
653 511 805 547 ἀφιγμένος
829 519 887 537 κιν-

98 556 191 588 δύνου,
208 557 256 582 καὶ
285 557 368 590 μόγις
382 556 451 583 Θεοῦ
475 558 672 593 συναιρομένου
686 557 716 584 τὸ
737 557 886 583 ἀποθανεῖν

98 601 253 635 διαφυγὼν,
272 603 328 633 τοῖς
341 602 461 636 αὑτοϊςῆ
477 604 525 629 καὶ
541 604 645 637 χείροσι
663 604 758 634 κακοῖς
772 608 887 638 περιπε-

101 649 160 673 σεῖν
173 648 349 682 φιλωεικεῖς.
370 648 492 683 Δεόμεθα
507 649 538 683 δή
562 658 608 675 σου
623 649 671 675 τοῦ
688 650 800 675 τοιαῦτα
811 648 885 681 λογί-

100 692 199 723 ζεσθαι
212 694 420 728 ἀποτρέπεσθαι
431 701 438 708 ·
457 694 533 728 ὅμως
548 695 673 729 ἐπείπερ,
688 694 725 725 ὡς
744 695 775 720 σὺ
793 694 857 728 φὴς,
872 694 885 720 ό

101 739 147 769 σὸς
164 739 277 770 πάππος
293 739 387 774 είρηιιε
403 741 451 765 καὶ
469 739 598 773 βασιλεὺς
619 739 656 770 ὡς
671 739 740 773 ὅπερ
760 739 793 766 ἂν
806 738 886 770 αὐτὸς

101 784 202 819 ἐθέλῃς
223 785 311 810 αἰτεῖν
339 786 444 811 ἐκεῖνον
470 784 625 820 ἐκπληροῦν
651 785 884 819 παρεσκευάσθαι,

100 829 151 864 τῆς
163 830 305 864 βασιλείας
315 830 433 864 λέγομεν
450 831 617 860 ἀποστάντα,
636 830 698 857 καθ’
714 831 810 857 ἑαυτὸν
824 831 886 857 ὅποι

103 875 226 910 βούλοιτο
251 876 376 909 διάγειν·
399 876 429 902 σὲ
451 876 475 902 δ’
492 877 541 911 ὲᾷν
567 876 616 910 τὴν
637 876 780 910 Ῥωμαίων
797 876 886 912 ἀρχὴν

939 286 967 308 et
996 288 1052 307 uno
1074 287 1121 306 ore
1148 279 1279 310 clamare,
1309 285 1400 313 neque
1425 279 1551 313 accipere
1576 286 1605 306 se
1620 286 1728 313 pacem,

939 333 1030 360 neque
1048 332 1131 360 super
1148 325 1201 352 hoc
1224 325 1336 359 negotio
1354 325 1460 352 consuli
1474 325 1557 352 velle.
1569 323 1639 352 Ecce
1653 325 1728 351 enim

939 376 979 400 tu.
991 371 1150 404 imperator,
1163 369 1191 396 in
1213 374 1379 400 extremum,
1392 374 1423 396 ut
1436 369 1506 396 fama
1521 373 1572 400 est,
1585 369 1732 396 devolutus

939 417 1098 449 discrimen,
1124 421 1150 443 et
1178 416 1222 443 vix
1238 415 1330 447 morti,
1344 415 1399 442 Deo
1420 415 1584 450 opitulante,
1606 415 1730 449 elapsus,

940 462 968 488 in
984 461 1080 489 eadem
1106 466 1135 489 et
1151 460 1289 488 deteriora
1303 461 1377 487 mala
1392 465 1417 488 le
1430 461 1599 495 praecipitare
1611 466 1729 488 conten-

939 508 992 535 dis.
1007 507 1097 541 Quare
1122 515 1260 542 rogamns,
1283 507 1323 534 uti
1337 506 1529 541 cogitationem
1555 507 1632 533 istaut
1651 513 1665 532 a
1682 510 1731 533 tua

940 558 1032 581 mente
1054 552 1192 587 repudies.
1221 551 1419 579 Verumtamen
1443 551 1571 586 quoniam
1595 559 1675 583 avus,
1699 554 1731 577 ul

939 603 1079 630 autumas,
1105 603 1235 633 pra‘starc
1262 601 1376 632 paratus
1401 601 1443 624 est
1465 598 1536 631 quod
1565 597 1614 624 tibi
1633 601 1732 631 pclerc

942 644 1087 678 placuerit,
1107 651 1262 676 censemus,
1280 643 1318 670 uti
1348 650 1377 670 se
1393 642 1512 672 abdicet,
1529 645 1557 668 et
1581 642 1626 668 ubi
1655 642 1732 668 loco-

940 697 1000 716 rllm
1014 689 1145 720 voluerit,
1169 689 1220 715 sibi
1247 689 1319 716 vivat
1334 697 1341 714 :
1357 693 1386 715 tu
1416 688 1567 715 Romanum
1584 687 1731 722 imperium

939 743 1074 770 capessas.
1100 735 1127 762 Si
1162 734 1371 766 detrectaverit,
1397 734 1559 769 Byzantium
1597 733 1734 760 adversus

940 781 1017 808 illum
1035 781 1143 808 infestis
1164 781 1249 815 signis
1266 780 1482 815 procedendum.
1506 779 1540 806 Et
1565 779 1734 806 arbitramur

940 828 1108 863 Byzantinos
1131 835 1220 862 usque
1241 827 1273 854 ad
1304 834 1400 854 muros
1426 826 1573 853 adventum
1605 829 1733 852 nostrum

941 874 1012 901 haud
1031 879 1258 908 exspectaturos:
1281 873 1327 900 sed
1349 873 1446 908 procul
1458 873 1548 900 adhuc
1563 872 1733 899 distantibus

104 922 228 948 ἰθύνειν·
248 922 282 949 ἂν
302 921 331 949 δὲ
353 922 391 956 μὴ
407 922 540 956 βούλοιτο,
563 918 632 958 πρὸς
652 922 801 954 Βυζάντιον
819 923 887 949 ίτέον

941 927 1118 951 occursuros,
1142 920 1294 953 urbemque
1318 918 1469 946 dedituros.
1483 919 1511 946 Si
1525 918 1618 953 itaque
1636 922 1733 945 nostro

103 968 147 994 ἐπ’
162 967 258 995 αὐτόν.
275 968 394 1002 Οἱόμεθα
405 967 459 1002 γὰρ
475 967 537 994 οὐδὲ
560 967 644 1002 μέχρι
657 967 757 1002 τειχῶν
771 976 888 1003 περιμε-

104 1015 162 1040 νεῖν
180 1014 256 1048 ἡμᾶς
284 1013 347 1044 τοὺς
367 1012 548 1045 Βυζαντίουςι
571 1013 631 1039 ἀλλ’
654 1012 694 1039 ἔτι
718 1014 889 1048 πορρωτέρω

105 1058 201 1089 ὖντων,
220 1059 260 1089 είς
275 1057 432 1092 ὑπάντησὶν
446 1066 475 1083 τε
492 1057 541 1092 σὴν
559 1057 689 1090 ἐξελθεῖν,
712 1057 758 1083 καὶ
774 1056 824 1091 τὴν
843 1055 890 1082 πό⁴

105 1104 148 1131 λιν
163 1105 197 1131 ἂν
212 1103 394 1138 παραδοῦναι.
411 1103 443 1129 Et
461 1103 510 1137 μὲν
521 1103 567 1129 οὖν
587 1097 685 1138 οἵσπερ
704 1101 889 1137 βουλευόμεθα

106 1149 190 1185 πείθῃ
201 1150 249 1176 καὶ
267 1149 360 1180 αὐτὸς,
378 1145 400 1175 ὧ
412 1147 533 1183 βασιλεῦ,
551 1149 650 1184 μηκέτι
666 1148 818 1182 μέλλωμεν,
832 1146 890 1173 ἀλλ’

106 1197 188 1230 ἔργου
205 1194 332 1230 ἐχώμεθα
344 1194 408 1230 ἤδη.
423 1194 455 1220 El
471 1185 495 1221 δ¹
506 1194 593 1225 ἄλλως
607 1194 688 1223 αὐτὸς
701 1193 890 1228 βεΰούλευσαι,

107 1242 165 1268 ἀλλ’
179 1242 246 1276 ἡμῖν
261 1248 292 1274 γε
313 1240 438 1274 φανερῶς
457 1241 560 1275 φράσον
575 1240 650 1271 ὃπως
663 1239 778 1270 ἕκαστος
800 1238 837 1270 ὡς
857 1238 891 1264 ἃν

106 1283 164 1317 οἷός
178 1294 209 1312 τε
258 1285 378 1320 διασώζῃ
405 1285 511 1310 ἑαυτόν.
524 1284 634 1310 Τούτων
651 1283 738 1313 οὕτως
753 1284 806 1310 ἀπὸ
817 1283 890 1310 πάν-

107 1340 161 1358 των
180 1331 275 1365 ὥσπερ
293 1330 347 1357 ἀπὸ
371 1331 435 1365 μιᾶς
455 1330 609 1364 εἰρημένων
637 1329 771 1363 γλώττης,
790 1329 891 1363 πολλὴν

107 1377 180 1413 ὁρῶν
195 1377 326 1412 ἀκαιρίαν
343 1377 356 1403 ό
373 1375 500 1411 βασιλεὺς
518 1377 560 1406 είς
578 1375 609 1401 τὸ
636 1375 812 1410 μεταπείθειν
831 1375 890 1401 ἐπι-

109 1424 215 1458 χειρεῖν
239 1423 267 1458 (ἦ
284 1430 313 1448 τε
334 1421 389 1456 γὰρ
410 1421 527 1455 στρατιὰ
543 1421 689 1448 ἀκάθεκτοι
707 1422 767 1452 ¹ιαῖς
790 1422 890 1456 ὁρμαῖς

108 1468 189 1505 ἦσαν,
210 1470 257 1495 καὶ
274 1468 393 1503 μάλιστα
406 1469 472 1494 οίὲκ
486 1468 635 1502 Γερμανῶν
656 1467 817 1502 μισθοφόροι
834 1468 890 1493 Λα-

108 1517 188 1547 τῖνοι,
206 1516 235 1541 ὲν
252 1512 292 1545 οἷς
311 1512 384 1549 ἦσαν
411 1513 457 1540 καί
474 1521 546 1543 τινες
568 1513 623 1539 τῶν
638 1512 806 1547 εὐπατριδῶν
826 1512 889 1547 παρ’

108 1561 212 1591 αὐτοῖς,
227 1559 308 1590 αὑτός
317 1567 345 1585 τε
357 1559 447 1594 ὰήθως
461 1559 502 1584 ἔτι
517 1556 574 1593 εἶχε
588 1558 657 1592 πρὸς
670 1557 805 1589 ἅπαντας,
818 1558 888 1592 πλὴν

108 1606 209 1640 ὀλίγων
219 1605 309 1636 τινῶν,
324 1605 371 1631 καὶ
388 1604 438 1630 οὐκ
451 1601 485 1639 ἦν
498 1605 530 1630 ὲκ
542 1604 589 1630 τοῦ
605 1604 708 1638 ῥᾴστου
721 1604 788 1638 πρὸς
801 1603 890 1637 ἁγνῶ-

108 1661 156 1684 τας
172 1650 354 1684 διαλέγεσθαι,
372 1649 467 1684 ὥσπερ
492 1647 526 1683 ἦν
553 1651 690 1684 χρήσιμον
710 1649 749 1683 τῷ
774 1648 888 1683 καιρῷ),

108 1696 211 1728 πολλὰς
227 1696 275 1730 τῆς
291 1696 331 1726 είς
343 1694 424 1721 αὑτὸν
439 1694 544 1726 εὐνοίας
562 1694 654 1726 αὐτοῖς
667 1694 781 1729 χάριτας
796 1695 890 1728 ὁμολο-

108 1744 207 1778 γήσας,
225 1742 272 1769 καὶ
288 1742 344 1768 δεῖν
367 1738 437 1767 εἶναι
450 1740 535 1767 εἰπὼν
549 1740 654 1767 πλείονι
671 1740 813 1774 διασκέψει
828 1739 890 1766 δοῦ-

108 1798 153 1816 ναι
169 1788 201 1814 τὺ
226 1788 351 1823 πρᾶγμα,
368 1786 417 1813 καὶ
442 1787 479 1821 μὴ
511 1785 554 1821 ἐφ’
580 1785 651 1811 οὕτω
668 1786 789 1820 μεγάλην
819 1785 889 1819 πρᾶ-

108 1834 149 1867 ξιν
174 1833 387 1868 ἀπερισκέπτως
414 1833 515 1868 χωρεῖν
548 1831 589 1866 (οὐ
607 1832 660 1866 γὰρ
688 1832 753 1866 περὶ
784 1831 889 1866 μικρῶν

108 1888 188 1906 τινων
225 1877 427 1913 βουλευόμεθα,
458 1877 526 1904 ἀλλὰ
558 1878 623 1913 περὶ
657 1878 704 1904 τοῦ
733 1877 889 1912 σύμπαντος

110 1925 227 1960 σχεδον),
244 1924 351 1950 διέλυσε
381 1924 426 1950 τὸν
453 1924 593 1958 σύλλογον,
614 1925 654 1955 είς
668 1925 718 1959 τὴν
742 1924 890 1959 ὑστεραίαν

108 1973 138 2000 τὸ
153 1973 241 2008 πέρας
256 1972 305 2007 τῆς
322 1971 420 2007 βουλῆς
435 1971 600 2006 ἐξαρτήσας.
625 1971 734 1998 Τούτων
748 1971 777 1998 δὲ
799 1971 889 1997 διαλυ-

109 2019 220 2051 θέντων,
233 2019 293 2052 ἅμα
308 2019 365 2048 τοῖς
380 2018 455 2052 τρισὶ
472 2017 551 2044 πάλιν
566 2017 580 2044 ὁ
596 2017 720 2051 βασιλεὺς
733 2017 889 2045 ἐϐουλεύετο

109 2054 175 2099 περι
189 2064 244 2090 τῶν
258 2063 460 2099 προκειμένων,
476 2062 494 2090 ἃ
510 2064 662 2098 συμφέρειν
674 2063 789 2095 ἕκαστος
804 2064 889 2090 οἴεται

109 2110 240 2141 κελεύσας
254 2110 353 2136 εἰπεῖν.
369 2107 452 2136 Εἶπεν
478 2107 526 2136 οὖν
543 2109 652 2144 πρῶτος
665 2111 678 2136 ό
699 2110 887 2144 Συργιάννης·

111 2155 208 2190 Ἦμεϊς
233 2155 251 2182 ἃ
268 2156 316 2182 καὶ
345 2155 478 2191 πρότερον
507 2155 741 2190 ἐϐουλευσάμεθα,
761 2155 887 2191 ¹βασιλεῦ,

107 2203 183 2234 οντες
195 2204 224 2229 ἐν
238 2202 390 2236 Βυζαντίῳ,
409 2202 459 2229 οὐκ
477 2201 530 2237 ἰδίᾳ
545 2210 571 2228 τι
585 2202 773 2237 ἐχθραίνοντες
790 2203 889 2237 ἐφθεγ-

941 966 1056 993 consilio
1079 965 1206 997 ﬂecteris,
1224 973 1257 992 ne
1280 965 1451 995 dilicramns.
1474 965 1520 992 sed
1537 965 1570 992 ad
1595 972 1664 997 opus
1687 965 1732 990 wl

937 1012 993 1046 jam
1010 1012 1213 1048 aggrediamur.
1228 1012 1275 1040 Sin
1296 1012 1348 1038 alia
1363 1012 1411 1038 tibi
1428 1019 1516 1044 mens,
1530 1017 1623 1046 aperte
1640 1018 1731 1038 cntin-

941 1057 989 1087 tia,
1012 1062 1042 1083 ut
1064 1057 1180 1091 quisque
1206 1062 1331 1083 nostrum
1358 1057 1496 1091 quomodo
1520 1056 1622 1091 poterit
1648 1055 1729 1083 saluti

941 1109 997 1128 suae
1025 1102 1176 1136 provideat.
1192 1102 1240 1129 His
1263 1103 1301 1129 ita
1327 1102 1361 1129 ab
1377 1102 1507 1129 omnibus
1531 1107 1660 1136 tanquam
1676 1109 1730 1128 una

942 1146 1034 1182 lingua
1054 1147 1146 1179 dictis,
1166 1147 1337 1182 perspiciens
1362 1148 1522 1182 imperator,
1537 1147 1618 1174 valde
1634 1147 1732 1174 intem-

941 1192 1076 1226 pestivum
1095 1199 1166 1224 esse,
1186 1192 1317 1218 aliorsum
1333 1199 1380 1219 eos
1403 1191 1496 1220 conari
1519 1191 1657 1218 deducere
1672 1191 1731 1226 (co-

942 1237 1030 1264 hiberi
1048 1237 1122 1264 enim
1148 1237 1267 1264 militum
1287 1237 1364 1264 furor
1389 1244 1444 1264 non
1461 1241 1578 1271 p0terat,
1591 1236 1730 1271 praecipuo

940 1282 1173 1310 conductitiornm
1188 1283 1349 1309 Latinorum
1368 1289 1384 1309 c
1401 1282 1556 1314 Germania,
1574 1282 1601 1308 in
1631 1281 1731 1316 quibtts

941 1331 1019 1353 erant
1029 1326 1140 1360 quidam
1155 1326 1229 1353 domi
1245 1327 1353 1353 nobiles
1371 1334 1378 1353 :
1396 1330 1424 1353 et
1439 1326 1508 1360 ipse,
1531 1325 1627 1360 paucis
1651 1333 1731 1352 σχεθε

940 1372 1007 1405 ptis,
1031 1372 1154 1398 omnium
1181 1372 1272 1398 adhuc
1283 1376 1342 1399 erat
1370 1372 1500 1403 insolens,
1523 1379 1575 1399 nec
1603 1371 1730 1410 dabatur,

941 1418 1172 1451 quemadmodum
1201 1423 1309 1452 tempus
1333 1417 1502 1452 postulabat,
1517 1416 1732 1452 Gmealingute

943 1464 1051 1498 ignaros
1067 1465 1180 1499 alloqui)
1196 1464 1292 1498 amplis
1307 1464 1341 1491 de
1356 1464 1488 1491 benevola
1507 1471 1572 1498 erga
1592 1471 1621 1491 se
1634 1471 1730 1490 corutn

942 1509 1082 1536 voluntate
1100 1510 1195 1544 gratiis
1219 1509 1299 1540 actis,
1314 1514 1342 1536 et
1359 1517 1416 1536 rem
1429 1509 1588 1536 accuratius
1603 1509 1731 1535 conside-

941 1554 1064 1587 randam,
1087 1562 1137 1581 nec
1159 1555 1193 1582 ad
1224 1555 1292 1582 tanti
1320 1555 1449 1581 momenti
1474 1554 1613 1589 negotium
1635 1554 1731 1581 incon-

941 1600 1013 1627 sulto
1030 1600 1216 1627 accedendum
1241 1599 1388 1635 (siquidem
1411 1607 1465 1626 non
1483 1600 1517 1627 de
1529 1600 1618 1635 nugis,
1631 1600 1678 1627 sed
1695 1600 1731 1626 dc

940 1653 1047 1673 summa
1069 1654 1160 1674 rerum
1185 1647 1388 1681 propemodum
1410 1647 1516 1681 agatur)
1541 1645 1679 1680 praefatus.
1702 1646 1730 1673 in

940 1692 1011 1719 diem
1027 1691 1143 1718 alterum
1166 1693 1264 1727 rejecta
1288 1691 1426 1719 sententia
1451 1691 1598 1718 concilium
1614 1692 1731 1719 dimisit.

940 1736 1000 1770 Quo
1023 1737 1147 1769 dimisso,
1172 1744 1234 1764 cum
1262 1738 1349 1764 tribus
1366 1737 1421 1765 illis
1439 1745 1547 1764 rursum
1561 1738 1668 1766 consilii
1684 1747 1732 1766 ca—

940 1780 1031 1817 piendi
1058 1783 1208 1815 deliberat;
1233 1787 1260 1810 et
1285 1783 1421 1818 praecipit,
1443 1788 1473 1810 ut
1501 1784 1573 1816 quod
1599 1784 1733 1819 expedire

940 1829 1075 1860 videatur,
1100 1837 1133 1856 ne
1157 1833 1277 1856 taceant.
1293 1829 1401 1856 Primus
1416 1829 1582 1864 Syrgiannes
1598 1830 1639 1857 sic
1654 1830 1733 1856 incc-

940 1876 979 1910 pit
994 1875 1079 1908 :Qua:
1089 1875 1144 1910 jam
1160 1880 1224 1902 ante
1250 1875 1371 1910 Byzantii
1391 1876 1417 1902 in
1433 1882 1581 1910 congressu
1597 1875 1730 1906 diximusr

939 1928 994 1948 non
1026 1922 1132 1955 privato
1158 1922 1250 1956 aliquo
1278 1922 1304 1948 in
1331 1928 1411 1948 avum
1444 1926 1521 1948 tuutn
1537 1921 1612 1953 odio,
1638 1929 1731 1955 neque

940 1967 1012 2002 quod
1033 1967 1060 1994 in
1085 1967 1205 1994 maximo
1232 1968 1310 1994 lucro
1336 1967 1396 2002 ejus
1412 1967 1595 1994 calamitatem
1610 1975 1728 2002 ponere-

939 2021 1010 2045 mus,
1027 2013 1111 2041 locuti
1136 2021 1250 2045 sumus;
1265 2013 1312 2041 sed
1341 2013 1404 2048 quia
1421 2014 1455 2040 de
1471 2013 1567 2046 salute,
1582 2017 1611 2040 et
1623 2013 1729 2040 incolu-

939 2059 1034 2086 mitate
1062 2063 1108 2085 tua
1125 2059 1234 2085 solliciti
1260 2066 1379 2087 eramus.
1393 2058 1448 2095 64
1462 2066 1495 2086 eo
1510 2059 1665 2086 necessario
1677 2059 1727 2086 den

939 2103 1120 2130 veniebamus
1136 2112 1142 2130 :
1161 2103 1242 2131 unius
1274 2103 1346 2130 enim
1375 2103 1486 2130 claritas
1514 2106 1543 2129 et
1569 2103 1729 2137 illustratio,

940 2152 1054 2180 alterius
1074 2152 1184 2180 videtur
1198 2153 1305 2180 eversio
1329 2152 1384 2188 (46)
1401 2161 1407 2178 :
1425 2152 1498 2188 quod
1521 2157 1549 2180 et
1566 2160 1640 2181 nunc
1659 2159 1728 2180 usu-

941 2204 1027 2231 venit.
1050 2203 1128 2236 Quod
1155 2203 1230 2230 enim
1259 2203 1396 2230 exercitus
1421 2204 1568 2231 universus
1595 2204 1653 2240 ejus
1678 2211 1728 2238 op-

109 2246 213 2282 ξάμεθα
230 2247 270 2282 τῷ
285 2246 324 2281 σῷ
344 2248 449 2282 πάππῳ
464 2247 512 2273 καὶ
527 2246 642 2282 βασιλεῖ,
662 2248 722 2273 οὐδὲ
737 2249 802 2283 περὶ
816 2247 887 2274 πλεί-

943 2253 1082 2287 pugnandi
1105 2253 1242 2280 desiderio
1265 2252 1362 2283 fervet.
1381 2261 1490 2288 aequum
1509 2254 1659 2286 desiderat,
1675 2262 1729 2282 nec

108 2303 171 2321 στου
189 2294 221 2320 τὸ
233 2293 327 2324 κακῶς
346 2294 432 2319 αὐτὸν
445 2294 601 2328 ποιούμενοι
621 2294 727 2325 παθεῖν,
748 2295 818 2322 ἀλλὰ
840 2295 890 2329 τῆς

109 2341 158 2374 σῆς
185 2339 332 2375 κηδόμενοι
359 2340 517 2375 σωτηρίας,
550 2341 707 2374 ἀναγκαίως
728 2341 890 2376 ,ἐφερόμεθα

109 2387 177 2420 πρὸς
188 2386 270 2412 τοῦτο
282 2393 290 2399 ·
304 2386 321 2420 ἠ
337 2385 389 2422 γὰρ
401 2386 447 2412 τοῦ
463 2386 522 2417 ἐνὸς
533 2387 723 2421 εὐδοκίμησις,
735 2386 782 2412 τοῦ
795 2387 888 2420 ἑτέρου

108 2429 177 2457 εἶναι
192 2431 319 2464 φαίνεται
337 2433 514 2466 καταστροφή
528 2439 536 2446 ⁵
555 2431 569 2457 ὃ
584 2431 617 2467 δὴ
632 2433 680 2458 καὶ
697 2433 756 2458 νυνὶ
772 2431 889 2466 συμϐαί-

107 2485 157 2504 νει.
173 2477 232 2512 Τῆς
246 2478 300 2512 γὰρ
313 2478 441 2513 στρατιᾶς
455 2478 565 2512 ἁπάσης
581 2478 624 2504 ἐπ’
642 2479 722 2505 αὑτὸν
738 2479 807 2505 ίέναι
821 2487 888 2514 προ-

108 2524 293 2559 θυμουμένης,
310 2524 428 2559 (ἔχονται
450 2524 478 2550 δὲ
495 2524 584 2559 ὀρθῶν
599 2524 749 2559 λογισμῶν,
771 2524 819 2550 καὶ
838 2525 888 2550 οὐκ

108 2569 180 2596 ἐστιν
193 2570 289 2597 οὐδένα
302 2571 365 2596 νοῦν
381 2570 477 2605 ἔχοντα
502 2569 665 2603 ἀντειπεῖν,)
678 2569 704 2595 εί
719 2570 808 2595 τι”καὶ
824 2570 889 2605 περὶ

108 2617 212 2643 ἱκεῖνον
239 2616 364 2652 συμϐαίη
390 2612 446 2643 τῶν
475 2616 627 2652 δυσχερῶν,
659 2617 708 2651 οὐχ
727 2616 806 2651 ἡμῶν
833 2616 887 2643 τῶν

108 2663 336 2698 ἠναγκασμένων,
351 2663 408 2690 ἀλλ’
433 2663 546 2690 ἐκείνων
573 2662 606 2689 ἂν
625 2663 667 2698 εἴη
691 2663 746 2689 τῶν
772 2665 810 2695 εἰς
837 2664 889 2699 τὴν

942 2308 1005 2328 eum
1027 2301 1175 2335 quisquam
1200 2301 1322 2334 prudens
1347 2302 1529 2335 reprehendet
1553 2307 1603 2329 :et
1621 2302 1643 2329 si
1660 2301 1730 2336 quid

942 2347 1079 2379 odiosum,
1098 2352 1180 2382 atque
1195 2355 1279 2382 grave
1296 2348 1334 2375 illi
1349 2349 1505 2384 contigerit,
1524 2357 1576 2376 non
1593 2349 1619 2376 id
1632 2354 1730 2377 nostra

943 2393 988 2428 qui
1006 2393 1140 2427 cogimur,
1156 2392 1204 2419 sed
1223 2393 1332 2420 illorum
1349 2393 1395 2427 qui
1414 2398 1525 2428 cogunt.
1541 2393 1621 2429 culpa
1635 2395 1727 2422 conti-

942 2437 1022 2472 gerit.
1037 2437 1155 2464 Proinde
1184 2438 1248 2472 quia
1271 2438 1454 2466 communiter
1477 2439 1606 2466 omnibus
1623 2447 1654 2466 ea
1667 2439 1728 2466 visa

942 2487 1006 2509 sunt
1021 2483 1185 2515 conducere,
1199 2489 1226 2510 et
1239 2491 1288 2510 nos
1302 2490 1398 2510 eorum
1412 2484 1558 2511 consilium
1567 2485 1729 2519 vituperare

940 2528 1016 2555 nullo
1041 2529 1122 2555 modo
1143 2537 1309 2564 possumus;
1325 2537 1385 2565 quae
1411 2530 1549 2558 universis
1564 2530 1723 2564 probantur,

940 2575 973 2602 ad
989 2583 1045 2602 rem
1064 2575 1229 2603 conferenda
1246 2582 1322 2603 sunt.
1339 2576 1367 2603 ιιι
1384 2576 1455 2605 banc
1469 2577 1633 2604 sententiam
1648 2577 1725 2611 pedi-

940 2619 992 2646 bus
1021 2619 1071 2646 ivit
1091 2619 1173 2646 eliam
1207 2625 1399 2655 protostrator.
1427 2620 1552 2656 Cumque
1575 2621 1727 2649 addidisset

939 2672 1052 2698 magnus
1081 2665 1258 2699 domesticus,
1287 2675 1340 2694 non
1365 2674 1394 2694 se
1424 2667 1605 2703 intelligentia
1628 2675 1726 2695 omnes

739 2722 847 2753 Jacobi
861 2723 994 2753 Pontani
1013 2727 1108 2754 uotae.

140 2776 197 2811 (46)
209 2776 290 2810 Quod
304 2778 378 2805 senis
386 2777 547 2812 potentiam.
562 2782 590 2805 et
602 2778 792 2806 auctoritatem
804 2778 891 2806 hostis

107 2812 146 2838 tui
162 2812 335 2844 videbamus,
349 2813 429 2840 saluti
455 2817 507 2839 tuae
532 2813 705 2844 timebamus,
728 2818 755 2839 et
785 2813 887 2840 idcirco

108 2846 238 2873 dabamus
252 2846 325 2873 illius
339 2848 381 2874 vel
393 2848 661 2881 constringendi,Vel
678 2848 831 2880 occidendi,
843 2848 884 2875 vel

108 2881 187 2908 etiam
204 2881 328 2915 fugiendi
342 2882 466 2909 consilia.
483 2882 560 2910 Nunc
573 2882 692 2910 vicissim
706 2887 751 2909 tua
763 2888 884 2918 potentia

942 2779 975 2820 iit
992 2779 1065 2820 illius
1081 2779 1264 2820 imbecillitas,
1282 2785 1327 2820 tua
1344 2781 1430 2820 gloria
1446 2783 1520 2810 illius
1528 2787 1722 2820 comtemptus;

941 2815 1096 2854 idquejnre
1127 2816 1241 2849 optimo,
1271 2817 1335 2851 quia
1346 2815 1418 2854 'ipse
1434 2823 1460 2846 te
1485 2820 1519 2847 ad
1541 2819 1597 2854 llaec
1621 2815 1721 2852 euexit.

941 2848 1016 2888 Hanc
1031 2848 1156 2888 istorum}
1174 2855 1201 2888 et
1216 2848 1465 2887 Inox‘sequéntium
1490 2848 1637 2882 verborum
1656 2848 1722 2882 scn-

941 2885 1053 2911 tentiam
1067 2891 1129 2911 esse
1144 2885 1245 2918 iudico.
