1913 3074
84 165 132 195 Πΐι

671 160 696 189 Il
704 155 943 189 lSTORIARUM
964 155 1079 185 LIBER
1101 155 1121 186 ῐ.

1655 156 1705 187 174

80 225 132 258 γὰρ
150 222 266 249 δυνατὸν
295 222 334 253 είς
354 221 490 248 ἀντίδοσιν
518 219 592 246 ποιεῖ
622 218 685 249 τοὺς
711 216 867 252 βαρϐάρους

926 221 952 241 ao
969 214 1054 248 magis
1069 220 1098 241 se
1115 211 1153 240 illi
1169 213 1273 240 amicos
1290 219 1350 240 esse
1370 212 1493 240 student.
1516 212 1638 240 Suharto
1656 221 1705 241 au-

81 269 184 304 μᾶλλον
198 268 268 302 πρὸς
287 268 380 303 φιλίαν
392 266 554 303 τρέπεσθαι.
568 264 757 298 Ποιησάμενοι
773 262 802 288 δὲ
822 261 866 295 ὑφ’

80 315 197 344 ἑαυτοὺς
212 313 264 348 τὴν
278 313 401 348 ἑσπέραν
427 311 595 347 ἀντίρῤοπον
613 307 698 336 οὖσαν
727 308 793 342 ἡμῖν
821 307 868 332 καὶ

79 359 316 389 διπλασιάσαντες
335 358 384 393 τὴν
414 357 543 391 δύναμιν,
572 354 700 389 ἀσφαλῶς
720 354 772 389 ἠδη
800 353 868 387 πρὸς

81 404 234 435 Βυζάντιον
255 402 433 438 βαδιοὺμεθα.
459 402 518 428 Κᾶν
548 401 597 436 μὲν
627 399 815 435 προσχωροίη,
839 395 868 424 εὖ

78 450 111 476 ἂν
125 450 184 484 ἔχοι
198 457 206 464 ·
225 450 250 474 εἰ
267 449 296 475 δὲ
318 449 367 483 μὴ,
389 447 639 483 περικαθεσθέντες
652 445 869 480 ἐκπολιορκῆσο-

81 504 130 530 μεν
147 495 187 530 τῷ
209 496 309 530 χρόνῳ,
322 494 430 525 οὐδενὸς
441 494 516 525 ὄντος
526 493 573 520 τοῦ
587 491 792 519 ἀπανίστασθαι
804 498 871 517 κατ-

79 543 295 575 αναγκάσοντος.
318 541 426 567 Τούτων
445 540 478 576 δὴ
492 540 573 566 ἕνεκα
592 539 641 574 τὴν
657 537 791 573 βασιλέως
801 536 871 571 γνώ-

80 596 135 622 μην
144 587 297 613 λυσιτελεῖν
305 588 427 622 οίόμενος
437 587 464 617 ἐς
473 586 507 612 τὰ
516 586 644 621 μάλιστα,
654 585 723 619 αὐτῇ
734 585 808 610 συνεί
814 591 870 609 πον·

78 633 125 657 καὶ
136 631 225 657 πλείω
235 632 256 657 δ’
268 631 351 665 ἕτερα
363 630 464 657 τούτων
475 630 546 664 ἔχων
561 630 681 665 παρίημι
693 630 779 656 εἰπεῖν
790 628 871 656 ἑκών.

79 677 108 703 Et
120 677 172 712 μὲν
183 675 298 711 γὰροῖοί
308 676 337 702 τέ
350 677 412 702 ἐστι
424 676 474 711 τὴν
481 676 580 711 βουλὴν
598 675 774 711 μεταϐαλεῖν,
788 675 873 710 ἀρκέ-

79 731 120 748 σει
132 723 181 748 καὶ
192 723 291 748 ταῦτα.
307 722 337 748 Εἰ
346 721 369 749 δ’
382 722 430 757 οὐχ
447 719 499 748 οἷοί
511 730 550 752 τε,
565 722 626 757 εἰκῆ
639 722 755 748 κάκεῖνα
767 721 874 755 λέγοιτο

78 768 120 795 ᾶῗι.
137 768 261 793 Τοιαῦτα
275 767 326 802 μὲν
340 767 386 793 καὶ
400 767 550 802 βασιλεὺςὸ
568 767 638 798 νέος,
651 767 698 793 καὶ
713 766 874 801 δομέστικος

78 815 91 840 ὁ
115 814 205 848 μέγας
228 814 287 847 μετ’
305 813 387 839 αὑτὸν
413 813 604 848 διειλέχθησαν
623 813 692 848 πρὸς
716 813 765 848 τὴν
792 820 875 846 στρα-

77 860 151 890 τιὲιν,
169 860 224 893 οὐχ
250 858 323 885 οὕτω
337 859 384 885 καὶ
398 859 556 886 λυσιτελεῖν
569 860 755 894 φρονοῦντες·
773 858 874 895 ᾔδεσαν

919 264 974 286 tem
989 259 1150 290 Occidente,
1164 258 1210 293 qui
1225 259 1304 286 nobis
1320 267 1369 294 pro
1383 258 1497 286 Oriente
1512 259 1576 290 erit,
1597 260 1705 287 exerci-

919 309 1004 339 tuque
1013 304 1164 339 duplicato,
1176 309 1233 331 tum
1245 312 1341 332 secure
1352 305 1510 339 Byzantium
1522 306 1705 332 movebimus.

919 351 953 378 Et
972 351 994 378 si
1013 352 1124 385 quidem
1149 358 1177 378 se
1193 351 1341 383 dediderit,
1360 352 1429 378 bene
1446 359 1454 380 :
1471 352 1514 378 sin
1535 351 1587 378 alia
1613 351 1706 378 omnia

920 397 1065 429 maluerit,
1090 393 1301 424 circumsessum
1328 397 1386 431 ipsa
1414 397 1596 424 diuturnitate
1620 404 1707 432 expu-

921 443 1078 478 gnabimus,
1095 451 1168 475 cum,
1186 443 1258 478 quod
1277 451 1326 471 nos
1343 444 1473 478 depellat,
1491 444 1560 470 nihil
1575 444 1637 471 erit.
1657 443 1705 470 llis

921 489 955 516 de
975 489 1066 516 causis
1088 489 1264 524 imperatoris
1289 490 1453 518 sententiam
1478 495 1508 517 ut
1530 490 1705 517 utilissimam

922 534 1021 570 probo,
1032 535 1113 570 eique
1130 535 1277 563 subseribo
1295 544 1301 562 :
1319 539 1346 562 et
1363 543 1426 563 cum
1441 536 1516 570 plura
1533 536 1648 563 habeam
1664 536 1719 571 di-v

923 587 998 611 cere.
1027 581 1118 608 libens
1145 581 1255 609 omitto.
1284 582 1353 610 Nam
1376 582 1397 608 si
1425 582 1570 608 consilium
1600 586 1709 609 mutare

925 626 1054 661 potestis,
1074 627 1158 654 etiam
1177 628 1228 654 ista
1251 627 1389 654 sulIieient
1404 636 1411 653 :
1427 628 1449 654 si
1467 635 1521 654 non
1537 627 1664 662 potestis,
1681 628 1708 654 in

923 676 1036 699 ventum
1052 677 1081 700 et
1107 672 1152 700 illa
1179 673 1369 708 loqueremur.
1394 673 1473 701 Hunc
1494 674 1522 700 in
1545 673 1656 701 modum
1682 678 1711 700 et

924 719 1077 753 imperatbr
1101 727 1198 754 nepos,
1223 724 1251 747 et
1273 726 1388 754 magnus
1412 720 1592 752 domesticus,
1615 725 1710 747 contra

925 772 1006 799 quam
1030 765 1162 800 expedire
1178 756 1396 798 arbitrabantur,
1411 773 1473 793 cum
1498 766 1633 793 militibus
1648 773 1711 800 age-

926 810 993 838 bant
1007 819 1013 837 :
1028 810 1132 845 optime
1154 811 1227 838 cnim
1244 819 1304 839 cum
1322 819 1356 839 ex
1371 812 1531 848 transfugis,
1552 816 1608 839 tum
1621 819 1655 839 ex
1665 818 1712 838 oc-

926 857 1010 884 cultis
1027 856 1224 892 Byzuutiorum
1243 858 1345 885 litteris
1358 858 1524 891 didicerant,
1538 858 1619 885 simul
1630 862 1720 893 atque.

79 906 133 940 γὰρ
145 905 270 939 ἀκριϐῶς
285 906 318 932 ἐκ
339 913 368 931 τε
390 905 444 932 τῶν
463 905 621 940 αὐτομόλων
633 906 683 933 καὶ
700 907 732 932 ὲκ
759 905 814 932 τῶν
843 906 874 932 ὲκ

931 901 1014 934 coepti
1045 905 1138 928 essent
1163 903 1299 939 conspici,
1325 903 1456 937 populum
1481 909 1574 938 portas
1600 903 1634 930 ad
1663 909 1712 930 eos

81 952 234 983 Βυζαντίου
260 952 329 986 πρὸς
356 950 456 983 αὖτοὺς
481 952 574 987 κρύφα
602 951 816 986 διαλεγομένων,
834 952 873 984 ὡς

82 999 142 1032 ἅμα
173 998 214 1033 τῷ
249 998 369 1033 φανῆναι
399 998 498 1030 αὐτοὺς
526 998 692 1031 εἰσδέξονται
721 998 872 1032 Βυζάντιοι,

81 1043 230 1079 διάραντες
246 1044 295 1075 τὰς
313 1044 413 1078 πύλας,
435 1043 496 1080 ἅμα
522 1045 571 1080 μὲν
583 1044 812 1080 ἐκπεπληγμένοι
827 1044 873 1071 τὸν

81 1090 143 1116 νέον
161 1090 288 1125 βασιλέα,
306 1091 343 1121 ὡς
358 1091 386 1117 ὲν
399 1090 484 1126 ὀλίγῳ
503 1090 613 1125 καὶτῆς
627 1090 684 1119 ἄνω
700 1090 810 1126 Θρᾴκης
823 1090 873 1116 καὶ

82 1136 131 1170 τῆς
146 1136 284 1171 παραλίου
301 1137 382 1171 μέχρι
398 1137 446 1163 καὶ
461 1137 546 1163 αὑτοῦ
558 1136 706 1168 Βυζαντίου
721 1137 817 1171 κύριον
830 1145 875 1171 γε-

83 1184 249 1218 γενημένον,
267 1184 315 1210 καὶ
331 1183 432 1218 πολλὴν
457 1183 629 1220 ἐπαγόμενον
654 1183 800 1218 στρατιὰν,
816 1183 875 1218 ἅμα

84 1230 111 1255 δὲ
127 1230 177 1256 καὶ
193 1229 326 1260 εὐνοϊκῶς
338 1229 510 1264 διακείμενοι
525 1228 594 1264 πρὸς
610 1229 702 1255 αὐτόν.
719 1229 875 1260 Δεδοικὸτες

83 1276 110 1302 δὲ
127 1275 166 1310 μὴ
182 1275 395 1310 όπρεσὸύτερος
412 1275 539 1310 βασιλεὺς
556 1276 596 1307 είς
611 1275 734 1302 κίνδυνον
751 1276 874 1311 καταστῇ

85 1323 206 1357 ἁλούσης
225 1323 276 1357 τῆς
297 1323 519 1355 Κωνσταντίνου,
544 1322 713 1349 ὲπλάττοντο
734 1322 784 1357 τὴν
807 1322 876 1358 πρὸς

84 1370 208 1404 ἑσπέραν
234 1369 416 1403 ἐκστρατείαν
432 1369 663 1404 λυσιτελεστέραν
682 1369 806 1395 οἴεσθαι·
821 1377 875 1403 φα-

85 1418 174 1451 νερῶς
204 1417 261 1452 γὰρ
285 1418 374 1443 είπεῐν
394 1417 443 1451 τὴν
463 1417 566 1450 αἰτίαν,
584 1417 617 1442 δι’
633 1417 667 1452 ἢν
688 1416 719 1443 οὺ
737 1416 876 1451 βούλοιντο

85 1463 148 1497 ἄρτι
163 1462 377 1497 ἐπιστρατεύειν
392 1461 478 1496 αὐτῷ,
495 1462 545 1488 οὐκ
559 1461 680 1495 ἀσφαλὲς
698 1459 767 1488 εἶναι
790 1461 876 1488 ἐδόκει

85 1509 126 1535 διὰ
142 1509 172 1534 τὸ
191 1508 243 1543 τὴν
263 1508 393 1542 στρατιὰν
411 1507 450 1533 ἔτι
465 1508 533 1541 πρὸς
545 1507 659 1542 βασιλέα
673 1508 720 1534 τὴν
736 1508 796 1534 νέον
809 1507 875 1534 ἀϐέ-

86 1555 162 1581 ϐαιον
186 1553 270 1585 εἷναι,
287 1554 337 1580 καὶ
355 1554 608 1588 διαλυθησομένην,
639 1555 665 1579 εῐ
695 1562 722 1579 τι
746 1553 874 1580 πύθοιντο

85 1600 222 1627 τοιοῦτον.
233 1600 316 1634 -Πρὺς
343 1600 430 1626 ταῦτα
456 1599 484 1626 οῖ
499 1607 529 1625 τε
543 1598 657 1632 λογάδες
675 1599 722 1625 καὶ
739 1600 874 1633 σύμπασα

88 1647 219 1683 στρατιὰ,
237 1645 273 1673 Εὖ
289 1646 338 1681 μὲν
354 1645 482 1680 εἰρῆσθαι
499 1646 590 1673 πάντα
606 1646 654 1672 καὶ
683 1645 876 1680 στρατηγικῆς

86 1693 238 1728 ἐμπειρίας
254 1693 349 1725 ἀξίως,
361 1692 416 1718 οὐδ’
428 1692 509 1718 αὐτοὶ
524 1691 714 1728 ἁρνηθείημεν
728 1691 771 1724 ἂν,
786 1690 875 1723 εἷπον,

85 1738 107 1768 ὦ
137 1739 271 1775 βασιλεῦ·
300 1739 317 1774 ἦ
334 1747 364 1764 τε
389 1739 443 1774 γὰρ
476 1739 584 1773 ἑσπέρα
602 1738 688 1774 πολλὴ
704 1739 752 1764 καὶ
781 1739 875 1770 πόλεις

86 1788 188 1822 ἐχουσα
217 1785 317 1817 πολλὰς
334 1785 381 1811 καὶ
398 1786 572 1820 περιφανεῖς,
591 1785 638 1811 καὶ
664 1785 797 1820 στρατιὰν
816 1785 875 1820 ἅμα

87 1829 256 1868 στρατηγοῖξ
281 1830 430 1866 βελτίστοις
460 1831 510 1857 οὐκ
538 1830 794 1864 εὐκαταφρόνητον,
827 1832 876 1858 καὶ

87 1879 187 1914 ῥαδίως
207 1877 411 1913 προσχωρήσει,
441 1876 569 1911 καθάπερ
595 1876 680 1911 ἔφητε
713 1877 759 1903 καὶ
787 1877 873 1904 αὐτοί.

91 1925 196 1950 Ἐκεῖνο
215 1923 308 1956 μέντοι
324 1921 477 1956 θαυμάζειν
493 1922 560 1956 ἡμῖν
575 1921 677 1956 ἐπῆλθε
694 1923 742 1948 τοῦ
756 1922 875 1956 μεγάλου

87 1970 264 2005 δομεστίκου,
281 1970 356 2000 ὅπως
371 1968 401 1995 th
418 1967 468 2003 μὲν
482 1968 531 2002 τὴν
548 1968 671 2001 ἑσπέραν
691 1968 736 2002 ὑφ’
762 1969 876 2000 ἑαυτοὺς

89 2015 259 2051 ποιήσασθαι
270 2014 325 2041 τῶν
338 2014 409 2040 πάνυ
427 2013 527 2049 ῥᾳδίων
550 2014 691 2048 ἀπέφηνεν
707 2012 788 2059 εἶναι,
808 2014 838 2040 τὸ
853 2014 876 2040 δ’

90 2062 227 2088 εἰσελθεῖν
242 2060 375 2087 δύσκολον
391 2061 518 2091 ἐλθόντας
535 2060 574 2090 είς
589 2059 639 2094 τὴν
653 2061 873 2087 Κωνσταντίνου.

94 2110 217 2137 Ἑκείνου
237 2109 293 2143 γὰρ
322 2109 399 2139 am;
419 2108 521 2144 ῥᾳδίου,
592 2108 688 2144 δήκαὶ
711 2108 792 2139 αὐτὸς
810 2107 874 2143 ἔφη,

88 2157 166 2183 τοῦτο
188 2156 282 2191 πολλῷ
307 2156 346 2190 τῷ
364 2155 456 2195 μέτρῳ
472 2156 504 2190 τῇ
523 2155 651 2190 ῥαστώνῃ
674 2154 813 2189 διαφέρειν
826 2155 875 2180 αὑ-

89 2205 129 2230 τοὶ
142 2202 270 2236 οίὸμεθα.
289 2202 367 2228 Ἐπεὶ
382 2201 404 2227 δ’
419 2202 541 2233 ἁπάσαις
563 2201 623 2232 ταῖς
641 2201 743 2235 ψήφοις
758 2200 787 2227 τὸ
805 2200 874 2235 πρὸς

925 945 1153 974 intromittendos
1166 946 1368 981 patefacturum
1382 956 1388 974 :
1403 949 1502 983 partim
1520 949 1594 982 quod
1604 943 1710 982 juniorl

925 990 993 1017 bene
1009 991 1122 1024 vellent,
1132 993 1230 1026 partim
1247 993 1321 1028 quod
1334 1001 1396 1020 cum
1408 994 1650 1028 obstupescercnt,
1663 994 1710 1028 qui

924 1035 1001 1064 brevi
1017 1041 1140 1071 tempore
1156 1043 1184 1066 et
1201 1038 1374 1074 superiorem
1390 1045 1418 1067 et
1443 1040 1610 1068 maritimam
1625 1040 1713 1068 Thra-

925 1082 995 1110 ciam
1015 1084 1068 1111 sibi
1085 1084 1269 1118 subdidisset,
1287 1090 1398 1122 tamque
1415 1086 1539 1121 ingentes
1557 1087 1651 1121 copias
1665 1087 1713 1114 ad-

924 1128 1048 1157 duceret.
1065 1130 1313 1160 Verumeuimvero
1328 1140 1390 1160 eum
1410 1134 1552 1165 timerent,
1571 1141 1606 1161 ne
1632 1137 1711 1168 capta

926 1177 996 1204 urbe
1017 1177 1047 1204 in
1070 1185 1164 1206 senem
1192 1179 1389 1214 imperatorem
1413 1180 1593 1207 inhumanius
1609 1180 1713 1215 aliquid

926 1223 1128 1258 designaretur,
1147 1225 1352 1260 expeditionem
1366 1223 1568 1254 occidentalem
1585 1226 1638 1253 sibi
1654 1226 1713 1254 l'ru-

927 1269 1097 1297 ctuosiorem
1111 1271 1199 1298 videri
1211 1271 1384 1299 comminisci
1402 1271 1559 1299 voluerunt.
1574 1272 1641 1299 Nam
1655 1272 1715 1300 sine

928 1314 1120 1349 integumento
1137 1323 1249 1344 causam
1265 1317 1360 1351 edere,
1375 1318 1410 1344 ob
1430 1326 1512 1352 quam
1527 1326 1576 1353 per
1596 1319 1624 1346 id
1642 1323 1714 1346 tem-

927 1368 979 1395 pus
993 1360 1258 1398 Constantinopolin
1280 1363 1382 1391 adoriri
1399 1365 1514 1396 nollent,
1539 1373 1636 1399 parum
1654 1365 1715 1393 fore

929 1410 1018 1434 tutum
1035 1404 1200 1442 credebant,
1224 1410 1335 1444 quando
1347 1410 1415 1438 ﬁdes
1429 1412 1568 1439 exercitus
1584 1419 1648 1446 erga
1665 1413 1715 1439 im‘

928 1456 1083 1486 peratorem
1095 1453 1236 1488 juniorem
1249 1455 1342 1482 adhuc
1360 1461 1480 1488 nutaret,
1499 1463 1526 1484 et
1541 1457 1563 1484 si
1579 1457 1646 1492 quid
1663 1458 1715 1485 tale

928 1496 1050 1529 audiret,
1068 1498 1250 1526 dilaberetur.
1275 1500 1315 1527 Ad
1334 1501 1391 1528 hate
1414 1501 1522 1530 nobiles
1553 1503 1716 1531 universus-

929 1550 982 1577 que
998 1544 1136 1572 exercitus
1158 1546 1372 1580 responderunt,
1396 1555 1450 1575 non
1473 1555 1502 1575 se
1518 1556 1629 1584 negare,
1647 1557 1716 1584 cpn-

928 1590 1072 1618 vem'enter
1086 1595 1114 1618 et
1127 1599 1161 1619 ex
1185 1600 1235 1619 usu
1261 1594 1329 1621 artis
1352 1595 1536 1629 imperatoria:
1561 1597 1634 1624 dicta
1654 1604 1715 1625 esse

928 1636 1041 1664 omnia:
1060 1638 1114 1665 late
1130 1638 1203 1665 enim
1223 1644 1316 1674 patere
1332 1641 1504 1669 occidentem
1520 1642 1628 1674 orbem.
1644 1643 1716 1671 mul—

929 1686 970 1709 tas
991 1687 1018 1710 et
1044 1683 1161 1720 inclytus
1186 1685 1324 1713 sustinere
1354 1687 1456 1720 urbes,
1489 1689 1584 1723 copias
1610 1689 1715 1717 habere

926 1729 982 1764 68
998 1729 1069 1757 haud
1095 1732 1294 1766 aspernabiles,
1321 1740 1384 1760 cum
1406 1734 1570 1763 ductoribus
1594 1736 1716 1764 fortissi-

928 1776 989 1808 mis,
1011 1776 1121 1812 levique
1146 1784 1297 1811 momento,
1317 1785 1346 1807 ut
1371 1781 1452 1809 ambo
1470 1777 1661 1817 nﬁirmassent,
1686 1792 1716 1812 se

927 1827 1099 1855 dediturum.
1113 1829 1206 1857 Mirari
1225 1836 1327 1861 tamen.
1341 1833 1480 1867 quomodo
1495 1841 1609 1869 magnus
1623 1835 1718 1863 dome-

927 1873 1014 1900 sticus
1029 1873 1210 1903 Occidentem
1227 1877 1279 1904 sub
1301 1877 1435 1905 ditionem
1454 1879 1553 1914 subjici
1570 1880 1649 1908 facile
1667 1881 1716 1908 ad-

928 1920 1038 1946 modum
1051 1928 1141 1955 posse,
1155 1921 1413 1958 Constantinopolin
1428 1930 1520 1952 autem
1540 1927 1643 1956 intrare
1652 1935 1716 1954 cum

927 1966 1049 1992 exercitu
1079 1974 1142 1994 esse
1165 1967 1275 1995 diilicile
1303 1971 1513 1997 asseveraverit.
1543 1971 1612 2004 Quia
1642 1973 1717 2000 enim

928 2011 995 2039 illud
1008 2013 1095 2046 prius.
1110 2014 1170 2048 ejus
1183 2014 1334 2047 sententia,
1348 2014 1458 2043 diliieile
1471 2025 1526 2044 non
1541 2018 1587 2050 sit,
1601 2018 1654 2046 hoc
1667 2026 1717 2045 suo

924 2056 1031 2093 judicio
1054 2060 1151 2087 multis
1167 2061 1292 2095 partibus
1316 2069 1376 2089 esse
1394 2062 1513 2090 facilius.
1536 2063 1571 2091 Et
1588 2065 1718 2099 quoniam

926 2105 1127 2133 occidentalem
1143 2108 1348 2142 expeditionem
1364 2109 1437 2144 apud
1455 2110 1577 2139 animum
1595 2111 1715 2146 impera-

926 2152 996 2178 toris
1022 2153 1098 2179 velut
1121 2154 1251 2181 omnibus
1275 2154 1413 2189 suffragiis
1439 2156 1596 2185 obtinuisse
1620 2166 1717 2186 cerne-

927 2204 999 2232 rent,
1024 2199 1112 2227 ituros
1135 2201 1288 2228 secundum
1317 2202 1444 2230 mandata
1459 2209 1597 2239 quotquot
1620 2206 1720 2234 velint.

89 2251 136 2285 τὴν
152 2249 276 2284 ἑσπέραν
297 2247 495 2283 ἐκστρατεύειν
519 2246 596 2282 παρὰ
611 2247 664 2279 σοὶ,
692 2245 817 2281 βασιλεῦ,
833 2254 874 2272 κε-

931 2251 984 2272 non
1003 2249 1093 2272 tamen
1108 2252 1185 2280 mque
1203 2247 1341 2278 alacriter,
1357 2247 1405 2274 sed
1431 2249 1556 2283 ingratis.
1583 2250 1626 2283 Si,
1644 2252 1719 2287 quod

91 2296 233 2332 κρατηκὺς
250 2295 372 2330 ὁρῶμεν,
398 2292 632 2329 συστρατεύσονσι
657 2293 707 2328 μὲν
726 2293 772 2319 καὶ
786 2292 875 2327 ὴμῶν,

91 2343 234 2376 ἐπίταγμα
265 2341 310 2367 σὺν
334 2339 549 2375 ἐκπληροῦντες,
563 2340 621 2366 ὅσοι
647 2339 680 2374 δὴ
704 2339 752 2366 καὶ
781 2339 881 2374 βουλὴ-

92 2396 199 2415 σονται·
217 2387 287 2420 πλὴν
308 2386 338 2413 οὐ
353 2387 424 2421 μετὰ
441 2387 491 2420 τῆς
509 2386 570 2420 ἴσης
598 2385 766 2420 προθυμίας,
796 2385 880 2419 ἠναγ-

92 2435 237 2470 καομένως
248 2434 288 2460 δέ.
307 2434 356 2460 “Av
371 2433 395 2459 δ’
419 2432 515 2468 ὥσπερ
531 2431 662 2466 ἀξιοῦμεν
682 2431 760 2458 αὐτοὶ
784 2431 832 2466 τὴν
852 2432 880 2461 ὲς

92 2482 241 2514 Βυζάντιον
254 2481 351 2515 ἴωμεν,
368 2480 468 2509 πάντες
488 2487 517 2505 τε
534 2478 593 2513 ἅμα
608 2477 731 2511 ἑψόμεθα
751 2477 797 2504 καὶ
813 2485 881 2512 προ-

93 2530 178 2564 Θυμία
201 2528 252 2553 σὺν
264 2527 361 2561 πολλῇ.
390 2526 436 2552 Διὸ
463 2525 495 2559 δή
514 2533 560 2551 σου
588 2524 717 2559 δεόμεθα,
743 2523 810 2558 πρὸς
824 2523 874 2557 τὴν

92 2575 205 2607 ἀξίωσιν
220 2573 300 2608 ἡμῶν
315 2572 435 2605 ὑπεῖξαι,
451 2571 561 2598 δικαίαν
580 2578 610 2596 τε
622 2569 716 2599 οὖσαν.
726 2570 783 2597 ,καὶ
799 2571 827 2600 ἐς
845 2569 879 2595 τὰ

92 2621 218 2656 παρόντα
245 2618 491 2652 λυσιτελεστάτην.
510 2617 631 2643 Τοιαῦτα
656 2615 705 2651 μὲν
721 2616 768 2642 καὶ
783 2616 809 2642 οί
830 2615 880 2650 τῆς

92 2667 225 2702 στρατιᾶς
243 2666 376 2701 ἡγεμόνες
396 2663 485 2691 εἶπον.
506 2663 596 2699 Ὀρῶν
615 2663 644 2689 δὲ
662 2663 676 2688 ὸ
690 2662 816 2697 βασιλεὺς
830 2661 878 2696 τὴν

92 2715 137 2741 ἐπὶ
151 2714 182 2740 τὸ
200 2712 352 2744 Βυζάντιον
371 2710 465 2742 αὐτοῖς
480 2710 569 2745 ὁρμὴν
584 2709 633 2735 οὐκ
656 2708 878 2743 ἀμσλυνομένην,

93 2759 236 2796 βιάζεσθαί
254 2767 284 2785 τε
311 2757 361 2784 οὐκ
386 2757 465 2791 ἔχων,
479 2756 529 2790 τῆς
553 2755 661 2785 εὐνοίας
679 2754 738 2788 ἅμα
764 2755 811 2780 καὶ
828 2753 878 2788 τῆς

931 2295 1076 2326 cuperent,
1105 2291 1267 2326 Byzantium
1299 2298 1453 2327 peteretur,
1483 2296 1551 2323 mira
1577 2297 1719 2332 voluptate

933 2337 1072 2364 neminem
1100 2346 1154 2365 non
1177 2344 1350 2366 secuturum.
1379 2341 1468 2373 Quare
1488 2348 1517 2368 se
1537 2341 1613 2368 illum
1639 2350 1719 2369 orare

934 2383 1066 2418 majorem
1091 2384 1118 2410 iu
1147 2385 1270 2418 modum,
1292 2385 1372 2420 justas
1390 2386 1513 2421 ipsorum
1535 2389 1720 2424 praesentique

933 2428 1017 2456 statui
1049 2429 1293 2463 opportunissima:
1331 2432 1512 2465 postulationi
1553 2433 1720 2468 obsequere-

934 2478 978 2501 tur
993 2474 1060 2509 (54).
1082 2474 1157 2501 Idem
1181 2475 1268 2515 duces
1293 2476 1415 2504 aiebant.
1441 2477 1593 2513 Imperator
1621 2480 1720 2508 videns

929 2528 1026 2548 eorum
1046 2521 1299 2556 Constantinopolis
1322 2522 1485 2551 invadenda:
1509 2525 1653 2554 libidinem
1674 2527 1718 2554 ni-

933 2565 971 2592 hil
990 2573 1106 2599 prorsus
1129 2566 1319 2601 langucscere,
1341 2576 1404 2595 cum
1422 2577 1522 2605 cogere
1536 2579 1589 2598 non
1611 2578 1715 2606 posset,

933 2612 966 2639 de
985 2612 1177 2639 benevolentia
1194 2613 1408 2649 obedientiaque
1422 2617 1640 2651 commendatos,
1669 2619 1716 2653 qui

932 2659 1016 2686 etiam
1037 2667 1052 2686 a
1071 2659 1173 2693 quibus
1187 2659 1382 2694 abhorrerent,
1399 2663 1491 2690 studio
1506 2663 1557 2691 sibi
1574 2664 1717 2700 obtempe-

931 2704 1011 2732 randi
1027 2704 1117 2732 facere
1131 2705 1304 2738 annuiSSent,
1321 2706 1580 2744 Constantinopolin
1599 2711 1638 2738 ire
1653 2719 1716 2746 per-

931 2751 1017 2778 misit.
1041 2751 1141 2779 Vocem
1159 2752 1219 2786 cjus
1236 2753 1339 2781 milites
1354 2755 1548 2790 gratulabundi
1563 2758 1714 2792 excipiunt,

729 2819 835 2850 Jacobi
854 2817 986 2849 Pontani
1005 2821 1097 2848 noue.

128 2879 183 2913 (Eii)
205 2876 391 2905 Scribendum
407 2875 435 2902 in
447 2874 542 2902 Graeco
555 2873 673 2905 ὑπεῖξαι,
691 2873 781 2900 cedere
796 2880 804 2899 :
822 2877 918 2907 rogant
934 2871 1008 2898 enim
1026 2875 1054 2898 ut
1072 2871 1123 2898 sibi
1135 2871 1206 2905 justa
1228 2873 1385 2906 petentibus
1403 2881 1462 2900 mos
1473 2878 1592 2909 geratur.
