1920 3076
198 138 257 168 ’175

757 156 776 171 κ
795 132 956 163 JO.\NNlS
976 131 1172 163 CANTACUZ
1178 133 1240 163 ENI

1775 131 1828 163 176

176 207 178 210 ν
202 202 230 223 et
244 195 403 231 Byzantium
423 198 527 222 tantum
545 201 598 220 non
618 193 645 220 in
662 192 798 227 ,manibns
810 192 864 227 jam
882 199 910 219 se
933 191 982 218 ha-

1038 190 1197 222 εὐπειθείας
1212 190 1360 222 ἐπαινέσας
1372 190 1484 223 αὐτοὺς,
1501 190 1544 217 ὅτι
1557 189 1605 217 καὶ
1621 189 1639 217 ἃ
1654 189 1692 225 μὴ
1707 189 1830 224 βούλοιν-

204 243 268 270 bere
295 244 451 277 opinantes,
475 241 529 279 iter
558 243 666 274 parant.
694 239 766 273 Ergo
790 237 921 273 quoniam
951 236 986 263 ab

202 289 326 317 exercitu
343 289 492 323 impetrare
505 286 706 321 nequivissent,
719 291 749 313 ut
762 285 985 313 Thessalonicam

202 336 265 362 duci
282 335 386 365 mallet,
402 333 651 368 intelligebantqne
673 332 812 360 seniorem
835 332 985 366 imperato-

203 389 259 408 rem
278 380 371 408 venire
396 379 422 406 in
441 379 610 413 perieulum,
627 379 686 413 ipse
702 383 730 405 et
755 385 871 413 magnus
891 377 986 404 dente-

202 427 289 453 sticus
304 426 374 453 clam
400 426 477 453 illum
501 433 550 460 per
575 424 720 460 epistolam
744 424 778 451 de
796 425 849 451 hoc
864 423 985 451 adventu

199 472 349 499 admonere
382 471 547 499 decernunt.
577 470 605 497 ld
630 471 653 498 si
679 470 758 497 miles
784 468 985 504 comperisset,

200 522 330 551 tanquam
358 523 374 543 a
399 515 572 551 principibus
597 515 656 543 suis
676 515 813 550 proditus,
839 521 909 549 quas
930 521 985 541 non

157 581 161 585 ε
200 562 297 590 turbas
312 562 479 589 excitasset?
490 561 556 588 Eam
569 561 714 595 epistolam
729 560 850 588 dictante
864 560 984 595 impera-

200 614 258 635 tore
279 608 391 643 juniore
408 608 579 635 domesticus
593 612 688 634 exarat
708 607 735 634 in
755 607 814 634 haec
828 606 932 634 verba:
951 606 983 634 Ut

199 655 316 681 antehac
338 653 450 688 saepius,
474 654 514 681 sic
531 661 605 680 nunc
623 653 708 681 Deum
732 652 869 680 dictorum
886 657 983 680 testem

199 700 318 735 appello,
336 699 524 726 sacratissime
549 698 711 733 imperator,
734 705 825 732 neque
847 705 910 725 cum
928 697 984 724 illic

198 748 339 782 degerem,
360 746 532 773 stimulatum
553 753 597 773 me
612 744 781 772 conscientia
799 744 913 771 admissi
932 744 984 771 ali-

199 793 290 828 cujus,
306 801 362 827 quo
385 797 462 819 tuum
488 791 583 818 odium
598 790 773 826 provocarim
789 798 796 817 :
813 798 903 825 neque
922 789 984 817 ideo

199 838 264 865 inde
293 838 411 869 abiisse,
438 842 469 864 ut
499 837 575 864 omni
604 838 711 864 ratione
740 836 906 863 detrimenta
933 834 982 862 tibi

1040 243 1072 262 το
1097 236 1140 263 διὰ
1166 236 1216 271 τὴν
1230 237 1270 268 εἰς
1293 237 1374 263 αὐτὸν
1401 237 1560 264 εὐπείθειαν
1580 237 1722 264 συνέθεντο
1746 238 1828 272 δρᾷν,

1040 283 1090 316 τὴν
1106 283 1147 314 εις
1163 283 1213 318 τὴν
1234 284 1526 311 Κωνσταντινοὺπολιν
1546 284 1634 319 ἐφῆκε
1653 285 1776 319 πορείαν.
1793 285 1828 310 Οἱ

1040 328 1068 355 δὲ
1082 328 1198 364 ἄσμενοι
1213 329 1356 364 δεξάμενοι
1375 329 1420 356 τδν
1433 329 1525 364 λόγον,
1542 330 1590 356 καὶ
1615 331 1760 365 μονονουχὶ
1773 331 1828 357 Βυ-

1040 375 1152 408 ζαντίου
1180 375 1304 408 δόξαντες
1329 376 1551 412 κεκρατηκέναι,
1583 377 1830 412 παρεσκευάζοντο

1043 421 1114 455 πρὸς
1126 420 1174 456 τὴν
1201 422 1327 456 πορείαν.
1351 422 1430 448 Ἐπεὶ
1446 423 1475 449 δέ
1502 423 1552 449 οὐχ
1577 422 1751 458 ἠδυνήθησαν
1774 423 1828 458 τὴν

1039 462 1110 497 πρὸς
1124 463 1327 499 Θεσσαλονίκην
1358 463 1467 490 ἑλέσθαι
1494 465 1589 492 πεῖσαι
1611 465 1662 500 τὴν
1679 465 1825 500 στρατιὰν,

1041 508 1186 543 συνεώρων
1198 518 1227 536 τε
1245 510 1296 544 ἥδη
1318 510 1359 545 τῷ
1374 510 1553 546 πρεσϐυτέρῳ
1570 511 1677 545 βασιλεί
1694 511 1722 542 ἐς
1734 511 1827 537 κίνδυ-

1039 562 1085 581 νον
1099 556 1134 581 τὰ
1148 555 1301 591 πράγματα
1324 557 1498 591 χωρήσοντα,
1514 557 1573 592 ἅμα
1595 557 1633 592 τῷ
1650 557 1766 592 μεγάλῳ
1781 557 1828 583 δο-

1040 601 1165 637 μεστίκῳ
1181 603 1194 628 ό
1212 601 1341 636 βασιλεὺς
1363 602 1561 629 ἐϐουλεύσαντο
1584 603 1624 638 τῷ
1644 602 1828 638 πρεσϐυτέρῳ

1040 647 1146 682 βασιλεῖ
1168 647 1214 674 διά
1241 648 1416 683 γραμμάτων
1430 649 1525 684 κρύφα
1551 649 1601 684 τὴν
1621 648 1717 683 ἔφοδον
1732 649 1827 675 αὐτῶν

1038 693 1171 728 δηλῶσαι.
1183 694 1273 729 Ὅπερ
1285 695 1310 720 ει
1326 694 1478 729 κατάδηλον
1492 695 1643 730 συνηνέχθη
1652 695 1780 728 γενέσθαι
1790 697 1826 731 τῇ

1039 741 1165 776 στρατιᾷ,
1174 740 1292 775 τάραχον
1304 739 1336 767 ἂν
1345 740 1472 776 ἐποῖησεν
1482 741 1532 768 οὑκ
1545 741 1648 776 ὀλίγον,
1656 742 1694 773 ὡς
1707 743 1759 769 ὑπὸ
1770 743 1828 769 τῶν

1039 786 1180 820 σφετέρων
1188 786 1327 821 ἀρχόντων
1333 794 1424 813 καταπ
1427 787 1514 822 ροδιδο
1517 788 1607 822 μένοις
1615 787 1699 824 [κατα
1704 789 1829 824 προδιδο-

1039 831 1238 867 μένη].1“ράφει
1247 832 1279 868 δὴ
1290 832 1415 867 βασιλεὺς
1423 834 1437 860 ὁ
1445 835 1504 864 νέος
1514 834 1560 861 τοῦ
1571 835 1689 870 μεγάλου
1697 835 1828 870 δομεστι-

199 884 370 916 inveherem,
394 884 442 911 sed
463 883 500 910 ob
523 883 550 910 id
575 883 678 915 solum,
695 886 725 909 ut
743 882 908 917 impendens
925 890 982 910 cer-

1038 885 1085 904 κου
1103 878 1138 904 τὰ
1155 878 1310 913 γράμματα
1338 878 1558 914 ἐγχαράττοντος
1584 879 1624 915 τῷ
1641 880 1746 914 πάππῳ
1769 888 1827 906 τοι-

195 931 303 958 vicibus
329 931 398 958 meis
419 930 569 958 discrimen
586 929 750 964 ell‘ugerem,
775 928 983 963 quodquidem

194 977 257 1004 loco
283 983 385 1004 securo
412 976 583 1003 constitutus
613 974 714 1009 ell‘ugi,
744 979 770 1001 te
796 977 910 1006 contra,
939 981 983 1001 me

193 1022 321 1057 quamvis
335 1022 446 1057 penitus
462 1011 585 1054 nolente,
601 1020 751 1048 discrimen
767 1020 896 1048 involvit.
912 1019 983 1048 Ecce

193 1069 282 1100 enim,
299 1076 362 1096 cum
386 1068 456 1095 nihil
486 1075 540 1095 non
571 1067 712 1099 tentarim,
736 1071 767 1094 ut
791 1066 925 1095 exercitui
955 1066 982 1093 in

195 1115 374 1143 Occidentem
391 1114 539 1142 transitum
553 1112 761 1148 persuaderem,
777 1112 847 1139 nihil
861 1112 913 1148 egi.
928 1112 983 1140 Nos

195 1161 280 1196 igitur
294 1158 398 1188 contra
407 1165 434 1188 te
447 1160 544 1187 venire
563 1166 677 1186 necesse
690 1164 732 1186 est
745 1158 871 1186 omnino.
885 1158 919 1185 At
932 1165 982 1193 ego

195 1205 374 1233 excusatione
401 1205 570 1233 valetudinis
597 1204 726 1232 simulate
757 1208 850 1235 utens,
878 1204 983 1231 lentius

194 1251 424 1282 castramctabor,
453 1254 481 1277 et
506 1255 570 1285 post
595 1250 714 1285 primum
744 1249 887 1277 incursum
910 1249 982 1276 dabo

196 1304 319 1332 operam,
342 1301 372 1323 ut
389 1296 523 1323 citissime
543 1296 684 1323 recedam.
703 1295 763 1323 Tibi
785 1296 892 1323 interea
907 1296 982 1330 pala-

195 1344 262 1371 tium
276 1343 405 1381 prtcsidio
422 1343 533 1370 lirmare
548 1343 654 1375 licebit,
666 1342 722 1378 69
736 1337 880 1378 portisque
893 1342 980 1376 urbis,

195 1398 266 1425 quos
279 1390 366 1418 habes
380 1390 419 1417 tui
442 1389 663 1417 studiosissimos
684 1389 841 1424 praeﬁcere;
862 1389 982 1417 attribu-

195 1437 230 1464 tis
242 1437 345 1472 cuique
358 1441 398 1464 tot
416 1436 602 1464 mercenariis
619 1436 755 1463 militibus
771 1435 842 1463 bene
857 1436 980 1468 armatis,

193 1486 262 1516 quot
280 1481 314 1508 ad
333 1481 535 1509 retundendam
558 1481 724 1508 irruentium
744 1481 799 1508 vim
813 1481 870 1516 (55)
886 1481 980 1516 requi-

186 1531 300 1554 rentur.
318 1526 399 1554 Modo
416 1526 552 1562 ingressui
570 1530 664 1552 nostro
676 1525 768 1553 obstet
783 1525 898 1560 aliquid,
916 1533 980 1552 con-
995 1541 1017 1569 ϐ

192 1573 273 1600 tinuo
295 1572 460 1603 exercitum.
479 1576 510 1598 ut
533 1571 567 1598 ab
583 1571 651 1598 urbe
675 1571 881 1606 inexpugnabili
902 1579 981 1598 revo-

181 1619 271 1645 -cabo.
293 1618 387 1652 Itaque
404 1625 470 1653 rogo
491 1623 528 1649 te,
547 1625 581 1644 ne
597 1618 682 1645 verba
697 1626 768 1650 mea,
788 1618 863 1644 velut
885 1617 934 1645 abs
956 1622 982 1646 te

190 1665 274 1692 alieni
291 1668 466 1699 suspectans,
485 1664 511 1690 in
529 1664 615 1691 tutela
632 1665 790 1699 apparantla
806 1665 916 1699 segnior
932 1664 981 1692 sis.

193 1711 260 1738 Nam
278 1719 333 1744 quo
352 1710 446 1737 animo
461 1710 536 1737 cives
549 1714 610 1736 tuos
628 1718 689 1737 esse
704 1710 798 1742 audio,
815 1710 982 1745 simulatque

180 1764 243 1784 unos
257 1756 346 1783 oculis
362 1756 534 1790 usurparint,
553 1755 632 1790 plane
654 1755 867 1782 introtnissuros
886 1755 981 1783 credo.

195 1803 256 1829 llaec
274 1809 360 1836 nepos
382 1808 444 1832 avo,
464 1800 609 1836 quemdam
630 1800 671 1827 de
686 1800 797 1827 famulis
826 1801 914 1836 tnagni
933 1801 982 1828 do-

182 1848 299 1875 mestici
317 1847 507 1875 ﬁdelissimum
524 1847 662 1874 adhibens
677 1847 862 1874 tabellarium.
877 1847 982 1874 Dehinc

192 1902 225 1921 ex
243 1893 356 1929 Odrysis
383 1892 531 1925 excedens,
556 1901 617 1919 cum
635 1893 834 1927 quinquaginta
855 1893 980 1927 equitum

184 1940 316 1966 .tnillibus
328 1939 396 1975 (56),
412 1943 460 1966 aut
475 1938 618 1973 aliquanto
633 1939 821 1974 paucioribus,
842 1944 871 1965 ut
891 1939 980 1974 conji-

179 1993 257 2014 -cere
274 1986 373 2013 licebat
391 1988 454 2020 (nec
476 1986 549 2013 enirn
566 1985 599 2012 ad
620 1993 738 2020 unguem
762 1985 826 2011 iniri
849 1992 981 2012 numerus

183 2037 313 2066 (poterat,
339 2031 413 2066 quod
437 2031 516 2058 multi
545 2039 600 2058 non
626 2030 791 2065 conscripti,
819 2030 979 2065 imperatori

190 2078 388 2113 gratiﬁcantes,
410 2085 464 2105 una
490 2077 667 2110 militabant),
690 2076 854 2111 Byzantium
883 2076 981 2103 castris

191 2131 274 2158 quam
288 2123 479 2156 creberrimis,
499 2129 531 2149 ac
553 2122 576 2149 si
595 2122 665 2149 male
688 2122 805 2153 valeret,
826 2122 980 2156 pro‘cedere

192 2169 323 2204 perrexit.

1036 923 1129 950 αῦτα⁸
1145 921 1181 950 Ὠ
1209 924 1335 951 θειότατε
1355 924 1479 959 βασιλεῦ,
1495 925 1591 961 ὥσπερ
1611 926 1755 958 πολλάκις,
1775 927 1826 953 καὶ

1035 971 1083 998 νῦν
1096 971 1164 999 Θεὸν
1177 973 1409 1008 ἐπιμαρτύρομαι
1427 973 1484 1004 τοῖς
1512 972 1685 1009 λεγομένοις,
1707 974 1743 1005 ὡς
1767 974 1825 1001 οὔτ’

1035 1017 1132 1045 αὐτόθι
1149 1017 1246 1053 παρὼν
1275 1019 1388 1054 ἐμαυτῷ
1402 1027 1428 1045 τι
1444 1019 1554 1046 σύνοιδα
1568 1019 1636 1055 πρὸς
1653 1019 1701 1055 σὴν
1721 1020 1825 1055 ἔχθραν

1035 1065 1256 1101 ἐξειργασμένῳ,
1272 1065 1331 1092 οὒτ’
1348 1066 1395 1093 ἐπὶ
1411 1068 1516 1098 τούτοις
1538 1067 1662 1102 ἀπέστην
1678 1067 1715 1099 ὡς
1728 1068 1825 1103 τρόπῳ

1035 1113 1118 1138 παντὶ
1136 1111 1273 1139 κακώσων
1289 1112 1323 1139 τὰ
1339 1112 1372 1140 σά
1383 1121 1389 1128 ·
1404 1112 1462 1140 ἀλλ’
1479 1113 1524 1140 ῐνα
1541 1114 1622 1148 μόνον
1637 1114 1682 1141 τὸν
1699 1115 1824 1150 ἐπηρτη-

1036 1158 1118 1193 μένον
1144 1158 1209 1194 ἐμοὶ
1230 1158 1354 1186 κίνδυνον
1378 1159 1486 1194 δυνηθῶ
1506 1160 1650 1194 διαφυγεῖν
1678 1169 1685 1177 ·
1718 1162 1777 1187 νυνὶ
1793 1161 1822 1188 δέ

1033 1204 1115 1231 τοῦτο
1132 1204 1183 1239 μὲν
1195 1205 1258 1240 ἐμοὶ
1271 1204 1412 1240 περίεστιν
1429 1205 1458 1232 ἐν
1471 1206 1510 1241 τῷ
1527 1207 1645 1241 ἀσφαλεί
1657 1207 1714 1234 δντι
1728 1215 1736 1223 ⁸
1754 1208 1782 1234 ut
1797 1207 1820 1234 δ’

1034 1251 1067 1278 ἐκ
1084 1249 1132 1277 τοῦ
1148 1250 1271 1277 ἐναντίου
1288 1250 1367 1286 παρὰ
1383 1252 1475 1278 πᾶσαν
1492 1252 1563 1288 ἐμὴν
1589 1252 1719 1288 βούλησιν
1735 1254 1748 1280 ὁ
1763 1254 1824 1280 xiv-

1033 1296 1113 1328 δυνος
1141 1297 1338 1332 περιέστηκεν.
1359 1297 1424 1324 Ἰδοὺ
1453 1298 1507 1333 γὰρ
1538 1299 1615 1335 πάσῃ
1646 1300 1824 1336 χρησάμενος

1036 1345 1145 1378 μηχανῇ
1161 1343 1199 1375 ὥς
1219 1352 1248 1370 τε
1267 1343 1316 1379 τὴν
1336 1344 1467 1380 στρατιὰν
1482 1345 1549 1380 πρὸς
1562 1345 1611 1381 τὴν
1623 1346 1744 1381 ἑσπέραν
1756 1355 1823 1382 τρα-

1036 1389 1138 1416 πέσθαι
1156 1391 1261 1422 πεῖσαι,
1282 1390 1421 1422 ἀδυνάτως
1441 1390 1530 1426 ἔσχον.
1553 1392 1674 1426 ’Δνάγκη
1697 1392 1728 1427 δὴ
1747 1394 1822 1420 πᾶσα

1036 1435 1103 1469 ύμῖν
1117 1435 1255 1462 ἐπελθεῖν.
1278 1435 1350 1469 Ἐγὼ
1372 1436 1422 1470 μέν
1446 1436 1492 1462 οὖν
1517 1437 1696 1472 σχολαίτερον
1711 1438 1822 1474 βαδιοῦ-

1034 1489 1086 1514 μαι
1103 1482 1195 1508 νοσεῖν
1213 1481 1413 1516 πλαττόμενος.
1438 1482 1580 1510 Εισϐαλὼν
1603 1483 1632 1510 δὲ
1652 1485 1821 1520 πειράσομαι

1033 1528 1083 1562 τὴν
1098 1528 1232 1563 ταχιστην
1247 1528 1416 1567 ἀναχωρεῖνἶ
1428 1528 1475 1555 Eoi.
1494 1529 1517 1556 δ’
1533 1530 1562 1556 ἐν
1575 1530 1695 1566 τοσούτῳ
1711 1533 1821 1566 φρουρᾷ

1034 1580 1064 1597 τε
1077 1571 1188 1603 ἐξέσται
1206 1571 1412 1606 ἀσφαλίσασθαι
1426 1572 1461 1599 τὰ
1478 1573 1614 1608 βασίλεια,
1631 1576 1679 1602 καὶ
1698 1578 1758 1608 ταῖς
1772 1577 1820 1604 τοῦ

1034 1616 1184 1648 Βυζαντίου
1209 1617 1309 1648 πύλαις
1330 1619 1394 1650 τοὺς
1420 1619 1540 1653 μάλιστα
1564 1621 1760 1653 εὐνουστάτους
1776 1631 1818 1650 σοι

1033 1663 1182 1699 ἐπιστῆσαι
1220 1664 1405 1700 μισθοφόρους
1432 1666 1544 1700 ἔχοντας
1564 1667 1679 1700 ὁπλίτας
1709 1670 1819 1701 ἱκανοὺς

1033 1709 1093 1740 ταῖς
1107 1709 1161 1736 τῶν
1173 1709 1408 1738 ἐπιϐουλευόντων
1424 1712 1526 1747 ὁρμαῖς
1534 1714 1704 1749 ἀντιστῆναι.
1719 1716 1777 1743 κάν
1792 1726 1820 1744 τι

1035 1754 1118 1789 μόνον
1136 1755 1206 1790 πρὸς
1231 1755 1261 1782 τὸ
1274 1757 1449 1789 εἰσδέξασθαι
1475 1759 1550 1792 ἡμᾶς
1576 1759 1690 1796 κὼὶυμα
1707 1762 1820 1797 εὑρεθῇ,

1031 1799 1070 1831 ὡς
1087 1800 1155 1835 πρὸς
1170 1801 1302 1828 ἀδύνατον
1313 1803 1363 1837 τὴν
1374 1804 1550 1839 ἐπιχείρησιν
1558 1806 1656 1838 ἀπάξω
1669 1808 1720 1843 τὴν
1735 1817 1821 1844 στρα-

1032 1846 1106 1874 τιάν.
1128 1847 1230 1882 Δέομαι
1247 1848 1280 1883 δὴ
1297 1849 1334 1884 μὴ
1350 1849 1415 1881 τοὺς
1439 1850 1536 1884 λόγους
1553 1852 1764 1880 ὑποπτεύσαντα
1781 1855 1820 1887 ὡς

1032 1891 1100 1926 ἐμοῦ
1129 1891 1329 1927 διαφερομένου
1361 1895 1597 1931 ἀπορραθυμῆσαι
1621 1899 1688 1933 πρὸς
1718 1901 1748 1926 τὸ
1768 1902 1818 1937 τὴν

1031 1937 1186 1972 ἀσφάλειαν
1215 1939 1432 1973 ἑξαρτύσασθαι.
1469 1942 1625 1978 Πέπεισμαι
1657 1945 1712 1980 γὰρ
1735 1947 1818 1982 αὐτὸς

1032 1984 1155 2019 ἀκριϐῶς
1174 1986 1206 2012 ἐκ
1234 1986 1288 2012 τῶν
1309 1985 1416 2018 αὐτόθι,
1439 1987 1476 2020 ὡς
1493 1988 1551 2024 ἅμα
1563 1990 1602 2025 τῷ
1625 1992 1743 2027 φανῆναι
1760 1995 1818 2020 εἰσ-

1032 2031 1156 2063 δέξονται
1171 2032 1257 2067 ὴμᾶς.
1273 2033 1393 2060 Τοιαῦτα
1410 2035 1460 2068 μὲν
1487 2036 1501 2061 ὁ
1518 2037 1580 2068 νέος
1604 2037 1736 2072 βασιλεὺς
1753 2041 1818 2066 ἐπέρ

1033 2077 1126 2103 στελλε
1144 2077 1183 2112 τῷ
1201 2077 1317 2113 πάππῳ,
1335 2079 1389 2105 τῶν
1421 2082 1592 2109 πιστοτάτων
1623 2084 1738 2112 οἰκετῶν
1761 2095 1816 2114 τινι

1033 2122 1079 2149 τοῦ
1105 2123 1228 2158 μεγάλου
1251 2124 1416 2159 δομεστιχου
1436 2127 1612 2162 χρησάμενος
1638 2129 1816 2167 διακομιστῇ.

1035 2169 1123 2200 am;
1135 2169 1164 2195 δέ
1182 2168 1252 2204 άρας
1271 2168 1301 2202 ἐξ
1321 2169 1460 2205 Ὀδρυσῶν
1485 2172 1544 2207 ἆμα
1569 2179 1818 2213 πεντακισμυρίοις

192 2217 325 2251 ἱππεῦσιν
350 2217 367 2250 ἢ
383 2216 467 2252 ὀλίγῳ
482 2216 600 2250 δέουσιν,
622 2215 661 2247 ὡς
690 2215 817 2247 εἰκάζετο
843 2216 883 2250 (ού
909 2217 965 2252 γὰρ
985 2217 1049 2252 ἐξῆν
1083 2217 1206 2253 ἀκριϐῶς
1225 2217 1272 2244 τὸν
1305 2218 1423 2254 ἀριθμὸν
1448 2220 1562 2255 ειδέναι,
1591 2221 1635 2250 οἷα
1655 2224 1686 2259 δὴ
1710 2226 1818 2254 πολλῶν

192 2265 241 2290 καὶ
252 2264 306 2290 τῶν
321 2263 358 2299 μὴ
370 2265 438 2299 πρὸς
455 2264 588 2299 στρατιὰν
602 2263 780 2298 τεταγμένων
791 2266 1055 2300 συστρατευομένων
1069 2265 1136 2300 πρὸς
1150 2266 1231 2301 χάριν
1243 2265 1282 2300 τῷ
1308 2265 1441 2302 βασιλεῖ),
1469 2267 1513 2304 ᾔει
1543 2268 1592 2305 τὴν
1611 2272 1641 2303 ἐς
1671 2271 1818 2304 Βυζάντιον

192 2312 297 2342 πυκνάς
312 2311 360 2338 καὶ
378 2310 502 2346 συνεχεῖς
515 2310 563 2341 τὰς
581 2309 796 2345 στρατοπεδείας
810 2310 976 2345 ποιούμενος
996 2309 1040 2338 οἷα
1054 2311 1086 2343 δὴ
1100 2312 1197 2339 νοσῶν.

893 2369 1005 2398 CAPUT
1025 2370 1107 2399 XXII.

186 2415 302 2454 Insidiae
329 2415 563 2454 in‘éndronicunm
589 2416 724 2454 mitterent
742 2424 758 2441 α
781 2413 1001 2454 ξρΙιεηιίιιιΙιιιιιιοΔ
1018 2417 1160 2454 Moesorum
1185 2425 1256 2453 rege.
1284 2418 1391 2454 Legatio
1425 2421 1468 2447 avi
1497 2420 1528 2447 de
1546 2421 1659 2449 adventu
1673 2424 1709 2450 ad
1726 2425 1816 2453 urbem

194 2466 207 2479 ε
229 2451 340 2486 paulum
357 2450 619 2486 differendo.Concio
636 2451 737 2486 nepotis
757 2451 792 2478 ad
817 2451 961 2478 exercitum
984 2451 1015 2478 de
1039 2453 1122 2479 armis
1145 2450 1361 2488 depoltendisfet
1377 2464 1441 2490 pace
1463 2455 1667 2491 complectenda.

230 2494 350 2513 assensus
354 2505 361 2512 ε

228 2532 305 2559 lnter
323 2531 382 2558 haec
399 2539 414 2558 a
432 2529 671 2566 Sphentisthlabo,
689 2529 837 2558 Moesorum
854 2538 916 2566 rege
936 2531 978 2558 al'-
995 2533 1017 2561 ι)

1074 2533 1118 2560 Ἐν
1132 2533 1238 2566 τούτοις
1260 2535 1287 2563 δὲ
1314 2537 1473 2571 ἀφικνεῖται
1488 2539 1556 2574 πρὸς
1569 2540 1650 2567 αὐτὸν
1673 2542 1720 2568 καὶ
1735 2543 1814 2579 παρὰ

824 2587 933 2617 Jacobi
950 2587 1084 2619 Pontani
1102 2594 1196 2622 notae.

224 2638 287 2673 135)
307 2638 366 2665 Non
379 2637 616 2672 ἐπιϐουλευόντων,
628 2638 676 2666 sed
700 2637 884 2665 ἐπιϐαλόντων
906 2639 976 2674 lego,

194 2690 229 2695 —
245 2674 383 2707 Interprcs
400 2673 464 2708 legit
484 2674 678 2704 ἐπιϐαλόντων,
694 2681 849 2708 quanquam
864 2674 902 2700 nil
915 2673 977 2701 tnu-

197 2709 321 2737 tandum.
337 2707 414 2744 lntell
430 2707 454 2742 gi
465 2709 538 2736 enim
554 2713 644 2744 potest
657 2709 690 2736 de
705 2707 742 2735 iis
762 2707 809 2743 qui
836 2709 908 2735 intra
933 2717 979 2736 ur—

195 2746 255 2772 bem
273 2743 336 2778 quid
349 2743 521 2771 molirentur.

231 2780 287 2814 (56)
308 2778 443 2812 Expresso
457 2779 497 2806 sic
512 2779 593 2806 habet
605 2778 714 2806 Graecus
731 2779 826 2811 codex,
839 2778 901 2814 νᾶμα
915 2788 978 2805 πεν-

193 2821 385 2848 ταχισμυρ;οις
418 2813 560 2840 ἱππεῦσιν.
593 2814 627 2841 Ει
656 2814 780 2848 quamvis
804 2813 976 2848 subjiciatur,

185 2855 239 2878 aut
259 2849 395 2884 aliquanto
417 2849 599 2884 paucioribus,
624 2849 861 2885 subjungaturqne
882 2857 974 2881 causa,

1033 2642 1192 2683 quiaetiam
1206 2651 1259 2671 non
1275 2646 1425 2681 conscripti
1442 2654 1471 2674 se
1487 2647 1671 2682 adjunxert'nt.
1689 2651 1818 2680 volunta-

1034 2679 1069 2722 rii
1078 2679 1224 2722 videlicet,
1235 2687 1283 2706 seu
1296 2679 1407 2722 volones
1417 2679 1538 2722 plurimi,
1552 2689 1702 2722 tamenpro
1711 2679 1819 2722 exigui-

1033 2716 1089 2739 tate
1104 2714 1211 2747 imperii
1228 2722 1287 2748 qua:
1303 2719 1367 2742 tunc
1381 2714 1449 2748 erat,
1470 2718 1514 2744 vix
1527 2714 1567 2745 est
1587 2714 1729 2748 credibile.
1745 2714 1818 2750 Ilur-

1033 2755 1104 2790 sum,
1128 2756 1160 2774 ex
1172 2753 1250 2790 tanta
1275 2749 1427 2790 defectione
1449 2753 1482 2778 ad
1501 2753 1654 2790 junioretn,
1682 2749 1815 2790 quantam

1031 2783 1290 2822 supraaudivimus,
1307 2793 1364 2822 non
1382 2786 1411 2813 lit
1425 2791 1479 2814 tam
1499 2783 1668 2818 incredibile.
1687 2783 1721 2810 ὶ-
1733 2783 1815 2822 Forte

1030 2817 1176 2852 legendum
1197 2821 1436 2855 πεντακισχιλίοις.
