1920 3076
92 185 136 216 ΠἹ

696 194 720 223 ll
730 195 967 227 ISI‘ORIARUM
993 199 1108 230 LIBER
1131 202 1154 231 Ι.

1657 205 1722 237 1ῗ8π

92 241 314 274 Ἆεντιοθλάὸου
347 243 392 270 τοῦ
422 244 523 271 Μυσῶν
542 245 674 282 βασιλέως
700 250 739 284 (ὃς
756 247 789 282 ἦν
804 250 877 286 αὐτῷ

932 254 986 282 line
1011 263 1061 283 suo
1091 257 1213 292 (propter
1238 257 1413 286 Theodoram
1440 267 1563 287 sororem
1588 267 1650 287 cum
1681 270 1714 288 eo

91 288 228 322 κηδεστὴς
250 289 296 315 ἐπὶ
321 289 447 326 Θεοδώρᾳ
459 293 492 327 τῇ
515 293 630 330 ἀδελφῇ)
646 296 761 330 πρέσδις
774 297 879 332 Μαρτϊ-
899 302 902 304 ⁷

92 342 147 365 νος,
172 334 350 369 τριακοσίους
368 335 442 370 ἄγων
458 338 562 371 ίππέας
584 342 796 376 καταφράκτους
820 343 880 369 Μυ-

92 381 168 412 σοὺς,
183 380 325 414 πρόφασιν
353 380 402 416 μὲν
426 382 464 414 ὡς
486 386 808 423 συμμαχήσονταςμὺτῷ
822 389 880 414 ἑπι-

91 425 207 459 κουρίας
230 425 352 461 δεομένῳ
376 427 420 454 διὰ
439 428 487 456 τὸν
517 430 637 466 πόλεμον
662 433 709 458 τὸν
734 434 804 468 πρὸς
832 434 880 461 τὸν

92 472 221 498 πάππον·
239 472 441 507 ὲπηγγέλλοντό
462 483 503 508 τε,
528 477 566 507 ὡς
582 478 606 503 si
626 477 713 505 δέοιτο
727 480 773 505 καὶ
789 480 880 507 πλείου

90 525 134 548 νος
154 519 300 552 στρατιᾶς,
327 519 445 554 ἑτοίμως
474 521 639 555 παρέξοντος
670 523 718 550 τοῦ
735 524 878 559 κηδεστοῦ·

89 564 123 597 τῇ
144 563 167 589 δ’
185 563 303 600 ἀληθεία
315 585 322 596 ,
341 564 378 594 ὡς
403 565 437 591 ἂν
462 566 539 593 tamen
554 568 600 594 τὸν
616 568 732 603 βασιλέα
746 571 879 604 στρατιᾶς

90 608 260 642 ἀποροῦντα,
296 610 479 643 συλλαϐόντας
507 614 576 648 πρὸς
601 614 685 642 αὐτὸν
711 617 877 650 ἀπαγαγεῖν.

91 654 178 687 Δῆλον
197 655 226 681 δὲ
243 655 355 689 γέγονεν
369 658 400 682 ὲκ
421 658 475 684 τῶν
498 659 569 693 μετὰ
585 660 684 687 ταῦτα·
708 661 772 688 ἰδὼν
791 663 844 697 γὰρ
865 663 879 689 ὁ

91 701 234 735 Μαρτῖνος
259 702 308 736 τὴν
335 703 474 738 ἑπομένην
488 704 526 740 τῷ
543 705 649 739 βασιλεῖ
672 708 813 743 στρατιὰν,
832 710 879 735 ἀν-

90 746 233 780 εχώρησεν
263 747 415 782 εὐεξὺςεπ*
439 749 528 776 οἴκου.
562 750 591 777 '0
620 751 748 785 βασιλεὺς
770 753 798 779 δὲ
829 754 878 789 τὴν

90 792 149 817 ὁδον
165 792 287 819 διανὺων
304 794 375 820 κατὰ
390 795 488 830 μικρὸν
501 815 508 826 .
535 798 567 832 τῇ
597 798 651 832 πρὸ
674 798 724 833 τῆς
742 799 878 835 Πεντηκο-

91 838 159 872 στῆς
183 840 417 873 ἐστρατοπέδευσε
445 842 519 876 παρὰ
551 843 597 868 τὸν
614 844 724 871 Μέλανα
743 847 876 881 ποταμόν.

96 884 233 911 Ἑνταῦοα
264 885 296 920 δὴ
326 886 481 921 ἀφικνεῖται
509 889 577 923 πρὸς
600 890 646 916 τὸν
676 891 735 918 νέον
764 892 878 926 βασιλέα

93 930 212 962 Εὐγενια
234 931 340 966 μοναχὴ
353 931 559 967 Παλαιολογίνα,
578 935 594 970 ἠ
610 934 743 970 βασιλέως
760 938 878 974 ἀδελφῆς

92 975 217 1011 Μιχαὴλ,
237 977 284 1002 τοῦ
310 977 418 1012 πρώτου
436 979 490 1005 τῶν
513 980 716 1015 Παλαιολόγων,
733 985 806 1016 παῖς,
829 993 877 1018 με-

95 1022 166 1057 γάλη
197 1023 403 1057 διμεστίκισσα.
429 1026 647 1060 Διεπρεσὸεύετο
676 1028 705 1054 δὲ
729 1029 803 1064 παρὰ
828 1030 875 1056 τοῦ

95 1068 232 1100 βασιλέως
247 1070 372 1096 τοιαῦτα·
395 1071 463 1107 Περὶ
490 1072 540 1107 μὲν
556 1073 612 1100 τῶν
629 1076 876 1111 προγεγενημένων

91 1114 159 1146 πρὸς
181 1116 257 1150 ἡμᾶς
283 1113 422 1152 διαῲορῶν
447 1119 478 1144 ὲκ
497 1118 577 1146 τίνων
592 1119 709 1155 ἧρξαντο
724 1121 814 1156 λέγειν
834 1123 877 1149 αί-

90 1159 168 1191 τιῶν,
185 1161 217 1186 οὐ
234 1160 280 1187 τοῦ
306 1161 442 1197 παρόντος
474 1161 545 1191 εἶναι
567 1166 666 1200 καιροῦ
694 1168 806 1202 νομίζωο
833 1168 875 1202 ἐφ’

90 1203 130 1236 οἷς
150 1206 180 1232 δὲ
200 1206 334 1242 πρότερον
359 1209 528 1242 ὶπέσταλκας
555 1211 655 1246 πολλὴν
681 1213 762 1248 χάριν
782 1214 877 1248 ὁμολο-

90 1252 168 1286 γῶν,
200 1254 248 1280 καὶ
283 1254 333 1289 τῆς
362 1255 402 1286 είς
424 1257 474 1291 ἐμὲ
504 1257 668 1292 κηδεμονίας
699 1259 745 1285 καὶ
768 1259 874 1294 ἀγαθῆς

91 1299 281 1334 προαιρέσεως
306 1301 435 1335 ἐπαινῶν,
460 1302 500 1328 ἔτι
526 1303 590 1337 μίαν
613 1304 690 1339 παρὰ
707 1305 754 1331 σοῦ
770 1305 874 1339 ταύτην

91 1345 202 1371 ἀπαιτῶ
227 1346 318 1381 χάριν,
339 1346 388 1383 τὴν
414 1348 545 1382 στρατιὰν
560 1348 654 1375 αὐτόθι
676 1349 810 1384 μένουσαν
827 1359 875 1378 κα-

90 1391 216 1426 τασχεῖν,
233 1392 313 1426 ἄχρις
332 1393 365 1419 ἂν
385 1394 423 1423 είς
437 1393 468 1419 ἓν
482 1394 536 1420 τῶν
555 1395 781 1430 φροντιστηρίων,
806 1397 873 1423 ὅπου

91 1445 143 1472 περ
157 1437 189 1464 ἂν
205 1437 303 1473 ἐθέλῃς
316 1439 395 1470 αὐτὸς
408 1439 527 1474 καταδὺς
547 1439 592 1466 τὸν
605 1440 727 1468 κίνδυνον
738 1441 872 1476 διαφύγωσ

90 1483 123 1509 ἆν
140 1484 196 1518 γὰρ
213 1483 253 1509 ἔτι
267 1492 297 1510 σε
312 1485 380 1518 μετὰ
394 1485 439 1511 τοῦ
455 1485 638 1520 στρατοπέδου
654 1485 797 1520 ἀπάραντα
806 1489 874 1523 πρὸς

91 1531 167 1564 ἡμᾶς
192 1530 313 1565 βαδίζειν
341 1532 472 1567 ἁγγελθῇ,
500 1532 614 1568 οὐδεμία
635 1534 704 1569 πρὸς
719 1535 749 1561 τὸ
768 1535 804 1570 μὴ
819 1535 875 1562 δια-

931 305 1068 336 nuptam),
1085 303 1189 337 legatus
1202 305 1278 331 venit
1291 305 1434 337 Martinus,
1449 313 1512 332 eum
1527 305 1619 333 Moesis
1633 307 1713 341 equi-

932 346 1005 374 tibus
1023 349 1208 383 cataphractis
1234 352 1375 383 trecentis,
1402 351 1429 378 in
1449 353 1569 386 speciem
1586 353 1710 387 quidem,

930 397 961 419 ut
977 394 1109 421 auxilium
1130 395 1261 424 adversus
1276 404 1367 429 avum,
1385 398 1407 425 si
1426 398 1573 433 indigeret,
1590 398 1711 430 laturus;

930 442 958 465 et
973 441 1162 474 promittebat,
1181 442 1203 468 si
1221 443 1372 477 majoribus
1389 443 1477 477 copiis
1496 451 1566 478 opus
1586 444 1711 472 haberet.

930 491 1023 517 regem
1048 484 1169 513 libenter
1186 477 1334 514 missurum
1349 496 1355 513 :
1368 487 1416 513 sed
1435 477 1540 516 revera.
1564 492 1594 513 ut
1611 487 1633 513 si
1649 495 1712 513 eum

930 525 1263 564 paueitatc‘laborautem
1286 532 1434 563 inveniret,
1452 532 1562 565 injectis
1586 532 1712 558 manibus

930 575 963 602 ad
983 583 1072 611 regem
1090 577 1230 609 captivum
1248 577 1422 611 perduceret.
1441 577 1519 611 Quod
1544 585 1578 604 ex
1593 585 1626 604 eo
1649 586 1711 604 mox

930 621 1040 654 claruit,
1058 621 1122 656 quia
1139 621 1274 650 Martinus
1299 624 1422 650 exercitu
1449 623 1643 657 imperatoretn
1667 631 1710 649 se-

929 672 1031 700 quente
1047 672 1206 702 conspecto,
1220 668 1293 695 unde
1308 673 1430 700 venerat,
1441 668 1534 695 subito
1550 676 1580 695 se
1595 668 1711 702 recepit.

930 713 1025 740 Panis
1052 713 1199 740 itineribus
1231 714 1411 748 progrediens
1440 715 1590 748 imperator
1623 713 1712 748 pridie

929 759 1106 786 Pentecostcs
1123 767 1205 793 supra
1228 759 1360 786 Melanem
1378 759 1479 786 numen
1497 763 1585 786 castra
1610 760 1711 793 posuit.

930 805 979 832 llic
994 813 1057 832 eum
1075 805 1197 840 Eugenia
1219 805 1399 840 Palatologina
1418 805 1562 837 monacha,
1585 813 1600 832 e
1617 812 1710 832 sorore

929 850 1070 878 Michaelis
1105 851 1185 886 primi
1225 851 1369 886 Palatologi
1411 851 1585 886 imperatoris
1615 859 1712 885 proge-

930 897 985 924 nita
1006 898 1074 932 (57),
1095 905 1190 932 magna
1213 898 1364 925 domestica
1386 898 1442 933 (58)
1465 890 1603 925 convenit.
1625 897 1711 932 Lega-

931 943 968 970 tio
984 943 1043 970 haec
1064 944 1320 978 complectebatur:
1337 944 1375 971 De
1397 945 1535 978 prieribus
1555 947 1712 971 controver-

928 988 978 1015 siis
995 989 1067 1016 inter
1090 997 1147 1021 eos,
1162 997 1177 1016 e
1191 990 1293 1024 quibus
1316 990 1406 1017 causis
1428 995 1498 1017 nata;
1515 991 1583 1021 sint,
1605 989 1709 1020 dicere,

928 1033 998 1060 nihil
1020 1034 1053 1060 ad
1079 1041 1201 1068 praesens
1224 1039 1334 1069 tempus
1360 1033 1508 1068 pertinere.
1533 1033 1598 1066 Quae
1623 1041 1710 1067 nuper

928 1079 1078 1113 scripserit,
1092 1079 1127 1106 ob
1139 1087 1170 1107 ea
1185 1087 1265 1107 avum
1283 1080 1320 1106 illi
1335 1087 1446 1114 magnas
1463 1087 1544 1114 agere.
1555 1079 1666 1112 gratias.
1683 1084 1710 1105 et

927 1122 1139 1150 sollicitudinem
1165 1124 1246 1150 istaut
1273 1131 1304 1151 ac
1330 1123 1429 1150 bonam
1449 1123 1617 1149 voluntatem
1648 1122 1708 1148 lau-

926 1169 1001 1195 dare.
1024 1168 1112 1196 Unam
1128 1169 1242 1203 insuper
1255 1169 1370 1203 gratiam
1392 1175 1504 1202 cupere,
1523 1172 1553 1194 ut
1576 1166 1708 1193 nimirum

929 1219 983 1241 tant
1001 1214 1046 1241 ditt
1061 1214 1175 1241 militem
1196 1214 1233 1241 ibi
1250 1214 1383 1247 detineat,
1405 1213 1495 1248 quoad
1511 1213 1537 1239 in
1560 1219 1644 1239 unum
1659 1212 1709 1238 ali—

927 1260 1000 1294 quod
1021 1260 1219 1288 monasterium
1232 1259 1291 1294 (59)
1309 1267 1323 1286 ο
1338 1263 1437 1293 nepote
1459 1258 1642 1289 nominatum,
1657 1264 1704 1291 pe-

927 1304 1006 1332 riculi
1019 1305 1178 1332 declinandi
1193 1305 1247 1340 7o
1257 1313 1285 1332 se
1297 1304 1446 1332 abdiderit.
1459 1304 1526 1333 Nam
1542 1303 1564 1331 si
1579 1310 1594 1330 θ
1611 1302 1708 1329 castris

925 1358 989 1378 eum
1008 1358 1090 1386 porro
1101 1351 1135 1378 ad
1151 1351 1247 1378 urbem
1261 1352 1331 1378 viam
1344 1351 1434 1377 moliri
1451 1350 1602 1381 nuntietur,
1616 1353 1706 1375 actum

925 1404 986 1424 esse
1007 1396 1041 1424 de
1055 1397 1110 1424 vita
1135 1404 1184 1424 sua
1199 1406 1206 1424 :
1221 1396 1328 1423 tametsi
1346 1395 1415 1423 nihil
1437 1402 1532 1422 eorum
1553 1394 1707 1429 praetermi-

926 1443 1003 1475 serit,
1017 1450 1078 1477 quae
1094 1450 1180 1477 nepos
1201 1442 1377 1477 suggesserit,
1399 1441 1446 1469 sed
1469 1449 1500 1468 ea
1522 1440 1613 1467 omnia
1632 1440 1704 1466 inani

925 1488 1017 1516 studio
1037 1492 1194 1524 comparata
1210 1488 1295 1516 fuisse
1313 1487 1514 1522 deprehensum
1531 1487 1577 1513 iri.
1596 1486 1646 1514 Ubi
1665 1487 1705 1513 vi-

927 1539 981 1561 tain
1000 1542 1077 1562 suam
1099 1534 1162 1561 loco
1183 1538 1242 1561 tuto
1260 1533 1442 1566 mandaverit,
1459 1533 1517 1567 ipse
1534 1532 1628 1559 urbem
1645 1539 1705 1566 pos-

91 1576 284 1611 φῦαρήσεσθαι
313 1578 386 1611 ἡμᾶς
409 1578 497 1609 ἐλπίς.
515 1579 612 1606 Καίτοι
639 1587 672 1614 γε
697 1580 774 1607 οὐδὲν
790 1581 872 1613 αὐτὸς

927 1588 1052 1608 sessurus
1082 1579 1263 1614 ingrediatur.
1288 1579 1360 1612 Quid
1381 1578 1454 1606 enim
1479 1586 1513 1605 ex
1543 1581 1631 1604 morte
1656 1585 1704 1604 sua

90 1622 226 1648 ἀπέλιπον
239 1619 275 1649 ὧν
288 1622 389 1650 ὑπέθου
402 1623 432 1649 τὸ
446 1624 483 1659 μὴ
498 1623 529 1651 οὐ
544 1625 782 1660 καταπράξασοαι·
798 1625 874 1661 ἐλέγ-

89 1676 184 1701 χονται
212 1667 235 1694 δ’
260 1667 367 1695 ἅπαντα
393 1669 600 1704 σπουδαζόμενα
623 1671 694 1705 εἰκῆ.
730 1671 813 1706 Ἐμοῦ
837 1671 872 1706 δ’,

89 1712 184 1747 ὥσπερ
204 1711 286 1747 ἔφην.
304 1714 332 1739 ὲν
349 1713 484 1749 ἀσφαλείᾳ
507 1714 656 1749 γενομένου
674 1715 721 1741 τοῦ
746 1715 784 1750 μὴ
806 1717 874 1742 ἀπο-

89 1757 193 1789 θανεῖν,
223 1759 304 1789 αὐτὸς
332 1759 427 1795 ὲλεὺσῃ
447 1760 677 1796 παραληψόμενος
696 1763 746 1796 τὴν
778 1761 871 1790 πόλιν·

90 1804 155 1830 ποία
172 1804 228 1839 γάρ
243 1813 284 1834 τις
300 1803 390 1840 ὖνησις
404 1806 436 1831 ὲκ
450 1806 497 1832 τοῦ
508 1806 558 1840 ἐμὲ
577 1806 724 1833 ἀποθανεῖν
737 1816 745 1840 ;
761 1805 872 1840 Τούτοις

90 1850 255 1883 τοϊς-λόγοις
269 1850 314 1876 ἐπὶ
344 1851 444 1886 μᾶλλον
467 1853 481 1878 6
507 1852 564 1883 νέος
591 1846 777 1887 ιπωίαμφθεὶς
793 1853 872 1888 βασι-

90 1895 165 1926 λεὺς,
189 1896 284 1922 καίτοι
312 1896 359 1922 καὶ
379 1898 514 1932 πρότερον
530 1898 618 1925 πάντα
647 1900 694 1926 καὶ
717 1899 809 1933 λέγειν
826 1899 873 1926 καὶ

92 1942 226 1976 πράττειν
241 1942 312 1976 ὑπὲρ
326 1945 374 1969 τοῦ
387 1943 424 1978 μὴ
445 1943 490 1970 τὸν
505 1944 619 1979 βασιλέα
633 1945 680 1971 καὶ
695 1945 808 1972 πάππον
825 1954 874 1972 κα-

92 1986 148 2017 κῶς
163 1986 264 2013 παθεῖν
278 1988 383 2014 οῐκοοεν
398 1988 573 2024 ὡρμημένος,
585 1990 653 2025 πρὸς
667 1989 717 2024 μὲν
736 1989 785 2025 τὴν
807 1998 874 2025 πρε-

92 2031 185 2058 σϐείαν
215 2033 382 2067 ποιουμένην
425 2034 520 2068 μηδενὶ
553 2033 722 2070 καταδήλους
757 2033 866 2060 ἐκέλευε

92 2078 180 2103 ποιεῖν
202 2078 267 2109 ,τοὺς
295 2078 369 2114 παρὰ
390 2078 521 2113 βασιλέως
547 2079 652 2113 λόγους,
677 2081 718 2106 ὅτι
739 2079 776 2114 μὴ
801 2078 874 2114 μόνῳ

91 2122 129 2156 τῷ
147 2122 260 2160 μεγάλῳ
284 2122 445 2158 δομεστίκῳ,
463 2123 543 2154 αὐτος
560 2123 582 2149 δ’
597 2123 635 2155 ὡς
650 2123 684 2150 ἂν
698 2124 790 2159 οῐηται
806 2133 874 2160 συμ-

92 2169 185 2203 φέρειν
199 2170 373 2205 οἰκονομήσει
396 2170 458 2201 τοὺς
473 2170 584 2204 λόγους.
607 2171 771 2206 Ἐκκλησίαν
784 2171 812 2198 δὲ
829 2180 875 2198 κε-

91 2214 190 2245 λεύσας
209 2214 348 2248 γενέσθαι,
364 2214 475 2242 καὶτῶν
495 2215 523 2242 ὲν
536 2216 607 2242 τέλει
621 2217 742 2250 πάντων,
761 2217 874 2245 καὶτῶν

925 1625 1104 1653 emolumenti
1120 1624 1249 1659 caperet?
1262 1624 1317 1651 Hac
1331 1624 1456 1651 oratione
1469 1623 1555 1657 magis
1567 1622 1706 1650 etnollitus

922 1671 1027 1708 junior,
1056 1678 1118 1698 cum
1155 1674 1236 1697 antea
1259 1674 1357 1704 sponte
1380 1677 1428 1696 sua
1448 1668 1540 1696 dicere
1567 1672 1594 1695 et
1615 1667 1705 1694 facere

924 1717 1033 1753 quidvis
1054 1716 1196 1751 eupiisset,
1213 1723 1249 1743 ne
1269 1715 1337 1750 quid
1356 1715 1416 1742 seni
1437 1717 1593 1746 noceretur,
1617 1714 1706 1748 legato

925 1759 1066 1795 praecepit,
1089 1767 1123 1786 ne
1141 1767 1203 1787 cum
1222 1766 1361 1794 quoquam
1377 1759 1487 1794 (magno
1500 1758 1634 1786 duntaxat
1655 1758 1705 1785 do—

925 1806 1040 1833 mestico
1059 1805 1184 1841 excepto)
1203 1805 1370 1840 legationem
1394 1805 1619 1835 communicaret.
1634 1812 1663 1831 sc
1678 1805 1706 1831 in

924 1857 956 1877 ea
980 1849 1101 1877 curanda
1117 1850 1243 1877 utilitatis
1261 1850 1395 1877 rationem
1417 1849 1585 1876 habiturum.
1609 1849 1706 1876 Edicto

926 1895 1009 1929 igitur
1022 1900 1171 1927 conventu,
1188 1895 1301 1930 jamque
1318 1888 1345 1922 iri
1364 1899 1466 1922 emtum
1481 1895 1584 1922 coactis
1603 1899 1630 1922 et
1648 1896 1705 1929 pri-

924 1941 1046 1969 moribus
1069 1946 1096 1969 et
1110 1941 1175 1968 ﬂore
1191 1941 1340 1973 exercitus,
1354 1942 1381 1967 in
1395 1941 1518 1981 medium
1532 1948 1703 1976 progressus,

926 1987 1026 2015 talibus
1050 1992 1098 2014 eos
1118 1987 1200 2014 dictis
1220 1986 1297 2013 aﬂ'ari
1325 1994 1440 2014 exorsus
1465 1992 1508 2014 est
1530 1995 1538 2013 :
1561 1987 1703 2014 Neminem

924 2037 1046 2061 vestrum
1059 2036 1164 2061 nescire
1177 2035 1285 2068 opinor.
1299 2040 1353 2068 quo
1365 2036 1443 2067 pacto
1454 2032 1525 2060 inter
1536 2041 1579 2060 me
1609 2040 1704 2060 avum-

924 2087 978 2114 que
997 2087 1088 2106 mcum
1105 2084 1168 2106 nato
1183 2079 1310 2111 dissidio,
1327 2079 1412 2105 multa
1429 2078 1528 2113 partim
1544 2078 1611 2106 foris
1626 2086 1702 2106 com-

925 2125 1110 2154 mitterentur.
1126 2124 1224 2159 partim
1237 2123 1328 2150 adhuc
1339 2123 1431 2150 animo
1443 2124 1546 2151 inclusa
1566 2125 1704 2159 agitaren-

925 2175 981 2203 tur,
998 2178 1058 2205 quxe
1069 2178 1113 2197 me
1127 2170 1154 2197 in
1171 2175 1321 2197 extremam
1336 2169 1475 2197 miseriam
1488 2171 1704 2205 praecipitarent.

925 2216 1061 2250 Quocirca
1079 2224 1133 2244 non
1151 2216 1238 2251 magis
1258 2215 1292 2243 ab
1307 2223 1368 2248 avo,
1384 2223 1466 2251 quam
1487 2224 1501 2244 a
1525 2216 1706 2252 prmsentibus

284 2327 290 2332 .
720 2289 827 2320 Jacobi
842 2288 973 2320 Pontaui
990 2292 1080 2319 notas.

128 2349 184 2382 (57)
202 2348 348 2385 Nobilitas,
363 2353 508 2385 senectus,
531 2348 593 2385 vitae
620 2349 751 2376 sanctitas
767 2369 775 2385 ,
794 2357 868 2385 ipru-
885 2351 905 2378 D
921 2349 1065 2380 monacha,
1094 2347 1245 2385 siaulica?
1263 2356 1296 2385 an
1321 2349 1446 2376 abutitur
1470 2357 1535 2377 voce
1563 2352 1702 2384 monac/ta,

92 2384 182 2411 dentia
201 2384 227 2409 iu
253 2384 303 2410 hac
320 2383 419 2410 femina
435 2383 642 2417 spectabantur,
668 2391 729 2410 cum
749 2383 774 2411 ei
794 2384 869 2417 lega-

94 2419 175 2446 tionis
199 2426 298 2445 munus
323 2418 517 2452 imponeretur.
542 2417 604 2445 Fuit
630 2426 694 2452 ergo
719 2418 869 2445 Andronici

95 2453 204 2488 majoris
228 2454 360 2488 amitina;
378 2452 492 2488 iamitini
508 2453 608 2486 quippe
628 2457 691 2480 Sunt
713 2453 825 2480 fratrum
843 2458 871 2480 et

94 2495 218 2514 sororum
234 2487 292 2514 lilii.
308 2487 386 2519 Quod
399 2492 490 2514 autent
507 2487 574 2514 infra
589 2487 703 2514 minoris
720 2488 870 2515 Andronici

93 2523 177 2553 θείαν,
194 2522 218 2548 id
234 2527 287 2553 est,
299 2523 420 2553 amitam,
435 2530 482 2549 seu
494 2526 660 2548 materteram
673 2524 803 2555 nominat,
819 2522 871 2549 hoc

93 2558 186 2591 utique
203 2565 297 2584 verum
314 2565 367 2584 non
382 2562 425 2584 est
437 2577 443 2588 ,
459 2565 520 2583 cum
538 2564 587 2583 nec
610 2558 651 2583 avi
675 2557 786 2591 quidem
811 2557 872 2584 θεία

93 2593 184 2619 fuerit.
195 2592 246 2618 Sed
256 2591 415 2623 tenendum,
431 2592 654 2618 bunceauctorem
667 2593 779 2618 vocibus
789 2592 871 2625 θεῖος,

93 2627 160 2658 θεία,
176 2627 296 2660 ἀνεψιὸς,
314 2626 421 2661 ἀνεψιὰ,
439 2628 478 2654 uti
496 2627 593 2657 laxius.
611 2633 657 2653 seu
674 2627 747 2653 abuti
772 2627 871 2661 potius,

93 2662 124 2688 ad
144 2662 346 2722 dcognationem
370 2661 450 2688 etiam
477 2662 568 2689 minus
593 2661 775 2696 propinquam
802 2661 873 2688 indi-

94 2704 141 2722 can
163 2705 217 2722 alii.
273 2720 276 2722 .

94 2704 217 2723 canuatn.
272 2720 277 2725 .

127 2732 183 2765 (58)
208 2731 306 2758 Utrum
332 2731 404 2765 quod
432 2734 573 2765 parentetn
600 2731 726 2759 habuerit
745 2738 871 2765 magnum

93 2767 287 2797 domesticum,
319 2774 352 2792 an
379 2767 450 2800 quod
477 2767 522 2793 tali
550 2766 642 2793 functa
667 2770 737 2792 esset
757 2773 869 2793 munere

93 2801 160 2834 apud
177 2801 393 2835 imperatricem,
425 2801 497 2834 quali
515 2801 585 2835 apud
605 2802 794 2835 imperatorem
811 2808 869 2827 rna-

93 2843 159 2865 unus
177 2835 369 2862 domesticus?
389 2835 460 2862 Uxor
482 2837 591 2870 quidem
616 2844 670 2862 non
687 2835 738 2862 fuit
755 2836 869 2867 alicujus

95 2872 181 2905 magni
197 2870 362 2902 domestici,
388 2870 484 2897 fuisset
508 2871 580 2897 enim
607 2871 774 2897 connubiunt
791 2871 869 2896 valde

95 2906 188 2940 impar.
206 2906 343 2934 Praeterea
368 2905 500 2932 monacha
515 2905 626 2933 dicitur.
645 2905 696 2932 Sed
716 2910 770 2939 quo
791 2909 868 2939 pacto

922 2387 1035 2418 propter
1063 2383 1364 2418 pudicitiamrvitaeque
1389 2384 1598 2411 sanctimoniam
1613 2405 1620 2416 ,
1651 2394 1704 2418 qua

923 2418 1010 2444 instar
1036 2417 1175 2452 monachae
1202 2417 1327 2444 etiamin
1356 2418 1457 2452 palatio
1485 2417 1708 2447 clarebat?Eino

923 2453 1114 2480 Betae/twester.
1143 2451 1212 2488 Quid
1229 2453 1250 2478 si
1269 2452 1335 2488 illud
1356 2451 1453 2488 magna
1465 2454 1607 2480 domestica
1620 2455 1706 2481 horto-

925 2489 1014 2514 rarius
1031 2491 1135 2513 tantum
1152 2487 1246 2513 titulus
1272 2487 1333 2517 fuit.
1359 2487 1418 2514 sine
1435 2487 1585 2521 iunctione,
1612 2494 1641 2516 ut
1658 2490 1704 2516 alii

924 2522 1002 2548 mttlti
1019 2529 1067 2556 per
1082 2522 1107 2557 id
1123 2521 1250 2554 tempus?
1267 2521 1300 2548 de
1314 2529 1368 2556 quo
1380 2523 1407 2548 in
1418 2523 1597 2556 explicatione
1615 2524 1706 2557 (ligni-

925 2555 1024 2583 tatum'
1038 2564 1069 2582 ac
1083 2555 1253 2583 functionqu
1269 2555 1361 2590 palatii
1378 2555 1506 2591 diximus,
1523 2563 1582 2592 post
1597 2555 1704 2586 Praii‘at.

924 2591 957 2618 ad
970 2592 1109 2618 lectorem.

961 2626 1016 2660 (59)
1033 2625 1061 2652 Si
1075 2625 1255 2662 veriloquium
1265 2631 1371 2660 spectes
1384 2627 1471 2658 verbi,
1485 2628 1704 2662 φροντιστήριον,

926 2661 1001 2688 locus
1014 2664 1057 2687 est
1079 2661 1273 2695 cogitationum
1289 2681 1296 2692 ,
1316 2669 1362 2688 seu
1385 2661 1656 2693 contmentatiouum.
1678 2664 1704 2690 id

881 2700 884 2703 '
925 2700 976 2727 est,
991 2695 1053 2731 rubi
1085 2695 1266 2731 cogitationes
1281 2699 1581 2731 commentationesque
1597 2702 1705 2724 nostras

925 2730 1103 2766 explicantus,
1119 2735 1199 2764 atque
1217 2730 1249 2756 ad
1277 2731 1420 2758 audientes
1434 2730 1605 2764 proferimus.
1618 2732 1706 2766 qualis

926 2770 979 2796 est,
998 2765 1045 2798 qui
1061 2765 1094 2790 ab
1108 2765 1163 2791 otio
1180 2766 1272 2792 schola
1288 2766 1398 2792 dicitur.
1424 2765 1514 2793 Julius
1532 2765 1641 2798 Pollux,
1659 2767 1705 2792 ναὶ

922 2800 956 2826 τὰ
973 2800 1155 2832 διδασκαλεῖα,
1172 2801 1200 2825 οὐ
1216 2800 1402 2832 παιδαγωγεῖα
1423 2804 1501 2834 μόνον
1514 2802 1558 2827 καὶ
1574 2800 1704 2833 φωλεοὺς,

923 2835 990 2860 ἀλλὰ
1005 2835 1051 2860 καὶ
1067 2835 1272 2869 φροντιστήρια.
1298 2835 1374 2862 Valet
1392 2838 1472 2862 etiam
1495 2835 1701 2865 monasterium,

923 2869 981 2896 sive
994 2870 1160 2895 emnobium.
1176 2870 1283 2899 Suidas.
1300 2871 1516 2904 φροντιστήριον,
1531 2869 1667 2904 διατριϐὴ,
1686 2870 1702 2904 ἢ

925 2905 1115 2939 μονςιστήριον,
1127 2905 1193 2938 ὅπερ
1212 2905 1236 2931 οἱ
1261 2905 1376 2931 Ἀττικοὶ
1395 2903 1516 2939 σῖμνεῖον
1531 2903 1652 2931 καλοῦσι.
