1920 3076
120 139 166 169 101

695 138 858 169 JOANVIS
878 137 1137 168 CANTACUZENI

1687 138 1738 170 192

118 201 231 227 sperans
245 195 331 229 majus
347 195 449 229 aliquid
467 195 652 227 inventurum,
667 203 700 222 an
715 196 747 222 ab
761 203 794 222 eo
808 195 902 221 multis

957 196 1002 220 καὶ
1022 195 1198 229 βουλεύεσθαι
1215 195 1261 222 καὶ
1276 195 1406 230 πράττειν
1426 194 1527 230 σαυτῷ.
1543 194 1662 222 Τοιαῦτα
1674 197 1748 230 περὶ

120 240 362 274 pollicitationibus
384 243 409 269 iu
430 242 552 269 fraudem
578 242 684 269 illectus
699 242 747 273 sis,
765 242 836 268 haud
859 249 903 268 sa-

73 312 77 315 .
120 285 157 312 tis
180 287 247 314 scio.
274 287 301 314 Si
321 295 388 314 vana
412 293 477 315 sunt
502 296 562 322 qua:
585 288 697 320 audivi,
720 293 748 315 et
763 289 810 323 qui
831 297 900 314 nuu-

121 332 223 360 tiarunt
247 334 344 360 merito
369 334 490 360 accusari
515 334 616 360 debent
650 339 678 361 et
710 342 760 369 ego
789 334 902 361 minime

123 378 277 405 laudandus
303 387 375 411 sum,
393 381 439 414 qui
454 381 632 415 sycophantis
648 381 728 408 fidem
743 381 901 408 commoda-

121 423 206 450 verim
233 424 301 456 (75).
325 424 365 456 Si.
388 429 417 451 ut
438 425 574 457 dicebam,
593 431 639 453 aut
653 426 712 461 plus
726 429 751 453 te
769 433 904 453 consecu-

122 468 212 495 turum
234 469 394 499 arbitratus.
420 476 468 497 aut
490 471 610 498 indidem
629 478 777 505 persuasus
790 472 843 498 huc
857 472 903 498 de-

120 515 230 546 venisti,
244 520 272 541 et
287 515 330 542 bis
345 517 559 551 cogitationibus
575 517 681 544 monitu
697 525 758 544 meo
767 518 900 550 excussis,

121 559 201 586 ﬁdem
228 561 295 588 mibi
325 569 502 597 amoremque
524 564 669 598 pristinum
704 564 849 591 sinceriter
871 571 903 591 ac

122 606 228 639 puriter
250 612 380 641 pra-stare
407 609 526 636 volucris
537 629 544 641 ,
560 617 637 644 teque
653 613 682 636 ut
699 613 762 636 ante
782 610 902 636 benevo-

121 651 176 678 lum
195 660 237 679 me
263 658 290 679 et
304 654 422 680 amicum
441 655 489 681 tibi
507 654 569 681 faxo
584 655 727 689 experiare
743 663 750 682 :
767 663 818 682 nec
834 663 903 689 prm-

123 698 221 729 terita,
247 699 360 732 perinde
387 708 418 726 ac
448 700 470 727 si
492 701 568 727 nulla
597 700 724 731 fuissent,
754 701 900 735 rcputabo,

123 743 346 777 quandoquidem
361 751 462 779 prtcler
488 754 563 773 meas
582 747 729 781 magnique
757 746 902 774 domestici

122 787 225 814 nullius
246 797 328 816 aures
355 791 513 825 tetigerunt.
533 792 566 819 .Si
585 799 652 819 vero
677 797 707 819 ut
733 793 857 827 iniquum
875 797 904 820 et

123 840 239 867 nequam
260 843 302 862 me
314 835 392 870 fugis,
407 844 568 872 mecumque
579 839 671 865 vivere
693 846 724 865 ac
741 838 846 864 versari
862 838 904 864 in-
917 855 941 885 Β

123 879 293 906 tolerandum
303 887 400 914 putas:
416 883 464 909 sed
478 883 512 909 ab
524 891 575 909 avo
588 883 679 910 divina
692 883 816 918 qumdam
832 883 903 910 bona

122 928 148 950 te
169 924 332 959 adepturum
357 928 486 959 credens,
502 928 534 954 ad
552 929 627 955 illum
647 933 672 956 te
692 929 842 964 adjuugere
854 929 903 956 de—

121 968 345 997 liberatissimum
372 972 468 1003 babes,
489 973 570 1001 doleo
591 974 642 1001 ista
663 972 831 1002 discessione
846 979 903 1006 tua,

121 1021 182 1040 cum
205 1022 247 1042 me
262 1017 351 1043 amico
378 1022 404 1044 et
421 1018 548 1045 familiari
562 1021 697 1054 privatum
712 1020 828 1051 videam.
847 1022 903 1048 vim

122 1066 211 1091 tamen
237 1070 291 1088 non
318 1063 475 1095 intentabo,
501 1073 590 1100 neque
615 1066 731 1093 invitum
750 1067 902 1094 retinebo:

121 1107 232 1140 quando
249 1116 338 1142 neque
353 1117 367 1135 a
384 1110 520 1145 principio
533 1111 576 1138 vel
596 1112 654 1146 lege
668 1111 779 1144 bellica,
796 1114 837 1140 vel
851 1113 904 1140 alia

122 1153 238 1185 quadam
267 1154 415 1187 violentia,
442 1161 472 1183 ut
504 1156 571 1184 mihi
602 1158 739 1190 servires,
771 1163 796 1186 te
827 1167 903 1186 com-

123 1198 180 1230 puli
200 1206 206 1223 :
225 1206 322 1225 verum
337 1200 409 1227 ultro
425 1209 467 1228 me
485 1203 690 1234 secutus,,mihi
704 1204 902 1237 adhatrescerc,

123 1250 229 1269 mecum
255 1249 336 1278 caput
359 1246 495 1281 objectare
518 1247 660 1282 periculis,
687 1257 801 1284 meaque
822 1257 903 1278 causa

123 1287 234 1321 quidvis
256 1289 609 1328 facturumjpassurumque
633 1295 794 1329 promisisti.
821 1295 904 1332 idque

123 1340 153 1359 re
173 1333 230 1367 ipsa
247 1336 330 1362 etiam
346 1338 475 1370 praeclare
493 1338 689 1368 demonstrasti
705 1341 772 1376 (74).
786 1341 904 1370 Verum-

123 1383 214 1406 tamen
235 1387 287 1407 nec
304 1388 354 1416 ego
378 1382 499 1416 ingratus
526 1384 744 1420 meritorumque
760 1387 905 1415 immemor

122 1424 173 1451 fui.
195 1425 261 1452 Nam
275 1434 337 1453 cum
354 1427 425 1455 Deus
440 1430 546 1457 ardenti
559 1431 694 1459 voluntati
712 1440 778 1460 meae
792 1433 819 1460 in
835 1434 904 1461 ami-

122 1477 170 1497 cos
191 1471 274 1498 etiam
290 1473 447 1501 facultatem
465 1476 618 1509 tribuisset,
632 1485 695 1504 eum
711 1478 788 1511 alios,
811 1485 867 1507 tum
879 1485 904 1508 te

954 240 1106 275 Συργιάννη
1122 241 1276 276 πυθόμενος
1290 243 1302 268 ὁ
1323 241 1463 276 βασιλεὺς,
1479 242 1540 268 κατ’
1559 241 1626 267 ίδίαν
1655 241 1738 276 μόνον

954 286 1130 321 παραλαϐὼν,
1151 287 1306 321 Ἢκηκόειν,
1335 287 1387 323 ἔφη
1404 287 1473 322 πρὸς
1489 287 1580 319 αὑτὸν,
1606 287 1669 321 περὶ
1690 285 1737 312 σοῦ

953 332 990 362 ὡς
1007 332 1156 366 συμϐάσεις
1185 333 1298 367 θέμενος
1313 333 1381 368 πρὸς
1395 334 1440 359 τὸν
1457 333 1523 367 ἐμὸν
1549 332 1661 359 πάππον
1689 332 1738 358 καὶ

954 375 1066 411 βασιλέα
1084 377 1192 411 μέλλεις
1223 377 1405 412 μεθίστασθαι
1423 377 1490 413 πρὸς
1509 377 1591 404 αὐτόν
1606 385 1614 393 '
1633 377 1686 404 είτε
1708 377 1736 404 δὲ

953 421 1032 452 αὐτὸς
1045 421 1107 452 τοὺς
1119 421 1214 455 λόγους
1233 422 1354 457 ἐποιήσω
1367 422 1485 457 πρῶτος,
1502 422 1615 454 ἐλπίσας
1623 431 1649 448 τι
1661 422 1740 448 πλεῖ-

953 475 983 493 ον
997 467 1136 502 εὑρήσειν.
1164 468 1213 494 εἴτ’
1226 468 1332 494 ἐκεῖθεν
1344 468 1456 500 πολλαῖς
1467 469 1647 503 ὑποσχέσεσιν
1662 470 1738 495 ἀπα-

943 513 1045 548 -τηθεὶς
1061 513 1199 548 ἐπείσθης,
1218 514 1319 540 εἰδέναι
1340 515 1433 549 σαφῶς
1461 514 1510 540 οὐκ
1539 514 1604 550 ἔχω.
1633 515 1663 541 Εἰ
1683 515 1735 550 μὲν

953 556 1000 584 οὖν
1024 558 1073 584 οὐκ
1090 558 1176 594 ἀληθῆ
1195 559 1229 585 τὰ
1257 559 1403 594 εἰρημένα,
1421 559 1499 586 αὐτοί
1513 569 1541 586 τε
1561 561 1585 586 οἱ
1611 561 1736 592 είπόντες

953 602 1052 629 δίκαιοι
1080 603 1306 638 κατηγορεῖσθαι,
1325 604 1379 638 ἐγώ
1407 613 1436 631 τε
1454 604 1528 637 ἄξιος
1545 603 1596 631 οὐκ
1623 606 1737 632 ίεπαίνου

953 649 1009 679 τοῖς
1027 648 1210 682 συκοφάνταις
1236 649 1382 681 πιστεύσας
1399 658 1405 665 ·
1423 651 1448 676 εί
1476 651 1509 683 δ’,
1533 651 1600 685 ὅπερ
1621 651 1698 685 ἔφην,
1718 652 1734 687 ἢ

953 693 1036 724 αὑτός
1052 702 1078 720 τι
1095 693 1306 729 πλεονεκτήσειν
1320 695 1443 726 ἐλπίσας,
1467 695 1482 730 ἢ
1498 695 1603 722 ἐκεῖθεν
1614 697 1737 727 πεισθεὶς

955 737 1079 772 ὑπήχθης
1090 739 1158 774 πρὶς
1172 739 1261 771 τοῦτο,
1277 740 1301 765 εί
1320 740 1369 774 μὲν
1384 739 1525 774 ἐθελήσεις
1538 740 1592 766 τῶν
1605 740 1735 767 τοιούτων

954 782 1259 818 ἀποστῆναιλογισμῶν,
1272 785 1333 819 ἐμοὶ
1345 785 1533 820 βουλευομένῳ
1546 786 1677 818 πεισθεὶς,
1690 786 1737 813 καὶ

954 830 1002 864 τὴν
1021 830 1059 860 είς
1079 830 1129 864 ιμὲ
1140 831 1232 857 πίστιν
1249 831 1294 857 καὶ
1308 831 1399 864 φιλίαν
1425 831 1520 866 ὥσπερ
1539 826 1584 858 καὶ
1602 832 1747 867 πρότερονλ

955 876 1047 903 ἄδολον
1061 878 1109 903 καὶ
1125 877 1249 912 καθαρὰν
1264 879 1368 913 τηρεῖν,
1385 878 1435 913 τῆς
1449 878 1534 913 αὐτῆς
1551 877 1585 914 ἦς
1606 887 1656 913 περ
1688 880 1735 904 καὶ

955 922 1087 958 πρότερον
1104 923 1270 955 ἀπολαύσεις
1286 924 1351 959 παρ’
1370 925 1431 959 ἐμοὶ
1450 925 1497 950 καὶ
1515 924 1604 958 φιλίας
1619 925 1665 950 καὶ
1692 926 1738 950 εὑ-

955 969 1074 1003 μενείας,
1086 969 1162 996 οὐδὲν
1186 969 1239 996 τῶν
1256 970 1383 996 τοιούτων
1399 971 1631 1005 ὑπολογιζομὲνῳ,
1643 970 1738 1002 ὥσπερ

953 1015 1008 1041 οὐδ’
1025 1015 1058 1042 ἂν
1072 1015 1096 1041 εί
1112 1015 1149 1050 μὴ
1167 1017 1217 1051 τὴν
1235 1016 1323 1051 ἀρχὴν
1335 1016 1469 1050 ἐγεγόνει.
1490 1017 1632 1049 Ἐπεὶίοὺδ·
1650 1018 1737 1051 ἑτέρῳ

954 1061 1007 1087 τινὶ
1021 1061 1089 1097 πλὴν
1110 1061 1170 1096 ἐμοὶ
1185 1062 1233 1088 καὶ
1248 1062 1286 1097 τῷ
1303 1063 1414 1098 μεγάλῳ
1427 1063 1580 1098 δομεστίκῳ
1613 1063 1687 1098 μόνῳ
1703 1064 1738 1090 τὰ

954 1108 1066 1134 τοιαῦτα
1094 1106 1177 1143 ἦλθεν
1195 1109 1234 1140 είς
1252 1109 1346 1140 ἀκοάς.
1368 1109 1398 1135 Et
1423 1109 1445 1135 δ’
1463 1109 1500 1139 ὡς
1517 1109 1663 1144 ἀγνώμονα
1679 1118 1739 1135 τινα

955 1153 1002 1180 καὶ
1017 1154 1137 1188 πονηρὸν
1167 1154 1217 1189 ἐμὲ
1248 1154 1405 1189 ἀποτρέπῃ,
1422 1155 1468 1180 καὶ¹
1492 1147 1535 1181 15‘
1552 1156 1671 1182 συνεῖναι
1690 1156 1738 1182 καὶ

955 1198 1154 1234 συνδιατρίϐειν
1171 1201 1221 1226 οὐκ
1239 1201 1351 1227 ἀνεκτὸν
1367 1201 1432 1245 ἡγῇ,
1458 1200 1514 1227 ἀλλ’
1532 1201 1659 1234 ὑπερφυῆ
1676 1210 1738 1228 τινα

955 1246 1001 1271 καὶ
1015 1245 1121 1280 μεγάλα
1148 1247 1223 1281 παρὰ
1250 1246 1297 1272 τοῦ
1316 1247 1384 1281 ἐμοῦ
1413 1247 1526 1273 πάππου
1545 1247 1592 1272 καὶ
1606 1247 1737 1282 βασιλέως

955 1291 1075 1326 οἰόμενος
1090 1292 1228 1328 εὑρήσειν,
1244 1293 1291 1328 ὅλῃ
1309 1293 1435 1327 προθέσει
1451 1295 1646 1328 προσχωρῆσαι
1662 1294 1736 1328 αὐτῷ

956 1338 1094 1373 προείλου,
1119 1338 1238 1373 ἀνιῶμαι
1264 1339 1314 1374 μὲν
1342 1339 1388 1365 ἐπὶ
1416 1340 1449 1375 τῇ
1475 1339 1613 1366 διαστάσει
1629 1341 1661 1374 τῇ
1676 1341 1737 1376 Δσῇ,

955 1384 1032 1420 φίλου
1057 1385 1103 1411 καὶ
1134 1385 1265 1420 συνήθους
1283 1385 1522 1420 ἀποστερούμενος
1536 1394 1543 1401 ·
1559 1386 1619 1419 βίαν
1643 1386 1671 1412 δὲ
1687 1386 1737 1413 οὐκ

955 1431 1057 1463 ἐπάξω,
1076 1431 1132 1458 οὐδ’
1145 1431 1248 1457 ἄκοντα
1266 1433 1412 1465 κατασχεῖν
1434 1431 1573 1465 ἐθελήσωο
1596 1433 1657 1458 ἐπεὶ
1677 1432 1736 1458 οὐδὲ

955 1477 1004 1511 τὴν
1018 1477 1105 1512 ἀρχὴν
1118 1476 1180 1503 οὕτε
1209 1477 1327 1511 πολέμου
1358 1478 1443 1512 νόμῳ⁹
1460 1477 1515 1503 οὔτ’
1529 1477 1597 1513 ἄλλῃ
1614 1478 1666 1503 τινὶ
1691 1479 1738 1513 βία

123 1523 244 1550 quoque,
264 1522 293 1544 ut
318 1518 444 1553 decebat,
460 1521 540 1549 donis
560 1523 765 1559 honoribusque
780 1525 815 1552 ob
830 1526 904 1554 labo-

958 1524 1027 1559 προς
1053 1524 1083 1550 τὸ
1100 1524 1162 1559 ἐμοὶ
1184 1523 1321 1550 δουλεύειν
1352 1523 1548 1559 ὑπηγαγόμην,
1565 1523 1623 1549 ἀλλ’
1648 1524 1739 1550 ἑκοντὶ

127 1569 185 1588 rem
209 1570 241 1589 ac
255 1565 377 1591 studium
392 1574 456 1601 erga
474 1575 516 1595 me
532 1572 607 1595 tuum
624 1575 817 1598 remuneratus
826 1579 903 1599 sum.

126 1607 179 1642 77
199 1607 230 1635 Et
247 1610 377 1643 quoniam
398 1613 493 1640 volens
508 1621 540 1641 ac
555 1614 645 1642 libens
660 1623 768 1644 mecum
786 1621 812 1644 te
839 1625 905 1646 con-

123 1654 253 1686 iunxisti,
286 1661 366 1690 turpe
395 1663 437 1684 est
460 1660 638 1693 clanculum,
668 1669 700 1689 ac
737 1670 792 1689 non
815 1663 905 1698 potius

123 1706 217 1733 aperte
232 1701 430 1731 valedicentcm
447 1706 589 1734 recedere.
613 1707 707 1741 Neque
718 1712 810 1736 tamen
824 1716 904 1736 avqu

127 1754 217 1774 meum
243 1747 317 1775 bello
341 1750 496 1778 accinctqu
509 1771 517 1784 ,
540 1757 565 1780 te
580 1752 613 1780 ad
628 1754 768 1782 vexandas
780 1755 906 1783 fortunas

85 1824 93 1829 ἴ
124 1801 198 1821 meas
216 1795 361 1829 asciscere,
386 1797 434 1824 sed
463 1805 557 1832 pacem
581 1806 612 1826 ac
628 1799 718 1827 fcedus
744 1800 905 1829 inviolatum

123 1846 246 1874 scrvare,
269 1846 302 1869 et
325 1846 351 1868 te
378 1842 491 1870 subesse
515 1843 566 1870 sibi
588 1843 649 1872 sine
668 1844 731 1872 dolo
749 1846 820 1873 malo
836 1847 907 1875 velle

123 1887 231 1920 opinor.
254 1887 415 1924 Quanquam
443 1893 470 1916 et
493 1889 545 1917 hoc
569 1891 664 1918 mirari
678 1892 752 1925 _satis
776 1900 905 1928 nequeo,

125 1938 187 1958 cum
215 1932 291 1960 factis
318 1934 383 1969 ipsis
407 1934 547 1963 benevola:
568 1938 668 1965 mentis
688 1942 716 1965 et
743 1939 907 1968 obedientiaz

125 1976 339 2012 significationes
362 1980 400 2007 ita
412 1981 567 2009 luculentas
579 1983 716 2016 dederim,
731 1985 778 2019 qui
796 1986 906 2014 tandem

126 2024 173 2050 ille
198 2025 281 2060 (quod
304 2034 444 2062 nunquam
465 2029 569 2056 veritus
591 2032 697 2064 essem)_
713 2031 789 2058 nullo
803 2031 907 2060 indicio

127 2070 194 2097 mihi
210 2079 239 2098 se
254 2072 372 2099 amicum
389 2074 524 2101 ostendat.
541 2074 618 2106 Quod
634 2075 655 2102 si
669 2075 740 2102 forte
751 2077 836 2104 armis
850 2085 907 2105 me-

127 2123 188 2143 cum
210 2117 352 2144 decertare
375 2119 446 2151 apud
472 2119 594 2146 animum
614 2121 767 2154 proposuit,
785 2130 836 2150 nos
852 2123 908 2151 Deo

127 2161 205 2188 cordi
231 2163 344 2190 erimus.
368 2163 523 2191 Recordare
545 2165 692 2193 verborum
712 2170 908 2202 tuorum,cum

128 2207 249 2242 Byzantii
266 2209 300 2235 de
313 2213 384 2236 statu
400 2218 492 2237 rerum
507 2211 739 2240 consultaremus.
750 2214 819 2242 Cum
833 2216 906 2243 enim

128 2257 157 2279 tu
180 2257 207 2279 et
231 2258 416 2287 protostrator
433 2263 516 2290 super
528 2264 590 2289 avo,
601 2265 662 2291 qua:
676 2259 836 2293 meministi,
847 2261 908 2288 elo-

127 2300 183 2327 cuti
206 2301 303 2328 essetis
328 2302 401 2336 (75),
426 2309 469 2329 me
493 2303 575 2337 longe
602 2303 677 2331 aliud
705 2306 853 2339 sentiente,
880 2312 908 2335 tu

128 2344 202 2373 hunc
225 2346 346 2373 animum
370 2355 462 2375 meum
478 2348 641 2383 suspiciens,
659 2349 744 2378 ﬁdere
756 2351 810 2379 Deo
825 2357 850 2380 te
864 2353 910 2381 di~

957 1569 1170 1604 προσεχώρησας
1199 1569 1295 1601 αὐτὸς,
1311 1569 1441 1603 ἑλόμενος
1455 1569 1517 1603 ἐμοὶ
1545 1569 1664 1596 συνεῖναι
1691 1569 1739 1594 καὶ

957 1614 1190 1649 συγκινδυνεύειν,
1218 1615 1267 1641 καὶ
1296 1615 1352 1641 πᾶν
1377 1615 1466 1641 ὁτιοῦν
1496 1614 1566 1650 ὑπὲρ
1596 1614 1663 1649 ἐμοῦ
1693 1615 1740 1640 καὶ

956 1661 1122 1696 ὑφίστασθαι
1145 1661 1191 1687 καὶ
1224 1661 1354 1695 πράττειν
1382 1660 1636 1695 ἐπαγγειλάμενος,
1659 1660 1674 1686 ὅ
1707 1661 1738 1696 δὴ
1774 1694 1777 1697 Ι

955 1709 1002 1735 καὶ
1016 1707 1104 1739 καλῶς
1132 1707 1227 1739 ποιῶν,
1260 1707 1359 1742 ἀληθὲς
1376 1707 1519 1741 ἀπέιρηνας
1547 1706 1666 1732 ἐπὶτῶν
1690 1706 1737 1741 ἐρα

956 1762 1023 1788 γων.
1040 1754 1076 1780 Οὐ
1093 1753 1145 1790 μὴν
1173 1753 1228 1780 οὐδ’
1244 1753 1327 1784 αὐτὸς
1354 1753 1501 1787 ἀχάριστος
1519 1752 1575 1779 οὐδ’
1599 1753 1737 1787 ἀμνήμων

957 1800 1060 1834 ιφάνην
1092 1799 1146 1826 τῶν
1163 1798 1284 1832 ἀγαθῶν.
1305 1798 1386 1824 Ἀλλὰ
1399 1797 1467 1824 Θεοῦ
1493 1799 1525 1833 τῇ
1542 1797 1605 1834 περὶ
1620 1798 1683 1829 τοὺς
1696 1797 1740 1832 ψί-

957 1845 1019 1876 λους
1042 1844 1182 1880 προθυμίᾳ
1214 1844 1261 1871 καὶ
1289 1843 1407 1878 δύναμιν
1436 1843 1658 1878 παρασχομένου,
1676 1844 1740 1874 τοὺς

957 1901 986 1918 τε
997 1891 1093 1923 ἄλλους
1109 1891 1156 1917 καὶ
1184 1891 1224 1921 σὲ.
1238 1890 1315 1925 ὥπερ
1331 1889 1396 1921 ἔδει,
1412 1890 1504 1924 τιμαῖς
1521 1897 1550 1915 τε
1566 1889 1611 1916 καὶ
1628 1889 1740 1923 δωρεαῖς

958 1939 1048 1972 ἀξίαις
1080 1938 1133 1964 τῶν
1167 1938 1256 1964 πῦνων
1272 1936 1435 1971 ἠμειψάμην
1453 1936 1499 1962 καὶ
1514 1937 1564 1970 τῆς
1583 1935 1739 1970 προθυμίας

957 1985 1008 2020 τῆς
1022 1986 1061 2016 εἰς
1076 1984 1136 2018 ἐμέ.
1158 1983 1236 2010 Ἐπεὶ
1251 1982 1297 2009 οὖν
1315 1982 1406 2009 ἑκοντὶ
1421 1981 1587 2016 προσῆλθες,
1606 1982 1657 2007 οὐχ
1673 1982 1741 2015 ἀγα-

959 2031 1004 2058 θδν
1021 2030 1158 2066 λαθραίως
1189 2030 1354 2064 ἀναχωρεῖν,
1382 2027 1440 2054 ἀλλ’
1457 2029 1497 2059 είς
1510 2029 1629 2062 φανερὸν
1643 2036 1740 2054 συνταε

960 2076 1075 2111 ξάμενον
1104 2076 1224 2102 ἀπιέναι.
1251 2075 1351 2108 Οῐομαι
1381 2074 1429 2108 μὲν
1446 2073 1492 2100 οὖν
1512 2073 1574 2099 οὐδὲ
1601 2073 1647 2099 τὸν
1675 2074 1741 2108 ἐμὸν

959 2123 1072 2149 πάππον
1090 2121 1138 2147 καὶ
1154 2119 1268 2155 βασιλέα
1283 2119 1352 2154 πρὸς
1366 2119 1486 2153 πόλεμον
1513 2118 1740 2154 ἑτοιμαζόμενον,

959 2168 1005 2195 ἐπὶ
1020 2167 1142 2195 κακώσει
1153 2166 1208 2193 τῶν
1223 2166 1297 2201 ἐμῶν
1311 2166 1484 2200 πραγμάτων
1505 2174 1536 2192 σε
1560 2165 1742 2200 προσλαμσά-

959 2215 1051 2243 νεσθαι
1082 2212 1236 2249 βούλεσθαι,
1267 2211 1335 2239 ἀλλὰ
1363 2212 1412 2247 τὴν
1430 2213 1484 2247 μὴν
1505 2212 1546 2243 εἰς
1564 2211 1613 2245 ἐμὲ
1628 2211 1742 2246 εἰρήνην

957 2260 1069 2291 καὶτὰς
1085 2259 1200 2289 σπονδὰς
1219 2257 1395 2291 ὑγιαινούσας
1426 2258 1520 2292 τηρεῖν
1534 2265 1541 2272 ’
1571 2256 1696 2290 ἐφίεσθαι
1719 2256 1742 2282 δ’

957 2306 1050 2337 ἁπλῶς
1065 2306 1135 2332 οὕτω
1155 2305 1201 2332 καὶ
1220 2305 1249 2330 σὲ
1263 2305 1357 2338 τηρεῖν
1373 2303 1418 2330 ὑπ’
1445 2303 1536 2330 αὐτόν.
1565 2303 1661 2329 Καίτοι
1696 2310 1742 2337 μοι

956 2355 1004 2380 καὶ
1018 2352 1098 2379 τοῦτο
1112 2351 1171 2378 λίαν
1186 2351 1276 2376 ἔπεισι
1306 2349 1459 2384 θαυμάζειν
1481 2349 1556 2380 ὅπως
1571 2347 1670 2375 αὐτῶν
1687 2347 1742 2374 τῶν

756 2424 863 2455 Jacobi
879 2424 1011 2456 Poutani
1028 2428 1120 2454 notae.

164 2487 221 2522 ('13)
241 2487 310 2516 Olim
321 2488 394 2526 trima
410 2488 476 2523 ﬁcus
492 2498 525 2517 ex
543 2491 631 2518 Attica
646 2495 773 2526 tanquam
786 2492 906 2520 fructum

129 2530 239 2560 rarum,
267 2528 292 2550 et
320 2523 382 2550 ideo
411 2532 522 2557 carum,
549 2523 771 2560 exportare'uon
795 2527 906 2555 licebat.

128 2558 179 2591 Qui
193 2561 368 2593 exportantes
388 2559 525 2586 curiosius
545 2565 574 2587 et.
585 2558 779 2593 Vinquirercnt,
794 2567 822 2589 et
836 2563 906 2589 indi-

129 2598 233 2625 carent,
254 2601 301 2619 eos
323 2594 493 2627 συκοφάντας
518 2596 705 2623 lmininabant.
731 2597 828 2624 Postea
856 2598 909 2625 hoc

130 2628 291 2664 vocabulum
309 2627 342 2654 ad
357 2636 403 2654 eos
422 2629 581 2656 translatum
597 2635 647 2660 est.
661 2631 707 2664 qni
724 2637 846 2658 amarent
860 2640 906 2659 ac-

129 2663 324 2699 cusareﬂalios.
340 2671 386 2689 seu
408 2663 458 2699 qui
481 2666 642 2699 quacunque
658 2663 691 2692 de
710 2673 801 2696 causa,
823 2667 905 2693 etiam

130 2699 193 2729 levi,
209 2698 325 2725 aliorum
341 2698 450 2724 nomina
473 2699 621 2726 deferrent.
640 2701 678 2726 Ad
694 2701 907 2732 calumniatores

130 2733 259 2768 denique,
276 2741 328 2766 qua
354 2740 419 2760 voce
447 2734 594 2761 Andronici
618 2735 732 2762 minoris
754 2741 781 2762 et
807 2737 908 2763 Canta-

131 2768 226 2795 cuseui
242 2767 442 2805 criminatores,
460 2769 615 2805 illiusrapud
634 2778 726 2800 avum.
743 2770 825 2805 hujus
836 2770 908 2804 apud

132 2805 236 2842 ᾼιιιιειιιι
253 2803 403 2837 Augustam
425 2804 590 2831 creberrime
606 2804 633 2831 iu
654 2805 697 2832 his
711 2803 790 2833 libris
817 2803 909 2842 appel-

134 2840 225 2864 tantur

995 2493 1051 2527 (γι)
1071 2492 1149 2525 Quod
1178 2491 1272 2519 Graece
1302 2491 1514 2527 interponitur,
1537 2491 1631 2527 καλῶς
1659 2491 1744 2518 ποιῶν

959 2528 1098 2562 (quodque
1114 2527 1193 2562 aliter
1205 2527 1298 2557 etiam,
1312 2526 1342 2552 εὖ
1359 2527 1474 2560 ποιήσας
1489 2526 1603 2562 dicitur)
1620 2528 1742 2560 expressi

958 2561 1090 2589 adverbio
1114 2561 1258 2596 prwclare;
1278 2561 1499 2595 quandoquidem
1524 2561 1597 2587 aliud
1620 2562 1669 2588 ista
1690 2570 1743 2589 non

960 2601 1034 2624 sunt.
1052 2605 1132 2630 quam
1147 2604 1248 2627 sermo,
1261 2597 1297 2622 rei
1314 2601 1453 2627 eventum,
1470 2596 1512 2622 vel
1523 2596 1623 2622 factum
1635 2596 1745 2630 aliquod

960 2632 1146 2666 approbantis,
1156 2639 1187 2658 ac
1199 2631 1311 2664 proinde
1321 2631 1363 2657 bis
1372 2631 1468 2662 modis,
1478 2634 1501 2657 et
1518 2631 1619 2661 merito,
1632 2635 1655 2656 et
1666 2636 1744 2663 recte,

960 2665 991 2694 ai:
997 2667 1059 2693 bene
1067 2666 1374 2700 qnidem,similibusque
1381 2665 1523 2692 commode
1532 2666 1745 2694 transferuntur.
1758 2685 1763 2693 ι

995 2703 1051 2735 (75)
1075 2703 1257 2728 Protostrator
1277 2701 1468 2733 imperatorem
1481 2708 1587 2735 rscnetn
1605 2701 1630 2727 in
1645 2709 1740 2728 carce-

962 2745 1017 2764 rem
1036 2736 1213 2766 trude-udum,
1231 2735 1395 2770 Syrgiannes
1411 2734 1592 2762 accidendum
1614 2735 1745 2762 suadebat

962 2772 1050 2804 capite
1069 2779 1151 2797 nono.
1165 2771 1204 2797 Ab
1219 2775 1334 2804 utroque
1354 2770 1469 2796 consilio
1491 2770 1638 2796 abhorruit
1654 2771 1746 2805 iunior

963 2806 1144 2835 Andronicus,
1162 2813 1224 2832 cum
1241 2805 1431 2831 Cantacuzeuo
1446 2805 1561 2837 faciens,
1579 2805 1657 2840 cujus
1681 2812 1746 2832 seu-

964 2841 1049 2868 teutia
1067 2843 1099 2868 ad
1125 2840 1215 2873 fugam
1233 2840 1364 2867 duntaxat
1385 2840 1551 2875 pertinebat.
