1920 3076
151 135 201 167 193

717 132 986 164 IllSTOllIARUM
1009 134 1124 165 LIBER
1148 135 1170 166 Ι.

1724 139 1774 171 itii

149 192 323 227 πραγμάτων
335 191 383 225 τῆς
412 200 452 223 εις
475 191 558 218 αὐτὸν
571 191 677 222 εὐνοίας
694 190 760 226 ἐμοῦ
786 191 831 218 καὶ
847 190 928 216 εὐπει

992 190 1084 222 ccbas,
1107 191 1153 226 qui
1170 198 1214 219 me
1229 196 1282 220 tam
1296 192 1447 220 clementer
1462 194 1585 220 inm-um
1597 194 1704 228 aﬂecto,
1723 205 1773 231 pro

148 238 225 269 θείας
246 238 376 272 ἐναργεῖς
400 237 620 272 παρασχομένων
639 237 691 267 τὰς
709 236 871 267 ἀποδείξεις,
881 235 934 269 ὅδε,

148 284 218 318 ὅπερ
233 285 284 309 οὐκ
301 284 333 310 ἄν
353 291 419 310 ποτε
434 283 550 318 ἤλπισα,
563 283 593 309 οὺ
606 283 745 317 φιλοῦντος
764 282 844 316 ἔργον
860 282 936 307 οἰδὲν

147 330 321 356 ἐνεείκνυται
336 330 375 361 είς
405 329 465 363 ἐμέ.
482 329 513 355 Εἰ
530 328 552 355 δ’
570 329 624 363 ἄρα
651 328 699 354 καὶ
725 327 854 362 πολεμεῖν
872 327 935 360 ἐμοὶ

147 376 318 411 προῄρηται,
334 375 392 410 Θεῷ
413 375 462 410 μὲν
479 375 591 410 μελήσει
611 374 675 409 περὶ
691 374 780 408 ἡμῶν.
802 374 936 408 ’Δναμιμ-

145 421 243 455 νήσκω
258 421 288 447 δέ
306 429 336 447 σε
351 421 398 446 καὶ
425 417 462 448 ὧν
476 420 557 450 αὐτὸς
590 419 713 454 ἐφθέγξω
743 419 830 453 λόγων
856 419 934 452 ήμῶν

147 468 214 501 περὶ
227 466 276 493 τοῦ
291 467 317 493 τί
329 466 371 493 δεῖ
385 466 516 502 πράττειν
529 467 557 492 ὲν
566 466 707 501 Βυζαντίῳ
720 465 933 500 βουλευομένων.

146 512 199 539 Σοῦ
215 513 272 548 γὰρ
288 513 336 539 καὶ
354 513 602 547 πρωτοστράτορος
629 511 694 547 περὶ
725 511 772 537 τοῦ
802 511 934 545 βασιλέως

146 559 198 585 ὅσα
213 560 262 585 καὶ
280 558 362 590 αὐτὸς
388 558 466 584 οἶσθα
485 557 629 590 εἰπόντων,
656 556 724 591 ἐμοῦ
753 556 781 582 δὲ
806 556 934 582 τάναντία

147 605 379 639 βουλευσαμένου,
396 604 541 638 θαυμάσας
557 603 647 634 αὐτὸς,
679 603 802 629 Πέποιθα
828 603 932 636 σαφῶς,

145 651 228 684 ἔφης,
246 650 294 677 ἐπὶ
309 649 380 685 Θεῷ,
397 650 433 680 ὼς
450 649 497 675 σοῦ
512 650 606 676 τοῦτον
620 649 666 675 τὸν
681 650 780 684 τρόπον
798 649 861 683 περὶ
887 648 932 674 τὸν

146 697 263 723 πάππον
274 697 322 723 καὶ
336 696 449 731 βασιλέα
461 695 646 730 διακειμένου,
672 695 754 726 αὐτὸς
771 696 784 721 ὀ
800 695 866 726 Θεὸς
884 703 934 720 πο-

144 743 264 777 λεμήσει
280 742 350 777 ὑπὲρ
366 742 454 777 ἡμῶν,
480 741 554 776 ἡμᾶς
569 741 598 766 δὲ
627 740 798 775 ἀμερίμνους
813 741 931 775 ποιήσει.

148 789 254 820 Σκέψαι
266 788 356 814 τοίνυν
372 788 385 814 ὃ
402 787 509 822 μέλλεις
534 787 613 822 δρᾷν.
635 786 682 813 Σοὶ.
696 786 750 821 γὰρ
774 786 787 811 ὁ
805 786 882 820 λόγος
893 785 932 812 εἴ·

149 844 232 869 ρηται
244 834 346 862 οὑτοσί.
364 834 483 860 Τοιαῦτα
496 832 543 859 τοῦ
559 832 692 867 βασιλέως
724 833 858 865 εἰπόντος,
879 833 932 860 ἐνί-

148 889 231 907 στατο
245 880 295 915 μὲν
308 881 322 907 ὁ
339 880 508 915 Συργιάννης
525 876 778 913 σεσυκοφαντῆσθαι
807 879 930 912 φάσκων,

147 929 194 955 καὶ
209 925 247 954 ὧν
267 927 455 961 κατηγόρηται
474 925 558 960 μηδὲν
575 925 672 960 ἀληθὲς
688 924 770 958 εἶναι,
795 924 833 960 τῷ
849 925 876 951 δὲ
894 924 931 960 μὴ

147 973 258 1008 βεϐαίας
288 967 457 1007 παρέχεσθάι
478 971 540 1007 μηδ’
568 972 691 1006 ὲναργεῖ,
715 972 764 1003 τὰς
782 971 931 1004 ἀποδείξεις

147 1019 220 1053 ὑπὲρ
234 1015 271 1044 ὧν
285 1018 475 1053 κατηγορεῖτο,
488 1017 647 1052 ὑποψίανςοὺ
666 1016 767 1051 μικρὰν
785 1016 823 1050 τῷ
837 1016 933 1051 στοχά-

148 1064 243 1097 ζεσθαι
259 1064 293 1090 τὰ
315 1065 467 1098 πράγματα
496 1063 642 1097 παρείχετο
656 1061 807 1097 δυναμένῳ
822 1063 853 1088 ὲκ
877 1062 932 1088 τῶν

147 1110 247 1144 λόγων,
259 1110 296 1141 ὡς
310 1110 417 1144 πονηρὰ
435 1109 558 1135 σύνοιδεν
570 1108 668 1143 ἐαυτῷ.
682 1109 734 1135 Τοῦ
748 1109 840 1143 μέντοι
854 1108 932 1143 βασι-

147 1155 218 1187 λέως
235 1155 298 1186 τοὺς
316 1155 420 1186 αὐτοὺς
437 1155 533 1188 λόγους
559 1153 640 1180 πάλιν
664 1153 856 1186 ἀναλαϐόντος,
884 1154 932 1181 καὶ

147 1201 265 1236 θάρσους
284 1200 476 1236 ἐμπλήσαντας
501 1199 538 1231 ὡς
553 1200 629 1226 οὐδὲν
643 1197 724 1235 ἦττον
753 1199 770 1234 ἢ
800 1201 932 1234 πρότερον

112 1272 118 1275 Α
147 1247 269 1282 εὐμενῶς
283 1247 451 1273 διακείσεται
469 1246 535 1281 προς
548 1246 639 1276 αὑτὸν,
655 1245 786 1279 ἀπῆλθεν.
810 1246 856 1271 Ἐκ
867 1246 931 1280 μέν-

148 1300 191 1318 τοι
217 1288 365 1323 Βυζαντίου
393 1291 468 1325 παρὰ
484 1290 539 1316 τῶν
552 1289 602 1316 ποῦ
621 1289 682 1316 νέου
693 1290 832 1325 «βασιλέως
849 1291 932 1324 ἀγγε-

147 1338 204 1365 λίαι
217 1338 352 1373 ὁσημέραι
364 1336 526 1370 ἀφικνοῦντο
535 1336 630 1370 φίλων,
641 1336 674 1363 τά
686 1344 714 1361 τε
729 1337 791 1371 περὶ
803 1336 933 1370 Συργιάν-

149 1392 199 1419 νην
216 1384 358 1410 πείθουσαι
382 1383 418 1414 ὡς
433 1382 476 1417 εἴτ,
507 1382 606 1418 ἀληθῆ,
634 1382 681 1408 καὶ
700 1383 741 1408 ὅτι
770 1382 895 1417 βασιλεὺς
918 1383 932 1408 ὀ

149 1431 334 1466 πρεσεύτερος
345 1430 379 1456 τὰ
392 1429 459 1463 πρὸς
473 1430 517 1456 τὸν
528 1429 648 1463 πόλεμον
661 1428 819 1463 ἐξαρτύεται
832 1429 931 1462 πάντα,

146 1477 183 1509 ὡς
204 1477 262 1511 ἅμα
276 1469 314 1511 τῷ
329 1476 498 1511 Συργιάννην
525 1474 672 1509 ἀφικέσθαι
705 1474 932 1510 ἀναρραγησομέ-

987 236 1067 263 nobis
1096 242 1283 271 pugnaturus,
1310 246 1416 274 nosque
1441 241 1514 266 omni
1537 248 1601 267 cura
1630 245 1657 268 et
1671 242 1773 270 sollici-

989 282 1085 308 tudine
1108 283 1276 311 liberaturus
1298 291 1380 312 esset.
1397 285 1486 318 Quare
1500 287 1565 320 quid
1578 295 1641 322 agas
1656 288 1772 322 dispice,

987 333 1032 355 tua
1056 329 1157 364 quippe
1184 338 1266 357 causa
1298 330 1356 359 luce
1380 331 1451 359 dicta
1479 338 1553 360 sunt.
1579 333 1665 360 Simul
1690 334 1772 361 linem

986 373 1116 408 loquendi
1141 375 1215 402 dedit
1244 376 1407 410 imperator,
1427 378 1594 413 Syrgiannes
1612 379 1770 413 adversari,

985 427 1016 446 ac
1038 428 1067 446 se
1089 428 1138 454 per
1153 421 1317 449 calumniam
1339 423 1478 456 delatum,
1495 430 1636 460 totamque
1656 434 1771 453 accusa-

988 465 1089 491 tionem
1128 473 1189 492 esse
1220 469 1436 494 commentitiam
1464 469 1610 497 allirmarc.
1643 470 1770 498 Attamen

984 511 1057 544 quod
1087 512 1299 540 asseverationis
1326 513 1409 548 hujus
1435 522 1525 549 neque
1546 515 1658 548 solidas,
1680 524 1770 550 ncqtte

984 555 1072 583 claras
1103 556 1283 591 probationes
1311 558 1476 590 adducebat,
1504 568 1565 586 cum
1595 561 1770 588 conscientia:

984 601 1073 629 labem
1101 603 1127 629 in
1157 603 1251 631 animo
1274 604 1385 636 habere,
1404 605 1493 632 bonus
1508 614 1598 633 rerum
1620 608 1770 635 mstiiltator

984 655 1038 675 non
1063 647 1162 675 leviter
1178 650 1314 684 suspicari
1333 655 1450 685 poterat.
1467 652 1515 678 Ast
1536 652 1703 687 imperatore
1720 662 1766 680 ea-

983 693 1044 720 detn
1071 693 1200 728 iterante,
1227 703 1259 722 ac
1287 703 1363 730 spem
1384 697 1529 724 maximam
1546 698 1697 733 injiciente,
1714 707 1768 727 non

984 740 1074 767 minus
1098 749 1180 775 qualn
1207 742 1321 770 antehac
1348 743 1401 770 sibi
1426 744 1540 770 charum
1566 745 1635 776 fore,
1664 753 1678 771 e
1703 753 1767 773 con-

983 789 1077 819 spcctu
1096 786 1174 813 abiit.
1197 787 1328 822 Byzantio
1340 793 1432 816 autem
1448 790 1604 824 quotidiani
1622 790 1657 818 ab
1671 791 1768 818 amicis

983 832 1131 859 veniebant
1148 834 1252 866 nuntii,
1273 833 1452 869 Syr-giaunem
1470 835 1639 869 proditorem
1653 844 1723 868 esse,
1741 842 1769 863 et

982 879 1186 912 quamprimum
1205 880 1250 906 ille
1265 880 1408 912 adfuisset,
1425 888 1505 908 avum
1522 882 1548 908 in
1565 882 1677 914 bellmn,
1694 884 1766 917 quod

983 924 1150 952 omnimodis
1169 925 1224 958 jam
1247 931 1382 960 parasset,
1403 932 1579 961 erupturum.
1603 927 1699 965 Hicine
1720 936 1768 962 ap-

982 975 1105 1005 petente,
1129 975 1193 998 ante
1218 971 1289 998 diem
1312 972 1424 999 tertium
1442 972 1535 999 Nonas
1551 972 1683 1002 Octobres
1705 973 1769 1008 Syr—

982 1016 1109 1050 giannem
1124 1017 1219 1051 junior
1236 1017 1385 1051 imperator
1399 1018 1548 1052 separatim
1566 1018 1658 1045 denuo
1672 1019 1711 1045 sic
1726 1023 1768 1046 es»:

981 1061 1081 1089 allatus
1106 1071 1113 1089 :
1147 1063 1175 1089 in
1197 1063 1329 1090 memoria
1353 1063 1402 1089 tibi
1421 1071 1481 1090 esse
1503 1068 1626 1096 autumo,
1641 1072 1702 1098 quae
1715 1072 1767 1091 nu-

982 1116 1031 1142 per
1052 1113 1140 1135 tecum
1156 1109 1208 1144 egi.
1229 1110 1267 1136 Ex
1282 1117 1314 1136 co
1329 1117 1414 1143 usque
1428 1109 1510 1137 hodie
1529 1111 1555 1136 in
1573 1110 1631 1137 dies
1643 1111 1768 1145 singulos

983 1153 1049 1180 mihi
1080 1156 1233 1186 nuntiatur,
1259 1159 1284 1181 te
1310 1154 1492 1182 defectionem
1520 1155 1554 1182 ad
1577 1161 1767 1189 avumpartu-

982 1199 1037 1226 rire
1061 1205 1068 1225 :

982 1243 1128 1276 instruere,
1153 1252 1207 1278 quo
1233 1252 1276 1271 me
1299 1244 1381 1271 simul
1403 1250 1479 1271 actu
1503 1246 1623 1277 veneris,
1641 1246 1765 1272 lacessat.

982 1289 1121 1324 Quotquot
1145 1298 1210 1317 vero
1225 1291 1290 1317 mihi
1306 1291 1375 1317 bene
1395 1291 1522 1325 cupiunt,
1542 1296 1571 1318 ut
1585 1296 1611 1318 te
1626 1299 1765 1318 coerceam

983 1338 1146 1363 hortantur:
1163 1336 1202 1363 sic
1215 1337 1289 1363 enim
1306 1336 1406 1363 belliin)
1423 1338 1582 1371 quieturum
1597 1346 1604 1370 ;
1620 1342 1647 1364 at
1665 1344 1692 1364 tu
1707 1346 1767 1372 qua:

983 1387 1062 1408 antea
1084 1390 1115 1408 ex
1138 1390 1180 1409 me
1193 1382 1333 1414 audivisti,
1349 1382 1447 1408 iterum
1463 1383 1568 1409 audies.
1586 1382 1624 1414 Si,
1641 1383 1766 1417 inquam,

983 1428 1098 1454 monitis
1119 1428 1187 1454 meis
1213 1428 1417 1462 obtemperans,
1442 1428 1476 1454 ab
1499 1428 1542 1455 his
1555 1429 1720 1456 meditandis
1740 1434 1767 1457 et

982 1474 1096 1508 agendis
1123 1473 1301 1506 abstinueris,
1331 1474 1399 1500 bene
1416 1478 1492 1500 Certe
1509 1483 1516 1501 :
1535 1475 1576 1501 sin
1592 1475 1672 1501 aliam
1690 1483 1767 1502 men-

1093 1207 1142 1226 nec
1166 1199 1191 1226 id
1211 1204 1326 1232 tantum,
1347 1199 1394 1226 sed
1414 1200 1502 1234 ipsum
1517 1204 1647 1234 praeterea
1665 1200 1765 1227 bellutn

151 1529 204 1548 IOU.
224 1522 304 1555 ’Δρτι
319 1520 347 1547 δὲ
362 1521 408 1546 τοῦ
425 1519 558 1554 χειμῶνος
584 1519 926 1554 ἁρχομένου,“οκτω6ρίου

982 1525 1034 1547 tem
1049 1519 1164 1546 induere
1181 1511 1236 1546 non
1254 1523 1295 1546 est
1309 1524 1338 1546 ut
1356 1519 1456 1552 poSsis,
1469 1519 1510 1546 fac
1520 1527 1582 1553 qua:
1594 1519 1681 1546 libido
1692 1520 1764 1553 fert;

149 1567 234 1602 μηνὸς
261 1567 376 1602 πέμπτη
396 1565 553 1600 ἱσταμένου,
580 1566 661 1591 πάλιν
686 1566 699 1590 ὁ
719 1564 846 1599 βασιλεὺς
864 1565 930 1592 ίδια-

147 1613 249 1644 ζὸντως
263 1613 315 1647 ἔφη
328 1613 394 1647 πρὸς
412 1612 581 1646 Συργιὰννην
595 1619 602 1627 ·
621 1612 678 1642 Ορκ
693 1611 821 1646 οἴομαίσε
830 1609 865 1638 ὧν
878 1611 931 1646 πρὸ

147 1659 245 1693 χρόνον
265 1658 363 1693 μικροῦ
381 1658 447 1692 πρὸς
462 1657 491 1683 σὲ
507 1656 660 1692 διειλέχοην
675 1647 864 1691 ἐπιλελῆσθαι.
883 1657 931 1683 Ἐκ

146 1705 208 1729 τότε
219 1703 241 1728 δ’
259 1702 323 1738 ἄχρι
338 1703 385 1728 καὶ
402 1701 449 1729 νῦν
471 1702 606 1736 ὁσημέραι
623 1710 668 1736 μοι
691 1701 850 1735 ἀγγέλλεται
866 1702 931 1736 περὶ

132 1770 135 1772 .
148 1748 195 1774 σοῦ
209 1748 245 1780 ὡς
258 1747 410 1782 ἀποστῆναι
423 1747 490 1782 πρὸς
498 1747 544 1773 τὸν
555 1747 620 1782 ἐμὸν
633 1746 744 1773 πάππον
755 1747 932 1781 παρασκευά-

146 1796 191 1832 ζῃ.
209 1795 245 1822 Οὐ
260 1795 313 1830 μὴν
327 1794 384 1822 ἀλλ’
399 1795 439 1820 ὅτι
455 1796 501 1820 καὶ
514 1795 593 1824 αὐτὸς
603 1795 637 1821 τὰ
651 1794 719 1829 πρὸς
728 1795 844 1829 πόλεμον
853 1794 933 1829 ὲξαρ-

145 1840 264 1873 τύετσι,
285 1839 323 1871 ὡς
347 1840 406 1874 ἅμα
419 1839 456 1874 τῷ
487 1840 516 1866 σὲ
551 1839 755 1874 παραγενέσθαι
785 1841 851 1876 πρὸς
882 1841 931 1875 ἐμὲ

147 1886 322 1920 πολεμήσων.
349 1884 428 1911 Ὅσοι
454 1885 476 1910 δ’
491 1885 651 1919 ἐπιτηδείως
675 1884 781 1919 ἔχουσιν
798 1885 870 1918 ἐμοὶ,
885 1884 932 1910 καὶ

147 1931 236 1966 εἶρξαί
251 1940 281 1957 σε
298 1930 486 1966 παραινοῦσιν,
503 1931 539 1962 ὼς
555 1931 613 1965 ἃμα
625 1930 664 1964 τῷ
685 1930 714 1955 σὲ
729 1930 871 1965 εἱρχθῆναι
885 1929 931 1956 καὶ

147 1978 195 2005 τοῦ
214 1978 336 2013 πολέμου
348 1977 533 2011 παυσομένου.
555 1976 626 2011 Ἐγὼ
640 1977 662 2003 δ’
677 1977 694 2003 ἃ
710 1977 844 2012 πρότερον
856 1977 932 2012 εἰρή-

151 2033 220 2056 κειν,
238 2023 285 2050 καὶ
301 2020 378 2053 αὖθις
401 2023 469 2058 ἐρῶ,
499 2022 535 2054 ὼς
560 2023 584 2048 εί
613 2022 663 2057 μὲν
679 2024 735 2054 τοῖς
751 2023 825 2058 ἐμοῖς
844 2023 932 2056 λόγοις

149 2070 280 2101 πεισθεὶς,
309 2069 356 2095 τοῦ
380 2073 493 2095 τοιαῦτα
519 2070 565 2096 καὶ
593 2068 769 2104 βουλεύεσθαι
796 2069 842 2096 καὶ
866 2070 933 2105 δρᾷν

148 2117 284 2152 ἀποστῇς,
301 2115 392 2146 καλῶς
409 2114 442 2142 ἂν
459 2115 534 2150 ἔχοι·
555 2116 579 2141 εί
592 2115 615 2142 δ’
639 2115 778 2147 ἀδυνάτως
795 2115 864 2150 ἔχεις
883 2125 932 2151 με-

149 2160 396 2194 τασουλεύσασθαι,
412 2161 429 2188 ἃ
441 2161 531 2197 βούλει
542 2163 644 2196 πρᾶττε
654 2170 661 2176 ·
675 2161 731 2196 ἐγὼ
741 2163 793 2197 γὰρ
807 2163 837 2189 οὑ
853 2163 932 2197 μόνον

146 2210 195 2235 οὐκ
212 2207 300 2243 εἶρξαί
329 2217 358 2234 σε
376 2208 583 2244 προθυμοῦμαι,
611 2209 700 2235 καίτοι
730 2209 801 2236 πάνυ
832 2209 930 2244 ῥᾳδίως

146 2256 226 2290 ἔλων,
250 2256 288 2287 ὡς
305 2257 354 2282 καὶ
371 2255 454 2286 αὐτὸς
481 2257 566 2290 φαίης
581 2255 624 2287 ἂν,
638 2255 696 2281 ἀλλ’
710 2255 769 2282 οὐδὲ
786 2257 833 2290 τῆς
844 2256 929 2290 ἀρχῆς

146 2301 311 2337 παραλύσω.
330 2300 431 2327 Τούτου
445 2300 467 2326 δ’
493 2300 573 2326 ἕνεκα
588 2301 628 2326 σο).
641 2299 728 2326 ταῦτα
742 2301 877 2335 προλέγω,
893 2300 930 2332 ὡς

148 2349 180 2374 ἄν
193 2347 294 2382 εἰδείης
321 2347 457 2379 ἀπελθὼν,
479 2347 516 2378 ὡς
535 2348 564 2373 οὐ
586 2346 684 2378 λαϐὼν,
704 2347 771 2374 ἀλλὰ
793 2347 930 2382 φωραθεὶς

146 2395 163 2421 ἃ.
175 2393 301 2427 προείλου
312 2392 465 2428 παρώφθης
480 2393 556 2428 δρᾷν.
581 2391 643 2418 Ἐπὶ
656 2392 760 2423 τούτοις
770 2393 783 2418 ὁ
794 2393 930 2427 Συργιὰν-

148 2449 195 2476 νης
210 2438 437 2474 συκοφαντεῖσθαι
454 2439 533 2465 πάλιν
552 2438 771 2474 ίσχυρισάμενος,
788 2439 835 2466 καὶ
847 2439 931 2476 μηδὲν

148 2486 267 2513 τοιοῦτον
283 2485 372 2520 ἑαυτῷ
389 2485 547 2516 συνειδέναι,
563 2484 608 2511 τοῦ
619 2485 751 2519 βασιλέως
766 2485 931 2520 ἐπιτρέψαν-

146 2541 202 2565 τος,
218 2532 286 2567 πρὸς
302 2531 333 2561 ἃς
345 2531 511 2566 ἐπετρόπευε
527 2530 577 2565 τῆς
590 2531 700 2566 Θρᾴκης
711 2531 803 2562 πόλεις
813 2531 930 2566 ἀπῆλθε.

146 2579 198 2605 Δύο
212 2579 233 2605 δ’
243 2578 272 2610 ἐξ
286 2578 374 2604 αὐτῶν
389 2577 434 2603 τὸν
450 2577 562 2611 Ἀπρων
579 2579 625 2603 καὶ
638 2576 687 2612 τὴν
699 2577 835 2612 Γαρέλλαν
848 2586 932 2612 φρου-

149 2625 208 2659 ραῖς
227 2623 383 2658 κατασχὼν,
410 2621 458 2648 καὶ
485 2621 508 2648 τ’
524 2621 594 2648 ἄλλα
622 2622 843 2657 ἀσφαλισάμενος
866 2621 931 2648 ὥστ’

147 2670 219 2704 ἔχειν
245 2669 311 2704 πρὸς
339 2667 498 2702 πολιορκίαν
520 2667 655 2702 ἀντέχειν,
680 2668 787 2703 ἀπέστη
803 2669 870 2703 πρὸς
886 2669 931 2695 τὴν

148 2713 335 2749 πρεσῦύτερον
355 2713 464 2747 βασιλέα
481 2711 634 2748 Νοεμϐρίου
649 2713 743 2747 μηνός.
758 2713 834 2748 ’Δμα
850 2713 878 2739 δὲ
891 2713 931 2748 τῷ

146 2758 241 2785 τοῦτον
266 2757 396 2791 ὲπιόἦναι
427 2757 587 2789 Βυζαντίου,
615 2757 665 2783 καὶ
690 2757 770 2783 ὁτῶν
797 2757 931 2792 βασιλέων

147 2805 265 2840 πόλεμος
278 2804 405 2838 φανερῶς
423 2801 502 2834 αὖθις
531 2803 734 2839 ἀνερριπίζετο.
756 2804 784 2830 '0
802 2805 861 2836 νέος
876 2805 931 2840 γὰρ

148 2851 277 2885 βασιλεζς
288 2849 337 2884 τὴν
350 2849 570 2884 ὑπο-τεταγμένην
582 2848 657 2884 αὺτῷ
671 2849 802 2885 στρατιὰν
819 2850 930 2878 ἃπασαν

981 1574 1032 1601 ego
1056 1566 1129 1593 enim
1161 1573 1216 1592 non
1243 1566 1323 1592 modo
1343 1573 1472 1592 coercere
1495 1570 1522 1592 et
1538 1566 1721 1600 comprimere
1740 1571 1766 1593 te

982 1620 1035 1640 non
1051 1619 1128 1644 aveo,
1147 1611 1252 1638 tametsi
1276 1619 1359 1646 parvo
1379 1611 1405 1638 id
1421 1612 1529 1646 negotio
1544 1620 1652 1646 queam,
1666 1618 1695 1638 ut
1709 1617 1766 1640 tute

981 1658 1160 1690 conﬁtebere,
1171 1658 1217 1685 sed
1231 1666 1318 1692 neque
1329 1657 1518 1692 praefecturam
1528 1658 1582 1693 78
1598 1658 1646 1685 tibi
1657 1658 1765 1692 adimo;

984 1708 1014 1731 ut
1030 1704 1166 1738 intelligas
1181 1711 1233 1730 non
1249 1711 1291 1729 mo
1307 1703 1405 1734 inscio.
1422 1703 1469 1729 sed
1488 1704 1578 1737 potius
1595 1705 1764 1738 negligente,

982 1757 1013 1776 ea
1038 1754 1063 1776 te
1086 1749 1184 1783 egisse,
1207 1757 1268 1783 ψιώ
1290 1749 1338 1775 tibi
1363 1754 1426 1775 ante
1446 1749 1598 1776 deliberata
1622 1755 1696 1777 sunt.
1718 1750 1767 1777 Hic

983 1795 1148 1830 Syrgianncs
1174 1802 1283 1821 rursum
1309 1795 1376 1822 falso
1400 1795 1426 1821 in
1457 1803 1487 1822 se
1521 1801 1624 1822 tantuln
1657 1797 1764 1823 crimen

983 1841 1113 1874 conferri,
1140 1849 1171 1867 ac
1198 1841 1300 1868 nullius
1324 1849 1383 1868 esse
1401 1842 1452 1868 sibi
1466 1842 1765 1875 consciumallirmans,

985 1887 1088 1913 libente
1112 1887 1296 1922 imperatore,
1322 1887 1355 1913 ad
1384 1887 1466 1914 urbes
1489 1887 1620 1919 Tliracire,
1648 1896 1764 1922 quarum

984 1933 1143 1966 prmfeetum
1160 1933 1266 1966 agebat,
1291 1932 1430 1964 discessit,
1446 1940 1476 1959 ac
1493 1933 1570 1963 duas,
1586 1933 1675 1967 Apros
1690 1933 1766 1960 vidc-

972 1977 1046 2012 _lieet
1066 1981 1094 2004 et
1120 1977 1273 2008 Garcllam,
1305 1977 1439 2010 prmsidiis
1456 1977 1599 2011 impositis,
1611 1982 1765 2012 ceteroque

983 2026 1116 2056 apparatu
1135 2021 1171 2048 ita
1190 2021 1390 2054 communiens,
1413 2027 1442 2048 ιιι
1457 2021 1629 2049 obsidionem
1647 2023 1765 2050 tolerare

983 2067 1124 2099 valerent,
1141 2074 1235 2094 mense
1251 2066 1399 2093 Novembri
1418 2067 1575 2102 Byzantium
1592 2069 1675 2101 venit,
1690 2076 1766 2096 mox-

983 2120 1036 2147 que
1057 2113 1160 2140 bellum
1184 2113 1257 2139 inter
1282 2112 1463 2147 imperatores
1481 2113 1515 2140 de
1533 2114 1640 2148 integro
1663 2119 1691 2142 et
1707 2123 1765 2144 ma-

985 2158 1086 2186 nifesto
1098 2158 1196 2185 ardere
1207 2158 1301 2193 erepit.
1315 2158 1414 2185 Junior
1428 2158 1501 2185 enim
1518 2159 1594 2187 brevi
1607 2160 1694 2195 copiis
1706 2161 1765 2188 suis

984 2204 1011 2231 in
1043 2212 1127 2231 unum
1152 2204 1265 2236 coactis,
1292 2204 1332 2232 sic
1354 2204 1388 2232 ad
1417 2213 1463 2233 eas
1486 2207 1665 2234 eoncionatus
1687 2212 1729 2234 est
1756 2215 1765 2234 :

984 2250 1063 2277 Pacis
1087 2250 1218 2286 honestas
1245 2254 1273 2277 et
1299 2251 1402 2278 utilitas
1417 2259 1470 2278 non
1490 2251 1523 2278 iis
1539 2257 1643 2279 tantum
1657 2253 1704 2288 qui
1722 2261 1766 2280 re-

981 2300 1093 2330 guntur,
1119 2296 1166 2322 sed
1185 2296 1339 2323 rectoribus
1357 2297 1438 2324 etiam
1456 2297 1523 2332 ipsis
1539 2306 1546 2324 :
1564 2298 1645 2324 sicuti
1657 2303 1685 2325 et
1701 2298 1766 2326 belli

981 2340 1150 2368 calamitates
1164 2341 1241 2368 vobis
1256 2349 1364 2376 quoque
1389 2343 1518 2369 omnibus
1535 2348 1605 2370 nota:
1621 2349 1695 2371 sunt.
1711 2344 1767 2379 Ego

982 2394 1046 2414 vero
1076 2394 1136 2421 quae
1159 2386 1285 2421 privatim
1302 2386 1441 2421 possideo,
1458 2395 1553 2414 eorum
1580 2389 1702 2415 omnium
1726 2389 1767 2424 ja-

981 2437 1100 2465 cturam,
1128 2433 1203 2467 pacis
1232 2432 1383 2460 retinendae
1415 2433 1502 2468 gratia
1530 2433 1603 2460 haud
1630 2441 1766 2462 recusem.

983 2480 1128 2514 Postquam
1147 2481 1238 2505 autem
1260 2485 1329 2505 avus
1349 2475 1427 2506 meus
1444 2478 1528 2513 (quod
1542 2487 1682 2513 nunquam
1706 2487 1766 2507 cre-

981 2525 1136 2559 didissem),
1157 2528 1251 2560 spreto
1265 2523 1379 2557 foedere,
1396 2524 1498 2551 nullam
1515 2524 1594 2552 nobis
1609 2524 1689 2560 huius
1705 2533 1781 2559 per--

983 2571 1054 2598 ﬂdiae
1079 2579 1187 2598 causam
1204 2571 1261 2598 sive
1271 2577 1365 2597 ansam
1380 2570 1576 2605 praabentibus,
1592 2571 1624 2598 ad
1638 2576 1767 2606 apertum

982 2618 1084 2646 bellum
1113 2617 1250 2652 prosiluit,
1263 2622 1292 2644 et
1315 2624 1366 2644 nos
1378 2617 1464 2644 invito
1480 2617 1698 2652 necessitateque
1717 2617 1767 2644 ad-

982 2663 1035 2691 acti
1049 2663 1083 2690 ad
1099 2671 1173 2690 arma
1191 2663 1271 2694 imus,
1287 2667 1315 2690 et
1329 2663 1455 2690 omnibus
1471 2663 1562 2698 potius
1573 2663 1711 2699 suﬂragiis
1721 2671 1768 2699 pa-

983 2718 1042 2738 cem
1060 2709 1197 2745 eligimus,
1213 2709 1280 2736 nihil
1294 2714 1381 2736 restat
1396 2709 1470 2736 aliud
1488 2716 1570 2744 quam
1585 2714 1615 2735 ut
1629 2709 1685 2736 Deo
1698 2714 1766 2737 teste

979 2755 1161 2792 jurisjurandi
1187 2755 1331 2788 invocato,
1350 2755 1476 2790 perjuros
1490 2755 1660 2787 invadamus,
1676 2754 1768 2788 provi-

982 2803 1162 2837 deamusque,
1189 2801 1327 2836 quomodo
1343 2807 1398 2828 non
1413 2801 1499 2836 magis
1516 2801 1582 2836 ipsis
1602 2802 1702 2828 malum
1720 2800 1769 2827 de~

982 2856 1056 2882 mus,
1080 2841 1163 2883 quam
1183 2852 1213 2875 ut
1229 2854 1263 2875 ne
1279 2847 1331 2882 ipsi
1348 2847 1454 2874 malum
1466 2846 1576 2881 aliquod
1589 2846 1767 2881 accipiamus.
