1920 3076
96 138 144 169 197

693 135 831 165 IllSTOB
839 135 963 166 lARUM
988 135 1105 166 LIBER
1126 135 1152 167 Ι.

1252 70 1259 93 l

1671 139 1723 172 με

96 194 174 228 τίναν
190 192 348 227 Θεοδὼραν,
369 193 420 229 τὴν
435 193 517 220 αὑτοῦ
545 194 595 228 μὲν
617 192 705 223 Θείαν.
721 194 828 229 μητέρα
852 192 881 220 δὲ

939 200 983 219 sua
997 192 1107 227 quidem
1119 193 1343 228 cognata,magni
1359 198 1450 221 autem
1464 193 1605 221 domestici
1621 199 1719 226 matre,

94 240 140 268 τοῦ
163 240 285 275 μεγάλου
309 240 473 274 δομεστίκου
490 241 552 267 ἀντὶ
569 241 692 274 φρουρᾶς
706 240 816 275 ἀπάσης
834 248 871 266 κα

95 288 220 314 ταλιπὼν
244 285 288 322 (ἢν
305 286 360 322 γὰρ
379 286 411 322 δὴ
437 286 485 313 καὶ
511 287 580 321 πρὸς
598 286 735 320 διοίκησιν
752 285 883 321 ἔμπειρος

95 331 247 360 πολιτικῶν
262 331 447 366 πραγμάτιον,
469 331 516 357 καὶ
537 331 698 366 φρονήσεως
725 331 884 366 ἐρρωμενε-

97 379 199 414 πέρας
213 378 230 413 ἡ
244 379 316 405 κατὰ
332 378 414 412 φύσιν
427 377 589 411 γυναικείαν
601 377 743 411 τυχοῦσα),
756 378 804 403 κα).
817 378 885 404 πᾶσι

95 427 152 457 τοῖς
183 425 290 451 πόλεων
309 425 424 459 ἄρχουσι
441 425 489 450 καὶ
505 423 656 457 διοικηταῖς
674 423 729 448 τῶν
753 422 885 457 πραγμά-

96 480 151 498 των
166 471 236 507 αὐτῇ
257 470 403 497 πείθεσθαι
420 470 473 496 πᾶν
487 470 529 496 ὅτι
551 469 584 495 ἂν
598 468 698 504 κελεύῃ
716 468 885 503 προστάξας,

98 517 145 543 καὶ
160 516 216 543 τῶν
231 515 296 550 περί
325 515 416 541 αὐτῶν
435 514 587 549 φροντίδων
616 513 758 545 ἀπολύσας
774 513 884 546 ἑαυτὸν,

98 563 160 588 ἐπεὶ
191 562 239 588 καὶ
255 562 272 595 ἡ
292 560 408 596 στρατιὰ
430 560 552 594 ἡμέραις
578 560 650 586 ὀκτὼ
676 560 886 594 παρεσκεύαστο

98 605 135 635 ὧν
148 607 248 638 ἐδεῖτο,
267 607 336 640 ἄρας
351 607 467 638 ἐκεῖθεν,
489 603 572 641 ἦλθεν
591 606 656 640 ἄχρι
677 604 883 640 Τζουρουλόης·

99 653 406 688 στρατοπεδευσάμενος
424 652 447 678 δ’
463 652 532 683 ἐκεῖ,
548 651 657 686 ἔμεινεν
672 652 778 686 ἡμέρας
794 650 885 681 τινας·

97 699 179 725 τοῦτο
195 698 306 733 μὲν”δτι
323 699 371 725 καὶ
384 698 489 734 χειμὼν
503 697 624 731 ἐξαίσιος
641 698 788 731 ἐπεγένετο
813 696 887 731 (ἐπεὶ

99 746 146 772 καὶ
170 745 306 780 χειμῶνος
327 742 361 779 ἦν
375 744 446 780 ὥρα,
459 745 530 770 κατὰ
551 744 625 779 μῆνα
647 744 703 779 γὰρ
716 745 888 778 ἐστρατοπε-

97 792 208 818 δεύοντο
222 792 416 826 Δεκέμϐριον),
435 791 516 818 τοῦτο
532 791 555 817 δ’
570 791 612 817 ἵνα
624 792 671 817 κα).
685 790 715 817 τὸ
731 790 824 817 λεῖπον
839 789 901 824 τῆς,

99 838 230 872 στρατιᾶς
255 837 405 872 ἀθροισθῇ·
429 837 461 864 τὸ
486 837 509 864 δ’
525 836 567 863 ἐτι
591 837 694 864 τούτων
714 837 885 871 αἰτιώτερον,

98 884 138 910 ὅτι
149 883 200 918 τῆς
222 883 294 910 κατὰ
309 883 420 918 Θρᾴκην
443 882 603 918 Ἡρακλείας
614 882 659 909 τοῦ
676 883 737 909 νέου
753 882 884 918 βασιλέως

99 929 167 964 πρὸς
181 929 228 954 τὸν
246 929 434 963 πρεσϐύτερον
446 929 613 962 ἀποστάσης,
628 929 643 954 ὀ
657 928 825 963 Συργιάννης
835 928 884 964 τὴν

99 973 286 1008 Βυζαντίηοεν
317 973 448 1009 στρατιὰν
473 973 659 1008 παραλαϐὼν,
687 974 831 1009 ἐνήδρευεν
855 974 885 999 ἑν

99 1020 179 1054 αὐτῇ.
194 1019 304 1051 Ἐδοξεν
315 1017 362 1046 οὖν
374 1019 459 1053 αὐτῆς
473 1019 582 1054 πρῶτον
604 1020 800 1054 ἀποπειρᾶσαι.
815 1020 886 1055 Χρο-

100 1073 146 1091 νου
161 1065 189 1092 δὲ
206 1065 289 1091 αὐτοῦ
309 1074 382 1097 τινος
397 1066 570 1100 τριϐομένου,
592 1065 666 1099 ἔδοξε
689 1067 746 1097 τοῖς
767 1067 796 1092 ὲν
812 1066 884 1092 τέλει

101 1111 168 1137 πᾶσι
194 1111 243 1137 καὶ
267 1112 323 1142 τοῖς
349 1112 465 1146 ἡγεμόσι
486 1112 534 1146 τῆς
561 1112 690 1146 στρατιᾶς
718 1112 884 1145 συνελθοῦσι,

104 1156 254 1191 πρεσϐείαν
270 1157 307 1188 ὡς
324 1156 437 1192 βασιλέα
459 1157 505 1183 τὸν
527 1157 713 1193 πρεσϐύτερον
726 1158 886 1184 ἀποστεῖλαι

102 1204 300 1239 ὲξαιτήσουσαν
315 1204 477 1239 είρήνην.’¹0
492 1204 539 1231 καὶ
553 1204 600 1230 τοῦ
614 1204 675 1231 νέου
687 1203 818 1239 βασιλέως
836 1213 887 1230 πυ-

102 1249 228 1285 θομένου,
249 1250 311 1276 ἐπεὶ
341 1251 412 1276 κατὰ
437 1250 551 1285 γνώμην
578 1249 652 1285 αὐτῷ
677 1247 721 1285 ἦν,
745 1250 888 1284 πέμπουσί

102 1303 163 1321 τινα
175 1295 231 1321 τῶν
247 1295 296 1329 τῆς
313 1295 444 1328 στρατιᾶς
459 1295 665 1330 Καλοχαιρέτην
680 1294 887 1329 ὠνομασμένον,

88 1339 135 1367 λτὰ
147 1340 301 1375 γράμματα
321 1340 524 1374 ἐγχειρίσαντες
548 1340 621 1374 (ἐπεὶ
653 1340 697 1367 διὰ
715 1340 888 1375 γραμμάτων

102 1382 135 1420 ἦν
154 1386 170 1419 ἡ
188 1385 324 1419 πρεσϐεία
339 1392 344 1398 ·
366 1385 447 1416 αὐτὸς
464 1385 492 1411 δὲ
511 1385 593 1419 μόνον
609 1385 785 1419 διακομιστοῦ
812 1385 888 1418 τάξιν

103 1432 237 1466 ἐπεῖχεν).
258 1431 370 1466 Ἐδήλου
381 1430 410 1457 δὲ
422 1432 456 1456 τὰ
469 1430 622 1465 γράμματα
635 1431 748 1457 τοιαῦτα
760 1439 767 1446 ·
787 1431 891 1466 Κράτι-

105 1485 148 1502 στε
162 1476 285 1511 βασιλεῦ,
301 1477 380 1511 ἡμεῖς
395 1476 497 1503 ἄνωθεν
516 1477 548 1502 ὲκ
565 1476 705 1511 προγόνων
719 1476 794 1508 ὅντες
822 1477 889 1503 Ψω-

939 240 998 267 loco
1009 239 1101 266 omnis
1120 239 1242 272 prazsidii
1266 247 1298 266 ac
1311 240 1402 266 tutela:
1418 240 1532 267 relictis.
1555 239 1620 267 Erat
1637 240 1723 274 siqui-

937 284 998 311 dem
1016 285 1102 318 perita
1125 285 1304 320 Palwologitia
1319 285 1506 319 gubernat-dae
1522 285 1680 320 reipublica:
1695 290 1723 312 et

936 329 1067 357 solidiore
1081 329 1236 364 prudentia,
1250 338 1331 365 quam
1347 331 1426 358 cadat
1438 331 1464 357 in
1480 337 1604 357 ttaturam
1623 331 1723 357 mulie-

936 375 1024 402 brem.
1050 375 1116 409 Ejus
1147 376 1282 403 mandatis
1305 377 1442 407 omnibus,
1460 381 1486 403 et
1510 376 1619 402 urbium
1639 376 1724 410 magi-

937 425 1043 448 stratus
1057 429 1164 454 omnes,
1181 427 1208 449 et
1223 429 1314 448 rerum
1340 422 1577 450 administratores
1593 426 1723 456 parerent

937 474 999 493 cum
1019 466 1161 500 edixisset,
1180 472 1211 494 et
1227 475 1256 495 se
1271 469 1345 495 curis
1370 473 1557 498 exonerasset,
1574 473 1723 502 praeterea—

938 521 990 548 que
1006 514 1144 541 exercitus
1160 522 1209 548 per
1225 515 1378 547 octiduum,
1409 515 1447 541 uti
1463 520 1616 550 rogaverat,
1632 521 1662 542 sc
1680 515 1723 541 in-

938 560 1253 592 struxisset,Tzurulum
1267 560 1329 588 inde
1344 561 1491 595 profectus,
1506 564 1596 591 castra
1610 561 1684 593 fecit,
1697 565 1725 588 et

938 606 997 633 dies
1017 606 1122 641 aliquot
1148 607 1186 633 ibi
1206 607 1332 634 mansit:
1355 607 1436 634 simul
1455 611 1564 642 propter
1593 607 1723 641 frigorum

938 651 1117 679 acerbitatem
1146 652 1247 681 (hiems
1261 654 1335 680 enim
1360 658 1428 685 erat,
1447 658 1475 680 et
1492 653 1593 679 mensis
1611 653 1723 679 Decem-

937 697 1008 732 ber),
1025 698 1106 724 simul
1123 702 1189 725 utet
1203 703 1300 726 caetera
1319 707 1381 733 pars
1393 699 1644 726 exercitusinterea
1659 705 1724 725 con-

937 743 1062 771 veniret:
1076 744 1207 779 quodque
1223 745 1336 780 majoris
1352 746 1446 778 utique
1462 745 1591 772 momenti
1610 748 1680 776 erat,
1694 749 1725 770 ιιι

937 789 1002 824 quia
1017 789 1147 818 Heraclea
1165 791 1286 818 Thracia:
1300 791 1396 819 civitas
1417 791 1469 819 fide
1484 796 1562 826 rupta
1583 791 1616 818 ad
1631 791 1723 818 senio-

938 843 996 862 rem
1013 835 1170 868 defecisset,
1182 841 1209 863 et
1233 836 1398 872 ﬁrgiannes
1414 845 1476 864 cum
1491 837 1580 871 copiis
1596 836 1725 872 Byzantio

937 882 1057 916 acceptis
1067 889 1128 909 eam
1140 882 1285 914 insideret,
1295 884 1355 918 ejus
1363 891 1493 918 recupera
1499 883 1557 910 uda‘
1573 882 1725 917 periculum

936 927 1014 961 prius
1028 927 1118 954 fleret.
1127 927 1263 954 Nonnullo
1273 933 1395 963 tempore
1404 929 1459 955 illic
1470 933 1643 963 consumpto,
1656 929 1726 962 opti-

936 978 1025 1000 mates
1056 981 1088 1000 ac
1102 974 1186 1001 duces
1200 981 1296 1001 omnes
1307 980 1447 1008 coeuntes,
1459 975 1620 1009 legationem
1634 975 1667 1002 ad
1681 982 1725 1002 se-

936 1019 1041 1046 niorem
1065 1019 1099 1046 de
1114 1027 1180 1054 pace
1202 1019 1396 1047 decreverunt.
1413 1020 1452 1048 Re
1474 1020 1594 1055 cognita,
1611 1028 1672 1047 cum
1697 1024 1726 1046 et

936 1072 1022 1099 nepos
1033 1072 1066 1092 eo
1080 1065 1275 1100 propenderet,
1296 1066 1450 1100 gregarium
1473 1066 1630 1101 quemdam,
1647 1065 1726 1093 Calo-

936 1111 1073 1138 chmreten
1098 1111 1218 1144 nomine,
1233 1119 1295 1139 cum
1317 1112 1417 1140 litteris
1442 1113 1555 1139 mittunt
1570 1121 1576 1139 :
1591 1119 1640 1147 per
1652 1112 1725 1139 litte-

937 1164 982 1184 ras
994 1157 1068 1184 enim
1085 1158 1184 1192 legatio
1205 1158 1413 1191 conficiebatur,
1429 1158 1487 1193 ipse
1513 1159 1647 1186 tabellarii
1668 1163 1726 1186 tan‘

939 1203 1080 1230 tummodo
1101 1203 1191 1231 locum
1210 1205 1329 1231 tenebat.
1356 1204 1455 1231 Earum
1485 1204 1640 1232 litterarum
1669 1206 1727 1232 haec

939 1248 991 1276 fuit
1004 1250 1141 1276 sententia
1156 1258 1162 1276 :
1182 1249 1249 1280 Nos.
1264 1250 1415 1285 imperator
1431 1251 1544 1285 optime,
1561 1251 1625 1278 inde
1639 1258 1727 1285 usque

939 1303 954 1323 a
981 1296 1134 1330 majoribus
1155 1296 1272 1324 Romani
1299 1301 1328 1324 et
1352 1296 1508 1324 felicitatem
1543 1297 1727 1324 Romanorum

941 1340 1098 1368 beatitatem
1116 1347 1250 1375 nostram,
1279 1347 1308 1370 et
1331 1342 1470 1370 miseriam
1500 1342 1660 1370 eorumdetn
1685 1343 1728 1370 in-

945 1385 1101 1413 fortunium
1145 1392 1271 1414 nostrum
1305 1395 1366 1415 esse
1396 1388 1567 1423 opinamur.-
1586 1388 1726 1421 Quamob-

940 1440 998 1459 rem
1020 1440 1068 1460 vos
1095 1433 1276 1467 imperatores
1292 1438 1401 1461 nostros
1436 1442 1491 1461 non
1508 1439 1538 1461 ut
1561 1434 1655 1462 hostes
1669 1436 1728 1462 dis-

942 1478 1067 1511 cordare,
1092 1479 1140 1506 sed
1166 1484 1195 1506 ιιι
1218 1480 1322 1507 amicos
1344 1480 1513 1508 concordare
1543 1481 1729 1516 maximopere

105 1524 190 1557 μαῖοι,
216 1523 262 1549 καὶ
279 1522 327 1557 τὴν
358 1522 512 1556 εὐπραγίαν
528 1522 582 1548 τῶν
613 1522 759 1557 Ῥωμαίων
785 1523 887 1549 οἰκείαν

941 1525 1067 1559 cupimus
1082 1532 1167 1564 :vere
1176 1526 1336 1561 cogitantes,
1357 1527 1533 1555 concordiam
1548 1533 1666 1555 vestram
1683 1529 1726 1555 in-

104 1569 252 1604 νομίζομεν
266 1569 451 1603 εὐδαιμονίαν,
465 1568 511 1595 καὶ
528 1568 577 1604 τὴν
590 1568 783 1603 κακοπραγίαν
797 1568 888 1594 ὡσαύ-

103 1625 155 1647 τως
168 1617 197 1642 ὲν
212 1615 265 1650 ἰδίᾳ
280 1615 412 1650 τιθέμεθα
425 1615 555 1650 δυστυχίᾳ
567 1623 574 1629 ·
590 1613 620 1642 οὖ
636 1615 668 1649 δὴ
678 1615 759 1641 ἕνεκα
769 1616 890 1647 καὶτοὺς

104 1662 232 1695 βασιλέας
264 1660 342 1696 ἡμῶν
370 1659 442 1695 ὑμᾶς
464 1661 568 1687 εὐνοεῖν
597 1661 734 1696 ἀλλήλοις,
755 1661 822 1688 ἀλλὰ
852 1661 889 1696 μὴ

103 1707 251 1742 πολεμίους
267 1705 348 1738 εἶναι,
377 1706 529 1742 ποιούμεθα
564 1706 629 1742 περ)
662 1706 799 1738 πλείστου,
821 1707 890 1741 ὅπερ

104 1755 177 1781 ἐστὶν
194 1753 296 1787 ἀληθὲς
311 1752 477 1784 ἐννοοῦντες,
492 1752 529 1784 ὡς
543 1751 620 1787 ὑμῶν
643 1752 693 1787 μὲν
706 1752 801 1787 φιλίως
820 1754 886 1787 πρὸς

103 1801 236 1835 ἀλλήλους
248 1799 440 1834 διακειμένων,
458 1799 504 1825 καὶ
526 1798 561 1824 τὰ
577 1798 627 1832 τῆς
648 1798 735 1833 ἀρχῆς
750 1798 888 1831 αὐξάνειν,

103 1847 118 1882 ἢ
133 1847 198 1881 τόγε
211 1845 339 1880 δεύτερον
355 1845 393 1880 μὴ
406 1843 586 1871 ἐλασσοῦσθαι
601 1844 674 1875 εἰκός
686 1852 692 1859 ·
709 1844 846 1877 πολεμίων
860 1845 889 1871 δι

102 1893 230 1927 ἀλλήλοις
243 1892 340 1923 δντων,
362 1891 393 1917 οὐ
414 1891 494 1925 μόνον
516 1890 567 1916 ὑπο
586 1899 642 1916 των
659 1890 811 1925 προσοίκων
825 1890 892 1925 βαρ-

104 1941 208 1976 ϐάρων,
231 1939 300 1966 ἀλλὰ
326 1939 373 1965 καὶ
398 1937 443 1972 ὑφ’
472 1937 548 1972 ὑμῶν
578 1937 667 1964 αὐτῶν
689 1937 738 1972 τὴν
755 1937 890 1972 ὑμετέραν

104 1983 516 2020 ήγεμονίαν-καταλυθὴσεσθαι.
535 1983 590 2018 Πρὸ
606 1983 703 2019 χρόνου
722 1984 771 2018 μὲν
787 1981 834 2009 οὗν
848 1991 890 2009 τι-

103 2041 145 2063 νος
156 2032 206 2066 τῆς
218 2031 352 2065 διαφορᾶς
369 2029 535 2064 κινηθείσης,
554 2031 600 2056 καὶ
613 2029 659 2055 τοῦ
681 2030 744 2056 νέου
758 2029 890 2064 βασιλέως

104 2075 371 2111 ἐπιστρατεύσαντος
393 2083 444 2106 σοι,
460 2074 518 2110 ἅμα
545 2083 574 2100 τε
600 2074 739 2109 ἐμνήσθης
767 2074 890 2108 εἰρήνης,

104 2124 150 2148 καὶ
179 2123 193 2148 6
212 2122 258 2152 σὸς
286 2121 408 2156 ἔγγονος,
436 2120 530 2155 ὥσπερ
551 2120 584 2147 ἂν
612 2120 692 2151 αὐτὸς
711 2119 749 2146 ὢν
767 2121 780 2146 ὁ
800 2120 890 2146 αὐτῶν

105 2169 204 2204 (καίτοι
220 2167 306 2195 δοκῶν
327 2168 356 2193 ὲν
369 2166 407 2202 τῷ
434 2166 547 2201 πολέμῳ
575 2166 773 2200 πλεονεκτεῖν).
793 2175 890 2200 προσε-

103 2214 197 2246 δέξατο
211 2213 348 2248 ἀσμένως,
365 2213 412 2239 καὶ
435 2212 571 2238 διελέλυτο
596 2212 687 2244 εὐθὺς,
703 2211 796 2247 ὥσπερ
814 2212 847 2239 ἂν
864 2214 888 2238 εἰ

105 2261 171 2295 μηδὲ
186 2260 236 2295 τὴν
261 2259 349 2295 ἀρχὴν
375 2259 388 2284 ὁ
411 2258 528 2292 πόλεμος
547 2252 663 2291 συνέστη
675 2265 681 2272 ’
696 2257 711 2284 ὅ
733 2257 765 2293 δὴ
781 2258 845 2292 ὑμῖν
859 2266 889 2284 τε

105 2307 149 2332 καὶ
167 2305 208 2340 τῷ
223 2305 301 2340 ὑμῶν
316 2304 428 2340 ὑπηκόῳ
441 2305 522 2331 παντὶ
534 2304 631 2339 ἡδονῆς
649 2303 736 2330 αἴτιον
747 2304 795 2331 καὶ
809 2303 888 2330 εὐθυ-

106 2352 168 2387 μίας
192 2352 325 2385 κατέστη,
342 2350 470 2385 εὐτυχίας
488 2351 545 2381 τοῖς
559 2350 720 2385 ’Ῥωμαῖοις
736 2351 822 2386 ἀρχὴν
839 2352 889 2384 τὴν

105 2399 210 2434 ἡμέραν
227 2397 335 2432 ἐκείνην
364 2395 564 2430 λογισαμένοις.
581 2395 649 2422 Νυνὶ
677 2396 707 2422 δὲ
722 2396 839 2431 ὁρῶντές
859 2406 888 2424 σε

104 2444 148 2470 τὸν
163 2443 265 2479 μᾶλλον
280 2442 344 2469 δντα
358 2442 460 2468 δίκαιον
475 2441 503 2468 εί
518 2450 545 2468 τι
575 2442 623 2468 καὶ
640 2443 785 2478 προπετῶς
813 2445 890 2479 παρὰ

104 2490 149 2516 τοῦ
166 2489 281 2524 ἑγγὸνου
301 2490 348 2514 τοῦ
364 2487 410 2514 σοῦ
423 2488 584 2523 ἐπράττετο,
603 2485 647 2513 οἶα
660 2489 733 2521 νέου,
752 2489 798 2515 τὸν
808 2490 889 2516 πόλε-

107 2544 154 2570 μον
168 2534 373 2566 καταστέλλειν,
384 2534 414 2566 ἐξ
430 2533 560 2568 οὐδεμιᾶς
574 2533 663 2565 αἰτίας
676 2535 830 2570 προφανοῦς
840 2535 889 2567 τάς

105 2589 133 2606 τε
150 2579 267 2611 σπονδὰς
280 2579 413 2605 λελυκότα
429 2579 475 2605 καὶ
491 2578 660 2614 πολεμοῦντα
677 2580 812 2616 φανερῶς,
826 2580 891 2608 ἀθυ-

107 2626 211 2662 μοῦμεν
226 2634 268 2658 τε,
297 2625 335 2656 ὡς
355 2626 438 2657 εἰκὸς,
455 2626 503 2652 καὶ
527 2627 678 2661 συμφορῶν
695 2626 783 2662 ἀρχὴν
806 2627 889 2662 ἡγού-

107 2673 175 2707 μεθα
186 2672 236 2707 τὴν
254 2671 334 2698 λύσιν
350 2671 404 2698 τῶν
417 2671 549 2699 σπονδῶν.
565 2669 604 2699 Oi)
617 2672 650 2707 δὴ
663 2672 745 2700 ἕνεκα
762 2674 809 2700 καὶ
828 2673 887 2700 δεό-

941 1576 1124 1604 crementum,
1148 1577 1196 1598 aut
1212 1577 1298 1604 certe,
1324 1577 1354 1600 ιιι
1368 1573 1517 1600 verisimile
1543 1574 1595 1606 θοι,
1621 1574 1726 1601 nullum

940 1617 1062 1652 ejusdem
1073 1617 1266 1645 detrimentum
1275 1625 1336 1646 esse
1347 1628 1353 1645 :
1363 1626 1457 1646 contra
1468 1619 1620 1647 inimicitiis
1629 1620 1727 1647 vestris

940 1670 994 1690 non
1006 1663 1088 1691 modo
1097 1671 1111 1690 a
1122 1664 1247 1691 barbaris
1258 1665 1394 1697 finitimis,
1405 1673 1503 1697 verum
1512 1666 1594 1699 etiam
1608 1675 1622 1693 a
1634 1666 1729 1694 vobis-

941 1708 1008 1743 ipsis
1024 1709 1206 1744 principatum
1223 1716 1343 1737 vestrum
1357 1712 1529 1738 destructum
1543 1717 1625 1747 atque
1648 1721 1728 1740 ever-

939 1762 1000 1781 sum
1014 1754 1059 1782 iri.
1085 1755 1141 1789 80
1156 1755 1305 1790 Aliquanto
1319 1755 1402 1791 igitur
1419 1757 1535 1784 antehac
1547 1757 1658 1784 suborta
1674 1757 1728 1784 dis-

940 1800 1079 1832 sensione,
1096 1804 1124 1827 et
1142 1805 1240 1835 nepote
1252 1803 1279 1828 in
1295 1805 1320 1828 te
1335 1810 1410 1829 artua
1422 1802 1562 1834 moliente,
1586 1811 1647 1830 cum
1673 1803 1729 1838 pri-

941 1853 1016 1872 mum
1040 1847 1115 1880 pacis
1131 1846 1299 1883 mentionem
1322 1847 1422 1881 fecisti,
1441 1848 1513 1875 illico
1527 1850 1561 1881 is,
1575 1857 1628 1875 non
1648 1857 1728 1876 secus

940 1899 1023 1926 quam
1041 1893 1064 1918 si
1074 1892 1131 1926 ipse
1145 1900 1239 1927 pacem
1252 1898 1368 1928 peteret,
1383 1886 1510 1928 quamvis
1524 1903 1663 1922 armorum
1677 1903 1728 1930 po‘

944 1937 1029 1963 tentia
1042 1938 1232 1971 antecelleret,
1260 1940 1386 1973 petitioni
1402 1940 1520 1967 libenter
1537 1941 1625 1967 locum
1640 1941 1727 1971 dedit,

928 1983 1138 2010 reconciliatus
1161 1988 1204 2011 est
1224 1985 1316 2011 statim
1340 1992 1372 2012 ac
1395 1986 1417 2012 si
1445 1985 1546 2012 bellum
1574 1986 1722 2012 conflatum

940 2035 1056 2062 prorsus
1072 2037 1212 2064 nunquam
1229 2029 1326 2058 fuisset
1351 2040 1357 2058 :
1383 2029 1410 2058 id
1428 2032 1500 2067 quod
1515 2032 1606 2065 nobis,
1620 2037 1727 2059 vestro-

940 2083 993 2110 que
1014 2077 1128 2111 imperin
1150 2078 1287 2105 contentis
1301 2078 1441 2110 omnibus,
1473 2079 1547 2105 diem
1569 2078 1646 2105 illum
1670 2079 1724 2106 llo-

941 2129 1029 2150 mame
1046 2123 1168 2151 felicitati
1192 2124 1440 2159 auspicatissimum
1458 2123 1650 2159 reputantibus
1670 2125 1728 2151 sin~

942 2168 1028 2203 gulari
1041 2168 1142 2196 Iustitia:
1156 2168 1217 2196 fuit.
1230 2169 1264 2196 At
1276 2177 1357 2201 nunc,
1368 2177 1430 2197 cum
1441 2169 1583 2197 videamus
1594 2173 1726 2204 te,‘quent

943 2222 1051 2253 aequum
1068 2219 1137 2246 erat.
1154 2214 1177 2242 si
1205 2215 1271 2249 quid
1288 2216 1370 2242 etiam
1390 2221 1490 2242 temere
1507 2219 1588 2251 atque
1609 2215 1728 2242 inconsi-

943 2260 1037 2286 derate
1052 2267 1066 2286 a
1084 2264 1183 2294 nepote
1199 2259 1236 2286 ob
1252 2259 1387 2287 fervorem
1403 2259 1491 2287 aetatis
1502 2263 1653 2294 gereretur,
1671 2259 1730 2286 bel-

942 2306 999 2333 lum
1011 2306 1118 2338 sedare,
1132 2306 1207 2333 nulla
1214 2306 1248 2334 de
1259 2314 1340 2334 causa
1352 2306 1505 2338 manifesta,
1518 2306 1603 2333 fracto
1612 2305 1730 2334 foederer

941 2347 1045 2379 bellum
1065 2353 1205 2388 propalam
1221 2353 1334 2386 inferre,
1354 2354 1457 2386 animo,
1479 2357 1508 2379 ut
1524 2360 1572 2387 par
1589 2356 1642 2384 est,
1662 2359 1728 2378 con-

942 2398 1070 2432 cidimus,
1088 2403 1116 2426 et
1130 2399 1306 2427 violationem
1321 2400 1399 2426 istam
1412 2399 1524 2426 l'asderis
1539 2397 1729 2426 calamitatum

943 2445 1088 2472 exordium
1111 2445 1171 2472 fore
1189 2446 1367 2472 arbitramur.
1384 2445 1450 2478 Quae
1470 2452 1532 2472 cutn
1551 2445 1586 2471 ita
1603 2444 1670 2475 sint,
1690 2449 1731 2476 te,

943 2490 1102 2525 imperator.
1122 2499 1170 2526 per
1182 2491 1258 2519 illum
1279 2492 1369 2526 ipsum
1392 2492 1614 2526 juramentorum
1631 2490 1727 2524 prassi-

943 2537 1017 2569 dem,
1033 2537 1080 2572 qui
1094 2541 1134 2564 est
1160 2542 1188 2565 et
1210 2538 1311 2565 dicitur
1335 2538 1407 2566 Deus
1425 2537 1511 2572 pacis,
1535 2537 1728 2568 obsecramus,

943 2583 983 2610 uti
999 2591 1074 2610 artua
1090 2583 1222 2619 deponas,
1242 2592 1312 2612 neve
1324 2585 1463 2620 subjectos
1477 2583 1593 2618 populos
1613 2585 1729 2616 propter

943 2629 1108 2656 discordiam
1123 2635 1240 2658 vestram
1254 2631 1333 2658 malis
1344 2630 1492 2658 teterrimis
1501 2628 1594 2663 afﬂigi,
1609 2627 1726 2663 patiane.

944 2673 972 2702 Si
997 2679 1026 2702 tu
1051 2675 1132 2703 nobis
1158 2676 1360 2709 ubsecundans.
1376 2677 1448 2705 bello
1467 2675 1614 2711 repudiato
1630 2680 1727 2709 pacem

737 2732 845 2762 Jacobi
859 2732 993 2764 POntan-i
1005 2738 1099 2765 ιιοιω.

139 2780 197 2816 (78)
221 2779 397 2818 Etiani_hanc
413 2781 489 2818 θείαν
503 2781 623 2818 junioris
641 2782 768 2817 appellat.
782 2791 842 2818 quae
858 2791 891 2811 ex

108 2814 159 2852 filia
177 2814 282 2843 sororis
307 2816 448 2844 Michaelis
470 2814 550 2850 primi
576 2814 716 2852 Palmologi
741 2814 802 2845 nata
829 2819 889 2846 fuit.

108 2849 155 2876 Dat
170 2856 261 2878 autem
287 2851 374 2878 uihilu
392 2849 482 2878 minus
506 2852 615 2879 feminis
643 2849 825 2887 Palfeolognm
844 2862 892 2880 no-

941 2794 1016 2824 men,
1045 2786 1158 2824 honoris
1185 2795 1278 2820 causa,
1306 2790 1412 2817 tametsi
1437 2795 1529 2824 patres
1561 2787 1727 2822 Pateologos

942 2829 995 2848 non
1011 2822 1168 2849 habuerint.
