1920 3076
806 56 813 69 1

163 96 215 130 199

743 98 906 128 IOANNIS
919 94 1191 128 .CANTACUZENI

1727 90 1780 122 200

136 172 139 173 ν
157 161 186 183 et
199 163 262 183 cum
276 159 375 190 nepote
397 162 572 182 concoratam
593 155 874 189 communionemque
890 155 943 181 ini—

1001 153 1066 188 μεθά
1090 162 1149 186 σου,
1184 151 1308 187 βασιλεῦ,
1336 150 1404 186 πρὸς
1433 149 1516 177 αὑτοῦ
1540 148 1588 177 τοῦ
1612 150 1666 176 τῶν
1689 149 1781 186 ὅρκων

157 201 365 232 veris.vicissim
375 208 425 236 pro
434 205 549 234 utroque
562 201 720 231 vestrum,si
728 201 837 228 occasio
846 200 941 231 fuerit,

159 246 274 282 impigre
290 255 339 273 nos
350 247 423 281 ipsos
436 246 586 278 trademus,
602 251 629 274 et
639 247 744 273 animas
753 251 861 273 nostras
871 245 944 273 haud

159 297 269 327 gravate
280 293 354 319 letho
361 292 517 319 offeremus.
529 292 576 319 Sin
589 292 672 327 (quod
685 293 757 320 Deus
771 293 944 327 ιινειτυηεει)

160 339 234 366 malo
251 339 372 365 daemone
386 338 538 371 invidente,
551 346 611 373 quae
629 339 748 373 petimus
773 344 944 374 aspernatus,

161 384 293 418 improbis
309 384 526 419 impellentibus,
543 390 571 412 et
588 385 616 411 in
635 385 734 412 aﬂlicla
752 386 869 413 aliorum
889 386 946 412 for-

161 434 227 457 tuna
252 430 454 456 exsultantibus
479 437 573 456 aurem
601 430 791 463 commodans,
813 430 846 457 ad
869 437 945 457 arma

160 476 348 508 descenderis,
375 484 424 511 per
450 477 542 504 omnia
558 477 790 512 contemplantem
818 481 845 504 et
865 477 946 504 actio-

160 529 210 548 nes
237 522 379 548 hominum
398 522 597 556 dijudicantem
616 523 701 549 Deum
723 523 844 557 juratum
874 527 944 553 esto,

160 575 210 594 nos
227 572 275 594 aut
297 567 324 594 iu
344 567 438 602 prmlio
459 576 555 595 omnes
578 568 723 602 pugnando
757 568 942 600 occubituros,

161 619 208 640 aut
225 613 303 640 factis
316 614 381 648 ipsis
393 613 580 642 declaraturos
592 614 690 649 dignos
698 615 782 642 fuisse
791 614 838 648 qui
851 622 945 649 pacem

163 660 313 694 rogitantes
330 659 533 686 exaudiremur.
555 659 625 686 Tum
638 665 666 687 tu
680 659 739 694 ipse
757 661 789 687 ad
804 667 854 686 nos
877 659 949 693 lega-

163 708 204 731 tos
219 705 321 735 mittes.
338 706 448 739 quando
465 705 624 739 praestitisse
647 705 793 740 judicabis,
811 705 834 732 si
849 705 947 733 bello'a

164 750 301 784 principio
314 750 505 778 abstinuisses.
521 750 561 777 Ad
575 747 642 782 hoc,
667 758 757 785 neque
774 759 822 785 per
834 756 860 778 te
878 751 946 784 ipse,

163 804 253 831 neque
269 797 330 823 aliis
342 797 528 830 narrantibus,
542 798 664 824 animum
686 797 801 824 inducas
818 797 943 828 credere,

163 847 211 869 aut
230 842 310 869 donis
325 850 356 870 ac
373 843 525 877 promissis,
542 847 588 870 aut
604 848 710 870 terrore
726 851 756 871 ac
768 845 880 875 timore,
898 846 945 870 aut

164 887 261 914 callida
280 887 385 920 fraude,
402 893 449 914 aut
469 889 520 915 alia
545 889 662 923 quadam
683 889 726 915 via
754 888 888 922 quosdam
913 888 947 915 de

164 932 244 959 nobis
259 940 338 966 posse
355 938 379 960 te
392 941 406 960 a
419 939 518 968 nepote
531 939 578 960 tuo
590 933 622 960 ad
634 938 694 960 tuas
706 938 798 968 partes
807 934 946 968 pellicere.

164 977 261 1004 Malam
273 978 346 1005 enim
364 983 469 1013 pestem
487 979 626 1014 capitibus
640 980 743 1007 nostris
753 980 949 1014 imprecatisu-

165 1031 236 1057 mus,
253 1024 292 1057 ni,
311 1032 372 1059 qua;
384 1025 548 1059 iuravimus,
569 1034 656 1060 usque
670 1026 704 1054 ad
722 1031 875 1054 extremum
893 1026 949 1060 spi-

165 1071 250 1098 ritum
263 1078 417 1103 servemus,
447 1076 473 1098 et
495 1079 509 1098 a
522 1072 630 1107 juniore
648 1073 813 1106 imperatore
835 1076 948 1105 stemus,

164 1121 196 1140 ac
211 1117 240 1140 ut
255 1114 300 1148 qui
319 1122 398 1141 secus
415 1120 476 1150 aget
491 1115 735 1150 imprecationibus
749 1116 884 1150 obligatus
908 1121 948 1143 te-

165 1164 271 1186 neatur.
286 1159 380 1194 Itaque
389 1168 450 1187 cum
465 1161 491 1187 hi
506 1162 561 1188 sint
572 1162 658 1188 nostri
671 1169 779 1194 sensus,
793 1169 948 1196 precamur,

165 1211 195 1232 ut
207 1206 263 1240 ipse
275 1214 384 1240 queque
397 1211 453 1234 tum
466 1208 646 1240 consulendo,
658 1213 715 1235 tum
730 1209 857 1236 faciendo
884 1217 951 1244 pra:-

165 1255 231 1282 stes,
243 1259 302 1286 qua:
317 1252 404 1279 onicio
421 1257 467 1280 tuo
481 1253 656 1288 respondent,
673 1260 701 1282 et
723 1263 757 1282 ne
769 1255 843 1282 inani
859 1256 950 1290 suspi~

165 1295 245 1323 eione
262 1296 375 1323 delusus
392 1297 559 1329 committas,
575 1297 654 1332 cujus
670 1298 735 1325 tein
752 1299 874 1325 futurum
891 1306 950 1333 pm-

167 1343 261 1369 niteat.
277 1342 338 1369 Haec
351 1350 398 1377 per
411 1343 554 1377 epistolam
566 1351 580 1370 a
592 1344 699 1371 seniore
712 1345 875 1379 imperatore
887 1351 951 1378 pro-

169 1395 262 1414 corum
292 1392 405 1415 senatus
429 1388 481 1422 81
503 1388 592 1416 omnis
621 1392 649 1416 et
669 1388 755 1416 duces
774 1389 949 1423 petiverunt;

165 1441 275 1468 quoque
299 1435 386 1468 major
399 1434 466 1460 ﬁdes
494 1434 580 1467 ﬂeret,
597 1442 678 1462 manu
693 1442 740 1462 sua
757 1435 873 1469 quisque
887 1435 952 1462 sub-

997 199 1094 234 ἐφόρου
1111 197 1189 230 Θιοῦ,
1208 194 1242 224 οὗ
1253 197 1299 223 καὶ
1313 196 1388 227 δντος
1403 195 1514 230 εἰρήνης
1537 196 1585 221 καὶ
1599 194 1779 229 καλουμένου,

996 245 1041 271 τὸν
1060 245 1177 278 πόλεμον
1192 242 1364 273 καταῦεῖναι,
1379 241 1427 267 καὶ
1456 241 1493 276 μὴ
1507 240 1638 275 περιιδεῖν
1663 240 1692 266 τὸ
1708 240 1782 274 ὑπή.

997 299 1059 316 κοον
1074 290 1116 316 διὰ
1144 289 1192 323 τὴν
1210 288 1346 322 ὑμετέραν
1365 287 1530 321 φιλονεικίαν
1547 286 1707 319 ἀνηκέστοις
1725 294 1778 312 κα·

997 337 1054 366 κοῖς
1074 335 1233 370 περιπεσόν.
1250 334 1280 360 Εἰ
1298 334 1346 368 μὲν
1361 333 1410 360 οὖν
1430 332 1552 364 πεισθεὶς
1568 333 1623 363 τοῖς
1637 332 1782 366 ἡμετέροις

996 382 1085 415 λόγοις
1096 382 1146 416 τὴν
1157 380 1268 415 εἰρήνην
1282 381 1342 406 ἀντὶ
1353 379 1399 406 τοῦ
1414 379 1532 413 πολέμου
1547 378 1647 413 μᾶλλον
1656 377 1780 412 ἀσπάσῃ,

997 427 1045 454 καὶ
1059 427 1107 461 τὴν
1124 427 1191 461 πρὶς
1206 427 1251 452 τὺν
1271 426 1383 460 ἔγγονον
1399 426 1444 452 τὸν
1462 426 1508 451 σὺν
1523 425 1649 460 ὁμόνοιαν
1666 425 1714 451 καὶ
1724 433 1782 450 κοι-

997 475 1106 505 νωνίαν,
1125 475 1172 500 καὶ
1200 475 1277 500 αυτοὶ
1303 474 1461 508 προθύμους
1480 473 1633 508 παρέξομεν
1655 473 1780 503 ἑαυτοὺς,

998 521 1045 547 καὶ
1063 521 1112 551 τὰς
1134 520 1224 555 ψυχὰς
1250 521 1346 552 αὑτὰς,
1365 521 1389 546 εί
1404 518 1461 547 οίόν
1483 528 1523 551 τε,
1538 520 1608 552 ὑπὲρ
1623 519 1676 545 τῶν
1692 518 1732 544 σοί
1750 523 1806 544 τε’

998 566 1045 592 καὶ
1061 567 1100 600 τῷ
1116 566 1220 599 ὲγγόνῳ
1235 565 1273 600 τῷ
1291 565 1329 601 σῷ
1355 565 1552 600 συμφερόντων
1569 565 1668 600 ῥᾳδίως
1685 565 1781 598 προϊε-

1000 611 1107 646 μένους.
1123 612 1171 638 Ἂν
1192 612 1213 637 δ’
1225 611 1248 646 (ὃ
1269 612 1307 647 μὴ
1321 612 1438 646 γένοιτο)
1452 611 1571 646 πονηροῦ
1587 619 1659 642 τινος
1676 611 1783 646 βασκή-

998 665 1092 687 ναντος
1116 657 1251 692 δαίμονος,
1272 658 1319 691 τὴν
1348 658 1488 692 ἡμετέραν
1509 658 1558 691 μὲν
1585 657 1682 692 ἀπώσῃ
1699 666 1784 692 πρεσ-

999 702 1086 735 6εἱαν,
1100 703 1155 734 τοῖς
1170 703 1191 728 δ’
1210 703 1341 736 ἐνάγουσι
1358 704 1486 737 πονηροῖς
1510 703 1557 730 καὶ
1586 703 1712 738 χαίρουσι
1726 703 1784 734 τοῖς

999 749 1104 779 κακοῖς,
1120 748 1187 783 πρὸς
1206 749 1252 774 τὸν
1279 748 1398 782 πόλεμον
1414 749 1538 783 πεισθῇς,
1565 749 1610 774 τὸν
1626 749 1704 775 πάντ’
1717 748 1783 782 ἐφο-

1001 791 1091 826 ρῶντα
1105 791 1171 818 Θεὸν
1187 793 1233 819 καὶ
1256 794 1312 824 τοῖς
1328 795 1526 829 πραττομένοις
1541 795 1624 821 πᾶσιν
1643 795 1781 828 ἐπάγοντα

998 837 1086 872 δίκην,
1108 837 1231 873 δμνυμέν
1266 846 1318 865 σοι.
1333 839 1370 870 ὡς
1402 839 1418 874 ἢ
1449 840 1607 874 πεσούμεθα
1633 841 1784 876 μαχόμενοι

999 882 1110 914 πάντες,
1129 882 1144 916 ἢ
1170 883 1323 918 ποιήσομεν
1343 885 1498 919 καταφανὲς
1520 885 1611 920 ἔργοις
1628 887 1718 918 αὐτοῖς
1745 887 1783 917 ὡς

998 928 1097 954 δίκαιοι
1116 926 1187 964 ἦμεν
1204 931 1269 964 περὶ
1282 931 1395 966 εἰρήνης
1411 932 1611 966 πρεσϐεύοντες
1637 932 1780 959 εἰσακούε-

999 973 1072 1001 σθαι.
1090 974 1157 1000 Τότε
1173 974 1234 1010 ⁴γὰρ
1252 976 1332 1007 αὐτὸς
1359 977 1538 1011 πρεσὸεύσεις
1555 978 1622 1013 πρὸς
1635 980 1719 1013 ἡμᾶς,
1737 979 1782 1005 ὅτε

999 1019 1023 1045 εἰ
1036 1020 1103 1054 μηδὲ
1118 1019 1166 1055 τὴν
1181 1020 1266 1056 ἀρχὴν
1295 1021 1393 1054 ἂαίνεις
1406 1022 1473 1057 πρὸς
1497 1024 1570 1058 ἡμᾶς
1588 1024 1633 1050 τὸν
1665 1025 1783 1059 πόλεμον

1000 1065 1106 1099 βέλτιον
1133 1067 1247 1100 κρινεῖς.
1260 1065 1320 1093 Ἔτι
1337 1067 1366 1093 δὲ
1398 1068 1453 1103 μὴν
1470 1069 1532 1104 μήτ’
1553 1070 1658 1097 οἴκοθεν
1690 1072 1784 1103 αὐτὸς,

1002 1113 1070 1146 μήτε
1085 1112 1150 1148 παρ’
1168 1113 1270 1147 ἐτέρων
1284 1114 1390 1141 ἁκούων
1403 1116 1527 1151 πεισθῇς,
1544 1116 1608 1152 ὠςῆ
1625 1117 1721 1152 δώροις
1737 1119 1787 1145 καὶ

1001 1157 1178 1192 ὑποσχέσεσιν
1192 1158 1207 1194 ἢ
1227 1160 1354 1194 ἐκπλήξει
1379 1169 1407 1187 σε
1425 1162 1472 1188 καὶ
1484 1162 1579 1197 δειλίᾳ,
1598 1163 1614 1197 ἢ
1629 1164 1716 1199 ἑτέρῳ
1730 1166 1787 1192 τινὶ

999 1203 1094 1238 τρόπῳ
1108 1204 1124 1239 ἢ
1140 1206 1264 1241 περινοίᾳ
1282 1206 1356 1238 τινὰς
1373 1207 1452 1243 ἡμῶν
1469 1209 1650 1242 παρασπάσαι
1672 1211 1719 1236 καὶ
1736 1211 1784 1238 τοῦ

1001 1249 1061 1276 νέου
1080 1249 1213 1284 βασιλέως
1230 1252 1387 1287 ἀποστῆσαι
1401 1253 1514 1289 δυνήσῃ.
1536 1255 1618 1281 Αὐτοὶ
1636 1256 1691 1291 γὰρ
1704 1258 1786 1292 ἡμεῖς

1001 1295 1071 1330 ἀρὰς
1089 1297 1252 1332 ἡρασὰμεθα
1266 1298 1328 1324 καθ’
1349 1299 1452 1325 ἑαυτῶν
1466 1301 1514 1330 τὰς
1532 1301 1788 1337 παλαμναιοτάτας,

1001 1339 1018 1376 ἦ
1040 1342 1093 1376 μὴν
1107 1344 1237 1377 ἐμμενεῖν
1260 1344 1315 1375 τοῖς
1336 1344 1545 1379 ὀμωμοσμένοις
1572 1346 1636 1381 ἄχρι
1658 1347 1790 1383 θανάτου,

1002 1387 1048 1413 καὶ
1068 1387 1105 1421 μὴ
1123 1387 1326 1422 ἀποστήσεσθαι
1343 1389 1390 1415 τοῦ
1403 1389 1463 1415 νέου
1477 1390 1609 1424 βασιλέως
1621 1392 1637 1428 ἢ
1651 1393 1695 1419 τὸν
1707 1394 1790 1422 τοῦτο

1001 1432 1135 1467 δράσοντα
1152 1433 1292 1473 ἐνέχεσθαι
1316 1436 1376 1466 ταῖς
1391 1436 1482 1471 ἀραῖς.
1507 1436 1550 1468 Ὧς
1566 1437 1611 1464 οὖν
1633 1438 1704 1465 οὕτω
1717 1440 1789 1473 γνώ-

166 1479 347 1513 seripserunt,
366 1487 480 1514 eamque
502 1479 704 1512 Calocharretm,
719 1487 800 1514 quem
820 1480 948 1512 diximus.

1005 1486 1059 1513 μης
1073 1478 1152 1513 ἡμῶν
1166 1479 1293 1513 ἑχόντων,
1310 1480 1357 1506 καὶ
1373 1479 1453 1507 αὐτόν
1475 1489 1504 1507 σε
1519 1482 1564 1509 καὶ
1580 1482 1723 1516 βούλεσθαι
1741 1484 1790 1510 καὶ

167 1523 328 1558 Byzantium
342 1523 481 1552 ferendam
498 1524 681 1551 tradiderunt.
701 1525 741 1552 Eo
755 1525 844 1552 aulam
862 1526 949 1552 intro-

167 1576 272 1602 gresso,
287 1569 420 1596 tumultus
437 1574 462 1596 et
486 1569 588 1596 clamor
600 1569 733 1601 exsistere
745 1569 778 1598 ab
788 1570 885 1598 aulicis
893 1579 951 1598 ont-

167 1614 249 1640 nibns
264 1623 270 1640 :
283 1614 461 1649 Palaeolognm
472 1619 600 1649 nepotem
610 1615 722 1648 (lterum
736 1616 808 1643 enim
821 1616 951 1651 dedigna-

169 1660 268 1686 bantur
281 1658 474 1693 imperatorem
486 1658 641 1692 nominare)
661 1667 710 1693 per
723 1659 842 1693 legatum
852 1659 886 1685 ab
901 1667 950 1686 avo

169 1703 276 1730 veniam
300 1708 403 1737 petere,
429 1711 510 1738 quam
532 1711 585 1729 non
607 1703 643 1730 sit
666 1708 875 1735 consecuturus,
896 1704 950 1731 nisi

168 1748 385 1776 semctvinctum
396 1748 505 1781 sistens,
518 1748 549 1775 ad
566 1749 647 1779 pedes
662 1755 690 1775 se
705 1748 877 1779 imperatoris
887 1757 946 1783 pro-

168 1794 244 1828 jiciat
264 1803 270 1820 :
292 1794 356 1828 quin
380 1794 461 1828 etiam
482 1794 534 1820 hoc
552 1794 634 1820 modo
658 1794 701 1820 vix
724 1800 950 1822 consecuturum.

170 1840 321 1874 imperator
334 1847 416 1866 causa
431 1839 563 1874 strepitus
578 1844 718 1874 percepta,
737 1840 913 1868 turbantibus
924 1845 952 1868 et

170 1887 351 1913 clamantibus
367 1885 633 1924 silentium’indieit.
644 1886 713 1912 Tum
731 1886 826 1917 mittit,
843 1887 889 1922 qui
902 1887 952 1914 Ca-

169 1931 325 1958 locha-retae
338 1931 484 1966 signiticet,
507 1931 637 1965 quoniam
653 1931 706 1958 sibi
722 1932 888 1959 necessariis
905 1939 953 1959 ne-

169 1978 251 2013 gotiis
266 1978 397 2012 impedito
415 1978 500 2004 otium
523 1978 556 2004 ad
570 1978 780 2005 collocutionem
803 1986 857 2005 non
879 1978 953 2005 sulti-

170 2028 256 2054 ceret,
272 2022 342 2049 velle
355 2023 462 2056 nepotis
478 2022 585 2049 litteras
601 2022 705 2049 videre.
721 2022 769 2049 llle
795 2023 862 2049 nulli
879 2031 952 2050 mor-

172 2069 266 2095 talium
288 2076 345 2100 eas,
366 2073 550 2102 praeterquam
569 2068 620 2101 ipsi
637 2068 805 2102 imperatori,
821 2069 953 2103 quemad-

172 2114 283 2141 modum
301 2114 329 2141 in
349 2114 483 2140 mandatis
499 2113 623 2146 haberet,
640 2113 667 2140 in
684 2113 811 2140 manibus
829 2115 953 2142 redditu—

172 2167 234 2186 rum
245 2159 339 2187 refert.

1004 1524 1136 1558 πράττειν
1153 1526 1187 1551 τὰ
1204 1525 1299 1551 δέοντα
1316 1527 1542 1562 παρακαλοῦμεν,
1562 1529 1609 1554 καὶ
1626 1529 1663 1565 μὴ
1675 1531 1734 1561 ταῖς
1749 1530 1788 1566 μὴ

1003 1569 1098 1601 οὔσαις
1114 1570 1250 1601 ὑπονοίαις
1278 1571 1484 1607 ἐξαπατηθέντα
1513 1574 1616 1609 πρᾶξαί
1643 1583 1669 1601 τι
1689 1577 1741 1601 τῶν
1759 1577 1789 1601 ὲν

1004 1614 1111 1649 ὑστέρῳ
1140 1615 1293 1649 μετάμελον
1313 1618 1557 1651 παρασχησόντων.
1574 1619 1692 1645 Τοιαῦτα
1721 1621 1791 1655 πρὸς

1005 1660 1115 1694 βασιλέα
1127 1661 1173 1687 τὸν
1187 1661 1377 1697 πρεσϐύτερον
1401 1663 1426 1689 οἱ
1442 1664 1491 1698 τῆς
1509 1665 1665 1700 συγκλήτου
1688 1667 1792 1698 πάντες

1005 1707 1052 1733 καὶ
1066 1707 1091 1733 οἱ
1118 1707 1168 1741 τῆς
1185 1710 1318 1742 στρατιᾶς
1343 1710 1479 1743 ἡγεμόνες
1495 1711 1643 1745 ἐγγράφως
1655 1712 1790 1746 διαπρεσ-

1005 1752 1181 1786 ὁευσάμενοι,
1199 1761 1260 1780 ειτα
1271 1754 1319 1779 καὶ
1336 1754 1512 1788 ὑπογραφαίς
1529 1755 1644 1786 οἰκείαις
1660 1756 1695 1781 't’v'
1751 1765 1795 1782 πι-

1006 1798 1067 1824 στὸν
1078 1799 1328 1830 ὲπιὸεὸαιώσαντες
1347 1800 1377 1825 τῖι
1400 1801 1528 1834 γράμμα,
1547 1801 1594 1826 καὶ
1620 1802 1794 1836 ἐγχειρίσαν-

1004 1852 1049 1875 τες
1078 1844 1117 1878 τῷ
1149 1844 1287 1879 εἰρημένῳ
1320 1845 1530 1880 Καλοχαιρέτῃ,
1565 1846 1722 1879 πέμπωσιν
1752 1849 1794 1879 είς

1005 1889 1151 1920 Βυζάντιον
1185 1890 1251 1923 πρὸς
1279 1889 1404 1923 βασιλέα.
1445 1890 1626 1924 Ἀφικομένου
1665 1893 1732 1926 πρὸς
1758 1893 1792 1918 τὰ

1006 1933 1129 1968 βασίλεια
1152 1933 1173 1959 δ’
1191 1933 1284 1964 αὐτοῦ,
1313 1933 1396 1969 θροῦς
1428 1934 1498 1969 ῇρθη
1521 1936 1597 1969 παρὰ
1612 1936 1720 1961 πάντων
1745 1937 1794 1962 καὶ

1007 1980 1055 2014 βοὴ
1080 1979 1242 2014 συμμιγὴς,
1266 1979 1303 2010 ὡς
1338 1979 1520 2013 Παλαιολόγος
1547 1982 1561 2007 ὁ
1588 1980 1635 2006 τοῦ
1658 1981 1793 2014 βασιλέως

1005 2025 1115 2058 ἔγγονος
1148 2024 1188 2058 (οὐ
1224 2023 1278 2058 γὰρ
1315 2024 1407 2058 ἠξίουν
1446 2024 1525 2056 αὖθις
1559 2025 1640 2051 αὑτὸν
1680 2026 1793 2060 βασιλέα

1006 2069 1121 2104 καλεῖν),
1150 2063 1216 2105 πρδς
1248 2070 1359 2103 βασιλέα
1392 2070 1505 2105 πέμψας
1536 2071 1694 2105 πρεσὸείαν,
1726 2081 1794 2106 συγα

1006 2117 1121 2150 γνώμης
1151 2116 1237 2142 δεῖται
1256 2117 1368 2150 τυχεῖν·
1395 2116 1454 2142 ἀλλ’
1469 2117 1520 2142 οὐκ
1544 2117 1576 2143 ἂν
1596 2117 1684 2152 τύχοι,
1710 2118 1734 2144 εί
1756 2119 1795 2153 μὴ

969 2162 992 2190 D
1004 2162 1084 2193 αὐτὸς
1102 2161 1198 2187 ἑαυτὸν
1211 2161 1356 2194 ἀποδείξας
1370 2162 1523 2198 δεσμώτην,
1545 2164 1613 2198 πρὸς
1633 2165 1697 2196 τοὺς
1711 2165 1796 2198 πόδας

172 2206 259 2242 ῥίψειε
281 2206 432 2242 βασιλέως·
451 2206 520 2233 οὕτω
545 2206 598 2241 γὰρ
616 2206 648 2233 ἂν
675 2206 749 2240 μόλις
777 2208 880 2243 τυχεῖν.
913 2208 942 2236 '0
968 2209 1094 2246 βασιλεὺς
1121 2209 1162 2244 δ’ἥ
1184 2218 1226 2240 τις
1249 2206 1282 2244 ἦν
1349 2210 1424 2236 αίτία
1464 2211 1616 2245 πυθόμενος
1638 2212 1684 2238 τοῦ
1717 2212 1798 2248 θορύ-

172 2252 231 2285 ϐου,
248 2253 304 2284 τοῖς
329 2253 379 2288 μὲν
414 2253 544 2283 ἀτάκτοις
580 2253 628 2280 καὶ¹
658 2255 822 2289 κεκραγόσιν
850 2255 981 2282 ἐπέταττε
1012 2257 1101 2291 σιγᾷν.
1121 2256 1166 2292 Τῷ
1179 2257 1207 2283 δὲ
1235 2257 1423 2293 Καλυχαιρέτη
1454 2258 1563 2294 μηνύει,
1585 2259 1622 2290 ὡς
1638 2260 1796 2294 ἀναγκαίων

171 2297 253 2324 τινῶν
282 2299 349 2334 πέρι
380 2299 571 2335 ἀσχολουμένῳ
588 2299 649 2326 ἐπεὶ
665 2300 701 2335 μὴ
727 2301 824 2335 καιρὸν
841 2301 911 2328 εἷναι
928 2304 1068 2337 συντυχεῖν
1081 2303 1168 2338 αὐτῷ,
1183 2303 1217 2329 τά
1230 2303 1278 2330 τοῦ
1293 2304 1406 2338 ὲγγόνου
1440 2306 1593 2340 γράμματα
1622 2307 1796 2335 ἀποστεῖλαι.

178 2344 208 2370 '0
225 2345 247 2370 δ’
270 2345 448 2381 ἀπεκρίνατο,
482 2346 568 2382 ἑτέρῳ
595 2346 689 2381 μηδενὶ
713 2347 745 2374 ἂν
766 2348 799 2374 τὰ
828 2349 981 2384 γράμματα
1001 2345 1153 2385 ἐγχειρίσαι
1182 2350 1207 2375 εἰ
1239 2350 1276 2385 μὴ
1302 2350 1378 2384 αὐτῷ
1410 2350 1520 2385 βασιλεῖ
1536 2359 1546 2390 γ’
1563 2350 1635 2378 οὕτω
1652 2352 1706 2387 γὰρ
1725 2351 1797 2380 εἶναι

172 2393 410 2427 προστεταγμένον
425 2390 511 2427 αὐτῷ.
1527 2395 1529 2397 ’

872 2459 987 2488 CAPUT
999 2460 1096 2488 XXVI.

173 2504 247 2532 Xeno
270 2505 412 2533 Andronici
434 2506 549 2542 junioris
569 2511 654 2533 mater
678 2506 862 2546 Thessalonica
886 2507 1047 2546 Byzantium
1064 2508 1168 2546 captiua
1193 2509 1343 2546 adducitur.
1368 2509 1560 2538 Caloolzwretes
1585 2512 1683 2539 seniori
1707 2520 1798 2546 pacem

657 2543 822 2569 vehementer
836 2547 915 2577 atque
930 2543 1010 2570 etiam
1029 2544 1183 2578 suppliciter
1201 2545 1306 2571 suadet.

209 2585 261 2612 Per
279 2585 306 2613 id
323 2590 431 2621 tempus
444 2587 593 2622 imperator
612 2587 640 2615 in
653 2595 713 2614 eam
729 2595 822 2614 curam
837 2592 865 2614 et
886 2588 946 2622 cogi

1057 2589 1214 2625 Ἦσχολεῑτο
1235 2589 1258 2616 δ’
1279 2591 1293 2616 ὁ
1317 2590 1444 2625 βασιλεὺς
1472 2591 1533 2618 κατ’
1559 2592 1649 2619 ἐκεῖνο
1677 2595 1776 2629 καιροῦ
1790 2615 1797 2626 ,

176 2631 306 2658 tationem
325 2632 510 2667 incumbebat,
526 2638 556 2660 ut
571 2633 656 2660 filium
678 2634 888 2661 Constantinum
905 2635 948 2661 de-

1014 2635 1088 2667 ὅπως
1104 2636 1150 2662 τὸν
1179 2636 1230 2671 μὲν
1259 2637 1315 2664 υἱὸν
1345 2638 1429 2664 αὑτοῦ
1455 2638 1662 2666 Κωνσταντῖνον
1682 2641 1729 2667 τὸν
1756 2642 1798 2668 δε-

175 2683 280 2712 spotam
290 2679 406 2706 navibus
420 2679 508 2712 longis
519 2680 545 2706 in
556 2679 733 2707 Occidentem
749 2680 878 2712 mitteret,
889 2687 948 2714 prae

1017 2681 1120 2716 σπότην
1135 2684 1260 2723 τριήρεσι
1275 2686 1393 2719 μακραῖς
1416 2685 1485 2719 πρὸς
1512 2686 1632 2720 ἑσπέραν
1656 2687 1797 2724 ἐκπέμψῃ,

179 2727 264 2750 torem
278 2723 491 2755 Thessalonicae,
508 2725 732 2759 reliquarumque
749 2725 870 2756 urbium,
887 2730 915 2752 et
930 2733 945 2751 ιι

1011 2726 1216 2763 Θεσσαλονίκης
1231 2730 1279 2755 καὶ
1294 2729 1348 2755 τῶν
1366 2730 1453 2757 ἄλλων
1470 2731 1606 2764 ἑσπερίων
1621 2732 1725 2759 πόλεων
1740 2723 1801 2761 ἑπι-

176 2768 199 2795 iI
224 2769 429 2804 imperatricem
451 2769 592 2797 Michaelis
616 2770 789 2805 imperatoris
803 2771 946 2805 coniugem

1010 2773 1206 2807 τροπεύσοντα.
1216 2775 1344 2802 Βασιλίδα
1357 2776 1397 2808 δὲ,
1412 2776 1461 2810 τὴν
1473 2777 1584 2812 Μιχαὴλ
1600 2778 1650 2812 μὲν
1665 2779 1711 2804 τοῦ
1720 2779 1800 2813 βασι-

175 2814 288 2843 minoris
306 2815 455 2843 Andronici
478 2821 591 2845 matrem
614 2816 809 2845 Thessalonica
827 2817 947 2845 Constant

1011 2819 1079 2850 λέως
1105 2820 1240 2855 γαμετὴν,
1266 2821 1439 2856 Ἀνδρονίκου
1459 2821 1488 2848 δὲ
1514 2822 1562 2848 τοῦ
1588 2823 1648 2850 νέου
1677 2826 1797 2860 μητέρα,
