1920 3076
123 211 173 243 2H

726 209 885 240 JOANNIS
902 210 1166 241 CAN'E‘ACUZENI

1696 212 1751 244 212

124 268 195 302 piam
208 267 372 303 erogaverit,
389 266 461 294 haud
478 267 505 294 in
522 265 629 293 damnis
644 274 688 293 t..a
705 267 838 301 crogatio.
856 266 903 294 sed

970 267 1022 298 διος
1040 267 1164 299 πλοῦτος,
1182 268 1214 295 ἄν
1230 267 1252 293 0'
1269 267 1338 303 ὑπὲρ
1352 266 1404 294 τῶν
1423 267 1496 294 ἰδίων
1513 275 1556 298 τις
1580 267 1750 303 ἁμαρτημά-

122 313 150 340 ἱη
169 313 256 340 lueris
286 311 442 347 deputanda
481 316 534 339 est.
571 311 686 343 Adhoc,
716 318 778 338 cum
809 311 908 338 divina:

121 359 271 394 Scriptura:
287 359 403 386 doceant
417 359 437 391 ',
448 357 494 384 ubi
515 357 662 384 thesaurus
687 362 781 384 noster
796 357 842 389 sit,
869 357 906 384 ibi

122 413 169 431 cor
186 409 308 431 nostrum
333 411 404 434 esse,
430 403 502 438 apud
537 408 574 434 te,
592 403 751 438 imperator,
775 402 906 437 qu0uiam

121 458 149 478 tu
169 451 314 477 thesaurus
340 452 429 484 magni
458 449 604 477 domestici
630 457 671 480 es.
689 449 771 476 etiam
786 456 833 475 cor
846 449 906 483 eius

119 497 182 522 erit.
195 496 273 528 Quod
290 503 352 522 cum
375 496 412 522 ita
433 495 478 527 sit,
494 500 620 522 caateram
642 494 786 529 pecuniam
802 499 831 520 ut
846 501 904 527 rem

119 541 199 568 nihili
227 546 395 568 contemnet.
417 540 470 567 Sed
493 540 550 567 haec
574 539 725 566 mittamus.
741 538 769 566 Si
785 539 906 566 nummis

120 593 275 622 parcentes,
290 587 318 614 in
335 588 397 615 vita:
409 587 557 614 discrimen
570 585 709 618 incidatis,
727 593 760 612 an
777 593 832 611 non
850 585 907 612 cla-

121 639 182 659 rum
202 636 254 664 est,
281 633 359 660 vobis
379 640 442 659 cum
457 631 592 658 dedecore
619 630 734 658 mortuis
749 635 854 657 vestras
872 630 906 657 ad

121 679 202 711 alios,
214 684 242 705 et
257 678 374 706 forsitan
404 677 438 705 ad
464 677 671 705 inimicissitnos
695 676 857 703 translatum
870 676 904 703 iri

123 725 273 758 pecunias?
288 725 406 752 Proinde
418 732 452 752 ne
467 724 509 752 vcl
527 723 704 758 corporibus,
721 723 764 750 vel
778 723 904 757 pecunia;

124 771 268 804 parcitate,
287 771 378 804 quoad
395 770 495 797 bellum
508 770 560 797 hoc
578 769 612 797 ad
627 769 845 796 emolumentum
859 775 905 795 vc-

123 822 208 844 strum
222 817 507 845 accommodaveritis.

958 322 1022 345 των,
1034 313 1066 340 ἄν
1077 313 1101 339 θ’
1116 313 1184 348 ὑπὲρ
1197 313 1242 338 τοῦ
1255 312 1305 347 ζῇν
1321 312 1460 348 ἀναλώσῃ,
1473 313 1503 338 οὺ
1521 312 1624 346 ζημίαν
1638 313 1688 346 τὴν
1703 313 1750 339 δα-

957 360 1058 393 πάνην,
1074 359 1142 385 ἀλλὰ
1163 359 1257 394 κέρδος
1275 359 1401 393 ἡγεῖσθαι
1424 359 1488 393 χρή.
1518 357 1625 389 ’Δλλως
1648 366 1678 384 τε
1701 358 1749 384 καὶ

956 403 1010 429 τῶν
1026 403 1108 438 ιερῶν
1120 403 1299 430 διδασκόντων
1313 403 1422 436 λογίων,
1436 403 1473 434 ὡς
1488 403 1598 429 Ὅπουό
1612 402 1749 438 θησαυρὸς

957 449 1043 484 ὑμῶν,
1067 450 1124 476 ἐκεῖ
1149 450 1224 476 ἔσται
1241 450 1318 484 καὶὴ
1337 449 1439 484 καρδία
1469 449 1566 483 ὑμῶν’
1593 449 1669 483 παρᾶ
1693 450 1746 480 σοὶ,

959 495 1081 531 βασιλεῦ,
1098 496 1193 528 ἐπειδὴ
1212 497 1244 523 σὺ
1270 496 1407 530 θησαυρὸς
1426 496 1520 528 αὐτοῦ,
1550 495 1597 521 καὶ
1613 495 1629 529 ἡ
1646 495 1747 529 καρδία

958 542 1005 568 τοῦ
1023 541 1142 576 μεγάλου
1155 541 1318 576 δομεστίκου
1332 541 1419 568 ἔσται.
1434 541 1537 567 Τούτου
1549 541 1578 567 δὲ
1591 540 1666 570 ὄντος
1681 541 1748 575 ἀλη-

959 587 1033 621 θοῦς,
1049 587 1103 614 τῶν
1116 587 1204 614 ἄλλων
1224 588 1333 614 πάντων
1352 595 1403 622 χρη
1410 587 1503 621 μάτων
1519 587 1556 618 ὡς
1571 586 1686 613 οὐδενῶν
1699 595 1749 612 κα-

960 634 1135 668 ταφρονήσει.
1162 633 1216 661 Καὶ
1241 634 1327 668 χωρὶς
1345 633 1373 660 δὲ
1398 634 1521 665 τουτωνὶ,
1539 633 1571 659 ἂν
1597 632 1751 667 φειδόμενοι

957 680 1010 706 τῶν
1023 680 1172 714 χρημάτων
1188 679 1380 714 κινδυνεύσητι
1397 680 1459 714 περὶ
1477 679 1507 705 τὸ
1527 679 1589 714 ζῇν,
1604 679 1654 704 οὐκ
1672 677 1751 711 εὔδη-

957 725 1004 752 λον
1017 726 1059 752 ὃτι
1075 726 1211 752 θανόντων
1230 726 1307 760 ὑμῶν
1318 725 1423 759 ἀτίμως
1440 725 1505 760 παρ’
1520 725 1610 756 ἄλλοις
1621 724 1700 750 ἔσται
1716 723 1752 749 τὰ

959 771 1098 805 χρήματα,
1113 770 1178 800 Coto;
1192 769 1221 795 δὲ
1239 770 1286 796 καὶ
1309 769 1540 804 πολεμιωτάτοιςς
1556 767 1682 794 Φείδεσοε
1698 775 1753 792 τοι-

960 814 1061 850 γαροῦν
1075 815 1143 850 μήτε
1157 815 1292 849 σωμάτων
1304 815 1372 849 μήτε
1389 814 1551 849 χρημάτων,
1565 815 1643 849 ἄχρις
1660 812 1694 839 ἂν
1707 811 1754 838 τὸν

961 860 1106 894 κινηθέντα
1123 860 1240 894 πόλεμον
1285 860 1420 886 λυσιτελεῖ
1431 860 1559 894 διάθησθε
1573 860 1648 894 ὑμῖν.

821 922 934 950 CAPUT
954 921 1050 949 XXIX.

124 966 188 1000 Apri
215 967 368 1003 obsidentur
395 972 419 994 et
449 974 644 1003 expugnantur.
676 970 716 996 Ad
740 969 856 1002 captiuos
884 968 981 995 milites
1012 969 1190 995 admouitort’a
1217 968 1386 1003 imperatoris
1412 967 1515 997 oratio,
1547 970 1571 992 (ιι
1597 966 1625 1003 in
1651 966 1755 1003 eosdem

159 1003 320 1028 Immanitax.
337 1001 451 1029 Rursum
468 1000 502 1030 a'd
518 1000 590 1036 tum,
601 1006 631 1030 de
648 1000 809 1031 moderanda
823 1004 933 1030 victoria
948 1008 973 1030 ει
998 1004 1179 1030 misericordia
1196 1004 1224 1030 in
1249 1000 1340 1036 dictos,
1358 1002 1510 1030 Christiana
1530 1000 1713 1027 conciuncula.

158 1056 259 1087 Gratiis
268 1063 399 1088 matronae
412 1060 491 1093 actis,
500 1061 840 1096 egrediturimperator,el
853 1069 915 1089 cum
931 1063 954 1092 Β

123 1102 293 1137 primoribus
302 1103 330 1131 in
338 1105 483 1132 consilium
496 1106 579 1139 venit,
589 1108 704 1142 priusne
723 1108 822 1141 Apros,
832 1112 860 1135 et
868 1106 920 1134 Ga-

123 1149 229 1181 rellam,
243 1157 277 1176 an
291 1151 442 1178 exercitum
452 1152 485 1179 ad
499 1152 645 1181 ulteriores
657 1153 783 1181 civitates
790 1153 920 1180 desertri-

125 1202 171 1222 ces
183 1195 300 1223 adducat
310 1205 317 1224 ι
327 1198 399 1231 quod
414 1198 455 1225 has
471 1199 563 1226 minus
578 1203 720 1231 nocerent,
731 1203 759 1226 et
773 1199 834 1233 capi
849 1198 920 1226 faci-

124 1239 178 1267 lius
190 1245 314 1276 possent,
329 1242 381 1269 illa:
390 1247 419 1270 et
429 1243 491 1278 plus
506 1249 648 1275 nocerent,
664 1249 764 1271 etcum
781 1247 919 1270 structura

125 1286 269 1319 moenium,
281 1292 338 1314 tum
346 1288 539 1325 militarilintus
550 1288 676 1324 praesidio
687 1294 778 1317 essent
788 1289 921 1316 validissi—

128 1339 189 1360 ma.
201 1332 284 1361 Stetit
292 1336 432 1363 sententia
440 1356 447 1369 ,
461 1336 538 1371 prius
551 1337 639 1371 Apros
650 1336 859 1372 aggrediendos.
870 1336 919 1363 Pa-

126 1379 192 1406 ratis
199 1380 340 1414 omnibus,
350 1386 376 1410 et
390 1383 506 1417 pecunia
522 1383 548 1410 iri
564 1383 700 1419 stipendia
709 1387 862 1414 numerata,
874 1383 920 1410 Di-

126 1425 282 1460 dymoticho
294 1427 359 1455 illuc
370 1434 479 1457 movent
489 1429 549 1457 :ubi
559 1431 656 1458 castris
667 1429 918 1465 comtnunitis,‘87

128 1471 333 1500 caduceatorem
342 1474 426 1502 tnittit
436 1475 594 1510 imperator,
608 1477 654 1511 qui
677 1484 727 1511 pro
744 1477 831 1503 muris
842 1481 918 1504 stan-

128 1524 168 1546 tes
184 1519 293 1553 salutet,
308 1526 334 1549 et
345 1521 377 1548 ad
393 1522 488 1550 urbem
502 1522 562 1550 sine
576 1523 751 1551 dimicatione
765 1522 917 1550 dedendam

131 1565 263 1600 impellat,
281 1568 418 1603 dicatque,
445 1577 500 1596 non
523 1577 572 1597 eos
593 1570 740 1603 deliquisse
755 1569 916 1604 quidquam,

129 1613 383 1648 necitnperatOrem
395 1615 462 1650 ipsis
473 1616 570 1642 irasci:
581 1616 627 1643 sed
638 1616 744 1650 culpam
756 1615 919 1643 defectionis

131 1667 215 1693 penes
238 1668 300 1687 eutn
316 1669 388 1693 esse,
401 1663 448 1697 qui
470 1663 586 1690 deﬁcere
600 1663 746 1697 coegisset,
764 1670 818 1689 non
836 1670 919 1695 penes

132 1704 203 1736 illos,
224 1705 270 1739 qui
287 1707 373 1733 coacti
389 1707 516 1734 fuissent.
528 1707 711 1740 Quamobrem
727 1707 749 1734 si
761 1707 858 1741 positis
872 1715 916 1734 ar-

133 1751 185 1778 tnis
203 1736 239 1778 ad
253 1751 333 1779 (idem
364 1736 684 1787 ofliciumquehedirent.
706 1736 790 1780 multa
811 1753 917 1780 benefi-
931 1736 953 1764 ο

132 1797 174 1823 eia
193 1798 403 1832 promerituros.
418 1799 453 1825 At
470 1799 542 1826 enim
560 1799 606 1834 qni
624 1799 650 1825 in
669 1799 755 1826 muris
778 1803 866 1832 erant,
882 1808 916 1827 ne

135 1848 222 1870 totum
241 1843 352 1878 quidem
370 1845 443 1879 quod
460 1845 604 1872 dicebatur
621 1845 718 1872 audire
734 1846 916 1879 sustinentes,

134 1891 253 1926 maligne
264 1892 354 1926 ipsum
366 1893 457 1919 venire
474 1893 690 1925 succlamabant,
709 1898 736 1920 et
753 1893 917 1920 cantilenam

135 1938 222 1965 istanc
250 1946 305 1964 non
333 1939 396 1970 sibi,
427 1938 474 1974 qui
491 1939 565 1966 omni
586 1943 679 1966 essent
690 1944 917 1974 expertestnetu,

137 1991 187 2010 nec
200 1983 270 2010 dolis
284 1983 376 2011 deludi
395 1984 474 2012 facile
485 1992 607 2019 possent,
625 1985 672 2012 sed
689 1985 749 2012 aliis
762 1985 854 2020 potius
870 1986 920 2012 de-

137 2030 202 2062 bere
213 2031 340 2057 oecinere
353 2037 360 2056 τ
374 2038 402 2057 se
415 2031 544 2058 creditori
560 2038 610 2063 suo
628 2031 721 2064 fidem,
747 2035 773 2058 et
789 2031 919 2065 oppidum

135 2080 196 2103 tuto
215 2080 383 2103 servaturos.
410 2075 511 2103 ltcrato
535 2077 682 2103 mittuntur
705 2077 761 2108 alii,
785 2076 832 2111 qui
857 2084 920 2104 sua-

136 2122 230 2153 deant,
245 2129 278 2148 ne
289 2121 405 2149 consilio
424 2121 495 2148 malo
518 2129 657 2156 pravoque
681 2121 814 2149 maleﬁcia
839 2129 920 2156 quam

138 2166 280 2196 beneficia,
310 2173 372 2192 cum
397 2167 513 2199 possint,
537 2166 657 2200 experiri
687 2167 794 2193 malint.
815 2166 922 2199 Quibus

139 2210 338 2237 contumeliose
357 2210 601 2244 respondentibus,
615 2210 807 2246 lapidibusque
832 2216 860 2239 ct
881 2212 922 2247 ja-

140 2256 435 2284 eulis’eaduceatores
467 2256 676 2291 appetentibus,
703 2264 734 2284 ac
759 2257 793 2284 de
820 2262 923 2285 caetero

141 2310 308 2337 quemquam
331 2301 366 2329 ad
384 2310 414 2329 se
431 2302 504 2329 mitti
520 2302 689 2334 vetantibus.
704 2303 756 2330 nisi
771 2311 834 2330 eum
850 2305 924 2332 occi-

142 2357 203 2376 sum
219 2350 318 2376 vellent
329 2368 338 2382 ,
356 2349 419 2384 quia
435 2357 465 2376 se
477 2349 568 2377 verbis
578 2350 646 2377 nihil
663 2350 795 2383 proficere
812 2351 922 2378 videbat

1010 1062 1072 1089 Ἐπὶ
1087 1062 1193 1094 τούτοις
1225 1062 1296 1097 αὐτῇ
1319 1061 1435 1096 χάριτας
1454 1059 1626 1095 ὁμολογήσας
1645 1059 1658 1085 ὅ
1676 1058 1756 1093 βασι-

971 1109 1045 1142 λεὺς,
1060 1108 1176 1142 ἐξελθὼν
1190 1107 1348 1135 ἐϐουλεύετο
1369 1108 1440 1143 μετὰ
1454 1106 1508 1134 τῶν
1528 1107 1556 1132 ἑν
1571 1106 1654 1138 τέλει,
1667 1106 1690 1131 εἰ
1704 1105 1756 1140 χρὴ

971 1156 1103 1190 πρότερον
1115 1156 1161 1181 ἐπὶ
1178 1155 1275 1190 ’Δπρω
1289 1155 1336 1181 καὶ
1362 1153 1512 1188 Γαρέλλαν,
1529 1153 1546 1188 ἢ
1563 1153 1608 1178 ἐπὶ
1621 1152 1671 1182 τὰς
1686 1152 1757 1186 etp:-

972 1200 1102 1235 στηκνίας
1133 1201 1299 1236 πορρωτέρω
1324 1199 1377 1226 τῶν
1395 1199 1498 1225 πόλεων
1515 1197 1602 1224 ἐλθεῖν
1614 1205 1622 1213 ο
1647 1196 1685 1228 ὡς
1700 1196 1757 1223 τῶν

972 1246 1021 1282 μὲν
1033 1247 1167 1282 ἀπωτέρω
1179 1246 1228 1280 τὴν
1244 1245 1294 1280 μὲν
1309 1245 1411 1281 βλάϐην
1423 1245 1525 1281 ἥσσονα
1545 1243 1754 1279 παρεχομένων,

970 1293 1178 1328 εὐαλωτοτέρων
1193 1293 1221 1319 δέ
1235 1300 1242 1307 ·
1258 1292 1312 1319 τῶν
1324 1291 1352 1318 δὲ
1368 1291 1439 1326 μετὰ
1450 1291 1496 1317 τοῦ
1511 1289 1610 1325 μᾶλλον
1625 1289 1756 1324 βλάπτειν

971 1339 1018 1366 καὶ
1030 1340 1246 1374 καρτερωτάτων
1254 1338 1307 1365 ἀπό
1318 1346 1348 1364 τε
1357 1337 1407 1372 τῆς
1414 1337 1468 1364 τῶν
1478 1336 1574 1371 τειχῶν
1584 1334 1757 1369 κατασκευῆς

970 1387 1016 1413 καὶ
1028 1387 1076 1421 τῆς
1101 1384 1335 1420 ὲγκαθιδρυμένης
1359 1384 1500 1418 δυνάμεως
1527 1382 1625 1408 οὐσῶν.
1649 1381 1757 1407 Ἐδόκει

969 1433 1002 1468 δὴ
1013 1433 1059 1458 ἐπὶ
1080 1433 1177 1466 ’Δπρω
1193 1431 1279 1457 ἐλθεῖν
1292 1430 1408 1464 πρῶτον.
1423 1429 1478 1455 Καὶ
1503 1429 1618 1463 ἄραντες
1633 1428 1664 1453 ὲκ
1677 1427 1756 1453 Διδυ-

971 1479 1107 1515 μοτεὶχου,
1138 1479 1198 1505 latet
1214 1478 1303 1505 πάντα
1317 1476 1524 1512 παρεσκεύαστο
1534 1495 1542 1508 ,
1566 1476 1614 1502 καὶ
1641 1475 1710 1509 πρὸς
1724 1474 1756 1500 τὺ

971 1525 1166 1562 μισθοῳορικὸν
1194 1525 1225 1551 τὸ
1259 1524 1370 1559 χρυσίον
1398 1522 1565 1557 διενεμήθη,
1595 1519 1679 1556 ἦλθον
1709 1520 1756 1546 ἐπὶ

973 1575 1081 1606 Ἀπρω.
1096 1569 1412 1607 Στρατοπεδευσαμένων
1422 1569 1450 1594 δὲ
1470 1569 1538 1600 ἐκεῖ,
1554 1567 1666 1602 πέμψας
1679 1566 1693 1592 ὁ
1709 1565 1757 1600 βα·-

972 1620 1072 1652 σιλεὺς,
1086 1617 1225 1652 ἠσπάζετο
1236 1617 1300 1648 τοὺς
1316 1616 1362 1642 ἐπὶ
1378 1616 1433 1641 τῶν
1447 1614 1546 1650 τειχῶν
1558 1622 1565 1629 ·
1583 1613 1630 1640 καὶ
1647 1612 1714 1647 πρὸς
1726 1611 1758 1638 to

973 1665 1061 1700 μάχης
1076 1664 1160 1699 χωρὶς
1186 1662 1260 1696 αὐτῷ
1289 1661 1425 1695 ἐπεχείρει
1456 1658 1634 1695 παραδιδόναι
1650 1657 1680 1684 τδ
1707 1657 1756 1682 πό-

971 1711 1055 1745 λισμα
1085 1709 1207 1740 πείθειν,
1227 1706 1289 1733 οὔτε
1317 1705 1510 1741 ἡμαρτηκέναι
1526 1704 1639 1738 φάσκων
1657 1702 1755 1732 αὐτοὺς

968 1756 1054 1788 οὐδὲν,
1067 1754 1129 1781 οὕτε
1140 1754 1221 1780 αὐτὸν
1234 1751 1395 1788 ὀργίζεσθαι
1411 1750 1480 1786 πρδς
1495 1749 1604 1780 αὐτοὺς,
1625 1748 1693 1774 ἀλλὰ
1707 1746 1757 1781 τὴν

970 1802 1060 1828 αἰτίαν
1071 1800 1122 1834 τῆς
1136 1798 1307 1830 ἁποστασίας
1323 1797 1369 1823 ἐπὶ
1385 1796 1432 1823 τὸν
1449 1795 1496 1831 βίᾳ
1511 1794 1692 1829 κατασχόντα,
1707 1793 1758 1819 οὐκ

969 1848 1013 1874 ἐπ’
1031 1847 1129 1877 αὐτοὺς
1159 1843 1229 1872 εἶναι
1249 1845 1309 1875 τοὺς
1332 1842 1569 1878 ἠναγκασμένους.
1585 1840 1686 1874 Διόπερ
1711 1839 1758 1864 καὶ

970 1895 994 1920 εί
1022 1893 1249 1928 προσχωρήσαιεν
1281 1890 1406 1925 ἀμαχεὶ,
1438 1888 1551 1919 πολλαῖς
1587 1886 1758 1920 εὐεργεσίαις

971 1939 1133 1973 ἀμείϐεσθαι
1162 1935 1232 1964 εἶναι
1249 1937 1365 1967 δίκαιος.
1381 1935 1414 1962 Οἱ
1430 1934 1452 1961 δ’
1470 1934 1516 1961 ἐπὶ
1531 1933 1577 1960 τοῦ
1592 1932 1698 1967 τείχους
1715 1931 1760 1956 εὐ-

971 1986 1019 2017 θὺς
1039 1985 1092 2011 οὐδ’
1110 1984 1187 2014 ὅλους
1214 1981 1412 2015 ἀναμείναντες
1443 1979 1561 2006 ἀκοῦσαι
1589 1977 1652 2008 τοὺς
1682 1976 1759 2010 παρὰ

973 2032 1104 2068 βασιλέως
1120 2030 1225 2064 λόγους,
1248 2028 1340 2058 κακῶς
1370 2036 1399 2053 τε
1417 2026 1535 2060 ἔφασκον
1557 2025 1637 2060 ἥκειν
1655 2023 1736 2048 αὐτόν
1749 2030 1756 2036 ·

972 2079 1019 2106 καὶ
1044 2079 1107 2108 τοὺς
1130 2076 1237 2110 ἀπάτης
1264 2074 1399 2108 γέμοντας
1428 2072 1553 2098 τουτουσὶ
1585 2069 1680 2103 λόγους
1709 2068 1760 2094 οὐκ

973 2124 1097 2156 ἐκείνοις,
1115 2121 1176 2148 οὗτε
1191 2120 1337 2148 δεδωκόσιν
1350 2140 1357 2152 ,
1386 2117 1448 2144 οὗτε
1464 2117 1533 2152 πρὸς
1559 2116 1665 2150 ἀπάτην
1683 2112 1759 2140 οὖσιν

973 2169 1104 2200 εὑκόλοις,
1121 2168 1179 2194 ἀλλ’
1192 2167 1294 2201 ἑτέροις
1308 2165 1407 2201 μᾶλλον
1423 2164 1573 2199 προσήκειν
1584 2162 1684 2196 λέγειν.
1704 2159 1761 2187 Αὑ-

973 2215 1014 2242 τοὶ
1025 2215 1052 2241 δὲ
1067 2214 1104 2248 τῷ
1119 2222 1148 2240 τε
1170 2211 1362 2238 πεπιστευκότι
1377 2211 1426 2245 τὴν
1441 2210 1532 2236 πίστιν
1555 2208 1697 2243 τηρήσειν,
1714 2207 1762 2233 καὶ

973 2263 1004 2289 τὸ
1018 2261 1146 2295 φρούριον
1163 2258 1291 2293 φυλάξειν
1305 2256 1480 2292 ἀσφαλῶ;.”υ
1499 2255 1626 2289 βασιλεὺς
1645 2254 1667 2280 δ’
1682 2251 1763 2284 αὖθις

975 2307 1087 2342 πέμψας
1106 2306 1226 2340 ἐτέρους,
1246 2303 1284 2338 μὴ
1299 2303 1328 2329 τὸ
1351 2303 1443 2333 κακῶς
1461 2300 1558 2328 παθεῖν
1569 2299 1762 2326 συνεῦούλευεν

976 2352 1084 2380 ἑλέσθαι
1101 2351 1201 2386 μᾶλλον
1225 2351 1254 2382 ἐξ
1268 2348 1406 2380 ἁὸουλίας,
1433 2347 1492 2374 ἐνὸν
1517 2347 1569 2379 ἔξω
1585 2354 1613 2373 τε
1628 2345 1762 2372 κινδύνων

141 2397 300 2430 imperator,
314 2396 399 2423 scalas
411 2396 443 2423 ad
456 2397 557 2423 muenia
570 2396 702 2430 postridie
715 2397 918 2424 conscendenda

977 2398 1047 2426 εἴναι
1061 2397 1108 2425 καὶ
1126 2397 1223 2424 παθεῖν
1246 2396 1286 2422 εὖ.
1307 2394 1367 2422 Τῶν
1389 2394 1416 2421 δὲ
1432 2393 1596 2429 ὑϐριστικῶς
1613 2393 1764 2426 ἀποκρινα-

142 2442 232 2476 parari
246 2441 337 2477 jussit.
354 2441 432 2474 Quod
453 2449 516 2468 cum
533 2446 689 2474 cernerent,
713 2443 761 2477 qui
782 2443 809 2470 in
825 2444 925 2471 moeni-

144 2488 196 2514 btts
212 2487 333 2518 stabant,
358 2487 477 2513 hostium
502 2492 631 2514 conatum
648 2491 676 2514 ut
701 2487 808 2514 inanem
825 2489 925 2516 irride-

143 2533 219 2564 bant,
238 2540 381 2559 murorum
400 2532 556 2559 excelsitate
571 2540 603 2559 ac
620 2533 757 2566 firmitate,
770 2542 927 2569 propugna-

146 2583 292 2613 torumque
306 2578 483 2606 multitudine
499 2587 528 2606 se
546 2579 771 2613 inexpugnabiles
786 2580 844 2608 fore
860 2588 928 2608 con-

147 2624 272 2652 fidentes.
297 2624 367 2650 Nam
395 2624 543 2652 auxiliares
569 2624 699 2660 Byzantio
726 2626 834 2659 equites
850 2631 929 2653 erant

145 2670 245 2698 duceni
265 2675 293 2698 et
313 2670 413 2702 viceni,
430 2670 534 2704 pedites
558 2671 692 2706 sagittarii
719 2671 928 2706 ducenti,iiquc

147 2716 309 2753 peritissimi
330 2723 337 2743 :
352 2716 444 2750 gravis
458 2721 615 2748 armaturae,
634 2717 681 2751 qui
695 2725 710 2744 e
723 2717 857 2743 machinis
872 2717 924 2744 tela

147 2762 312 2798 torquebant
335 2762 447 2796 triginta
465 2769 500 2789 :e
521 2762 623 2796 quibus
642 2771 712 2789 unus
737 2770 751 2789 a
765 2762 928 2790 dexteritate

147 2810 282 2837 destinata
298 2809 416 2836 feriendi
447 2816 502 2844 prae
528 2809 588 2836 aliis
614 2808 815 2836 celebrabatur.
843 2809 928 2842 Equi-

149 2861 190 2883 tes
213 2855 348 2889 indigenae
371 2855 538 2889 cataphracti
560 2859 682 2887 centum,
709 2854 844 2888 sagittarii
873 2862 927 2881 non

187 2935 192 2949 ¹
214 2935 308 2962 Matth.
327 2943 362 2963 γι,
380 2935 423 2961 21.

980 2445 1078 2479 μένων,
1106 2444 1152 2469 καί
1163 2441 1247 2472 λίθοις
1273 2441 1320 2468 καὶ
1349 2439 1438 2474 βέλεσι
1460 2439 1523 2470 τοὺς
1540 2436 1763 2470 ἀπεσταλμένους

979 2490 1125 2525 βαλόντων,
1140 2487 1234 2522 ἕτερόν
1241 2495 1270 2513 τε
1283 2486 1385 2521 μηδένα
1401 2485 1468 2520 πρὸς
1484 2483 1584 2515 αὐτοὺς
1599 2483 1677 2518 ήκειν
1692 2490 1764 2515 παρ-

979 2536 1164 2570 αγγειλάντων
1200 2533 1238 2564 ὼς
1263 2532 1342 2558 αὑτὸν
1367 2530 1606 2560 ἁποκτενούντων,
1634 2528 1696 2554 ἐπεὶ
1727 2527 1765 2562 μὴ

980 2583 1068 2616 λόγοις
1080 2581 1154 2616 ἑώρα
1168 2579 1272 2606 πείθειν
1286 2577 1398 2608 δυνατὸς
1415 2576 1452 2602 ὢν
1466 2577 1479 2602 ό
1505 2574 1644 2610 βασιλεὺς,
1663 2574 1765 2608 κλίμα-

981 2635 1031 2658 κας
1046 2625 1188 2653 ἐκέλευσεν
1204 2623 1410 2658 ὲτοιμασθῆναι,
1425 2622 1454 2653 ἐς
1471 2621 1521 2657 τὴν
1539 2621 1686 2655 ὑστεραίαν
1703 2620 1766 2645 ἐσο-

982 2673 1066 2708 μένης
1091 2670 1280 2706 τειχομαχίας.
1301 2668 1434 2704 Ὀρῶντες
1449 2668 1476 2694 δὲ
1491 2667 1516 2693 οἱ
1531 2667 1585 2693 ἀπὸ
1599 2666 1646 2692 τοῦ
1657 2665 1765 2700 τείχους

980 2720 1028 2750 τὰς
1042 2718 1178 2752 κλίμακας
1190 2713 1476 2749 κατασκευαζομένας,
1490 2713 1527 2744 ὡς
1544 2713 1688 2745 ἀνηνύτοις
1703 2711 1764 2737 ἑπι-

981 2762 1145 2798 χειρούντων
1160 2760 1316 2794 κατεγέλων
1328 2779 1334 2791 ,
1353 2759 1383 2785 οὐ
1411 2758 1490 2793 μόνον
1509 2758 1541 2792 τῇ
1562 2756 1699 2790 ἀσφαλείᾳ
1711 2755 1766 2782 τῶν

981 2808 1089 2843 τειχῶν,
1103 2807 1170 2834 ἀλλὰ
1189 2807 1235 2832 καὶ
1249 2806 1288 2840 τῷ
1305 2804 1403 2840 πλήθει
1420 2804 1474 2830 τῶν
1489 2802 1662 2837 στρατιωτῶν
1677 2801 1766 2833 οἰόμε-

981 2862 1021 2880 νοι
1042 2851 1269 2888 περιγενήσεσθαι
1292 2850 1339 2877 τοῦ
1365 2849 1495 2884 πολέμου.
1512 2847 1603 2875 Ἦσαν
1621 2848 1674 2882 γὰρ
1691 2847 1718 2874 οῖ
1736 2853 1766 2873 τε
