1920 3076
166 227 220 260 213

768 227 792 260 H
799 225 1039 259 [STORIARUM
1059 228 1173 260 LIBER
1197 230 1217 260 ῐ.

1733 226 1786 259 2H

166 286 200 312 ex
222 284 369 316 Βυζαντίου
391 283 461 311 κατὰ
486 283 644 319 συμμαχίαν
669 284 829 319 ἀφιγμένοι,
860 286 953 316 ἱππεῖς

1009 285 1096 319 pauci,
1108 291 1136 312 et
1149 285 1301 312 funditores
1316 280 1520 320 non‘mdigenze
1534 284 1626 316 modo,
1641 282 1688 311 sed
1704 284 1787 311 etiam

169 329 220 364 μὲν
243 328 331 355 εῐκοσι
346 328 394 354 καὶ
409 328 550 358 διακόσιοι,
569 328 617 354 καὶ
632 328 710 360 πεζοὶ
724 328 831 361 τοξόται
847 327 951 355 τούτων

165 375 268 402 είιοσιν
286 374 416 405 ἐλάσσους
448 374 547 408 ἀγαθοὶ
571 373 700 408 τοξεύειν,
716 375 822 402 ὁπλῖται
835 383 865 401 τε
885 375 953 402 οίεκ

168 421 299 458 μηχανῶν
313 421 441 455 ἀφιέντες
465 421 539 456 βέλη,
552 421 708 456 τριάκοντα.
733 421 778 454 Ἐξ
792 419 828 448 ὧν
850 419 890 453 εἷς
907 422 954 448 ἐπὶ

165 467 206 502 τῷ
223 467 361 502 εὐστόχως
377 467 432 494 τῶν
443 467 531 494 ἄλλων
543 467 644 502 μᾶλλον
657 467 817 503 διαϐεϐόητο
831 468 950 502 βάλλειν.

172 512 319 547 Ἐγχώριοί
338 521 369 539 τε
383 513 476 544 ἱππεῖς
491 513 588 539 ἑκατὸν
601 512 766 548 ὠπλισμένοι
780 521 787 529 ·
803 513 910 545 τοξόται
922 521 952 539 τε

164 559 216 584 οὒκ
231 558 316 592 ὀλίγοι
333 558 379 585 καὶ
394 557 581 592 σφενδονῆται,
593 559 623 584 οὺ
636 559 715 592 μόνον
730 558 868 593 ἐγχώριοι,
887 558 955 585 ἀλλὰ

166 605 215 630 καὶ
233 603 288 630 τῶν
302 603 450 638 περιοίκων
466 604 588 630 πλεῐσνιι
601 604 646 630 διὰ
670 603 715 630 τὸν
730 603 849 638 πόλεμον
864 603 956 630 συνελ-

166 649 259 681 θόντες
269 668 277 681 ,
297 649 344 676 καὶ
356 649 508 684 γυμνητεία
525 649 609 683 πολλή
626 657 632 665 ·
650 646 691 680 οἷς
703 649 836 684 ἐθάρρουν
851 651 874 675 εί
888 650 955 684 μήτι

167 693 243 725 ἄλλο,
272 693 303 721 τὸ
332 693 399 728 γοῦν
426 694 527 720 ἁλῶναι
549 694 648 730 ῥᾳδίως
663 695 815 729 διαφυγεῖν.
833 695 908 729 Ἀμα
926 694 955 721 δὲ

167 739 242 774 πρωϊ
255 740 295 771 είς
307 739 357 775 τὴν
368 741 525 774 ὑστεραίαν⁷
542 740 570 766 οἵ
581 749 610 767 τε
621 740 721 774 ἔξωθεν
734 741 780 767 καὶ
797 741 822 767 oi.
835 741 889 767 ἀπὸ
900 741 955 768 τῶν

164 787 266 821 τειχῶν
292 787 491 822 παρετάττοντο
510 787 579 822 πρὸς
604 788 712 822 μάχην·
740 787 788 814 καὶ
805 787 955 823 γενομένης

166 833 381 868 καρτερωτάτης
395 834 583 870 τειχομαχίας,
597 834 676 869 μέχρι
690 835 741 868 μὲν
755 834 870 869 ἑϐδόμης
881 834 956 870 ὥρας

166 879 300 919 αντέσχον
312 880 335 905 οἱ
351 879 406 906 ἀπὸ
419 880 475 906 τῶν
489 879 588 914 τειχῶν
601 881 767 919 ἀμυνόμενοι
792 880 953 916 προθύμως.

170 917 292 950 Ἔπειτα
309 924 389 951 οίτοῦ
407 925 467 951 νέου
496 924 627 960 βασιλέως
639 917 782 960 ἀνδρίᾳτε
804 925 852 951 καὶ
868 925 954 960 τόλμῃ

165 970 222 996 τῶν
237 971 474 1005 ἀντιτεταγμένων
489 971 738 1006 {auspex/ivngunt
752 971 800 1003 τὰς
816 971 953 1006 κλίμακας

166 1017 224 1047 τοῖς
245 1016 350 1051 τείχεσι
364 1017 603 1052 προσερεισαντες,
628 1017 659 1044 τὸ
683 1017 804 1052 πόλισμα
822 1015 895 1044 εἷλον
908 1018 955 1044 καὶ

166 1065 325 1100 διήρπασαν
343 1064 420 1092 αὐτό.
434 1065 532 1097 Δείσας
547 1065 575 1092 δὲ
591 1066 606 1092 ὸ
629 1065 768 1101 βασιλεὺς,
786 1066 825 1100 μὴ
846 1066 955 1093 πάντων

167 1111 322 1146 χρημάτων
352 1110 581 1146 διαφθαρέντων,
619 1112 768 1143 ἀνάστατος
799 1113 912 1147 γένηται
940 1113 956 1138 ὁ

168 1158 296 1192 ’Δπρως,
326 1156 453 1183 ἐκέλευσε
478 1157 541 1189 τοὺς
560 1159 685 1193 καρποὺς
710 1158 748 1193 μὴ
765 1158 953 1193 διαφθείρειν,

166 1203 242 1234 ὅπως
263 1202 371 1237 ἔχοντες
387 1203 515 1238 ἀφορμὰς
531 1204 556 1230 οἱ
581 1204 694 1239 ’Λπριοι
717 1204 764 1230 τοῦ
781 1204 841 1240 ζῇν,
859 1204 896 1239 μὴ
911 1205 957 1231 ὲκ-

165 1248 269 1276 λίπωσι
284 1249 315 1276 τὸ
329 1248 408 1276 ἄστυ.
431 1250 579 1277 Ἀπέθανον
594 1251 685 1285 μέντοι
702 1252 731 1277 ὲν
745 1252 777 1286 τῇ
793 1252 957 1286 τειχομαχίᾳ

167 1295 240 1329 πλὴν
255 1295 314 1326 ἑνὸς
333 1295 444 1322 ὁπλίτου
470 1296 524 1323 τῶν
543 1297 574 1323 ὲκ
601 1296 749 1328 Βυζαντίου
775 1296 806 1329 ἐξ
819 1297 957 1332 ἑκατέρων

169 1340 263 1376 μερῶν
279 1340 367 1373 οὐδεὶς
397 1342 454 1377 (καὶ
485 1343 582 1369 τούτου
607 1343 678 1378 μετὰ
711 1344 762 1378 τὴν
788 1344 878 1379 μάχην
903 1344 957 1371 ὑπὸ

167 1386 286 1414 Λατίνου
308 1387 381 1419 τινὸς
409 1387 645 1420 άποκτανθέντος,
673 1389 714 1415 ὄτι
737 1389 818 1420 αὑτός
852 1398 883 1416 τε
910 1391 958 1417 καὶ

168 1432 281 1464 πλείους
305 1432 394 1467 ἕτεροι
408 1433 666 1469 ἑτραυματίσθησαν
683 1434 730 1460 ὑπ’
745 1434 840 1468 αὐτοῦ)
851 1454 858 1466 ,
875 1443 958 1469 τραυ-

171 1479 268 1512 ματίαι
281 1479 304 1505 δ’
318 1480 443 1513 ἐγένοντο
455 1480 503 1506 καὶ
519 1480 689 1515 ἑκατέρωθεν
709 1481 759 1507 οὐκ
774 1481 871 1514 ὀλίγοι.
888 1481 957 1513 Τούς

168 1533 200 1551 τε
218 1527 251 1552 ἐκ
273 1525 419 1557 Βυζαντίου
434 1526 536 1557 ίππέας
550 1534 578 1552 τε
603 1527 651 1553 καὶ
669 1527 769 1559 πεζοὺς
782 1527 915 1562 δήσαντες
933 1529 957 1555 οί

169 1572 339 1607 στρατιῶται
356 1571 441 1607 εἶχον.
456 1573 503 1605 Είς
513 1573 610 1608 τρίτην
622 1573 650 1600 δὲ
665 1574 771 1609 ἡμέραν
778 1574 841 1605 τοὺς
857 1575 958 1609 αἰχμα-

1003 339 1019 357 c
1032 330 1156 358 ﬁnitimis
1174 330 1243 358 locis
1271 330 1478 366 quamplurimi,
1497 337 1567 365 quos
1590 329 1693 357 bellum
1714 329 1789 357 exci-

1004 379 1092 406 verat.
1111 379 1138 402 et
1152 375 1220 403 levis
1238 379 1385 403 armatum
1401 375 1492 408 multi,
1517 374 1621 410 quibus
1646 374 1788 406 omnibus,

1003 422 1027 449 si
1043 416 1112 449 nihil
1123 421 1208 453 aliud,
1224 425 1299 448 certe
1312 429 1347 448 ne
1362 425 1528 455 caperentur
1545 427 1575 448 se
1592 419 1673 447 facile
1687 426 1789 446 conse-

1004 472 1119 495 cuturos
1144 467 1304 502 sperabant.
1320 465 1458 494 Postridie
1473 465 1581 492 albente
1599 465 1671 492 caelo
1684 464 1789 499 quique

1004 513 1084 545 furis,
1100 513 1203 547 quique
1216 513 1291 539 intus
1304 511 1333 538 in
1347 511 1484 539 manibus
1512 515 1601 542 erant,
1618 510 1652 537 ad
1669 516 1789 544 pugnam

1006 559 1223 586 instruebantur.
1240 558 1274 585 Et
1293 565 1355 585 cum
1376 565 1463 592 usque
1476 556 1508 584 ad
1525 557 1620 584 horam
1644 555 1789 591 septimam

1005 608 1140 634 acerrima
1167 605 1247 634 fieret
1279 605 1460 640 oppugnatio,
1480 603 1610 639 oppidani
1629 612 1659 632 se
1678 607 1791 630 strenue

1006 652 1164 679 tuebantur.
1189 651 1229 678 Ad
1253 655 1405 678 extremum
1426 648 1598 683 imperatorii
1627 647 1791 675 iurtitudine

1006 703 1033 727 et
1045 698 1159 725 audacia
1180 696 1348 724 adversariis
1371 696 1544 730 superiores.
1560 694 1642 722 scalis
1652 693 1791 728 applicitis

1009 744 1169 779 oppidulum
1189 742 1302 777 capiunt
1318 748 1350 769 ac
1375 741 1521 776 diripiunt.
1537 740 1576 767 Ibi
1595 740 1694 766 timens
1706 738 1794 772 impe‘

1006 794 1090 822 ratur,
1110 797 1146 816 ne
1160 788 1242 816 rebus
1262 788 1392 816 omnibus
1406 786 1577 821 disperditis,
1595 786 1685 820 Aprus
1696 786 1730 811 ad
1746 792 1792 811 so-

1006 834 1150 863 litudinem
1166 834 1347 869 redigeretur,
1366 832 1493 866 frugibus
1507 832 1580 859 cavit
1597 839 1604 858 :
1619 835 1649 859 ut
1661 831 1794 858 habentes

1007 881 1070 908 vita;
1084 881 1237 908 subsidium
1254 880 1343 914 Aprii,
1359 887 1394 907 ne
1412 879 1588 914 diﬂ'ugereut.
1609 879 1637 906 In
1655 886 1687 906 ea
1705 885 1795 912 oppu-

1007 927 1136 962 gnatione
1160 935 1194 954 ex
1219 931 1315 954 neutra
1331 927 1390 954 acie
1406 926 1563 960 quisquam.
1580 929 1680 959 praeter
1697 931 1794 955 unum,

1004 974 1061 1008 88
1076 973 1255 1008 Byzantinum
1270 977 1416 1000 armaturae
1448 971 1540 1007 gravis
1557 971 1728 998 desideratus
1750 974 1794 996 est

1005 1020 1045 1055 (et
1065 1027 1127 1047 eum
1143 1027 1158 1046 a
1172 1019 1271 1047 Latino
1289 1019 1409 1054 qundam
1434 1017 1587 1046 secundum
1613 1024 1733 1052 pugnam
1751 1016 1793 1042 in-

1007 1069 1186 1099 teremptum,
1202 1064 1305 1099 quippe
1325 1072 1340 1090 a
1357 1071 1414 1098 quo
1437 1063 1496 1098 ipse
1520 1069 1584 1089 cum
1609 1061 1672 1088 aliis
1700 1059 1794 1087 multis

1004 1116 1079 1139 esset
1100 1110 1282 1144 vulneratus),
1300 1110 1430 1144 utrinque
1459 1113 1549 1136 tamen
1573 1107 1710 1135 vulnerati
1738 1113 1792 1137 non

1006 1157 1098 1192 pauci.
1111 1156 1237 1184 Victores
1261 1155 1418 1190 Byzantinis
1435 1153 1577 1188 equitibus
1597 1153 1672 1188 juxta
1700 1159 1732 1179 ac
1749 1159 1794 1186 pc-

1006 1204 1112 1231 ditibus
1127 1202 1236 1230 vincula
1249 1202 1411 1237 iniecerunt.
1426 1200 1522 1228 Tertio
1535 1200 1580 1226 die
1593 1198 1710 1232 captivis
1722 1197 1794 1224 Initi-

1008 1250 1082 1278 tibus
1094 1250 1122 1277 in
1136 1249 1257 1277 medium
1273 1248 1389 1283 produci
1406 1247 1500 1282 jussis,
1521 1247 1671 1282 imperator
1692 1245 1726 1272 ad
1745 1252 1794 1272 eos

1007 1296 1198 1332 hujuscemodi
1217 1296 1300 1323 verba
1318 1295 1427 1322 locutus
1443 1299 1486 1322 est
1501 1293 1615 1327 :Neque
1632 1293 1792 1328 prudenter.

1007 1351 1098 1378 neque
1108 1351 1123 1370 e
1137 1350 1167 1370 re
1179 1347 1271 1370 vestra
1292 1341 1406 1373 factum,
1420 1340 1495 1376 quod
1511 1348 1528 1367 ιι
1540 1339 1622 1368 nobis
1638 1340 1728 1367 amice
1745 1347 1793 1374 ap-

1006 1390 1112 1425 pellati.
1122 1389 1246 1417 convicia
1258 1393 1287 1416 et
1298 1388 1413 1424 injurias
1437 1387 1618 1422 reposuistis:
1635 1386 1702 1414 Nam
1716 1386 1794 1413 hoste

1007 1438 1127 1464 instante
1145 1444 1200 1464 non
1217 1435 1341 1470 percelli,
1358 1434 1406 1462 sed
1422 1434 1562 1462 constanti
1582 1432 1676 1460 animo
1698 1439 1728 1459 se
1745 1431 1794 1459 de-

1007 1483 1129 1514 fendere,
1156 1482 1208 1509 hoc
1228 1481 1325 1508 virtuti
1343 1489 1351 1508 :
1371 1480 1440 1507 alios
1464 1484 1555 1506 autem
1579 1477 1734 1506 maledictis
1750 1478 1792 1504 in-

1008 1536 1127 1560 cessero,
1149 1533 1177 1556 et
1191 1535 1304 1563 crepare
1324 1526 1497 1562 magniloqui:
1511 1526 1546 1553 de
1559 1526 1707 1556 mcenibus,
1730 1532 1796 1552 con-

1010 1576 1129 1603 fidentiae
1154 1579 1182 1602 et
1201 1574 1327 1602 amentiae
1349 1573 1498 1601 ascribitur
1517 1572 1584 1608 (9!).
1611 1573 1702 1605 Quare
1714 1572 1795 1598 sime

168 1619 274 1652 λώτους
298 1619 468 1656 στρατιώτας
485 1621 499 1646 ὀ
518 1620 644 1659 βασιλεὺς
662 1620 794 1652 κελεύσας
818 1620 892 1655 αὐτῷ
907 1630 957 1647 πα-

1011 1621 1140 1653 audiatis,
1158 1621 1266 1648 fortiter
1294 1619 1422 1646 audendo
1446 1622 1475 1646 et
1495 1626 1578 1645 manu
1594 1623 1721 1653 prompta
1744 1617 1794 1643 ho-

171 1668 318 1701 ριστῆνιι,
344 1666 492 1693 διείλεκται
523 1667 629 1698 οὕτως·
659 1666 729 1695 οὔτε
752 1667 872 1698 συνετῶς
895 1667 958 1694 οὔτε

169 1712 365 1747 συμφερόντως
379 1713 538 1748 πεπράχατε
551 1713 615 1747 ὑμῖν
629 1713 774 1747 αὑτοίςὺιρ’
787 1714 866 1748 ἡμῶν
875 1722 960 1749 προσ-

170 1757 369 1792 αγορευόμενοι
382 1757 488 1791 φιλίως,
504 1758 544 1789 είς
559 1757 695 1792 λοιδορίας
717 1757 796 1784 αὐτοὶ⁵
815 1757 958 1792 τραπόμε-

169 1811 211 1830 νοι
226 1803 274 1830 καὶ
283 1802 385 1838 ὖσρεις.
402 1802 438 1829 Τὸ
451 1803 501 1845 μὲχ
521 1803 575 1838 γὰρ
592 1802 629 1838 μὴ
639 1802 878 1837 καταπλήττεσθαι
897 1804 960 1834 τοὺς

170 1849 309 1882 ἐπιόντας,
326 1849 382 1875 ἀλλ’
398 1849 575 1884 ἐγκαρτερεῖν
585 1849 794 1884 ἀμυνομένους,1
805 1849 915 1884 ἀνδρίας
928 1848 961 1876 ἄν

170 1903 213 1926 τις
241 1894 328 1929 τιθείη
341 1902 347 1909 ·
367 1895 398 1921 τὸ
415 1894 443 1920 δι
470 1893 592 1928 ὑϐρίζειν
613 1902 644 1921 τε
670 1895 716 1922 καὶ
735 1894 890 1929 κομπάζειν
906 1895 961 1921 ἀπὸ

170 1940 227 1967 τῶν
252 1941 363 1975 τειχῶν,
393 1940 440 1967 καὶ
458 1941 577 1976 θράσους
597 1942 645 1967 καὶ
671 1940 832 1975 παρανοίας.
850 1940 896 1966 Διὸ
913 1940 961 1966 καὶ

174 1987 411 2020 συμϐουλεύσαιμι
423 1988 456 2013 ἂν
474 1987 539 2021 ὑμῖν
557 1987 582 2013 εί
592 1995 624 2020 γε
641 1986 782 2020 πείθησθε,
802 1986 898 2021 ἀνδρίᾳ
910 1985 960 2020 μὲν

172 2033 222 2059 καὶ
248 2034 336 2068 τόλμῃ
350 2035 398 2058 καλ¹
421 2033 511 2067 χειρὸς
529 2032 620 2067 ἔργοις
637 2031 814 2058 ἀνϐίστασοαι
839 2033 894 2063 τοῖς
910 2041 956 2058 πο-

172 2079 297 2114 λεμοῦσι,
327 2079 416 2112 λόγοις
431 2078 459 2104 δὲ
484 2079 645 2112 σωφρονεῖν.
673 2077 711 2105 Οὑ
729 2079 813 2113 γὰρὴ
835 2079 889 2104 ἀπὸ
905 2078 959 2105 τῶν

171 2126 260 2160 λόγων
273 2126 416 2156 ἀκολασία,
435 2126 452 2160 ἡ
465 2125 510 2151 διὰ
522 2124 575 2151 τῶν
588 2124 676 2160 ἔργων
687 2124 716 2151 δὲ
729 2125 861 2160 ἐμπειρία
877 2133 962 2152 κατα-

172 2172 289 2207 πλήττει
305 2172 368 2202 τοὺς
389 2171 527 2202 ἐπιόντας.
546 2171 732 2205 Δοριαλὼτους
748 2171 799 2204 μὲν
814 2168 861 2196 οὖν
885 2179 960 2204 γενο-

172 2217 273 2250 μένους
289 2217 371 2252 ὑμᾶς,
391 2213 408 2253 ᾖ
433 2215 596 2251 βουλοίμεθα
619 2215 707 2247 ἔξεστι
733 2215 853 2250 χρῆσθαι
883 2216 959 2251 νόμῳ

171 2263 303 2296 πολέμου.
339 2261 410 2296 Ἐγὼ
429 2261 457 2288 δὲ
478 2261 528 2288 οὐκ
553 2261 599 2288 ἐπὶ
627 2261 705 2296 κακῷ
732 2261 787 2287 τῶν
813 2261 959 2296 Ῥωμαίων

172 2308 341 2344 στρατεύων,
355 2308 456 2342 ἀφίημι
472 2308 640 2342 ἐλευθέρους.
659 2308 690 2335 El
707 2307 756 2343 μὲν
771 2306 819 2334 οὖν
837 2308 883 2334 ὑπ’
896 2309 959 2342 ἐμοὶ

173 2353 388 2390 στρατεύσεσθαι
412 2353 559 2388 βούλεσθε,
588 2354 717 2389 προνοίας
741 2361 771 2380 τε
790 2353 899 2386 ἀξιώσω
910 2354 958 2388 τῆς

170 2400 365 2435 προσηκούσης
392 2400 440 2426 καὶ
465 2401 522 2431 τοῖς
548 2399 727 2430 οίκειοτάτοις
754 2400 877 2433 ἐντάξω·
894 2400 957 2426 εἶδ’

171 2447 263 2474 οἴκαδε
281 2439 485 2479 ἀπελθεῖν,’κα“ι
501 2446 588 2477 οὕτως
604 2444 634 2473 εὖ
655 2447 774 2481 ποιήσας
787 2446 956 2481 ἀποπέμψω,

170 2493 416 2528 Προσκυνήσαντες
436 2492 464 2519 δὲ
481 2492 506 2518 of
527 2492 693 2527 στρατιῶται
708 2492 755 2518 καὶ
775 2492 824 2526 τῆς
847 2492 960 2527 εὐεργε-

173 2540 234 2572 σίας
261 2541 343 2574 χάριν
356 2539 569 2574 εὐφημήσαντες
586 2539 689 2571 πολλὰ,
708 2539 803 2574 καιρὸν
823 2538 959 2574 ὲξῄτησαν

172 2579 212 2618 cf;
231 2585 383 2620 διάσκεψιν.
412 2585 631 2619 Διασκεψάμενοι
657 2584 696 2618 δὲ,
719 2585 771 2611 τῶν
786 2585 892 2612 ἱππέων
909 2585 960 2620 μὲν

1012 1673 1081 1695 stem
1107 1667 1276 1702 reprimetis,
1309 1666 1403 1694 verbis
1435 1663 1796 1698 moderabiminhquando

1011 1722 1065 1741 non
1087 1715 1235 1741 verborum
1260 1713 1423 1748 petulantia,
1451 1712 1497 1740 sed
1520 1712 1579 1746 ipse
1610 1711 1745 1738 factorum
1769 1713 1796 1736 et

1011 1760 1200 1794 impressionis
1219 1767 1317 1786 sensus
1330 1759 1506 1786 invadentem
1529 1758 1672 1785 terrificat.
1692 1756 1751 1783 Jam
1767 1755 1795 1781 in

1008 1813 1059 1833 vos
1089 1805 1213 1839 captivos
1240 1809 1363 1831 statuere
1392 1804 1453 1838 lege
1484 1803 1583 1831 bellica
1606 1802 1681 1829 licet.
1695 1802 1794 1829 Verum

1009 1859 1071 1887 ego,
1097 1852 1144 1886 qui
1170 1851 1239 1878 meis
1264 1850 1349 1877 armis
1382 1849 1492 1877 oiliccre
1524 1849 1655 1876 Romanis
1682 1847 1797 1874 minime

1011 1905 1115 1933 quaero,
1132 1905 1180 1924 vos
1196 1897 1324 1924 libertate
1341 1896 1426 1923 dono.
1442 1895 1470 1922 Si
1487 1895 1540 1922 sub
1553 1894 1639 1928 signis
1661 1894 1729 1921 meis
1744 1894 1795 1920 mi-

1011 1944 1091 1971 litare
1107 1942 1201 1975 vultis,
1225 1943 1304 1974 mibi,
1322 1947 1352 1968 ut
1372 1941 1463 1973 decet,
1491 1948 1566 1968 curae
1587 1940 1676 1972 eritis,
1698 1945 1726 1967 et
1749 1947 1796 1966 vos

1011 1989 1083 2017 inter
1107 1987 1339 2016 familiarissimos
1365 1986 1510 2020 recipiam.
1536 1985 1585 2012 Sin
1601 1986 1713 2012 domum
1734 1985 1796 2011 red-

1011 2035 1063 2068 ire,
1084 2035 1167 2062 etiam
1184 2033 1224 2060 sic
1246 2032 1365 2067 benigne
1385 2032 1524 2058 dimittam
1538 2031 1606 2065 (93).
1628 2031 1729 2058 Milites
1746 2031 1798 2057 im-

1011 2087 1166 2117 peratorem
1188 2080 1323 2111 venerati,
1352 2079 1469 2114 ejusque
1505 2078 1634 2105 meritum
1667 2077 1797 2105 laudibus

1010 2126 1162 2162 prosecuti,
1183 2125 1302 2160 spatium
1334 2123 1368 2150 ad
1394 2122 1602 2150 deliberandum
1630 2121 1796 2157 petiverunt.

1011 2173 1052 2200 Re
1073 2172 1235 2204 deliberata,
1259 2170 1340 2205 pauci
1354 2169 1463 2204 equites
1487 2170 1649 2196 manserunt
1667 2177 1675 2195 :
1691 2168 1798 2202 pedites

1012 2219 1099 2246 ferme
1124 2226 1219 2245 omnes
1240 2217 1291 2245 sub
1311 2225 1345 2244 eo
1370 2224 1476 2244 merere
1505 2214 1710 2246 instituerunt;
1727 2223 1798 2249 quos

1013 2272 1106 2292 annuo
1123 2264 1235 2291 decreto
1247 2262 1395 2298 stipendio,
1412 2261 1438 2288 in
1447 2261 1544 2288 album
1560 2268 1674 2287 suorum
1692 2259 1797 2291 retulit,

1012 2315 1040 2337 et
1057 2308 1263 2336 discedentibus
1278 2308 1338 2335 aliis
1351 2315 1449 2334 aurum
1469 2307 1496 2334 in
1513 2307 1644 2334 viaticum
1666 2306 1794 2334 contulit.

1011 2354 1080 2383 Cum
1098 2361 1190 2382 autem
1213 2354 1387 2388 conspiceret
1410 2353 1557 2387 Apriorum
1586 2351 1705 2384 turbam,
1724 2352 1797 2378 viros

1012 2401 1093 2430 simul
1104 2409 1136 2428 ac
1147 2401 1286 2433 mulieres,
1299 2400 1363 2427 item
1376 2406 1474 2434 pueros
1483 2406 1552 2434 pene
1561 2398 1660 2429 nudos,
1674 2398 1796 2424 omnium

1011 2455 1112 2483 egenos
1135 2447 1321 2478 ambulantes,
1343 2453 1429 2480 seque
1454 2445 1536 2472 bonis
1557 2445 1615 2471 suis
1631 2443 1798 2479 despoliatus

1012 2494 1206 2523 lamentantes.
1224 2493 1342 2520 ducibus
1366 2496 1394 2519 et
1418 2491 1558 2518 nobilibus
1575 2490 1715 2518 advocatis
1730 2510 1738 2522 ,
1752 2489 1799 2517 Ju-

1012 2544 1084 2567 slum
1102 2544 1154 2571 cst,
1173 2539 1271 2573 inquit,
1298 2545 1361 2565 cum
1390 2537 1525 2564 hodierno
1550 2536 1595 2563 die
1622 2540 1662 2564 tot
1687 2541 1714 2564 et
1741 2541 1796 2563 tam

1014 2585 1169 2619 insignibus
1184 2591 1199 2610 a
1213 2584 1269 2610 Deo
1282 2581 1424 2610 beneficiis
1435 2582 1525 2629 ornati
1542 2582 1639 2615 simus,
1655 2587 1685 2609 ut
1701 2581 1798 2609 iisdem

794 2644 902 2676 Jacobi
920 2643 1051 2675 Pontani
1071 2646 1164 2674 notae.

209 2708 266 2742 (92)
288 2706 389 2734 Timidi
413 2705 550 2742 homines,
574 2708 602 2732 et
629 2705 763 2742 imbelles,
789 2712 851 2742 cu_m
868 2704 956 2742 longe

172 2740 274 2774 absunt
289 2751 304 2769 a
320 2741 453 2777 periculo,
467 2746 514 2767 aut
527 2740 556 2767 se
571 2744 644 2777 lu_t_os
659 2740 764 2777 vident,
777 2740 955 2777 audacissimi

170 2781 254 2810 ﬁunt,
271 2783 298 2806 et
313 2774 429 2804 martem
447 2778 571 2805 crepant.
595 2774 704 2801 Notavit
722 2775 772 2802 bos
792 2775 838 2802 ille
849 2775 959 2809 sapiens

174 2815 302 2848 Esopus.
326 2812 394 2839 Nam
420 2810 455 2837 de
485 2810 629 2848 superiore
655 2810 715 2836 loco
741 2810 837 2848 laetius
863 2810 958 2844 lupum

175 2845 659 2884 praetcreuntenifonspiciens._eum
674 2845 806 2884 conviciis
820 2845 961 2884 lil_errilne

175 2879 371 2912 insectabalur.
389 2881 458 2908 Tum
473 2880 565 2915 lupus,
582 2879 639 2907 Non
652 2884 691 2913 tu,
707 2880 808 2914 inquit,
825 2881 886 2907 mihi
899 2888 962 2907 con-

174 2920 288 2950 viciaris,
304 2918 349 2945 sed
360 2917 441 2943 locus.

212 2955 267 2990 (93)
290 2953 391 2981 Eadem
429 2949 565 2979 sententia
601 2949 671 2978 Dido
710 2950 780 2986 apud
811 2950 960 2985 Maronem,

1010 2705 1018 2732 Ι
1036 2704 1141 2731 Αἳηείά.
1156 2702 1356 2730 humanissime
1373 2701 1406 2728 ad
1422 2701 1557 2736 'l‘rojanos
1577 2710 1583 2726 :

1047 2761 1096 2789 Seu
1117 2769 1161 2788 vos
1179 2760 1333 2794 Hesperiam
1352 2767 1487 2793 magnum.
1509 2759 1687 2794 Saturniaque
1701 2766 1777 2791 awa,

1049 2797 1108 2824 Siue
1128 2796 1218 2831 Erycis
1232 2794 1463 2831 Ῑὶιιεεννεμεηιτμιε
1475 2795 1701 2831 aptatiadcestcm
1716 2801 1725 2821 :

1050 2832 1155 2860 Auxilio
1166 2829 1240 2858 Vtulos
1256 2830 1397 2859 dimittant.
1414 2830 1555 2864 opibusque
1566 2829 1674 2863 jnvabo.

1057 2867 1140 2894 Vultis
1155 2871 1179 2893 ει
1192 2867 1232 2893 his
1250 2873 1348 2892 mecum
1370 2865 1472 2899 pariter
1487 2864 1621 2891 considere
1636 2865 1722 2898 regnis
1733 2865 1746 2891 Ζ)

1053 2902 1145 2930 Urbem
1159 2909 1238 2935 quam
1250 2904 1349 2931 statuo,
1362 2903 1447 2935 vestra
1463 2904 1518 2930 eu;
1533 2899 1666 2935 subducite
1679 2908 1769 2928 mirer.

1053 2938 1117 2965 Tros
1148 2933 1291 2973 Tyriusque
1304 2935 1366 2962 mihi
1378 2933 1451 2961 nullo
1465 2934 1615 2961 discrimine
1633 2940 1736 2969 agetur.
