1920 3076
81 83 143 114 235

681 58 955 112 IilSTORlARUiVI
974 81 1092 111 LIBER
1114 82 1139 111 ι.

1682 77 1735 109 226

82 138 212 173 ἀνδρῶν,
237 137 276 167 ib;
297 137 328 163 οὐ
357 136 425 172 πρὸς
453 136 610 171 ὑπόκρισιν,
628 135 690 163 οὐδὲ
713 136 782 171 πρὸς
803 135 886 169 ἀνάγ-

946 136 1039 163 'atoris
1057 139 1184 168 matrem,
1202 139 1232 162 ut
1252 142 1334 170 supra
1353 135 1486 167 diximus,
1503 141 1553 170 per
1569 134 1625 161 vim
1642 142 1656 161 a
1672 133 1735 161 Dei-

84 194 145 218 ιιην
159 204 169 218 ,
184 185 243 212 ἀλλ’
269 185 384 220 ἀληθείᾳ
412 185 516 220 μᾶλλον
531 180 581 219 τὴν
605 184 673 220 πρὶς
698 183 744 210 τὸν
766 183 887 210 τοιοῦτον

85 232 152 266 βίον
174 232 341 267 αἱρούμενος
359 232 525 267 μεταϐολήν.
550 232 581 258 Ἀ
606 230 639 265 δὴ
665 231 713 256 καὶ
734 230 888 264 πυθόμενος

84 278 164 312 παρ’
195 278 288 304 αὐτῶν
313 278 327 304 ὁ
357 278 486 313 βασιλεὺς
505 297 512 309 ,
540 277 693 313 ἐπέτρεψεν
725 276 743 303 ὃ.
768 276 888 311 βούλοιτο

85 325 186 350 ποιεῖν
217 325 282 358 περὶ
305 323 399 350 αὐτοῦ.
420 323 566 359 Ἤχθησαν
593 323 622 350 δὲ
650 323 697 349 ἐπὶ
723 323 777 350 τῶν
799 321 889 348 αὐτῶν

85 369 206 405 καιρῶν
232 371 264 396 ὲκ
287 369 490 403 Θεσσαλονίκης
519 369 587 404 πρὸς
614 369 727 404 βασιλέα
750 368 888 403 δεσμῶται

86 417 141 443 καὶ
175 417 200 443 el
229 417 279 451 τὴν
303 416 427 452 βασιλίδα
451 415 537 450 Ξὲνην
561 415 613 449 τὴν
640 415 737 441 τούτου
766 414 885 449 μητέρα,

85 463 167 496 ὅπερ
200 462 323 496 ἕφθημεν
352 461 498 492 εἰπόντες,
532 460 698 491 ἑλκύσαντες
727 459 796 494 βίᾳ,
815 459 829 485 ὅ
853 467 883 484 τε

88 507 284 541 Παλαιολόγος
301 507 507 537 Κωνσταντῖνος
523 506 584 532 καὶ*
596 505 716 540 ῐωάννης
728 506 742 532 ὁ
759 505 888 540 Ζαρίδης,

89 556 146 581 καὶ
166 555 181 581 ὁ
210 553 456 589 πρωταλλαγάτωρ
479 553 653 588 Σεναχηρείμ
666 561 673 568 ⁶
695 550 733 579 ὧν
757 553 820 584 τοὺς
841 553 890 588 μὲν

88 599 152 630 δύο,
184 599 321 633 βασιλέως
352 599 593 633 προστεταχότος,
625 598 672 624 ἐπὶ
686 600 737 633 τῆς
759 598 890 634 δημοτίας

89 645 267 679 ἑθεάτρισαν
293 645 400 680 ἀγορᾶς
428 645 624 680 ἀφηρῃμένους
647 644 677 671 τὸ
704 645 819 678 γένειον,
843 644 890 671 καὶ

90 690 143 721 τὰς
169 690 268 725 τρίχας
291 690 343 724 τῆς
374 690 510 724 κεφαλῆς.
542 690 594 717 Τὸν
619 690 801 724 Παλαιολόγον
829 691 856 717 δὲ
877 692 891 717 ὸ

91 737 326 771 πρωτοστράτωρ
352 736 515 772 ἐξῃτήσατο,
545 737 658 771 ἀνεψιὸν
687 737 770 764 αὑτοῦ
802 737 892 772 ὑπάρ-

90 792 192 816 χοντα,
211 783 249 818 μὴ
261 783 360 809 ταύτὸν
374 784 482 810 παθεῖν·
491 785 533 814 εἰς
543 783 732 819 δεσμωτήριον
742 782 769 810 δὲ
782 784 892 819 ὲνεῦλή-

942 189 1015 216 ρει-ω
1030 185 1120 208 statua
1137 181 1302 216 temploque
1316 181 1518 213 abstraxerant,
1537 180 1735 207 Constantinus

941 226 1120 260 Palaologus,
1134 225 1253 253 Joannes
1268 225 1392 258 Zaridas,
1409 231 1437 252 et
1456 225 1654 253 Senuaclierim
1671 233 1733 258 pro-

943 272 1100 306 tallagator:
1113 279 1232 306 quorum
1244 272 1309 303 duo.
1322 272 1497 306 imperatoris
1509 272 1638 299 mandatu
1654 272 1735 298 abra-

943 326 973 346 sa
990 318 1076 345 barba
1102 323 1130 345 et
1143 318 1251 352 capillis
1266 318 1315 353 (4),
1335 318 1444 353 publice
1461 318 1488 345 in
1514 317 1584 348 foro,
1603 318 1677 345 velut
1708 319 1734 343 iu

943 363 1052 391 theatro
1071 363 1105 390 ad
1130 363 1310 397 spectandum
1328 363 1456 390 omnibus
1473 363 1630 397 ignominiae
1653 369 1735 389 causa

941 413 1007 436 sunt
1023 407 1156 443 propositi
1171 416 1178 434 :
1198 407 1379 443 Palieologum
1397 412 1579 441 protostrator
1595 413 1623 434 ut
1636 415 1736 435 conso-

943 452 1054 480 brinum
1069 453 1199 488 precibus
1216 452 1275 481 suis
1297 453 1433 480 dedecore
1456 454 1599 487 prohibuit
1614 461 1621 480 :
1637 453 1684 481 sed
1707 454 1734 480 in

943 506 1084 526 carcerem
1115 499 1197 526 datus
1225 503 1277 531 est,
1303 499 1346 526 cui
1367 504 1431 534 post
1451 499 1533 526 breve
1563 504 1681 534 tempus,
1705 504 1735 526 ut

943 545 1053 573 duobus
1076 546 1147 578 aliis,
1177 546 1327 581 imperator
1352 546 1466 580 ignovit.
1494 546 1579 573 Paulo
1613 551 1674 580 post
1707 549 1736 572 et

944 590 1050 618 Lemnii
1067 592 1100 618 ad
1117 591 1259 626 iuniorem
1273 591 1469 629 desciscentes,
1485 596 1631 623 venerunt,
1651 591 1734 618 simul

945 642 975 663 ut
989 644 1049 663 eam
1067 644 1124 664 rem
1150 637 1190 664 illi
1214 637 1385 667 nuntiarent,
1403 637 1484 664 simul
1499 642 1529 664 ut
1552 637 1648 664 insulae
1667 645 1736 671 pm-

945 682 1046 709 fectuiu
1061 683 1094 709 ab
1107 690 1141 710 eo
1157 686 1324 717 poscerent;
1346 682 1394 718 qui
1423 681 1546 710 beneﬁce
1565 682 1683 714 tractati,
1708 686 1737 710 et

945 728 1105 763 praesidem,
1118 729 1157 755 iiti
1170 733 1344 763 rogaveram,
1365 728 1468 763 adepti,
1487 728 1599 755 domum
1615 733 1737 756 reverte-

946 780 1022 803 runt.
1040 777 1109 803 Dum
1130 776 1189 804 haec
1205 783 1337 811 aguntur,
1359 777 1482 812 Selybria
1500 777 1654 809 nuntiatur,
1671 777 1737 805 Per-

92 829 140 863 θη·
158 829 244 864 ὀλίγῳ
267 829 295 855 δὲ
314 829 427 864 ὕστερον
443 830 525 856 αὐτόν
543 838 573 856 τε
599 830 647 856 καὶ
664 830 727 861 τοὺς
752 830 850 861 ἄλλους
879 832 892 857 ὁ

946 831 987 851 sas
1003 831 1037 850 ex
1054 823 1162 850 oriente
1176 823 1209 851 ad
1225 831 1306 850 avum
1322 823 1508 859 adjuvandum
1530 823 1671 859 traiecisse
1685 824 1736 858 (5),

93 873 234 906 βασιλεὺς
261 873 362 909 ἠξίωσε
389 874 565 909 συγγνώμης.
591 875 636 901 Ἐν
663 875 721 906 τοῖς
744 875 836 907 αὐτοῖς
862 875 890 901 δὲ

92 919 210 954 καιροῖς
235 920 282 944 καὶ
301 919 327 945 οἱ
344 920 462 954 Λήμνιοι
483 920 529 946 τοῦ
556 919 744 955 πρεσϐυτέρου
760 920 892 955 βασιλέως

97 964 287 996 ἀποστάντες,
305 962 374 1000 ἧκον
399 964 445 990 ἐπὶ
464 964 511 991 τὸν
533 965 603 997 νέον,
629 965 690 999 ἅμα
713 973 744 992 τε
761 965 810 1000 τὴν
826 967 894 992 dim»

99 1009 222 1035 ετασίαν
249 1009 339 1036 αὐτῶν
369 1009 608 1043 ἀπαγγελοῦντες,
635 1010 683 1037 καὶ
706 1011 752 1037 τὸν
775 1011 893 1045 ἄρξοντα

96 1056 264 1088 αἰτήσοντες
288 1055 338 1090 τῆς
364 1057 490 1090 Λήμνου.
518 1056 754 1092 Εὐεργετηθέντες
771 1057 892 1093 δὲπαρά

98 1102 238 1136 βασιλέως
261 1102 309 1128 καὶ
337 1103 460 1136 ἡγεμόνα
486 1102 616 1135 λαϐόντες
642 1103 737 1139 ὥσπερ
764 1103 890 1140 ᾐτοῦντο,

96 1148 195 1174 οἴκαδε
224 1147 388 1183 ἐπανῆλθον.
416 1148 526 1175 Τούτων
553 1149 724 1184 γινομένων,
752 1150 784 1177 ὲκ
808 1150 891 1186 Σηλυ-

96 1193 182 1228 6ρίας
201 1193 328 1228 ἠγγέλθη
359 1194 397 1228 τῷ
414 1194 520 1229 βασελεί
553 1194 592 1225 ὡς
622 1195 744 1230 Περσικὴ
779 1196 894 1230 στρατιὰ

96 1241 172 1266 κατὰ
191 1240 352 1275 συμμαχίαν
369 1240 416 1267 τοῦ
434 1241 549 1267 πάππου
571 1242 620 1267 καὶ
638 1241 773 1276 βασιλέως
789 1242 820 1267 ἐκ
838 1242 886 1276 τῆς

100 1287 141 1312 ἒω
164 1287 295 1320 διαϐᾶσα,
319 1287 376 1321 ἅμα
399 1289 431 1322 τῇ
459 1289 491 1314 ὲκ
519 1287 666 1320 Βυζαντίου
697 1288 813 1324 στρατιᾷ
831 1289 893 1315 ὅσον

98 1332 181 1359 οὔπω
203 1334 361 1360 ἐλεύσονται
378 1334 440 1361 κατ’
459 1335 554 1362 αὑτοῦ.
576 1335 621 1364 Ὠς
640 1335 670 1361 δὲ
697 1335 815 1361 ἐπύθετο
843 1336 893 1369 τὴν

102 1379 153 1413 μὲν
183 1379 256 1405 κατὰ
277 1379 331 1406 τῶν
349 1380 493 1415 ὁμοφύλων
510 1380 562 1407 τῶν
591 1380 705 1418 Περσῶν
730 1381 892 1416 ἐπαγωγὴν,

99 1424 243 1459 ἐθαύμασε
262 1425 318 1451 τῶν
338 1426 587 1461 ἀντιτεταγμένων.
605 1426 694 1458 Αὐτὸς
707 1426 733 1452 δὲ
753 1428 823 1462 ὁρμῇ
840 1435 892 1453 τινι

100 1471 210 1505 ἀσχέτῳ
234 1472 307 1498 κατὰ
334 1472 417 1505 τάχος
448 1472 517 1506 ἄρας
544 1472 576 1498 ὲκ
604 1472 806 1507 Διδυμοτείχου,
828 1472 892 1498 εὐθὺ

100 1518 150 1552 τῆς
171 1518 364 1552 ἐπερχομένης
388 1518 430 1553 ᾔει
455 1519 597 1553 στρατιᾶς,
621 1518 658 1549 ὡς
686 1516 892 1556 μαχούμενοςῇ

103 1562 136 1588 ἂν
151 1563 291 1597 συντύχοι.
310 1563 355 1595 Εἰς
371 1564 466 1598 τρίτην
481 1564 508 1589 δὲ
524 1565 631 1598 ἡμέραν
653 1564 670 1598 ἦ
696 1572 726 1590 τε
742 1565 773 1590 ὲκ
791 1564 895 1596 Βυζαν-

102 1608 161 1634 τίου
177 1609 296 1644 στρατιὰ
325 1608 382 1643 ἆμα
411 1611 466 1640 τοῖς
497 1609 637 1644 Πέρσαις,
662 1610 710 1636 καὶ
738 1609 864 1644 βασιλεὺς
881 1611 895 1637 ὁ

102 1655 162 1685 νέος
194 1654 297 1689 μεταξὺ
319 1654 507 1690 Τζουρουλόης
538 1656 586 1681 καὶ
615 1655 769 1690 Ση).υ6ρίας
800 1656 897 1689 συνῆλ-

104 1700 159 1726 οον.
177 1700 333 1731 Συνιδόντες
355 1700 382 1726 δὲ
401 1700 426 1727 οἱ
442 1700 566 1734 Πέρσαι,
585 1701 632 1727 καὶ
655 1702 679 1727 οἱ
699 1702 731 1728 ἐκ
748 1701 894 1733 Βυζαντίου

108 1745 243 1778 Ῥωμαῖοι
258 1744 296 1776 ὡς
315 1745 377 1771 οὐδὲ
393 1745 553 1780 ἀντιϐλέψαι
571 1746 732 1781 δυνήσονται
761 1748 829 1782 πρὸς
843 1747 893 1782 τὴν

105 1792 173 1825 μετᾶ
198 1791 334 1824 βασιλέως
363 1791 505 1825 στρατιὰν,
524 1792 585 1818 οὐδὲ
600 1792 811 1826 παρατάξασθαι
827 1793 893 1819 ὑπο-

105 1837 248 1870 μείναντες
271 1836 333 1862 οὐδὶ
348 1837 463 1868 πλησίον
479 1837 579 1869 ἐλθεῖν,
596 1837 654 1864 ἀλλ’
670 1837 710 1864 ἔτι
725 1839 893 1874 πορρωτέρω

103 1882 188 1914 διτες,
212 1882 454 1916 μεταστραφέντες
481 1881 600 1916 ἔφευγον
621 1882 694 1908 κατὰ
709 1884 822 1917 κράτος⁴
840 1883 894 1919 ίδῖᾳ

105 1928 152 1962 μὲν
169 1928 194 1954 ol
211 1928 328 1962 Πέρσαι,
344 1928 398 1964 ἰδίᾳ
412 1927 441 1953 δὲ
457 1928 482 1954 οε
505 1928 648 1962 Ῥωμαῖοι.
669 1929 699 1954 ⁸0
722 1928 851 1963 βασιλεὺς
866 1929 894 1956 δὲ

104 1974 254 2007 φεύγοντας
283 1973 356 2005 ἰδὼν,
383 1975 432 2000 καὶ
459 1975 539 2005 αὐτὸς
559 1975 599 2006 εις
616 1974 663 2001 δύο
687 1975 718 2001 τὸ
734 1976 894 2010 στράτευμα

88 2021 205 2053 ramex],
223 2021 333 2047 ἐκέλευε
360 2020 482 2048 διώκειν.
506 2022 637 2048 Ἐπιπολυ
666 2021 693 2048 δὲ
711 2022 759 2056 τῆς
777 2021 896 2056 διώξεως

944 873 972 896 et
988 877 1050 896 cum
1068 869 1224 904 Byzantiuis
1239 870 1414 904 coniunctos,
1440 876 1502 896 mox
1529 874 1625 896 contra
1641 869 1736 904 junio-

945 922 1000 941 rem
1023 919 1164 941 venturos.
1184 914 1285 942 Audito
1300 915 1408 948 Persas,
1424 915 1526 950 alioqui
1547 915 1684 946 inimicos,
1701 915 1734 942 ad

944 960 1100 988 subsidium
1116 960 1249 988 adversus
1264 961 1445 996 homophylos
1461 968 1475 987 a
1490 968 1554 988 sene
1567 961 1680 994 ascitos,
1695 961 1736 988 iii-

943 1007 1107 1035 citatissimo
1127 1008 1241 1042 impetu,
1259 1012 1287 1034 et
1314 1008 1442 1035 celeriter
1458 1008 1651 1043 Didymoiii-lio
1676 1017 1737 1034 ino-

944 1061 1022 1085 vens,
1036 1053 1250 1080 adventantibus
1266 1058 1341 1080 recta
1357 1054 1465 1080 obviam
1483 1054 1617 1088 procedit,
1638 1061 1736 1081 manus

943 1102 1130 1130 conserturus,
1146 1098 1305 1132 ubicunque
1317 1098 1515 1125 occurrissent.
1527 1098 1620 1126 Tertio
1632 1100 1674 1126 die
1685 1099 1737 1134 By-

949 1143 1052 1170 zantini
1067 1151 1130 1171 cum
1149 1144 1239 1171 Persis
1267 1145 1400 1172 Zurulum
1416 1142 1490 1172 iutei‘
1500 1149 1528 1172 et
1542 1145 1693 1180 Selybriam
1708 1146 1735 1172 in

943 1197 1006 1217 eum
1035 1190 1170 1217 incidunt.
1185 1189 1254 1217 Cum
1279 1191 1383 1217 scirent
1408 1197 1500 1217 anteiit
1527 1198 1556 1217 se
1573 1198 1606 1217 ne
1634 1191 1735 1217 intueri

943 1236 1053 1271 quidem
1077 1236 1250 1271 imperatoris
1269 1237 1420 1264 exercitum
1442 1244 1570 1270 ausuros,
1587 1245 1637 1264 iicc
1650 1237 1736 1264 aciem

944 1288 1042 1310 contra
1058 1283 1216 1316 instituere,
1232 1290 1284 1315 nec
1300 1283 1413 1317 propius
1429 1283 1501 1310 fcire
1518 1283 1633 1318 gradum
1652 1289 1736 1310 susti-

944 1333 1081 1356 nuerunt:
1093 1330 1139 1356 setl
1151 1329 1245 1364 procul
1256 1329 1346 1357 adhuc
1357 1329 1502 1361 dismutes,
1514 1330 1578 1357 totis
1590 1330 1694 1357 viribus
1708 1330 1734 1356 iu

944 1376 1029 1411 pedes
1041 1376 1091 1402 hac
1105 1375 1204 1408 Persai,
1220 1375 1281 1402 illac
1291 1376 1405 1403 Romani
1418 1383 1446 1403 se
1464 1377 1651 1410 coujecerunt.
1664 1376 1736 1403 Cou-

951 1426 1044 1455 specta
1063 1420 1137 1455 fuga,
1151 1421 1301 1455 imperator
1322 1421 1379 1456 ipse
1394 1429 1508 1456 quoque
1526 1422 1623 1448 divisis
1648 1422 1736 1456 copiis

945 1467 1117 1502 fugientibus
1147 1467 1248 1493 instare
1274 1468 1366 1502 jussit.
1390 1467 1466 1500 Quod
1494 1475 1556 1494 cuiu
1580 1467 1626 1494 diu
1662 1473 1735 1494 esset

946 1513 1062 1546 factum,
1079 1517 1108 1540 et
1122 1513 1190 1539 nihil
1203 1519 1294 1540 tanien
1309 1512 1435 1540 eil'ectuui
1451 1513 1594 1548 (fugitores
1610 1513 1683 1540 enini
1697 1514 1734 1540 illi

946 1560 1002 1587 alas
1013 1560 1039 1586 in
1050 1559 1164 1594 pedibus
1178 1559 1317 1587 habebant
1331 1559 1396 1596 [6]),
1409 1559 1438 1586 hi
1453 1567 1514 1586 cum
1531 1560 1618 1587 tribus
1633 1559 1734 1588 Persis.

947 1605 988 1632 illi
1006 1612 1068 1632 cum
1084 1605 1205 1639 quinque
1223 1605 1364 1639 Romanis,
1391 1612 1460 1638 quos
1486 1605 1565 1632 vivos
1594 1609 1735 1639 ceperant,

948 1651 1187 1686 regrediebantur.
1206 1651 1292 1686 Equis
1302 1652 1441 1684 vectariis,
1455 1651 1502 1686 qui
1518 1659 1613 1686 agmen
1629 1651 1736 1686 fugiens

947 1698 1025 1733 sequi
1052 1706 1106 1725 non
1133 1702 1270 1733 poterant,
1293 1697 1510 1732 impedimentis,
1540 1702 1622 1732 atque
1651 1698 1735 1724 etiam

947 1745 1035 1772 servis
1051 1744 1170 1772 militum
1196 1752 1296 1779 magno
1320 1752 1436 1771 numero
1465 1743 1543 1778 potiti
1575 1749 1649 1771 sunt.
1668 1745 1736 1771 Pro-

946 1797 1058 1824 gressus
1089 1790 1238 1824 imperator
1258 1797 1342 1824 prope
1362 1788 1513 1824 Selybriam
1534 1789 1650 1816 tentoria
1667 1789 1735 1816 ﬁxit.

949 1836 1040 1863 Persa:
1066 1841 1094 1863 et
1119 1835 1235 1862 Romani
1255 1835 1326 1870 fugae
1344 1835 1478 1862 beneﬁcio
1497 1836 1608 1866 servati,
1633 1835 1736 1870 Byzan-

949 1882 1017 1909 tium
1038 1889 1101 1909 cum
1117 1881 1269 1914 venissent,
1289 1881 1348 1908 seni
1374 1881 1532 1915 imperatori
1561 1888 1621 1908 sese
1649 1882 1736 1908 victos

947 1930 1097 1960 narrabant
1111 1951 1118 1964 ,
1135 1938 1167 1957 ac
1179 1930 1269 1957 Persae
1283 1936 1367 1956 naves
1385 1929 1468 1956 simul
1484 1929 1517 1956 ad
1543 1929 1733 1963 trajiciendum

948 1975 1080 2011 petebant
1095 1984 1102 2002 :
1119 1982 1189 2010 quos
1205 1974 1251 2001 ille
1271 1979 1301 2001 ut
1317 1974 1441 2009 Bylaniii
1459 1979 1601 2001 manerent
1623 1973 1734 2001 ﬂectere

950 2030 1005 2049 non
1026 2027 1146 2057 poterat,
1163 2019 1378 2056 opponentibus,
1408 2027 1438 2047 se
1466 2020 1565 2048 frustra
1585 2020 1735 2047 contritum

721 2100 830 2131 Jacobi
847 2100 981 2131 Pontani
1001 2104 1094 2131 notae.

135 2174 174 2209 (ι)
192 2172 293 2209 Verbis
307 2171 408 2209 thecis
437 2178 503 2206 puto
527 2180 663 2204 rasuram.
688 2181 741 2200 non
759 2174 893 2202 attonsio-
910 2177 931 2205 Ι)
945 2175 1094 2207 Romanos,
1112 2174 1206 2202 multis
1217 2182 1232 2202 e
1249 2174 1317 2202 locis
1332 2182 1416 2201 sacra:
1433 2173 1585 2207 Scriptura
1598 2179 1718 2202 constat.

106 2207 175 2242 nem,
194 2216 243 2236 seu
261 2207 450 2234 di-toiisioiiein
469 2208 628 2240 signiﬁcari.
646 2209 716 2236 Alibi
735 2214 824 2236 tamen
838 2210 892 2241 bis,

106 2252 144 2271 li-r
157 2245 244 2270 verbo
261 2243 429 2276 περικείρειν
455 2243 553 2274 utitur,
580 2248 608 2270 ct
633 2245 716 2271 siiiiiel
745 2245 890 2278 περιελεῖν.

106 2279 286 2313 Quareliceat
302 2278 418 2304 fortasse
438 2279 586 2304 transferre
609 2279 723 2306 detonsa
747 2279 842 2310 barba.
866 2285 893 2307 et

106 2312 220 2349 capillis.
254 2312 347 2349 Geiius
376 2313 540 2349 ignominiis,
568 2313 681 2346 Griecis,
709 2318 739 2340 ut
767 2319 891 2348 apparet,

107 2347 247 2377 usitatum.
266 2347 397 2374 Romanis
419 2348 541 2379 minimc,
569 2356 638 2382 quos
664 2356 718 2375 non
739 2347 894 2376 delectabat

107 2383 335 2419 καρηκομώντας,
352 2388 400 2408 aut
416 2384 595 2419 τιωγῳιιάτας
623 2391 683 2411 esse
704 2392 710 2409 :
727 2384 779 2410 nisi
802 2385 894 2412 sordi-

107 2420 182 2446 datos
208 2423 237 2444 ct
264 2424 337 2448 reos,
361 2423 421 2453 tum
451 2418 524 2445 enim
551 2418 663 2445 barbam
690 2419 836 2453 impexam,
866 2424 894 2446 et

107 2452 491 2489 squalentem,capillumque
519 2452 776 2481 subiuitlebautIAt
791 2454 893 2481 Grazcis

109 2490 132 2516 id
150 2489 247 2516 honori
262 2488 329 2523 fuit;
345 2493 512 2522 quapropter
537 2489 625 2523 magni
651 2489 722 2523 apud
740 2496 787 2516 eos
809 2489 894 2517 dede-

109 2525 177 2552 coris
191 2523 254 2550 loco
276 2522 412 2558 habitum,
433 2523 468 2549 ita
490 2522 674 2550 deformatum
696 2525 722 2550 iii
745 2525 805 2551 foro
829 2532 892 2558 spe-

108 2559 249 2589 ctandum,
266 2563 293 2584 et
317 2557 486 2584 irridendum
510 2559 644 2585 exhiberi.
662 2559 775 2585 Videtur
800 2557 891 2586 autem

108 2603 163 2621 mos
174 2593 324 2620 admodum
350 2593 479 2626 antiquus
503 2593 639 2620 decalvari
665 2594 775 2621 ludibrii
799 2602 891 2622 causa.

109 2629 171 2656 liam
186 2628 196 2655 l
212 2628 332 2661 Pziralip.
351 2635 412 2654 eum
427 2629 509 2654 David
523 2629 625 2662 legatos
641 2630 760 2656 inisiSset
772 2630 804 2656 ad
825 2638 891 2656 coii-

108 2663 248 2692 solaudum
266 2662 405 2690 Haiiaiieiu
436 2663 519 2689 lilium
540 2664 619 2694 Naas.
638 2666 710 2698 regis
725 2664 893 2691 Ammanita-

109 2708 175 2731 rum,
193 2699 239 2725 ille
258 2705 370 2724 suorum
383 2706 465 2725 suasu
494 2706 594 2732 pueros
619 2700 701 2726 David
730 2699 891 2733 di'ealvavit,

110 2740 133 2760 et
159 2735 236 2760 rasit.
265 2732 334 2768 llinc
359 2733 443 2760 David
469 2735 613 2768 praecepit,
639 2740 669 2760 ut
694 2740 837 2762 manerent
864 2735 891 2761 in

110 2769 233 2799 Jericho,
260 2767 347 2794 donec
371 2773 507 2795 cresceret
530 2767 613 2796 barba
635 2777 741 2796 eorum.
764 2770 834 2802 Quin
864 2771 890 2796 id

111 2805 174 2839 apud
192 2803 323 2831 ΙΙυὺι-ιεος
339 2803 367 2830 iu
381 2803 455 2830 luctu
480 2804 566 2836 ﬁeret,
594 2811 689 2832 contra
711 2812 792 2839 quam
819 2805 891 2839 apud

982 2211 1019 2245 (5)
1046 2210 1177 2242 Observa,
1199 2217 1248 2244 pre
1275 2209 1385 2243 Turcis,
1408 2210 1454 2243 qui
1477 2209 1531 2244 jam
1561 2214 1616 2235 tum
1641 2209 1733 2237 Asiam

946 2245 1081 2273 minorem
1106 2245 1279 2277 obtinebant,
1302 2251 1329 2271 et
1352 2245 1378 2271 in
1411 2246 1479 2272 lines
1502 2244 1638 2280 liomaiios
1660 2253 1732 2280 sit-pc

944 2281 1151 2316 grassabantur,
1164 2280 1190 2306 id
1203 2281 1275 2314 quod
1294 2280 1320 2306 iii
1339 2287 1485 2316 progressu
1506 2279 1736 2316 discesaseiuper

945 2315 959 2342 ει
991 2321 1084 2342 nostro
1110 2315 1217 2345 Persas,
1241 2323 1381 2350 utinquam
1406 2315 1511 2342 'l‘iircas
1535 2315 1678 2350 appellari,
1705 2321 1735 2342 ut

946 2349 1170 2384 facitGregoras.
1196 2350 1280 2384 quue
1306 2349 1347 2377 vel
1370 2355 1481 2384 propter
1507 2349 1601 2375 odium
1627 2349 1734 2378 Tureici

947 2386 1078 2416 nominis,
1102 2385 1145 2412 vel
1172 2389 1286 2419 propter
1320 2385 1461 2419 religionis
1481 2384 1702 2412 communionem
1726 2395 1734 2412 :

946 2421 1033 2447 ambae
1058 2420 1193 2454 siquidem
1218 2426 1324 2455 gentes,
1356 2420 1453 2446 Turcaa
1486 2425 1513 2446 et
1539 2419 1736 2452 Νικοδίκη

946 2456 1152 2482 lllahometauae.

980 2491 1018 2523 (6)
1033 2489 1091 2517 Non
1106 2495 1175 2521 erat,
1195 2494 1223 2516 ut
1246 2491 1374 2525 fugientes
1395 2494 1499 2524 possent
1523 2490 1638 2525 assequi.
1661 2491 1736 2517 Cur?

945 2527 1008 2561 quia
1027 2526 1109 2552 nimis
1124 2525 1252 2561 celeriter
1267 2526 1421 2560 fugiebant.
1437 2526 1494 2552 Cur
1512 2529 1565 2552 tam
1588 2526 1736 2553 celeriter?

945 2560 1009 2596 quia
1045 2560 1162 2587 multum
1194 2560 1328 2588 timebant
1354 2569 1361 2588 :
1392 2561 1473 2588 timor
1495 2565 1586 2588 autem
1619 2562 1736 2595 pedibus

946 2595 1022 2624 addit
1036 2596 1104 2628 alas,
1123 2601 1153 2622 ut
1169 2603 1281 2630 magnus
1296 2601 1370 2624 vates
1387 2597 1434 2628 ait,
1448 2595 1519 2630 Ergo
1532 2604 1642 2623 sensum
1659 2603 1735 2623 com-

948 2632 1038 2662 mode.
1058 2635 1087 2658 ut
1113 2638 1185 2662 reor,
1201 2629 1397 2665 expressimus.
1413 2629 1519 2659 tametsi
1537 2639 1551 2657 a
1565 2631 1657 2659 verbis
1678 2631 1734 2657 dis-

945 2667 1088 2698 cessimus,
1104 2667 1176 2700 quod
1193 2666 1266 2692 bono
1296 2671 1323 2694 et
1342 2667 1472 2694 laudabili
1498 2666 1640 2700 interpreti
1663 2673 1734 2699 siepe

946 2702 1102 2729 faciendum
1119 2705 1172 2728 est.
1197 2701 1253 2728 Nos
1276 2702 1298 2728 si
1327 2702 1354 2728 id
1381 2702 1471 2729 rarius
1494 2702 1621 2731 fecimus,
1642 2700 1732 2727 timori

947 2742 1051 2768 nostro,
1065 2737 1112 2771 qui
1128 2737 1246 2770 primum
1264 2738 1292 2766 in
1306 2737 1357 2766 hoc
1368 2737 1537 2765 curriculum
1552 2735 1734 2771 ingredimur,

946 2773 1049 2808 aliquid
1065 2773 1247 2800 condoiietur.
