1920 3076
118 112 178 143 2‘37
205 147 212 150 _

717 108 989 140 HISTORIARUM
1010 108 1126 140 LIBER
1147 109 1168 140 ῐ.

1696 112 1749 144 293

119 167 266 193 ἀπέλυσεν
288 163 318 193 εὖ
333 166 450 200 ποιήσας
470 166 484 191 6
501 165 637 201 βασιλεὺς.
653 164 694 191 Τὰ
713 166 802 199 μέντοι
821 163 910 199 γράμ-

965 170 1055 197 posse.
1072 164 1093 192 si
1108 165 1142 192 iis
1159 164 1192 191 ab
1206 171 1300 192 carum
1315 165 1426 193 urbium
1442 167 1636 201 procuratione
1651 175 1751 196 avoca-

120 221 202 247 ματα
227 213 269 244 εις
292 212 438 245 Βυζάντιον
454 212 493 246 τῷ
521 212 632 246 μεγάλῳ
651 210 761 245 πέμψας
774 209 914 244 λογοθέτῃ,

118 259 246 294 παρῄνει
265 267 297 285 τε
321 259 368 285 καὶ
381 257 590 284 συνεϐουλεύετο
604 257 672 284 αὐτὰ
689 256 814 290 φιλικῶς,
828 254 865 285 ὡς
881 254 915 280 τὰ

120 306 178 339 μὲν
194 305 348 339 γράμματα
364 304 445 331 ταυτὶ
466 303 505 338 τῷ
527 303 646 338 κηδεστῇ
666 301 805 337 πέμψειαν
819 301 843 327 οε
861 300 915 326 υἱοὶ

118 353 249 386 γέμοντα
266 351 368 384 πολλῆς
394 349 523 384 ὑποψίας.
539 349 624 376 Αὑτὸν
634 348 662 375 δὲ
681 348 792 375 ἐκείνων
806 356 835 373 τε
850 347 914 373 δντα

118 398 236 432 πατέρα
266 398 314 423 καὶ
334 398 366 431 τῇ
388 396 531 430 Ῥωμαίων
563 394 699 430 ἡγεμονίᾳ
721 393 771 429 τὴν
798 392 914 427 δυνατὴν

118 444 263 477 ὠφέλειαν
280 443 434 478 ὀφείλονταΔ
445 443 592 478 είσφὲρειν,
608 439 652 468 οἶα
674 441 729 467 τῶν
751 441 813 467 κατ’
829 439 915 474 αὐτὴν

119 473 280 525 πράγματα
302 473 341 516 ’δι’
364 473 445 516 αὒτῆὖ
471 473 675 524 διοικουμένων,
689 487 779 524 χρεὼν
792 473 912 519 ἐκείνους

118 545 152 562 τε
173 537 290 563 ἀπαθεῖς
305 535 398 562 κακῶν
420 536 524 570 τηρεῖν,
540 535 587 562 καὶ
611 535 661 571 τὴν
682 534 912 569 προσδοκωμένην

119 582 173 608 ἀπ’
201 582 294 609 αὐτῶν
320 581 550 617 προαναστέλλειν
583 581 696 616 βλάῦην.
715 580 801 607 Τοῦτο
823 580 852 607 δὲ
867 580 913 611 γέ-

119 628 190 654 νοιτ’
216 628 260 659 ἂν,
283 629 308 654 εἰ
337 627 437 659 αὐτοὺς
467 628 515 662 μὲν
541 628 588 653 τοῦ
604 627 658 653 τῶν
680 626 784 653 πόλεων
799 627 912 653 ἐκείνων

119 675 222 710 ἄρχειν
243 675 410 709 ἀποστήσας,
427 674 538 709 ἑτέρους
560 673 734 705 ἀνυπόπτους
757 674 911 708 ἐπιστήσει,

119 720 219 750 αὐτοῖς
235 719 263 745 δὲ
280 719 375 753 ἐτέρας
393 718 479 752 ἀρχὰς
536 718 568 744 ἂν
583 717 657 752 αὑτῷ
674 717 738 752 δοκῇ
759 717 911 744 λυσιτελεῖν

119 765 287 799 ἐγχειρίσει.
312 764 388 798 Ἐμοὶ
407 763 457 798 μὲν
470 761 516 790 οὖν
535 763 584 790 οὐκ
599 763 701 797 ἀγαθὴν
717 761 816 795 ἔδοξεν,
834 760 907 796 εἷπε,

119 811 162 845 τῷ
182 811 289 846 βασιλεῖ
311 810 345 836 τὰ
369 810 481 836 τοιαῦτα
511 811 663 844 γράμματα
692 809 808 843 ποιῆσαι
831 809 909 844 δῆλα,

120 857 192 883 ἀλλὰ
206 857 279 891 μόνῳ
294 865 335 883 σοι
349 865 355 872 ·
370 856 407 887 ὡς
417 856 448 883 ἂν
461 857 569 888 συνετὸς
583 855 631 888 ὢν,
647 856 680 882 τά
693 863 721 881 τε
736 855 827 882 δέοντα
839 855 909 890 ὑπὲρ

119 903 180 929 τῶν
214 902 312 928 κοινῶν
344 902 525 937 οἱκονομήσῃς
553 903 737 937 πραγμάτων,
767 903 814 929 καὶ
852 904 910 934 τοῖς

120 948 206 974 παισὶ
236 948 270 973 τὰ
291 946 492 973 λυσιτελοῦντα.
508 947 637 979 Βασιλεὺς
657 947 707 982 μὲν
726 946 774 974 οὖν
794 947 909 975 τοιαῦτα

120 994 162 1028 τῷ
180 994 292 1029 μεγάλῳ
308 993 483 1020 συνεϐούλευε
499 994 644 1030 λογοοέτῃ·
663 994 676 1019 6
693 994 732 1026 δέ,
747 993 909 1020 πείσοεσθαί

120 1049 152 1066 τε
183 1040 254 1072 δέον,
285 1041 332 1066 καὶ
356 1041 470 1074 χάριτας
491 1040 540 1074 τῆς
565 1040 620 1066 τῶν
653 1040 719 1066 υἱῶν
745 1040 909 1075 κηδεμονίας

121 1086 280 1122 ὁμολογεῖν,
305 1086 462 1112 τούναντίον
488 1085 575 1112 ἐποίει
603 1086 668 1113 πᾶν.
697 1086 826 1122 Τραχέως
855 1086 909 1122 γὰρ

120 1134 344 1169 ἀποκρινάμενος
374 1135 420 1160 καὶ
445 1130 580 1169 σκλτηρῶς,
596 1135 642 1161 ἐπὶ
664 1134 735 1160 τέλει
756 1134 910 1169 προβέϐηκε

122 1180 275 1213 καὶτοῦτο,
296 1179 332 1211 ὡς
355 1180 403 1206 καὶ
417 1181 472 1211 τοῖς
486 1178 558 1212 ὄνοις
578 1181 594 1215 ἠ
611 1178 746 1215 παροιμία
759 1180 850 1207 δίδωσι
865 1180 910 1207 τὸν

124 1226 221 1258 ξέοντα
245 1225 389 1258 emam.
401 1226 510 1261 Ταύτην
532 1226 581 1262 μὲν
602 1224 649 1254 οὖν
670 1227 783 1258 ἑαυτοὺς
801 1227 911 1261 ἀνερευ-

123 1273 226 1304 νῶντες
245 1272 374 1299 ὑπενόουν
386 1272 476 1299 αἰτίαν
487 1273 527 1304 είς
540 1273 569 1299 τὸ
582 1273 760 1308 πολεμεῖσθαι
770 1282 910 1309 παρεσχη-

126 1317 241 1351 μένους,
264 1317 309 1343 τὸν
340 1317 427 1351 μέγαν
453 1317 678 1352 ὑπολογιζόμενοι
704 1318 910 1353 παροξυνθέντα

123 1363 171 1390 διὰ
197 1353 284 1389 ταῦτα
309 1362 457 1399 λογοϐέτην
478 1365 517 1395 εἰς
530 1365 560 1390 τὺ
575 1364 705 1399 πολεμεῖν
718 1364 910 1398 παρακαλέσαι

125 1409 173 1435 τδν
205 1409 335 1443 βασιλέα·
357 1408 442 1442 σαφὲς
474 1409 565 1443 μέντοι
594 1405 667 1443 εῐχον
695 1408 772 1434 οὐδὲν
797 1408 909 1434 ειδέναι.

128 1455 224 1487 ’Δξιον
247 1455 274 1480 δὲ
295 1454 340 1481 καὶ
359 1454 419 1486 οἵας
445 1454 606 1488 εὐεργεσίας
634 1454 702 1488 πρός
718 1462 747 1479 τε
765 1453 912 1489 λογοθέτην

967 211 1012 242 tis,
1031 211 1098 238 alias
1121 211 1299 246 praefecturas
1317 216 1345 239 ut
1361 213 1492 247 expedire
1508 213 1657 246 videbitur.
1674 222 1752 242 com-

967 256 1066 288 mittat,
1081 261 1109 284 ct
1132 265 1204 285 uttnc
1223 257 1291 285 alios
1310 265 1364 285 nou
1378 264 1520 293 suspectos
1537 258 1674 294 surroge‘t.
1692 259 1750 286 Sibi

966 302 1065 334 visum,
1084 302 1132 329 has
1147 303 1253 330 litteras
1275 305 1434 338 imperatori
1452 305 1575 332 cxltlhcri
1594 313 1649 333 non
1667 313 1758 340 expet

965 348 1025 376 dire
1042 357 1049 375 :
1065 349 1111 376 sed
1128 349 1179 384 ipsi
1203 350 1273 384 patri
1293 350 1436 384 duntaxat,
1458 356 1488 378 ut
1510 359 1572 378 cum
1602 352 1750 386 prudentia

965 398 1084 426 praestet,
1097 402 1158 429 qua:
1174 395 1331 429 reipublicae
1346 397 1466 424 rationes
1477 398 1627 431 postulent.
1641 405 1672 425 ea
1687 405 1751 432 pro-

965 440 1057 468 videat
1076 445 1158 476 atque
1182 442 1367 474 administret,
1401 447 1429 470 et
1453 443 1572 470 ﬁliorum
1598 444 1679 471 saluti
1702 443 1750 472 det

965 495 1088 522 operam.
1104 488 1181 515 lstzec
1191 487 1342 522 imperator
1362 488 1457 523 junior
1481 497 1579 524 magno
1602 490 1750 525 logothetze
1784 484 1789 485 ⁷

964 533 1066 565 suasit;
1082 541 1162 568 quem
1189 541 1252 561 cum
1273 534 1428 561 auscultare
1445 542 1478 561 ac
1494 542 1543 569 pro
1560 534 1679 562 ﬁliorum
1694 537 1750 563 sol-

963 578 1107 606 licitudine
1121 579 1221 613 gratias
1236 586 1317 614 agere
1337 580 1517 614 oportuisset,
1533 580 1648 608 omnino
1669 589 1750 609 secus

962 623 1037 658 egit;
1054 631 1149 658 aspere
1167 624 1252 655 enim,
1269 628 1298 651 et
1311 625 1410 652 acerbe
1424 626 1603 659 respondens,
1618 626 1644 653 in
1659 631 1751 654 extre-

964 677 1008 696 mo
1023 669 1121 705 adjecit
1136 670 1218 697 etiam
1235 670 1287 698 hoc
1303 679 1309 697 :
1325 670 1406 698 Juxta
1420 671 1608 706 proverbium,
1626 672 1708 699 licere
1723 677 1751 700 et

962 716 1054 743 asellis
1064 721 1187 743 mututtm
1197 716 1320 744 scabere.
1330 716 1404 745 lianc
1412 718 1515 752 itaque,
1526 717 1644 745 insemel
1657 718 1732 753 inqui
1740 732 1752 738 -

963 766 1066 794 rentes,
1076 770 1186 789 causam
1200 763 1270 790 bello
1282 764 1440 791 renovando
1451 771 1480 791 se
1491 764 1616 792 attulisse
1629 765 1752 799 suspica-

962 806 1074 839 bantur,
1090 813 1248 842 reputantes
1263 808 1328 836 hinc
1339 809 1476 837 irritatum
1492 818 1618 844 magnum
1628 809 1751 846 logotbe-

927 840 947 867 Β
963 857 1029 883 tam,
1041 853 1231 888 imperatorem
1245 853 1278 881 ad
1291 862 1366 881 arma
1380 854 1562 883 sollicitasse:
1578 855 1645 882 nihil
1660 860 1751 882 tamen

960 903 1065 925 certum
1077 899 1148 926 scire
1158 904 1293 934 poterant.
1303 900 1359 935 Ope
1365 908 1400 928 rae
1412 901 1530 935 pretium
1540 905 1583 928 est
1593 908 1676 936 porro
1685 908 1752 935 pau-

960 945 1000 971 cis
1013 944 1157 979 attingere,
1170 953 1232 980 qua:
1245 946 1377 974 beneﬁcia
1386 947 1480 982 junior
1490 948 1641 982 imperator
1651 947 1679 974 in
1694 947 1751 974 An-

961 989 1104 1017 dronicum
1121 991 1305 1026 Palaeologum
1328 992 1583 1026 protovestiariutn,
1601 996 1631 1020 et
1651 991 1677 1019 in
1691 999 1752 1019 nta-

960 1043 1043 1070 gnum
1056 1037 1222 1072 logothctam
1233 1038 1313 1073 longe
1325 1038 1479 1073 pracipuos
1495 1039 1578 1074 hujus
1592 1039 1666 1066 tertii
1685 1031 1750 1067 belli

961 1086 1090 1109 auctores
1098 1082 1170 1109 ultro
1181 1083 1349 1111 contulerit:
1362 1088 1392 1110 ut
1402 1084 1429 1111 in
1438 1085 1547 1116 qualem
1560 1089 1752 1120 quantumque

960 1126 1032 1154 bene
1043 1133 1193 1156 merentem
1205 1129 1304 1164 ingrati
1312 1131 1477 1164 exstiterint,
1489 1138 1655 1166 cognoscere
1664 1132 1752 1166 possi-

962 1180 1033 1200 mus.
1051 1173 1280 1202 Protovestiarius
1290 1179 1404 1203 matrem
1417 1176 1514 1204 habuit
1526 1177 1645 1210 Annam,
1671 1185 1750 1205 soro-

962 1226 1020 1246 rem
1035 1219 1184 1247 Andronici
1203 1221 1331 1254 senioris,
1342 1222 1544 1256 quatMichaeli
1557 1223 1635 1255 duci,
1654 1224 1701 1251 uni
1717 1231 1750 1251 ex

961 1265 1133 1300 principibus
1144 1267 1230 1294 Patrae
1245 1272 1272 1294 et
1284 1266 1432 1296 Thessalia
1444 1269 1627 1304 circumjet-taa
1640 1270 1749 1304 nupsit;

962 1312 1009 1347 qui
1026 1312 1119 1339 nescio
1139 1313 1174 1340 ob
1190 1321 1269 1348 quam
1292 1315 1510 1342 controversiam
1532 1323 1660 1351 maguum
1676 1317 1751 1350 logo-

963 1359 1063 1386 thctam
1075 1366 1183 1391 exosus.
1207 1360 1278 1394 apud
1301 1359 1496 1395 imperatorem
1510 1360 1648 1396 juniorem
1665 1362 1750 1389 multa

962 1404 1095 1432 adversus
1117 1405 1194 1432 illum
1215 1405 1356 1432 confusius
1377 1406 1474 1433 ell'udit
1489 1427 1495 1438 ,
1517 1414 1579 1434 cum
1601 1407 1653 1434 hac
1673 1408 1750 1435 σίου*

962 1451 1031 1481 sola,
1048 1458 1078 1477 se
1089 1451 1144 1484 jant
1161 1451 1220 1486 ejus
1234 1451 1299 1478 odio
1312 1451 1428 1484 fessum,
1448 1452 1518 1480 velle
1536 1452 1676 1480 hominem
1692 1454 1749 1488 pla-

126 1501 173 1527 τὸν
197 1501 294 1536 μέγαν,
313 1501 359 1526 καὶ
379 1500 448 1534 πρὸς
472 1500 518 1527 τὸν
539 1499 786 1534 πρωτοΰεστιάριον
805 1499 909 1534 Ἀνδρό-

962 1493 1002 1528 gis
1026 1494 1118 1521 multis
1133 1495 1287 1528 concidere,
1303 1496 1411 1524 etiamsi
1435 1497 1512 1532 131
1530 1503 1674 1532 promeres
1696 1499 1748 1526 silui

126 1553 202 1571 νικον
231 1545 276 1571 τὸν
306 1543 488 1577 Παλαιολὸγον
518 1544 580 1575 τοὺς
608 1543 655 1569 τοῦ
685 1543 777 1577 τρίτου
803 1542 909 1569 τουτουί

127 1591 248 1624 πολέμου
274 1590 393 1624 μάλιστα
409 1590 587 1620 αἰτιωτάτους
612 1589 812 1623 γεγενημένους
829 1588 909 1623 βασι-

126 1636 190 1666 λεὺς
212 1636 227 1661 ὁ
252 1636 310 1667 νέος
338 1635 453 1670 ὑπῆρξε,
466 1634 648 1670 διηγήσασθαι
668 1634 713 1661 διὰ
727 1634 909 1670 βραχέωνμῦς

127 1683 161 1710 ἂν
177 1681 246 1717 πρὸς
262 1679 319 1708 οἷον
343 1681 521 1716 ὴγνωμόνουν
542 1681 679 1715 είδειημεν
703 1681 861 1716 εὐεργέτην.
880 1681 909 1708 '0

127 1729 182 1763 γὰρ
205 1726 456 1762 πρωτοσιστιάριος
481 1726 574 1752 οὑτοσὶ
594 1726 777 1760 Παλαιολόγος
799 1726 910 1761 Ἀνδρὸ-

126 1781 214 1803 νικος,
230 1772 277 1806 τῆς
305 1770 352 1797 τοῦ
381 1770 568 1805 πρεσϐυτέρου
589 1770 720 1805 βασιλέως
738 1770 908 1804 Ἀνδρονίκου

128 1820 193 1850 παῖς
209 1818 247 1844 ὣν
263 1817 379 1852 ἀδελφῆς
395 1817 445 1851 τῆς
462 1817 572 1850 ’Ᾱννης,
585 1817 600 1852 ἢ
615 1816 731 1852 συνῴκει
746 1816 856 1852 Μιχαὴλ
871 1817 910 1852 τῷ

128 1865 205 1891 διυκὶ
219 1864 273 1891 τῶν
288 1863 396 1897 Πάτρας
412 1863 552 1898 ἀρχόντων
568 1863 609 1888 ἐνὶ
621 1863 667 1888 καὶ
687 1863 737 1897 τῆς
751 1861 810 1888 κατ’
824 1862 911 1897 αὐτὴν

129 1910 291 1942 Θεσσαλίας,
323 1910 354 1936 ἐκ
385 1917 456 1939 τινος
487 1908 618 1943 διαφορᾶς
654 1909 722 1943 πρὸς
749 1908 793 1935 τὸν
824 1908 912 1943 μέγαν

129 1955 437 1991 λογοοὲτην⁷ἁπεχθῶς
475 1955 621 1988 διατεθεὶς,
655 1954 724 1989 πρὸς
764 1955 811 1980 τὸν
850 1955 910 1980 νέον

130 2003 242 2038 βασ.λέα
273 2001 368 2034 ἐλθὼν,
397 2001 482 2028 πολλά
515 2009 544 2027 τε
584 2002 631 2027 καὶ
662 2001 772 2035 ἄκοσμα
812 2000 910 2035 διεξῄει

129 2047 188 2073 κατ’
219 2046 312 2078 αὑτοῦ,
346 2047 391 2072 καὶ
419 2045 571 2072 τελευταῖον
598 2045 766 2080 προσετίθει,
790 2044 829 2076 ὡς
859 2045 909 2080 ήδη

131 2094 197 2129 πρὸς
224 2093 273 2128 τὴν
298 2093 365 2127 πρὸς
384 2091 465 2118 αὑτὸν
486 2091 636 2127 ἀπέχθειαν
659 2091 829 2126 ἀπειρηκὼς,
848 2091 910 2126 βού-

129 2141 192 2167 λοιτ’
218 2140 251 2166 ἂν
272 2140 353 2166 αὑτὸν
380 2138 544 2170 συγκόπτειν
570 2137 680 2169 πολλαῖς
697 2139 756 2168 ταῖς
782 2137 909 2171 πληγαῖς,

130 2186 180 2212 κᾶν
211 2186 259 2220 δέῃ
280 2185 325 2211 διὰ
355 2183 435 2210 τοῦτο
454 2184 501 2210 καὶ
526 2184 721 2218 ἀποθνήσκειν.
756 2183 795 2209 Δι’
820 2183 835 2209 ὃ
863 2184 912 2209 καὶ

131 2231 244 2267 ἀμύνειν
274 2231 357 2265 αὐτῷ,
380 2231 432 2256 εἴτι
457 2231 525 2265 μετὰ
552 2230 638 2256 ταῦτα
665 2230 708 2256 διὰ
735 2229 764 2256 τὸ
782 2229 911 2264 τόλμημα

131 2279 199 2306 ἐπίοι
218 2277 317 2310 δεινὸν,
333 2277 430 2304 ἐδεῖτο.
450 2276 583 2308 Ἀκούσας
599 2277 627 2303 δὲ
643 2276 805 2311 ὀβασιλεὺς,
821 2276 912 2310 λόγοις

131 2334 160 2351 τε
183 2324 292 2354 πολλοῖς
314 2323 361 2349 καὶ
384 2323 564 2358 παραινέσεσι
589 2322 635 2348 τὸν
664 2321 911 2357 πρωτοῢεστιάριον

132 2373 248 2405 ἀπάγειν
262 2370 307 2395 τοῦ
325 2369 498 2404 τολμήματος
513 2368 663 2403 ἐπεχείρει,
681 2368 719 2398 ὼς
729 2367 756 2394 δέ
768 2368 817 2393 οὐκ
833 2366 909 2393 ἒπει-

132 2420 168 2450 ίλε,
182 2419 228 2445 καὶ
251 2416 391 2451 διαθήσειν
405 2415 537 2450 ἠπείλησε
556 2414 590 2441 τὰ
613 2413 803 2449 χαλεπώτατα,
826 2413 850 2438 εί
874 2413 911 2447 μὴ

132 2465 259 2491 παύσοιτο
275 2462 410 2493 τοιούτοις
427 2461 586 2495 ἐπιχειρῶν.
611 2461 683 2494 Ἔφη
709 2459 782 2493 γάρ·
798 2460 829 2486 El
848 2459 909 2493 μὲν,

132 2513 193 2548 πρὶν
211 2511 296 2547 μηδὲν
311 2510 380 2546 πρὸς
405 2509 486 2535 αὑτὸν
511 2508 632 2534 τοιοῦτον
657 2508 754 2538 εἰπεῖν,
772 2506 799 2532 τὶ
815 2506 910 2540 είργάο

133 2560 190 2592 ζετο
205 2559 259 2584 τῶν
275 2557 396 2588 ἀτόπων,
413 2555 499 2582 δεινὸν
521 2556 570 2589 μὲν
591 2554 623 2580 ἂν
640 2551 683 2588 ἦν,
699 2553 775 2579 οὐδὲν
789 2553 817 2579 δέ
836 2551 911 2586 αὐτῷ

133 2605 277 2639 διαφέρειν.
304 2601 414 2637 Ἐπειδὴ
425 2601 453 2628 δέ
470 2600 543 2635 αὗτῷ
557 2601 678 2634 φανερὰν
694 2599 845 2632 κατέστησε
862 2597 911 2632 τὴν

132 2650 240 2685 γνώμην
253 2669 261 2682 ,
282 2648 415 2675 ἀδύνατον
435 2648 476 2677 είς
500 2647 580 2682 ἔργον
602 2645 651 2680 τὴν
667 2644 765 2680 βουλὴν
785 2652 911 2679 προαγα-

132 2698 196 2731 γεῖν.
214 2695 270 2731 Τὴν
288 2696 341 2729 γὰρ
357 2695 396 2725 εἰς
414 2693 458 2720 τδν
478 2693 564 2727 μέγαν
590 2691 736 2726 λογοοέτην
751 2691 909 2726 παροινίαν,

132 2742 267 2776 διοικητὴν
285 2741 341 2767 τῶν
357 2740 491 2775 βασιλέως
508 2739 572 2765 ὅντα
590 2739 779 2773 πραγμάτων,
790 2739 828 2768 εἰς
840 2738 910 2764 ἐκεῖ-

133 2797 172 2815 νον
191 2788 269 2822 ἄγειν
291 2787 340 2822 τὴν
358 2786 449 2821 ὓὸριν,
468 2785 486 2812 ἃ
506 2785 544 2820 μὴ
561 2785 620 2811 δέον
642 2785 722 2811 αὐτὸν
744 2785 908 2819 συγχωρεῖν.

134 2835 238 2867 Τούτοις
255 2834 304 2870 μέν
318 2831 365 2860 οὖν
376 2834 390 2860 ὁ
405 2832 654 2868 πρωτοῦεστιάριος
667 2831 790 2858 ἐπείθετο
806 2830 909 2862 δείσας,

307 2881 443 2910 Ριτιιοι..
462 2880 520 2909 Gn.
546 2879 647 2910 CLlll.

962 1539 1134 1566 moriendum
1158 1541 1203 1568 sit.
1218 1540 1307 1574 Quare
1320 1549 1383 1568 euut
1408 1543 1531 1577 rogabat,
1551 1548 1580 1570 ut
1598 1543 1618 1570 si
1637 1549 1748 1579 propter

962 1589 1016 1612 tant
1033 1585 1123 1612 audax
1138 1585 1244 1613 facinus
1254 1587 1395 1622 quidpiam
1410 1588 1522 1622 gravius
1536 1589 1589 1616 sibi
1606 1590 1749 1624 impende-

964 1636 1015 1663 ret,
1031 1638 1110 1666 opem
1125 1631 1247 1659 aﬁ‘erret.
1262 1632 1641 1669 lmperatorlongosermonc
1655 1637 1747 1664 admo-

961 1677 1049 1704 nitum
1063 1685 1077 1704 a
1091 1681 1143 1704 tam
1160 1678 1293 1713 prmcipiti
1318 1680 1433 1707 consilio
1452 1680 1589 1709 abducere
1600 1683 1750 1711 nitebatur.

960 1722 1029 1750 Cum
1053 1723 1138 1750 surdo
1154 1724 1326 1759 loqueretur,
1349 1725 1596 1754 lnclementissime
1619 1728 1695 1756 illunt
1721 1737 1751 1757 se

961 1774 1136 1804 accepturum
1151 1770 1271 1797 ntinatus
1279 1775 1333 1803 est,
1347 1771 1399 1798 nisi
1413 1773 1457 1799 tali
1470 1778 1570 1800 conatu
1582 1774 1727 1802 desisteret
1741 1785 1749 1806 ;

961 1820 988 1842 et
1003 1815 1142 1843 addebat:
1160 1815 1188 1843 Si
1201 1824 1244 1844 me
1261 1817 1390 1850 celasses,
1404 1822 1431 1845 et
1447 1818 1557 1846 interim
1575 1821 1689 1847 vetitum
1702 1822 1747 1848 ali-

962 1862 1028 1896 quid
1051 1862 1078 1889 in
1101 1863 1190 1896 ipsum
1208 1863 1392 1898 designasscs,
1410 1872 1492 1899 grave
1510 1865 1536 1892 id
1556 1866 1665 1900 quidem
1682 1867 1747 1894 fuis-

962 1911 1014 1937 set.
1029 1914 1086 1934 mea
1102 1913 1193 1935 autem
1208 1909 1278 1935 nihil
1301 1910 1458 1937 retulisset:
1475 1915 1505 1938 at-
1515 1911 1570 1946 jam
1585 1913 1650 1946 quia
1674 1920 1746 1939 men-

964 1957 1017 1980 tem
1032 1957 1105 1980 luant
1124 1953 1191 1980 milti
1208 1953 1351 1988 aperuisti,
1368 1963 1428 1990 qua:
1446 1956 1488 1983 vis
1510 1964 1593 1991 opere
1617 1958 1748 1992 compleri

963 1999 1122 2034 neutiquam
1146 2004 1270 2034 possunt.
1290 2000 1367 2033 Quod
1383 2001 1458 2028 enim
1478 2002 1506 2029 in
1523 2010 1649 2037 magnum
1672 2003 1748 2038 logo-

963 2046 1066 2074 thelam
1084 2046 1256 2077 imperatoris
1276 2048 1319 2074 avi
1335 2048 1468 2075 vicarium
1492 2049 1659 2083 petulantius
1675 2057 1748 2077 com-

963 2094 1097 2126 mittetur,
1110 2094 1136 2120 id
1150 2094 1229 2128 quasi
1245 2102 1258 2121 a
1271 2103 1313 2122 me
1327 2095 1506 2122 commissum
1522 2095 1647 2124 homines
1664 2097 1749 2124 inter-

964 2141 1160 2175 prelahuntur;
1184 2140 1258 2175 quod
1281 2141 1392 2175 quidem
1418 2143 1484 2170 utihi
1508 2143 1670 2178 patiundum
1695 2152 1749 2172 non

964 2191 1014 2213 est.
1041 2186 1089 2214 His
1115 2192 1269 2214 commotus
1294 2189 1520 2222 protovestiarius
1544 2190 1644 2223 timuit,
1666 2195 1695 2218 ct
1722 2191 1749 2218 in

964 2239 1091 2266 magnum
1116 2233 1280 2267 logotbetam
1303 2234 1458 2268 exemplum
1481 2235 1630 2269 pessimum
1658 2237 1750 2263 moliri

963 2274 1089 2304 cessavit.
1109 2278 1206 2305 Paucis
1222 2278 1319 2305 diebus
1331 2278 1508 2313 intermissis,
1525 2281 1617 2308 senior
1634 2282 1751 2316 impera—

964 2328 1017 2356 tor,
1034 2330 1067 2349 an
1095 2323 1245 2356 calumnia,
1261 2332 1293 2351 an
1312 2325 1364 2351 alia
1382 2327 1487 2353 ratione
1505 2327 1643 2359 inductus,
1668 2327 1708 2354 sic
1724 2328 1750 2354 itt

966 2370 1212 2403 protovestiarium
1229 2371 1343 2402 rxarsit,
1358 2376 1387 2397 ut
1402 2380 1464 2398 eum
1482 2373 1506 2399 in
1522 2379 1660 2400 carcerem
1676 2382 1752 2400 com-

963 2415 1075 2449 pingare
1092 2415 1235 2450 cogitaret.
1250 2416 1333 2443 Mittit
1346 2417 1429 2452 igitur
1442 2425 1569 2452 maguum
1583 2418 1750 2453 logothetant

963 2461 996 2488 ad
1015 2466 1154 2496 nepotem,
1175 2465 1203 2489 et
1216 2462 1357 2489 hominem
1376 2470 1439 2490 eum
1461 2463 1496 2490 de
1506 2463 1568 2491 aliis
1587 2464 1751 2492 criminibus

965 2508 1058 2535 multis
1080 2512 1196 2540 accusat,
1210 2513 1267 2535 tum
1283 2509 1356 2543 quod
1371 2509 1423 2536 sibi
1443 2510 1575 2537 maledica
1593 2511 1684 2545 lingua
1698 2511 1749 2538 ob-

962 2559 1080 2581 trectare
1096 2561 1149 2580 non
1167 2554 1293 2581 desinat:
1311 2554 1345 2581 ob
1358 2562 1418 2586 quae
1436 2555 1492 2582 sola
1507 2560 1659 2582 extremum
1685 2563 1750 2590 sup-

963 2601 1075 2635 plicium
1091 2606 1237 2628 mereatur.
1257 2601 1391 2628 Pra’terea
1407 2602 1479 2635 quod
1490 2594 1494 2598 ’
1506 2601 1539 2628 ab
1556 2602 1622 2636 ipsis
1635 2602 1752 2630 deﬁcere

965 2646 1121 2673 meditetur.
1136 2646 1176 2673 0b
1194 2647 1250 2673 haec
1263 2647 1421 2673 existimare
1449 2655 1478 2674 sc
1501 2648 1576 2674 illum
1601 2647 1752 2681 conjicien-

963 2692 1027 2718 dum
1044 2693 1070 2718 in
1090 2691 1242 2718 custodiunt
1257 2700 1263 2718 :
1281 2697 1307 2718 ct
1331 2693 1401 2719 hanc
1417 2693 1579 2719 sententiam
1606 2700 1681 2719 sttam
1698 2692 1750 2726 ipsi

963 2737 1086 2764 indicare
1101 2737 1232 2769 voluisse,
1249 2743 1277 2764 ut
1300 2739 1401 2772 pariter
1419 2739 1504 2766 sciret
1525 2747 1609 2773 seque
1632 2739 1664 2765 ad
1685 2747 1748 2765 eunt

962 2782 1198 2817 comprintettdum
1219 2783 1369 2817 adjuvaret.
1383 2782 1471 2818 Nepos
1498 2784 1534 2810 ita
1553 2783 1703 2816 responzlit,
1720 2791 1750 2809 so

962 2835 1070 2864 quoque
1112 2828 1351 2863 protovestiarium
1384 2836 1486 2862 magum
1519 2828 1609 2854 amitae
1638 2835 1692 2855 siue
1719 2830 1750 2855 ﬁ-

1535 2877 1570 2905 10
