1920 3076
169 125 224 156 2ἰί

778 120 940 150 ,ΙΟᾹΝΝΙΞ
956 119 1220 150 CANTACUZENI

1754 121 1821 152 332

174 182 273 210 ari-ario
301 185 405 208 tantum
422 187 459 207 ms
477 177 625 206 dissolvere
643 186 649 204 :
667 177 783 212 proinde
807 185 856 212 pro
885 177 963 212 copia

1023 177 1043 204 ῑὲ
1059 178 1091 204 ἂν
1103 179 1148 205 χαί
1165 177 1291 211 βασιλεὺς
1308 177 1424 213 ἐθελήσῃ
1434 178 1487 204 τῶν
1501 178 1686 213 ὀφειλομένων
1701 180 1823 214 χρημά-

175 235 250 255 nunc
275 227 442 261 acciperent,
468 225 602 258 reliquum
632 224 664 250 ad
690 223 762 250 diem
796 223 962 258 przelinitant

175 273 327 309 accepturi.
349 272 376 299 Si
407 271 459 298 hoc
482 270 591 298 ditlieilc
613 269 726 305 putatis,
750 270 852 305 excipit
879 269 965 303 impc«

175 326 261 352 rator,
279 320 359 346 etiam
378 317 492 345 dimidio
519 316 643 348 remisso,
661 321 758 351 quarta
784 321 869 351 parte.
889 317 965 351 pacis

175 371 203 394 et
218 365 371 392 Concordia:
387 370 481 394 causa,
497 363 619 390 contenti
640 363 753 390 erimus.
775 363 835 395 Quo
859 362 963 394 audito,

175 410 296 447 episcopi
313 418 374 437 eum
387 413 444 437 uta
456 409 572 444 pecunia
582 409 714 436 invictum
725 408 964 440 commendarunt,

176 456 439 492 spoponderuntque
455 455 523 482 citra
549 454 766 482 controversiam
791 458 896 489 partem
925 453 965 481 di-

175 506 245 529 ctam
268 502 388 528 solutum
411 499 456 527 iri.
482 500 645 534 Imperator,
674 504 704 526 ut
735 500 761 526 in
790 500 842 526 hoc
871 507 965 526 secttm

176 548 307 575 facientes
323 547 401 580 vidit,
411 547 506 573 volens
517 550 643 573 constare
652 545 788 576 omnibus.
806 553 835 572 se
848 545 967 572 libenter

177 594 240 621 belli
258 593 372 621 tollendi
389 600 472 620 causa
487 592 520 619 de
535 593 595 627 iure
613 599 664 619 suo
686 591 769 619 etiam
791 592 817 618 in
846 592 879 619 iis
907 599 967 627 qua:

175 645 270 668 essent
291 640 413 667 omnium
439 639 614 666 confessione
641 638 872 670 moderatissima,
885 637 967 665 dece-

175 687 242 715 dere
260 696 266 713 :
281 686 408 722 Oportet,
432 685 531 720 inquit,
556 689 584 712 et
599 685 696 717 vobis,
728 685 832 716 Patres,
860 684 894 712 dc
922 684 967 711 via

175 734 254 761 fessis
264 738 292 761 et
306 733 390 761 totius
401 732 456 760 diei
471 731 563 759 inedia
581 731 697 763 vexatis,
717 732 832 766 gratiam
847 730 966 764 aliquam

177 780 339 814 rependere.
358 779 451 813 Itaque
463 782 491 806 ct
515 783 639 812 quartam
668 782 775 813 partem
801 777 901 804 debitae
921 784 968 811 pe—
991 812 994 814 Ι

176 823 264 850 cuniaa
280 823 307 850 in
321 823 437 858 gratiam
453 827 573 849 vestram
592 823 720 854 remitto;
739 827 766 849 et
779 822 812 849 ab
825 830 876 849 avo
898 821 966 848 nihil

1016 232 1073 249 των
1096 224 1130 250 τὰ
1154 224 1242 258 ἡμίση
1261 223 1409 250 ἀποδοῦναι
1426 225 1459 258 τῇ
1479 225 1605 259 στρατιᾷ.
1630 224 1754 256 ἐκείνους
1781 233 1821 251 τε

1018 269 1103 304 μηδὲν
1121 269 1202 296 πλέον
1219 270 1511 304 ποὶυπραγμονήσειν,
1537 271 1747 305 ἀγαπήσαντας,
1761 271 1822 297 καὶ

1017 314 1090 348 ὑμᾶς
1105 315 1159 340 τῶν
1176 315 1207 340 ἐκ
1222 313 1268 340 τοῦ
1291 314 1411 348 πολέμου
1428 314 1669 349 προσδοκωμένων
1683 315 1821 341 ἀπαλλά-

1017 359 1112 393 ξεσθαι
1129 360 1232 386 κακῶν.
1255 359 1394 386 Εἰπόντων
1411 360 1439 386 δὲ
1458 360 1513 386 τῶν
1528 360 1684 395 ἀρχιερέων
1699 360 1736 391 ὡς
1760 359 1820 387 νῦν

1018 406 1069 440 μὲν
1094 405 1144 431 οὐκ
1164 405 1197 432 ἂν
1217 406 1261 440 εἴη
1278 406 1371 441 ῥᾴδιον
1392 406 1494 441 ἀπορίᾳ
1514 407 1667 441 χρημάτων
1689 407 1820 433 τοσαῦτα.

1017 450 1082 477 ὅντα
1101 451 1276 486 ἀποδοθῆναι,
1291 452 1341 479 ὅσα
1358 451 1379 478 δ’
1390 453 1422 478 ἂν
1437 452 1483 486 ἐξῇ
1495 452 1627 483 λαδόντας
1639 451 1698 484 νῦν,
1711 453 1745 479 τὰ
1756 453 1822 478 λει-

1018 497 1124 533 πόμενα
1139 498 1306 532 κομίσασθαι
1321 498 1410 534 χρόνῳ
1427 498 1515 533 ρητῷ’
1529 498 1644 530 Οὐκοῦν,
1657 499 1671 524 ὁ
1682 498 1819 532 βασιλεὺς

1018 543 1081 578 ἔφη,
1099 545 1123 570 εἰ
1139 545 1218 570 τοῦτο
1233 545 1364 580 δυσχερὲς
1378 546 1463 577 δοκεῖ,
1482 545 1529 572 καὶ
1545 545 1578 571 τὰ
1595 545 1684 580 ήμίση
1698 544 1821 572 καταλι-

1018 590 1116 620 πόντες
1133 590 1248 622 τούτων,
1264 590 1302 625 τῷ
1324 591 1451 625 τετάρτῳ
1476 591 1564 626 μορίῳ
1583 590 1630 617 τοῦ
1648 591 1710 617 ὃ).ου
1727 593 1820 626 ἀρκε-

1019 636 1197 671 σθησόμεθα,
1220 637 1269 671 τῆς
1291 637 1404 672 εἰρήνης
1425 639 1472 664 καὶ
1494 640 1544 672 τῆς
1568 638 1696 673 ὁμονοίας
1718 638 1818 673 χάριν.

997 677 1006 681 ’
1018 684 1050 710 Οἱ
1063 683 1091 710 δὲ
1109 684 1281 716 ἀκούσαντες
1297 685 1433 720 ἐπῄνεσάν
1457 693 1488 711 τε
1509 684 1548 715 ὡς
1564 685 1684 719 κρείττω
1699 685 1819 719 χρημά-

1017 738 1072 756 των
1087 729 1132 756 τὸν
1148 729 1272 764 βασιλέα,
1299 731 1346 757 καὶ
1363 730 1557 766 ἀναμφιϐόλως
1573 730 1692 764 ἔφασκον
1715 731 1821 757 ἀποδι-

1019 775 1152 810 θήσεσθαι
1169 775 1203 802 τὰ
1217 776 1364 811 εἰρημένα·
1381 776 1418 808 ὡς
1432 777 1460 803 δὲ
1474 775 1545 804 εἶδεν
1564 777 1610 803 ἐπὶ
1625 777 1732 809 τούτοις
1750 786 1821 803 συν·-

1019 821 1161 856 θεμένους,
1183 822 1345 857 βουλόμενος
1359 822 1374 849 ὁ
1391 822 1529 857 βασιλεὺς,
1552 823 1590 855 ὼς
1611 823 1659 850 καὶ
1678 823 1731 850 τῶν
1746 825 1820 850 πᾶσι

178 869 268 904 exigo,
292 870 345 896 nisi
377 869 451 904 quod
480 873 631 903 quaestores
656 868 781 896 conﬁctis
803 867 968 903 quibusdam

1023 869 1173 895 δοκούντων
1197 870 1392 904 μετριωτάτων
1417 870 1462 896 διὰ
1476 870 1506 897 τὸ
1525 870 1571 896 τὸν
1588 870 1709 904 πόλεμον
1726 879 1820 897 κατα-

175 917 267 944 causis
279 916 443 951 imperatore
456 915 620 942 defraudato
635 915 687 942 sibi
706 915 837 946 retinent,
855 914 880 941 id
893 914 967 949 quod

176 962 286 998 probari
316 962 464 997 perspicue
493 966 594 996 potest,
620 966 649 988 ut
675 963 743 989 hanc
762 957 903 988 summam
934 960 967 988 ad

174 1009 365 1044 qualecunque
392 1008 518 1035 solatium
546 1008 574 1035 in
596 1008 709 1035 militent
727 1007 900 1042 dispertiam.
927 1007 967 1034 Ne

175 1061 268 1083 tamen
283 1063 331 1082 vos
344 1054 491 1082 admiratio
516 1055 618 1088 capiat,
646 1053 797 1088 quomodo.
822 1061 884 1081 cum
905 1058 968 1081 ante

176 1101 348 1133 aﬂirmarim,
363 1108 419 1128 non
441 1106 569 1135 oportere
597 1100 624 1126 in
642 1099 739 1126 alienis
764 1099 884 1127 miseriis
909 1107 966 1126 ma—

177 1148 387 1184 gnanimitatem
416 1151 567 1176 ostentare.
603 1145 682 1180 150
712 1151 787 1173 nune
816 1146 885 1173 adeo
914 1153 967 1173 non

178 1197 364 1229 repugnanter
378 1192 470 1220 debita
486 1191 621 1219 militibus
646 1191 782 1226 stipendia
803 1191 967 1219 rondoncm.

178 1239 208 1267 Si
222 1245 340 1273 namque
350 1237 384 1265 de
399 1243 499 1265 caetero
510 1245 543 1264 cx
558 1236 661 1264 foedere
672 1236 820 1263 constituta
831 1236 982 1271 stipendia.

176 1284 382 1319 persolventur,
399 1290 460 1317 qua:
471 1289 506 1310 ex
523 1287 683 1316 antegressa
704 1285 829 1316 tempore
848 1281 902 1309 illis
918 1281 968 1308 de-

176 1331 290 1362 bentur,
306 1337 355 1365 pro
369 1329 469 1356 exinnio
487 1335 581 1355 amore
600 1335 658 1362 quo
678 1335 721 1354 me
747 1327 876 1362 diligunt,
900 1327 968 1355 mihi

176 1377 329 1405 remittent.
354 1375 489 1402 Phalerea
515 1374 609 1406 timeo,
634 1381 668 1400 ne
690 1377 804 1408 propter
828 1373 885 1400 haec
916 1381 968 1408 pax

177 1423 334 1454 diﬂ‘eratur.
348 1422 546 1455 videamurque
572 1419 699 1447 consulto
721 1420 822 1447 bellum
845 1419 966 1447 trahere.

179 1470 271 1504 Quare
287 1469 369 1497 etiam
387 1468 490 1495 idcirco
507 1467 684 1501 quaistionem
711 1470 738 1492 et
760 1465 967 1500 ambiguitatem

179 1523 289 1543 omnem
307 1513 514 1543 rescindendam
528 1513 632 1547 putavi,
643 1511 788 1546 potiusque
801 1512 868 1538 meis
880 1512 969 1546 gravis

168 1567 208 1590 ρει
234 1561 427 1590 incommodus
456 1559 554 1591 videri,
579 1566 660 1593 quam
684 1558 757 1585 bello
778 1566 872 1584 ansam
902 1558 968 1584 dare

178 1608 264 1639 volui,
279 1607 326 1634 His
340 1606 421 1634 dictis
446 1605 523 1632 missi
538 1613 552 1631 a
566 1605 678 1631 seniore
697 1604 830 1638 episcopi,
855 1612 887 1630 ac
907 1611 970 1638 pro-

178 1661 257 1682 ceres
273 1657 376 1680 tantam
390 1651 475 1678 animi
488 1650 662 1677 altitudinem
675 1649 813 1680 admirati,
826 1654 854 1675 et
869 1650 904 1676 ob
915 1653 969 1675 tam

180 1699 344 1735 praeclarum
358 1698 433 1733 pacis
447 1697 616 1724 desiderium
642 1695 737 1731 gratiis
758 1696 828 1722 actis
851 1696 970 1731 singula-

180 1746 268 1778 ribus,
285 1745 390 1772 hilares
404 1744 515 1770 domum
532 1742 665 1769 redeundi
684 1742 789 1768 veniam
803 1741 969 1776 petiverunt;

182 1795 245 1825 rati,
267 1793 350 1821 simul
378 1796 437 1820 acta
461 1798 514 1818 avo
538 1790 752 1822 renuntiassent,
780 1798 875 1824 pacem
902 1789 970 1816 nihil

177 1846 394 1869 remoraturum.
409 1839 481 1874 Ergo
497 1838 659 1866 reditionem
673 1837 726 1864 illis
741 1838 884 1872 permittit,
898 1844 925 1865 et
937 1838 971 1864 ad

178 1894 260 1914 avum
276 1886 333 1913 haec
345 1884 457 1912 ferenda
470 1883 618 1912 committit
633 1893 638 1910 :
652 1883 739 1916 Quam
756 1883 876 1910 studiose
889 1889 971 1917 atque

180 1931 296 1966 impigre
323 1930 461 1957 elaborent
494 1934 524 1956 ut
550 1935 577 1955 tu
603 1927 788 1964 print'ipatum
819 1929 971 1956 Romanum

180 1981 285 2007 teneas.
313 1976 386 2002 Deus
408 1975 497 2007 novit,
523 1982 606 2009 quem
623 1975 693 2001 nihil
707 1974 794 2006 latet;
811 1979 838 2001 et
856 1980 884 2001 tu
901 1975 970 2008 ipse,

181 2024 202 2050 si
220 2023 305 2054 voles,
321 2023 468 2048 testabere.
483 2020 548 2047 Nam
564 2028 626 2048 cum
643 2021 805 2055 potuissem.
827 2021 849 2047 si
875 2021 973 2047 libuis-

182 2073 233 2100 set,
246 2068 326 2095 bellis
335 2067 526 2102 superioribus
536 2071 584 2093 aut
594 2072 652 2093 toto
668 2066 795 2101 imperio,
808 2070 855 2092 aut
870 2067 972 2100 majore

184 2115 258 2142 illius
282 2119 359 2148 parte
383 2113 525 2148 potiundo,
543 2112 591 2139 tibi
610 2119 755 2138 maerorem
783 2112 848 2139 dare
883 2112 970 2143 nolui.

182 2161 341 2196 justumque
354 2158 519 2191 existimavi,
542 2158 590 2184 tibi
607 2165 640 2185 eo
656 2162 685 2184 ut
705 2158 825 2192 parenti,
848 2158 970 2193 quandiu

1021 914 1148 950 λυθῆναι,
1173 915 1316 947 ἐξίσταται
1338 915 1420 947 ἑκὼν,
1445 916 1562 950 ποιῆσαι
1589 915 1718 950 φανερὸν,
1733 916 1817 946 Δέον.

1020 958 1085 994 ἔφη,
1103 959 1151 985 καὶ
1162 959 1227 993 ὑμῖν
1242 960 1313 986 κατά
1325 968 1355 986 τε
1369 959 1417 995 τὴν
1432 960 1491 987 ὁδὸν
1507 961 1677 996 πεπονηκόσι
1691 961 1739 988 καὶ
1752 962 1821 988 ἀσι-

1018 1005 1064 1040 τίᾳ
1085 1005 1402 1041 προσταλαιπωρήσασιν
1427 1007 1494 1042 ὃλην
1519 1007 1569 1043 τὴν
1592 1007 1702 1043 ἡμέραν
1727 1008 1818 1043 χάριν

1020 1051 1183 1078 καταθεῖναι
1207 1060 1281 1079 τινα·
1299 1051 1400 1078 οὐκοῦν
1422 1052 1469 1079 καὶ
1483 1053 1513 1080 τὸ
1526 1053 1654 1088 τέταρτον
1667 1053 1721 1080 τῶν
1737 1054 1820 1086 ὀφει-

1018 1096 1142 1132 λομένων
1156 1098 1309 1133 χρημάτων
1333 1099 1436 1134 ἀφίημι
1460 1099 1538 1134 ὑμῶν
1555 1099 1645 1134 χάριν,
1667 1100 1713 1126 καὶ
1734 1100 1819 1126 οὐδὲν

1020 1145 1094 1179 παρὰ
1111 1145 1245 1180 βασιλέως
1256 1145 1365 1172 ἀπαιτῶ
1379 1145 1449 1181 πλὴν
1461 1145 1510 1172 ὅσα
1524 1146 1549 1172 οἰ
1565 1146 1599 1173 τὰ
1611 1145 1730 1181 δημόσια
1746 1146 1818 1173 atat—

1019 1190 1132 1222 κοίντες
1147 1191 1238 1222 αίτίας
1261 1191 1339 1222 τινας
1362 1191 1533 1226 πλασάμενοι
1548 1191 1668 1226 ψευδεῖς,
1688 1191 1818 1218 ἀποστι-

1022 1237 1155 1272 ρήσαντες
1172 1237 1306 1272 βασιλέως
1322 1237 1432 1273 ἔχουσιν
1447 1238 1536 1269 αὐτοὶ,
1553 1237 1717 1270 ἀποδείξεως
1733 1246 1819 1271 γενος

1021 1283 1107 1318 μένης
1123 1284 1268 1319 ἐναργοῦς,
1283 1284 1370 1311 ταῦτα
1384 1284 1501 1311 λαϐόντα
1516 1285 1656 1318 διανεῖμαι
1676 1285 1708 1319 τῇ
1728 1292 1819 1319 στραι-

1019 1330 1065 1365 ne
1079 1332 1181 1366 μικρᾶς
1197 1327 1363 1364 ἕνεκάίτινος
1386 1331 1572 1367 παραμυθίας.
1589 1332 1634 1366 Μὴ
1649 1331 1816 1365 θαυμάσητε

1019 1374 1048 1401 δὲ
1063 1376 1088 1402 εἰ
1102 1375 1166 1411 περὶ
1176 1376 1222 1402 τεῦ
1236 1376 1273 1411 μὴ
1288 1377 1343 1402 δεῖν
1358 1377 1405 1402 ἐπὶ
1417 1378 1477 1408 ταῖς
1489 1377 1592 1411 ἑτέρων
1605 1377 1816 1411 κακοπραγίαις

1020 1420 1113 1456 ἕτερον
1130 1422 1332 1457 μεγαλοψυχεῖν
1347 1423 1395 1450 καὶ
1411 1423 1624 1458 φιλοτιμεῖσθαι,
1643 1423 1727 1449 πολλὰ
1743 1423 1816 1449 1:06-

1019 1475 1099 1501 τερον
1115 1467 1211 1500 εἰπὼν,
1229 1467 1277 1495 νῦν
1298 1468 1370 1495 οὕτω
1393 1469 1491 1504 ῥᾳδίως
1510 1469 1545 1496 τὰ
1554 1470 1612 1501 τοῖς
1632 1469 1816 1504 στρατιώταις

1020 1513 1183 1548 ὀφειλόμενα
1206 1514 1338 1548 χρήματα
1362 1515 1507 1549 πρόειμαι.
1539 1515 1604 1542 Ἐὰν
1623 1515 1678 1550 γὰρ
1702 1517 1742 1547 εἰς
1766 1515 1816 1542 τὸν

1021 1558 1119 1593 ὲψεξῆς
1135 1559 1230 1593 χρόνον
1246 1560 1317 1585 κατὰ
1337 1560 1401 1591 τοὺς
1416 1561 1516 1595 ὅρκους
1537 1562 1584 1586 καὶ
1599 1561 1648 1592 τὰς
1673 1560 1816 1596 συνθήκας

1020 1605 1038 1636 ή
1052 1605 1208 1638 τεταγμένη
1234 1605 1388 1640 μισθοφορὰ
1404 1607 1557 1641 παρέχηται
1571 1606 1673 1638 αὐτοῖς,
1693 1607 1728 1632 τὰ
1740 1608 1816 1640 ὀφει-

1022 1650 1123 1686 λόμενα
1136 1654 1180 1678 επί
1192 1653 1231 1688 τῷ
1242 1653 1354 1687 προτοῦ,
1368 1654 1439 1680 πάνυ
1457 1654 1598 1687 φιλοῦντες
1612 1655 1673 1688 ἐμοὶ
1686 1655 1817 1689 χαριοῦν-

1022 1706 1066 1724 ται
1081 1699 1182 1733 χρόνῳ.
1200 1699 1305 1730 ’Ἄλλως
1325 1708 1355 1725 τε
1374 1700 1465 1726 ἔδεισα
1490 1701 1526 1735 μή
1548 1709 1589 1731 τις
1604 1703 1650 1727 καὶ
1668 1701 1713 1727 διὰ
1728 1702 1818 1728 ταὺτα

1022 1745 1135 1778 γένηται
1161 1744 1281 1778 ἀναεολὴ
1308 1745 1377 1779 πρὸς
1397 1745 1445 1780 τήν
1469 1747 1593 1781 εἰρήνην,
1616 1746 1665 1773 καὶ
1691 1746 1817 1779 δόξωμεν

1025 1789 1124 1824 μᾶλλον
1140 1789 1298 1824 ἐξεπίτηδες
1323 1789 1367 1816 τὸν
1384 1791 1502 1826 πόλεμον
1524 1791 1674 1825 αἱρεῖσθαι.
1697 1792 1751 1818 Καὶ.
1768 1792 1817 1818 διὰ

1023 1836 1100 1863 τοῦτο
1112 1836 1166 1862 δεῖν
1179 1837 1284 1872 ᾠήθην,
1302 1838 1356 1864 πᾶν
1367 1837 1479 1873 ζήτημα
1493 1838 1540 1864 καὶ
1558 1838 1724 1873 ἀμφιϐολίαν
1735 1839 1816 1873 ποιῆ-

1024 1892 1068 1910 σαι
1097 1884 1230 1916 ἐκποδὼν,
1254 1885 1301 1910 καὶ
1323 1885 1426 1919 μᾶλλον
1441 1887 1498 1916 τοῖς
1517 1885 1666 1920 ἡμετέροις
1692 1886 1814 1920 φανῆναι

1024 1930 1152 1965 φορτικὸς
1176 1931 1222 1956 καὶ
1237 1931 1370 1965 ἐπαχθὴς,
1394 1930 1409 1964 ἢ
1430 1931 1498 1965 πρὸς
1513 1932 1559 1957 τὸν
1578 1931 1698 1965 πόλεμον
1720 1932 1814 1959 αἰτίαν

1024 1977 1188 2012 παρασχεῖν,
1205 1976 1324 2003 Τοιαῦτα
1341 1976 1473 2011 βασιλέως
1493 1977 1619 2009 εἰπόντος
1634 1978 1683 2004 τοῦ
1696 1979 1768 2009 νέου,
1789 1979 1815 2005 οἱ

1024 2023 1100 2056 παρὰ
1116 2022 1163 2048 τοῦ
1174 2022 1377 2056 κπρεσόυτέρου
1394 2023 1596 2058 ἀπεσταλμένοι
1613 2025 1754 2058 ἀρχιερεῖς
1767 2025 1816 2051 καὶ

1025 2065 1214 2099 συγκλητικοὶ,
1249 2066 1440 2101 Θαυμάσαντες
1467 2067 1515 2102 τῆς
1540 2069 1744 2104 μεγαλοψυχίας
1767 2070 1815 2096 τὸν

1025 2109 1147 2144 βασιλέα,
1174 2112 1220 2137 καὶ
1236 2111 1283 2138 τοῦ
1316 2112 1420 2147 σφόδρα
1442 2113 1514 2139 οὕτω
1529 2114 1577 2148 τὴν
1598 2115 1711 2151 εἰρήνην
1728 2117 1815 2152 αἱρεῖ-

1025 2155 1097 2187 σθαι,
1108 2157 1188 2191 χάριν
1197 2158 1415 2192 ὁμολογήσαντες
1423 2159 1535 2194 πολλὴν,
1547 2161 1688 2195 χαίροντες
1699 2162 1816 2197 ᾐτοῦντο

185 2206 212 2233 in
227 2205 281 2232 vita
297 2212 433 2236 maneres,
444 2206 556 2231 cedere.
568 2204 662 2238 Neque
674 2202 739 2231 v'ero
752 2205 811 2231 sine
832 2205 968 2232 laboribus

1023 2201 1070 2237 τὴν
1086 2203 1215 2229 ἐπάνοδον
1227 2205 1422 2240 ἐπιτραπῆναι,
1433 2205 1589 2240 νομίζοντες
1601 2208 1640 2240 ὡς
1652 2209 1709 2243 ἃμα
1727 2211 1766 2242 τῷ
1779 2211 1815 2236 τὰ

185 2251 371 2284 periculisque
396 2251 476 2278 cessi.
499 2250 576 2277 Cum
596 2251 670 2277 enim
694 2251 895 2278 commilitones
917 2252 971 2279 mei

185 2305 280 2324 omnes
291 2297 357 2324 belli
373 2296 459 2323 aleam
476 2303 509 2323 ac
529 2296 638 2324 labores
668 2297 827 2328 subiissent,
850 2298 971 2331 praemiis

185 2347 275 2370 autem
293 2347 320 2370 et
343 2342 495 2369 honoribus
507 2346 633 2369 carerent
656 2343 664 2375 (
680 2341 753 2376 quod
766 2349 816 2376 ego
837 2345 882 2369 tua
896 2343 970 2378 jussa

185 2393 305 2422 secutus,
321 2396 415 2423 pacem
433 2389 521 2416 libens
534 2389 743 2423 complecterer,
763 2389 868 2423 tibique
889 2389 972 2415 relin-

185 2442 298 2469 querem
311 2435 482 2469 omniaquae
494 2434 545 2469 ipsi
565 2434 648 2461 armis
665 2434 871 2468 acquisieranl).
883 2435 973 2461 utrin-

186 2477 239 2516 que
265 2480 464 2508 conturbabar.
489 2480 555 2507 Nam
581 2480 720 2507 adducere
745 2480 805 2507 illos
834 2481 868 2507 ad
895 2489 971 2508 arma

185 2526 349 2556 deponenda
365 2525 475 2552 diﬂicile
499 2529 568 2555 erat,
596 2532 657 2552 cum
681 2533 710 2552 se
726 2526 799 2560 justa
822 2526 972 2560 praedicare

185 2573 385 2604 asseverarent,
402 2576 430 2598 et
445 2572 472 2599 in
488 2572 596 2598 hostem
619 2572 659 2598 ire
676 2572 733 2607 lege
749 2572 847 2599 bellica
863 2580 973 2607 semper

185 2619 367 2654 postularent.
386 2617 481 2645 Invitis
504 2622 595 2644 autem
626 2617 680 2644 illis
703 2617 844 2652 quidpiam
872 2618 972 2649 facere,

188 2669 262 2692 metu
292 2672 349 2691 non
373 2664 497 2691 vacabat.
525 2663 565 2690 Ex
585 2663 705 2690 amicitia
730 2664 833 2690 etenim
848 2663 974 2697 pluribus

186 2710 255 2737 mihi
270 2709 461 2742 militantibus,
478 2713 505 2737 et
524 2716 582 2743 spe,
610 2708 763 2742 principem
780 2708 914 2736 beneﬁcio
931 2717 974 2736 re-

187 2763 362 2791 sponsurum.
391 2755 414 2783 si
443 2755 674 2790 quemadmodum
695 2754 746 2788 ipsi
770 2754 900 2782 volebant
923 2762 973 2790 pas

187 2803 256 2830 facta
283 2810 336 2829 non
365 2802 452 2837 esset;
480 2805 694 2828 consentaneum
719 2805 780 2827 erat
813 2809 871 2833 eos,
895 2801 975 2828 malis

186 2851 326 2883 cedentes,
339 2848 371 2876 ad
383 2847 555 2875 adversarios
568 2854 617 2882 pro
630 2846 712 2874 sociis
723 2853 882 2874 accessuros
895 2855 901 2873 :
915 2854 974 2881 quae

1023 2249 1206 2283 πεπραγμένα
1220 2250 1387 2284 ἀπαγγεῖλαι
1399 2252 1515 2286 βασιλεῖ,
1526 2253 1640 2288 κώλυμα
1649 2254 1725 2280 οὐδὲν
1737 2255 1814 2282 ἔσται

1022 2296 1054 2329 τῇ
1082 2295 1178 2330 εἰρήνῃ
1205 2295 1275 2322 ὥστε
1301 2295 1382 2324 εἶναι.
1415 2298 1547 2330 Ἐκείνοις
1571 2299 1621 2334 μὲν
1645 2297 1691 2326 οὖν
1718 2300 1813 2336 ὥσπερ

1022 2340 1137 2375 ᾐτοῦντο
1159 2341 1313 2376 ἐπέτρεπεν
1334 2343 1503 2370 ἐπανελθεῖν·
1527 2344 1561 2371 δι’
1587 2345 1677 2372 αὐτῶν
1692 2346 1720 2372 δὲ
1743 2348 1812 2380 πρὸς

1024 2386 1136 2421 βασιλέα
1154 2387 1199 2414 τὸν
1219 2388 1331 2414 πάππον
1349 2389 1533 2424 ὲπρεσὸεύετο
1556 2391 1655 2418 τοιάδε·
1680 2392 1736 2427 Τήν
1759 2392 1811 2428 μὲν

1023 2432 1093 2468 ἐμὴν
1104 2434 1171 2468 πρὸς
1183 2434 1213 2460 τὺ
1227 2433 1256 2460 σὲ
1268 2433 1466 2469 τὴνῬωμαίων
1479 2435 1551 2470 ἔχειν
1566 2437 1712 2471 ἠγεμονίαν
1729 2447 1812 2465 σπου-

1023 2478 1071 2513 δήν
1086 2486 1116 2504 τε
1132 2479 1178 2504 καὶ
1196 2478 1363 2513 προθυμίαν,
1377 2478 1445 2510 Θεός
1466 2488 1494 2505 τε
1515 2477 1570 2506 οἵδε
1590 2480 1679 2512 καλῶς
1694 2482 1708 2507 ὁ
1725 2481 1813 2508 πάντα

1024 2524 1113 2556 εἰδὼς,
1136 2524 1183 2550 καὶ
1205 2525 1287 2556 αὐτὸς
1314 2525 1346 2551 ἂν
1366 2526 1616 2561 έπιμαρτυρήσαις.
1645 2527 1720 2554 Ἐνὺν
1744 2528 1811 2563 γὰρ,

1024 2571 1080 2604 εἰγε
1097 2570 1258 2605 ἐϐουλόμην,
1275 2570 1304 2597 σὲ
1322 2571 1418 2597 λυπεῖν
1431 2572 1478 2597 καὶ
1494 2571 1566 2598 κατὰ
1578 2572 1641 2604 τοὺς
1662 2574 1812 2609 προτέρους

1024 2616 1159 2651 πολέμους
1173 2617 1188 2651 ἢ
1204 2618 1353 2651 συμπάσης
1367 2617 1382 2652 ἢ
1395 2618 1443 2652 τῆς
1455 2617 1577 2649 πλείονος
1590 2618 1677 2654 ἀρχῆς
1690 2621 1812 2654 κρατεῖν,

1025 2663 1075 2689 οὐκ
1091 2662 1213 2697 ἠθέλησα
1228 2663 1299 2689 ἑκών
1312 2670 1320 2677 ”
1333 2663 1400 2689 ἀλλά
1415 2663 1456 2690 σοὶ
1479 2665 1598 2698 νομίζων
1614 2664 1695 2698 εἶναι,
1710 2666 1813 2692 suam

1025 2708 1184 2740 ἐξίστασθαι
1201 2709 1301 2744 ταύτης
1317 2708 1374 2735 ὖντι
1388 2709 1472 2744 πατρὶ
1488 2709 1540 2740 ἕως
1557 2709 1590 2736 ἂν
1606 2712 1716 2746 περιῇς,
1732 2709 1811 2737 δυνά-

1027 2763 1106 2790 μενος
1124 2755 1282 2790 κατασχεῖν,
1300 2755 1484 2790 παρεχώρησα
1495 2755 1566 2782 ἑκὼν
1584 2754 1653 2782 εῖναι
1669 2757 1716 2782 καὶ
1733 2755 1811 2781 τοῦτό

1026 2809 1058 2834 γε
1071 2801 1121 2827 οὐκ
1135 2800 1200 2827 ἄνευ
1215 2800 1305 2827 πόνων
1321 2799 1369 2827 καὶ
1385 2799 1525 2827 κινδύνων.
1542 2800 1602 2827 Τῶν
1619 2801 1672 2835 γὰρ
1685 2800 1734 2827 σὺν
1751 2801 1812 2835 ἐμοὶ

1027 2847 1240 2882 πολεμουμένων
1266 2847 1373 2879 πᾴντων
1396 2847 1458 2878 τοὺς
1483 2846 1532 2881 μὲν
1556 2846 1655 2877 πόνους
1676 2847 1722 2873 καὶ
1748 2847 1810 2878 τοὺς
