1920 3076
143 156 202 188 333

744 161 1015 192 lllS’l‘ORlARUM
1038 163 1153 192 LIBER
1173 163 1197 192 Ι.

1708 165 1760 197 334

144 215 288 248 κινδύνους
304 216 334 243 ἐν
347 216 386 251 τῷ
398 216 530 251 πολεμεῖν
546 216 749 252 ὑφισταμένων,
765 219 819 246 τῶν
840 219 929 246 ἄθλων

983 226 1025 247 res
1043 220 1188 247 discrimen
1215 219 1281 247 mihi
1308 221 1515 256 periculumque
1539 221 1686 250 attulisset.
1703 223 1760 258 Ego

143 261 173 288 δέ
193 262 240 288 κα)⁸
257 262 311 289 τῶν
325 262 415 298 γερῶν
430 264 677 298 ἀποστερουμένων
694 265 748 300 (διὰ
769 265 799 291 τδ
815 265 864 300 ἐμὲ
881 266 928 292 σοῦ

147 307 363 342 προστάττοντος
379 309 460 341 εὐθὺς
481 311 599 345 ἄσμενον
617 312 718 346 χωρεῖν
735 311 804 346 πρὸς
818 312 868 347 τὴν
892 313 930 338 εί-

147 354 245 388 ρήνην,
260 354 307 380 καὶ
329 355 439 382 πάντων
455 364 497 382 σοι
516 358 693 391 παραχωρεῖν
714 354 751 384 ὧν
781 359 930 392 ἐκτήσαντο

146 399 226 424 αὐτοὶ
239 399 403 433 κρατοῦντες
413 401 442 427 ἐν
458 401 497 435 τῷ
508 401 640 436 πολέμῳ),
658 402 854 437 ἀμφοτέρωθεν
868 404 932 437 ἐμοὶ

149 444 290 471 συνέϐαινε
305 445 334 471 τὸ
349 445 533 481 θορυϐεῖσθαι.
551 447 588 474 Τό
612 456 641 474 τε
658 449 712 482 γὰρ
728 449 833 475 πείθειν
847 457 934 476 κατα-

148 488 243 515 θέσθαι
264 489 308 516 τδν
322 490 450 525 πόλεμον,
470 492 602 518 ἐπίπονον
618 490 662 528 ἦν,
679 492 768 519 αὐτῶν
784 493 875 520 δίκαια
889 494 932 520 λέα

147 543 208 569 γειν
233 536 459 571 ἰσχυριζομένων,
481 539 530 564 καὶ
565 539 644 573 μέχρι
670 539 769 570 παντὸς
793 539 932 571 ἐπεξιέναι

147 582 212 613 τοὺς
229 582 414 616 πολεμοῦντας
434 584 583 616 ἀξιούντων
599 585 718 619 πολέμου
738 585 813 620 νόμῳ
830 594 836 601 ·
855 587 885 611 τό
902 594 932 611 τε

149 627 273 654 ἀκόντων
286 628 374 655 αὐτῶν
389 638 415 655 τι
434 631 535 664 ποιεῖν,
555 631 604 657 οὑκ
621 631 709 662 ἀδεές.
723 631 801 667 Φιλίᾳ
817 633 870 666 γὰρ
884 632 931 665 ξυ-

150 673 356 707 στρατευόντων
369 675 423 702 τῶν
438 675 582 708 πλειόνων,
598 677 645 702 καὶ
660 677 749 704 ἐλπίδι
770 678 817 704 τοῦ
834 679 933 713 ἄρξαν-

148 727 184 745 τα
196 719 416 755 ἀντευποιήσειν,
431 722 455 747 εἰ
470 721 508 756 μὴ
521 723 619 758 γνώμῃ
632 722 721 750 αὐτῶν
738 723 885 758 ἐπράττετο
899 725 932 752 τὰ

148 764 200 796 τῆς
213 765 336 800 είρήνης,
353 765 425 797 εἰκὸς
445 764 479 801 ἦν
495 768 593 798 αὐτοὺς
615 770 858 804 περικακήσαντας
880 779 934 805 χω-

151 810 210 844 ρεῖν
225 811 293 846 πρὸς
318 811 381 843 τοὺς
400 813 548 847 ἐναντίους,
569 814 638 850 ὅπερ
661 816 813 848 ἀκινδύνως
835 818 884 843 οὐκ
900 817 933 844 ἂν

149 856 303 890 ἐπράττετο
323 857 394 891 ἐμοί.
420 858 490 891 Ἐγὼ
511 859 540 886 δὲ
553 860 601 886 τοῦ
623 861 657 887 τὰ
671 861 735 894 φίλα
749 862 830 889 ἕνεκα
847 863 934 898 πράτ-

137 467 148 504 ί

980 272 1046 291 vero
1069 270 1098 292 ιιι
1122 266 1170 292 tibi
1197 266 1373 300 gratiﬁcarer,
1400 267 1564 301 persuadere
1592 268 1647 299 illis,
1667 270 1760 298 enisus

981 317 1051 340 sum.
1069 317 1123 336 uno
1146 314 1193 337 aut
1208 310 1316 338 duobus
1340 311 1532 346 adjuvantibus
1559 313 1624 348 (9i),
1647 318 1675 341 et
1701 323 1762 350 quse

983 355 1110 382 timebam
1133 356 1293 391 contempsi,
1318 357 1475 390 arbitratus,
1498 359 1520 385 si
1541 358 1619 386 factis
1648 360 1694 387 tibi
1719 369 1762 388 me

981 400 1278 434 benevolentissimum,
1307 403 1604 439 perturbatissimisquc
1629 408 1763 441 tempori-

983 446 1032 473 bus
1049 454 1101 473 non
1116 446 1252 479 hostileml
1267 448 1313 475 sed
1328 448 1445 475 amicum
1462 449 1489 476 in
1503 454 1527 477 te
1536 450 1656 478 animum
1668 456 1762 479 osten-

982 492 1095 525 dissem,
1111 492 1249 520 conlidere
1265 501 1344 527 posse
1360 494 1441 520 etiam
1458 494 1551 522 odium
1565 495 1592 522 in
1617 504 1660 523 me
1686 502 1762 524 tuum

982 543 1157 565 sanaturum.
1179 538 1254 573 151
1272 539 1349 572 Quod
1367 547 1440 567 nunc
1456 547 1546 572 secus,
1570 550 1650 576 quam
1673 544 1761 575 rebar,

982 582 1091 609 videtur
1107 584 1241 610 evenisse.
1266 582 1362 610 Omnia
1388 584 1525 617 siquidem
1554 585 1608 618 illa,
1633 587 1763 622 quodque

983 636 1121 656 summum
1151 633 1203 660 est,
1231 629 1373 655 veritatem
1397 629 1485 664 ipsam
1516 638 1565 664 pro
1596 632 1680 659 nihilo
1712 634 1764 659 du-

967 681 1058 704 .ccns,
1093 674 1252 700 hominibus
1279 677 1369 700 autem
1403 675 1551 708 perversis,
1579 679 1606 703 et.
1629 676 1765 703 mendaci-

983 719 1082 753 loquis,
1095 727 1150 745 non
1167 719 1325 753 reipublicae
1336 722 1532 754 emolumenta,
1547 721 1594 748 sed
1623 728 1671 748 sua
1690 722 1766 756 ipso-
1786 719 1791 721 ’

983 772 1045 792 rum
1071 765 1232 799 compendia
1262 767 1433 794 sectantibus
1460 768 1540 795 [idem
1566 767 1677 800 habens,
1694 767 1766 795 bello

984 819 1027 838 me
1045 815 1149 838 tentare
1167 811 1288 839 voluisti.
1303 812 1352 839 Ast
1367 820 1416 847 ego
1430 814 1555 848 quamvis
1572 814 1634 849 jure
1650 815 1765 848 optimo,

985 861 1113 891 tanquam
1147 857 1223 891 prior
1253 857 1359 885 insidiis
1389 859 1546 893 appetitus,
1580 863 1766 894 temerataque

149 908 208 927 τειν
224 909 277 934 aet,
289 902 352 933 τούς
373 911 402 928 τε
423 903 521 935 πόνους
544 891 701 941 ὐφιπάμήν
721 907 750 932 ἐν
769 906 808 941 τῷ
829 891 933 934 πείθειν

984 902 1088 930 laedere
1097 903 1222 935 violatus,
1235 903 1389 938 promptius
1399 912 1431 931 ac
1446 905 1522 939 prius
1535 913 1610 932 arma
1623 913 1766 940 capessere

151 946 213 976 ἐνός
231 954 302 978 τινος
319 947 335 982 ἢ
350 948 396 974 καὶ
410 948 457 974 δύο
468 950 683 985 συναιρομένων,
701 951 812 978 καὶτῶν
828 952 934 987 ὑφορω-

153 989 243 1024 μένων
265 991 396 1018 κινδύνων
428 994 624 1028 κατεφρόνουν,
646 995 766 1030 νομίζων
789 996 823 1022 ἂν
842 997 934 1028 αὐτοῖς

152 1035 244 1069 ἔργοις
265 1035 418 1071 ἀποδειχθῶ
433 1037 527 1070 εὔνους
544 1039 572 1071 ἐς
596 1039 631 1066 τὰ
649 1041 768 1075 μάλιστά
782 1049 823 1068 σοι
843 1042 890 1068 καὶ
906 1043 934 1068 ἐν

151 1082 208 1112 τοῖς
221 1082 413 1116 κατεπείγουσι
426 1085 532 1118 καιροῖς
547 1085 576 1111 οὐ
594 1085 741 1121 πελεμίως,
757 1087 825 1115 ἀλλὰ
840 1088 934 1122 φιλίως

152 1127 334 1162 διακείμενος,
349 1129 487 1165 θαρῤἧσαι
500 1130 532 1157 ἂν
541 1131 604 1166 ἐμοὶ
617 1132 665 1158 καὶ
675 1133 724 1167 τὴν
736 1133 835 1169 ἔχθραν
849 1142 934 1161 κατα-

151 1173 234 1199 λῦσαι
245 1173 276 1200 τὸ
289 1174 312 1200 δ’
327 1175 457 1208 ἐναντίως
471 1176 533 1211 ἔχον
548 1177 596 1204 νῦν
618 1179 635 1214 ἢ
660 1179 836 1214 προσεδόκων
854 1181 934 1212 αὐτος

152 1217 262 1252 ὁρᾶται.
278 1218 370 1246 Πάντα
385 1221 440 1255 γὰρ
453 1221 555 1254 ἐκεῖνα,
571 1223 630 1255 καὶ,
647 1223 678 1251 τὸ
695 1225 835 1260 μέγιστον,
850 1226 934 1261 αὐτὴν

154 1263 284 1298 ἀλήθειαν
299 1265 410 1299 θέμενος
423 1268 451 1293 ὲν
463 1268 560 1302 οὐδενὶ,
573 1269 728 1304 ἀνθρώποις
742 1271 771 1298 δὲ
779 1272 934 1307 διεφθορόσι

153 1310 201 1335 καὶ
214 1308 386 1345 ψευδομένοις
399 1313 446 1339 καὶ
459 1313 543 1348 μηδὲν
555 1315 585 1347 ἐξ
595 1311 632 1342 ὧν
645 1315 679 1343 ἂν
694 1317 728 1343 τὰ
743 1318 819 1345 κοινὰ
831 1318 934 1353 βέλτιον

155 1355 244 1390 σχοίη,
263 1356 320 1382 ἀλλ’
336 1357 364 1390 ἐξ
379 1354 416 1384 ὧν
431 1358 463 1385 ἂν
480 1360 534 1396 ἰδία
549 1369 573 1387 τι
587 1361 752 1397 ὠφεληθείεν
766 1357 853 1395 αὐτοὶ,
874 1373 934 1390 σκο-

153 1399 236 1426 ποῦσι
261 1401 389 1435 πεισθεὶς,
412 1404 487 1430 εἴ).ου
515 1405 615 1438 μᾶλλον
636 1406 766 1442 πολεμεῖν
781 1409 861 1443 ἐμοί·
880 1408 935 1442 ἐγὼ

154 1443 182 1470 δὲ
198 1445 286 1471 καίτοι
307 1446 410 1478 δίκαιος
437 1448 485 1480 ὢν,
501 1447 545 1476 οἶα
564 1452 858 1487 προεπιῦουλευόμενος
887 1444 935 1480 καὶ

154 1492 440 1527 παρασπονδούμενος,
455 1495 634 1531 ιέτοιμὸτερον
658 1498 727 1532 πρὸς
742 1499 788 1525 τὸν
816 1499 935 1534 πόλεμον

153 1538 264 1571 χωρεῖν,
281 1538 350 1565 αἰδοῖ
362 1547 392 1565 τε
418 1541 449 1575 τῇ
468 1542 532 1576 περὶ
553 1542 583 1568 σὲ
607 1543 654 1569 καὶ
680 1544 754 1578 πόθῳ
770 1545 876 1580 ἀσχέτῳ
895 1545 934 1580 τῷ

153 1583 222 1617 πρὸς
247 1583 296 1618 τὴν
321 1585 443 1620 εἰρήνην,
466 1587 560 1620 τρίτον
585 1589 636 1623 ἤδη
657 1589 730 1624 μῆνα
748 1591 871 1624 κάθημαι
893 1590 936 1616 ἐν-

157 1628 257 1660 ταῦθα,
276 1630 404 1658 ἱκετεύων
420 1632 467 1658 καὶ
483 1634 700 1668 παραιτούμενος
716 1635 765 1670 τὴν
779 1636 826 1671 σὴν
839 1636 934 1671 ὀργήν.

152 1673 222 1699 Νυνὶ
230 1674 255 1700 δὲ
264 1675 316 1700 τῶν
326 1676 376 1701 ὑπὸ
386 1677 432 1703 σοῦ
445 1678 593 1713 ἀρχιερέων
603 1681 648 1706 καὶ
655 1680 709 1707 τῶν
718 1681 806 1708 ἄλλων
818 1682 936 1716 συγκληο

152 1720 237 1745 τικῶν
255 1721 480 1762 ἀπεσταλμένων,
495 1724 541 1750 ἐπὶ
556 1725 585 1750 τὸ
603 1725 636 1751 τὰ
652 1726 814 1761 ἐγκλήματα
829 1727 861 1755 τὰ
881 1728 934 1762 ἐμὰ

949 1568 969 1594 (ἶ

153 1765 280 1796 ἐξετάσαι
309 1760 441 1801 ἧκόν-τών,
461 1769 541 1801 αὐτὸς
560 1770 610 1804 μὲν
634 1760 752 1806 πολλῆςί
764 1760 934 1808 ἐνεπλήσθην
950 1770 956 1773 ’

153 1810 261 1844 ἠδονῆς,
279 1811 316 1842 ὡς
336 1811 441 1848 καιρέν⁸
454 1814 602 1849 ἀπολογίας
621 1816 762 1851 εὑρηκώς·
787 1818 934 1852 ἐκκλησίας

152 1856 182 1883 δὲ
197 1857 356 1893 γενομένης,
381 1858 429 1893 τὴν
444 1859 591 1893 ἀπολογίαν
608 1861 650 1895 ἐφ’
677 1859 716 1893 οἷς
737 1862 932 1897 ἐνεκαλοὺμην,

153 1902 243 1938 ἀληθῆ
262 1904 308 1929 καὶ
322 1904 429 1930 δικαίαν
454 1905 637 1942 ἐποιησάμην.
659 1908 692 1934 "A
722 1908 771 1941 μὲν
793 1908 840 1934 οὖν
860 1907 933 1934 εἶπον

153 1947 223 1980 πρὸς
237 1948 270 1973 τὰ
287 1948 458 1983 ἐγκλήματα,
473 1951 550 1976 αὐτοὶ
571 1952 692 1982 ἐλθόντες
710 1952 912 1985 ἀπαγγελοῦσιν
922 1959 930 1967 ·

154 1991 209 2024 ἐγὼ
225 1992 246 2017 δ’
261 1992 340 2024 αὖθις
360 1994 406 2019 σοῦ
420 1994 525 2028 δέομαι,
547 1995 668 2030 βασιλεῦ,
684 1998 748 2032 μήθ’
766 1998 847 2032 ἡμᾶς,
863 1998 932 2031 μήτε

152 2038 216 2068 τοὺς
234 2038 330 2068 ἄλλους
345 2038 475 2072 περιιδεῖν
491 2040 644 2075 Ῥωμαίους
657 2043 700 2068 διὰ
713 2043 758 2068 τὸν
772 2043 838 2076 πρὸς
851 2043 932 2076 ἀλλή-

153 2082 215 2113 λους
232 2083 310 2117 ἡμῶν
332 2084 447 2118 πόλεμον
465 2085 676 2121 φθειρομένους·
694 2087 752 2114 ἀλλ’
770 2088 798 2113 ἐν
816 2087 933 2122 ἡμέραις

152 2128 236 2160 ὀκτὼ,
255 2129 289 2155 τά
310 2138 337 2155 τε
357 2130 450 2156 δέοντα
475 2131 637 2166 σκέψασθαι,
659 2133 706 2159 καὶ
719 2134 783 2167 ἡμῖν
809 2134 845 2163 ὼς
861 2133 932 2167 ἔχεις

152 2175 265 2208 γνώμης
281 2174 409 2209 δηλῶσαι.
419 2176 467 2202 "Av
481 2177 530 2212 μὲν
541 2175 587 2204 οὖν
600 2179 646 2205 καὶ
662 2179 730 2205 Θεοῦ
745 2179 793 2205 τοῦ
813 2178 931 2213 χορηγοῦ

984 953 1124 983 poteram;
1144 955 1234 976 tamen
1251 949 1355 983 pudore
1371 954 1435 986 erga
1453 956 1489 983 te,
1504 955 1531 978 et
1543 952 1617 986 pacis
1630 952 1766 979 desiderio

984 995 1151 1027 incredibili,
1168 998 1280 1023 tertium
1295 996 1350 1032 jam
1365 1005 1485 1024 mensem
1504 998 1549 1025 hic
1565 1002 1687 1030 contero,
1703 1006 1765 1032 sup.

983 1042 1098 1077 plicans,
1111 1046 1138 1069 et
1156 1041 1223 1068 iram
1240 1047 1312 1069 tuam
1330 1042 1490 1077 deprecans.
1501 1043 1579 1070 Nunc
1599 1051 1660 1071 cum
1677 1044 1763 1070 venis-

984 1092 1055 1120 sent,
1073 1095 1142 1122 quos
1157 1087 1190 1114 ad
1205 1087 1386 1115 exercendam
1406 1088 1439 1115 de
1459 1096 1502 1116 me
1516 1089 1692 1123 quastiouem
1716 1089 1763 1116 mi-

983 1133 1055 1165 sisti,
1072 1133 1175 1168 gaudio
1187 1133 1297 1164 exsilui,
1316 1133 1388 1168 quod
1406 1138 1512 1168 tempus
1531 1133 1583 1161 mei
1602 1134 1764 1161 defendendi

983 1183 1081 1206 nactus
1097 1185 1199 1206 essem.
1218 1178 1248 1205 In
1264 1183 1400 1205 conventu
1415 1186 1497 1213 porro
1519 1178 1551 1206 ad
1575 1179 1661 1213 capita
1684 1187 1764 1206 accu-

985 1224 1099 1252 sationis
1114 1231 1178 1252 vere
1190 1224 1304 1258 acjuste
1321 1224 1472 1259 respondi;
1488 1223 1521 1251 de
1535 1232 1591 1259 quo
1618 1224 1669 1259 ipsi
1694 1225 1765 1259 apud

984 1273 1011 1298 te
1024 1270 1224 1297 memorabunt.
1245 1268 1364 1296 Rursum
1378 1274 1404 1296 te
1415 1277 1473 1301 oro,
1488 1269 1644 1304 imperator.
1658 1274 1687 1296 ut
1699 1277 1765 1296 neve

985 1325 1045 1351 nos,
1055 1325 1122 1344 neve
1133 1317 1269 1344 Romanos
1279 1316 1359 1347 alios,
1370 1316 1455 1343 nostri
1466 1323 1546 1343 causa
1560 1316 1658 1343 acerba
1670 1323 1764 1351 perpe-

986 1363 1004 1390 ti
1013 1371 1044 1390 ac
1053 1363 1129 1398 perdi
1139 1363 1228 1396 sinas;
1245 1363 1291 1389 sed
1302 1361 1399 1389 diebus
1413 1366 1475 1389 octo
1486 1361 1549 1396 quid
1559 1369 1628 1396 opus
1637 1361 1763 1388 sitcousi-

985 1413 1076 1444 deres.
1097 1417 1226 1447 tuamque
1239 1413 1319 1440 nobis
1333 1412 1497 1439 sententiam
1511 1411 1642 1438 declares.
1658 1411 1684 1438 Si
1701 1412 1765 1444 Deo,

985 1459 1060 1495 pacis
1075 1463 1196 1490 auctore,
1214 1458 1380 1493 approbante
1397 1457 1528 1492 placidam
1542 1456 1568 1483 iu
1586 1465 1635 1483 nos
1648 1462 1765 1484 mentem

986 1505 1118 1537 indueris,
1136 1512 1284 1540 pacemque
1307 1503 1470 1537 susceperis,
1487 1502 1556 1529 bene
1577 1502 1659 1529 facies
1679 1503 1765 1530 modis

985 1551 1122 1579 omnibus.
1138 1551 1185 1577 Sin
1204 1555 1375 1584 peccatorum
1391 1551 1547 1574 nostrorum
1563 1547 1721 1578 multitudo,
1739 1552 1764 1574 et

987 1599 1096 1624 incensa
1110 1595 1216 1623 videndi
1231 1594 1355 1622 interitus
1368 1592 1452 1619 nostri
1467 1591 1602 1625 cupiditas
1626 1591 1716 1625 potius
1739 1591 1764 1618 in

987 1643 1086 1670 bellum
1102 1648 1127 1669 te
1146 1641 1309 1676 prwcipitem
1328 1642 1417 1673 agent,
1433 1638 1515 1664 etiam
1541 1637 1580 1663 sic
1606 1637 1716 1663 modum
1740 1643 1764 1663 te

986 1689 1090 1716 dccebo
1118 1686 1312 1714 validissimum
1347 1691 1390 1710 me
1418 1683 1502 1709 armis
1530 1683 1713 1717 oppugnandi,
1737 1689 1763 1709 ut

986 1735 1125 1763 citissime,
1144 1733 1269 1766 citraque
1283 1727 1433 1763 periculum
1460 1727 1592 1754 molestiis
1614 1727 1764 1755 absolvare.

984 1780 1055 1806 Deus
1080 1779 1214 1805 bonorum
1251 1774 1373 1801 omnium
1406 1773 1603 1807 suppeditalor,
1631 1773 1711 1800 Pater
1738 1777 1765 1799 et

983 1825 1115 1852 Dominus
1129 1828 1221 1855 regum
1237 1820 1369 1849 omnium,
1387 1818 1576 1845 admirabilem
1601 1818 1649 1845 tibi
1673 1823 1699 1844 et
1723 1818 1759 1842 in.

983 1867 1190 1903 expugnabilem
1207 1865 1354 1900 potentiam
1373 1863 1457 1895 dedit,
1478 1863 1521 1888 cui
1537 1870 1592 1889 non
1610 1862 1696 1889 solum
1720 1869 1765 1887 re-

982 1910 1090 1943 sistere}
1109 1910 1156 1937 sed
1184 1913 1278 1936 contra
1298 1916 1379 1942 quam
1405 1914 1439 1933 ne
1465 1906 1564 1933 intueri
1588 1906 1697 1939 quidem
1723 1913 1765 1932 me

982 1965 1060 1993 posse
1075 1957 1171 1984 fateor.
1190 1955 1236 1982 Est
1248 1957 1338 1980 autem
1359 1952 1426 1983 ham,
1444 1951 1516 1985 quod
1540 1954 1567 1977 tu
1591 1950 1718 1977 dominus
1739 1954 1766 1976 et

982 2007 1070 2038 pater,
1087 2009 1136 2036 ego
1151 2000 1233 2031 ﬁlius,
1250 2005 1385 2026 etservus
1407 1998 1530 2024 omnino.
1556 1998 1611 2022 tiac
1637 2003 1700 2022 usus
1719 2003 1766 2030 pc-

983 2048 1078 2078 tcntia.
1093 2046 1167 2074 brevi
1184 2052 1244 2079 quae
1260 2044 1380 2071 volueris
1400 2043 1493 2070 omnia
1518 2042 1634 2069 feliciter
1653 2041 1766 2068 etlicies.

984 2094 1010 2120 Si
1025 2093 1096 2120 enim
1110 2091 1233 2126 jltsscris,
1248 2094 1277 2117 ut
1294 2094 1382 2124 pater,
1403 2097 1446 2116 me
1471 2088 1544 2120 boia,
1564 2096 1611 2114 seu
1632 2085 1765 2123 [collaria]

983 2139 1009 2164 in
1021 2138 1121 2165 collutn
1133 2137 1231 2171 injecta
1246 2136 1350 2167 venire,
1362 2139 1389 2162 et
1408 2134 1463 2161 illic
1477 2141 1615 2161 carcerem
1630 2132 1765 2162 habitare,

970 2184 1115 2217 .impcrata
1133 2181 1335 2216 promptissime
1350 2188 1494 2214 exsequar.
1511 2179 1580 2211 Quid
1598 2183 1689 2205 autem
1705 2177 1767 2204 dico

150 2220 202 2254 τῆς
219 2221 331 2254 εἰρήνης
348 2222 571 2254 συνευδοκοῦντος
590 2225 739 2258 πραότερον
754 2225 818 2258 ἡμῖν
836 2224 928 2250 διατε-

983 2229 1017 2255 de
1033 2235 1153 2259 carcere,
1167 2233 1195 2253 et
1219 2226 1349 2254 cellaria?
1375 2225 1397 2252 si
1422 2225 1488 2260 quid
1518 2224 1592 2251 aliud
1617 2224 1701 2250 etiam
1725 2223 1768 2249 vel

152 2265 215 2300 θῇς,
232 2267 278 2292 καὶ
297 2267 396 2301 μᾶλλον
414 2267 485 2294 ἓλοιο
505 2269 554 2302 τὴν
568 2270 691 2304 είρήνην,
715 2270 885 2303 πανταχόθεν
900 2269 932 2296 ἂν

152 2311 209 2346 Ιχοι
225 2313 325 2343 καλῶς.
343 2313 393 2339 ’Ἂν
413 2314 436 2340 δ’
462 2315 478 2349 ὴ
504 2315 559 2341 τῶν
571 2315 711 2349 ἡμετέρων
725 2315 932 2350 ἁμαρτημάτων

152 2357 268 2392 πληθὺς,
289 2358 336 2384 καὶ
366 2359 396 2385 τὸ
424 2360 541 2393 μάλιστα
566 2360 707 2394 βούλεσθαι
732 2361 932 2396 διαφθαρέντας

152 2404 226 2438 ἡμᾶς
240 2404 314 2436 ἰδεῖν,
330 2405 394 2438 πρὸς
412 2405 441 2430 τὸ
454 2405 582 2439 πολεμεῖν
599 2405 699 2440 μᾶλλον
712 2406 932 2440 παρασκευάσω-

152 2457 196 2475 σιν
207 2449 338 2483 ὁρμῆσαι,
354 2451 401 2475 καὶ
415 2449 501 2481 οὕτως
514 2450 569 2483 ἐγώ
578 2459 620 2477 σοι
637 2450 739 2485 τρόπον
754 2451 932 2486 ὑφηγήσομαι

153 2495 329 2529 ἰσχυρότατον
347 2494 392 2521 τοῦ
406 2496 473 2530 πρὸς
486 2496 535 2530 ἐμὲ
549 2497 669 2530 πολέμου
681 2504 688 2512 ·
708 2496 746 2528 ὥς
770 2497 803 2524 ἂν
817 2498 934 2532 τάχιστά

152 2547 181 2564 τε
194 2548 241 2565 και
254 2540 340 2575 χωρὶς
353 2541 483 2567 κινδύνων
496 2543 667 2576 πραγμάτων
683 2541 856 2578 ἀπαλλαγῇς.
867 2543 934 2574 Θεὸς

151 2584 166 2609 ὁ
183 2585 299 2620 χορηγὸς
325 2585 435 2612 πάντων
456 2586 510 2612 τῶν
526 2587 650 2620 ἀγαυῶν,
669 2588 683 2613 ὁ
700 2588 794 2622 Πατὴρ
812 2588 932 2620 πάντων,

151 2623 199 2655 καὶ
213 2630 312 2665 Κύριος
321 2629 376 2657 τῶν
385 2631 527 2665 βασιλέων,
541 2632 646 2667 ἄμαχόν
654 2641 715 2659 τινα
723 2634 771 2659 καὶ
782 2632 935 2668 θαυμασίαν

151 2676 303 2711 παρέσχετο
312 2676 428 2712 δύναμιν
442 2686 485 2704 σοι
497 2685 505 2693 ·
520 2678 589 2714 πρὸς
602 2679 636 2714 ἣν
648 2679 697 2714 οὐχ
711 2679 752 2706 ὅτι
766 2687 798 2714 γε
809 2679 936 2714 ἀντιστῆ-

984 2272 1275 2308 ignominiosissimum
1292 2271 1475 2302 mandaveris,
1486 2270 1619 2305 perferam
1634 2269 1768 2296 hilariter.

986 2319 1013 2346 Si
1029 2319 1080 2345 hac
1092 2318 1213 2352 potentia
1226 2317 1337 2348 omissa,
1365 2316 1398 2343 ad
1425 2317 1536 2343 alteram
1565 2320 1590 2342 te
1614 2319 1768 2345 convertes,

984 2371 1065 2399 quam
1085 2363 1189 2398 pridem
1214 2362 1271 2393 tibi,
1298 2361 1413 2388 credens
1430 2365 1456 2388 te
1482 2360 1579 2390 latere,
1603 2363 1630 2386 et
1657 2366 1770 2393 sperans

983 2410 1056 2437 bello
1086 2417 1130 2436 me
1150 2408 1350 2439 coniecturum,
1373 2406 1515 2442 paravisti,
1544 2413 1642 2433 vereor
1665 2405 1769 2436 dicere,

982 2455 1031 2483 sed
1045 2455 1133 2482 dicam
1151 2459 1252 2484 tamen,
1279 2460 1386 2485 vereor,
1410 2460 1444 2479 ne
1468 2457 1498 2478 ut
1521 2451 1597 2482 alias,
1623 2450 1662 2478 sic
1688 2450 1769 2477 modo

984 2501 1054 2528 male
1070 2500 1120 2527 tibi
1149 2498 1322 2526 consuluisse
1349 2498 1408 2532 ipso
1433 2502 1533 2524 eventu
1551 2495 1766 2529 deprehendere.

985 2547 1061 2573 Tunc
1078 2547 1162 2580 igitur
1181 2549 1208 2572 et
1222 2544 1277 2571 Deo
1297 2544 1323 2570 in
1349 2543 1454 2578 primis.
1480 2547 1507 2570 et
1527 2542 1570 2569 his
1596 2540 1770 2569 amicissim's

985 2591 1053 2617 meis
1068 2589 1271 2624 adjuvantibus,
1288 2587 1365 2623 152
1382 2588 1473 2614 multis
1487 2586 1636 2614 sudoribus
1650 2593 1681 2612 ac
1695 2585 1766 2612 labo-

985 2636 1072 2666 ribus,
1088 2643 1141 2662 non
1156 2635 1227 2669 quod
1249 2639 1277 2661 lu
1297 2634 1447 2667 singulare,
1470 2638 1499 2660 et
1519 2632 1551 2659 ad
1572 2631 1769 2667 perliciendum

986 2681 1176 2708 diﬁicillimum
1195 2687 1264 2714 opus
1276 2679 1462 2710 existimabas,
1479 2677 1527 2705 sed
1547 2677 1620 2713 quod
1646 2677 1673 2704 in
1697 2675 1770 2710 cogi-

762 2749 872 2781 Jacobi
889 2750 1021 2781 Pontuni
1038 2754 1132 2781 notae.

182 2809 243 2849 .(94)
265 2811 360 2845 Magno
379 2811 544 2849 domestico,
573 2817 602 2842 et
627 2817 839 2849 protostratore.
869 2811 938 2839 \‘ide
958 2821 1040 2849 supra
1071 2821 1131 2848 cap.
1157 2813 1202 2841 52.
1223 2813 1276 2842 Sed
1301 2821 1349 2841 eos
1376 2816 1487 2848 propter
1510 2809 1639 2839 invidiam
1656 2813 1706 2836 avo
1720 2811 1770 2834 no-

152 2847 257 2872 minare
269 2854 323 2873 non
334 2847 428 2876 audet.
