1920 3076
122 129 176 162 339

711 128 874 159 JOANNIS
893 127 1158 158 CANTACUZENI

1688 128 1742 160 340

121 184 241 217 curabo;
262 187 290 211 tu
315 183 363 211 tibi
381 187 425 210 tua
448 186 554 210 curato.
576 181 710 209 Omnibus
728 182 819 217 itaque
839 190 902 217 pec-

966 182 1037 212 ιόνα.
1052 183 1081 209 σὲ
1098 183 1126 209 δὲ
1143 182 1190 216 ὲᾷν
1206 182 1279 213 ὅπως
1294 181 1327 208 ἂν
1337 181 1403 216 δοκῇ
1416 181 1448 208 τὰ
1459 180 1509 216 τῆς
1522 180 1664 216 βασιλείας
1676 183 1744 209 διοι-

123 230 251 258 cantibus
288 236 432 256 commune
455 227 608 254 remedium
629 227 708 254 dolor
730 227 764 255 de
785 228 905 263 peccatis

124 275 321 310 praescribitur,
338 274 395 300 sive
409 274 435 300 in
449 265 547 304 Deum,
564 273 622 301 sive
641 273 668 300 in
682 273 809 300 homines
819 273 907 300 oﬂ‘en-

125 329 185 349 sum
212 320 256 347 sit.
282 319 362 353 Atqui
387 326 468 346 nemo
488 319 646 354 resipiscet,
672 319 698 345 ni
720 318 795 352 prius
825 319 906 353 culpa

125 367 214 402 agnita
239 365 329 400 seipso
355 363 523 391 moderatior
537 364 668 397 evaserit,
684 363 724 390 illi
744 371 772 390 se
787 363 906 390 submit-

83 420 85 422 ·
126 418 197 442 lens,
221 410 266 445 qui
291 417 319 437 se
343 410 377 436 ab
398 410 458 444 ipso
474 409 567 436 laesum
582 413 669 443 putat.
687 408 744 435 Hoc
760 413 812 440 est,
832 408 905 441 quod

124 461 251 490 nepotem
266 459 342 481 tuum
360 458 388 481 et
404 454 480 488 prius
496 454 557 489 plus
571 461 661 488 atquo,
677 457 705 480 et
720 460 792 480 nunc
807 460 907 480 cumu-

125 501 257 529 latissime
275 500 372 527 fecisse
392 504 510 527 coustat.
532 499 598 526 Nam
614 507 675 526 cum
693 499 828 533 potuisset
842 503 908 526 tunc

124 555 217 582 parem
248 547 420 581 principatus
442 546 557 572 Romani
583 549 688 580 partem
720 544 768 570 tibi
790 544 906 571 ablatam

125 593 276 627 possidere,
299 596 387 618 tamen
405 591 505 623 noluit,
532 590 579 617 sed
604 590 653 617 tibi
673 597 701 617 se
722 590 849 624 subjecit,
866 589 908 615 id-

125 646 180 672 que
209 645 270 664 cum
303 637 375 663 bello
401 635 588 663 ulciscendum
613 635 681 662 nihil
706 635 874 669 peccavisset
900 643 906 660 :

127 683 255 718 quodque
280 686 362 716 caput
380 685 430 711 est,
450 689 515 715 pace
527 680 672 708 conciliata
687 680 721 706 ad
742 684 766 706 te
782 679 907 712 veniens,

127 729 154 755 in
188 736 270 762 equo,
299 733 327 753 ut
346 732 416 757 erat,
433 727 546 761 propius
558 726 728 760 adequitare.
744 729 773 752 ut
788 725 908 760 impera-

127 779 201 800 tores
223 773 321 803 solent,
343 771 484 806 pepercit:
511 771 638 805 pedester
660 775 751 797 autem
771 775 796 797 te
811 770 908 797 adora-

127 819 176 850 vit,
193 824 324 852 tuumque
339 819 448 852 pedem,
458 824 590 852 expresso
603 816 782 850 subjectionis
795 816 906 848 indicio,

128 865 265 891 osculatus
286 868 339 890 cst.
359 864 392 890 Et
409 871 482 890 nunc
495 866 556 897 post
575 862 676 889 bellum
691 862 743 890 hoc
758 861 908 889 excitatum

129 910 223 936 tamliu
255 909 342 942 sedet,
370 909 532 943 suppliciter
557 916 649 940 orans,
672 916 705 934 ne
724 915 818 942 pacem
840 907 908 934 velis

129 955 245 982 irritam.
264 955 407 989 Episcopis
425 959 451 981 et
474 954 644 989 primoribus
657 954 705 981 abs
718 958 743 980 te
756 953 846 980 missis
855 954 910 988 pri-

129 1009 202 1028 mum
219 1001 328 1035 quidem
347 1001 457 1034 copiose
469 1000 599 1031 ostendit,
620 999 687 1026 nihil
704 1007 731 1026 se
745 999 908 1034 injuriarum

128 1045 265 1078 intulisse,
275 1047 339 1081 quin
354 1046 446 1081 potius
461 1046 612 1080 accepisse,
624 1050 652 1072 et
663 1045 910 1072 obtrectationibus

129 1093 293 1126 exagitatum
307 1092 399 1119 fuisse.
419 1091 519 1118 Deinde
531 1091 604 1125 pacis
615 1091 810 1118 conservanda:
824 1090 909 1117 multa

130 1138 199 1165 dixit
230 1137 349 1172 fecitque
372 1137 569 1168 memorabilia,
594 1141 622 1163 et
636 1136 721 1162 multa
736 1135 767 1162 ad
784 1140 809 1162 te
824 1135 912 1169 pet-fc-

130 1184 216 1212 renda
242 1183 399 1215 commisit;
426 1182 527 1217 quibus
548 1181 662 1214 auditis,
688 1186 716 1208 ct
732 1181 788 1208 Deo
812 1181 912 1216 gratias

129 1230 185 1265 egi.
206 1230 253 1264 qui
276 1229 321 1257 tali
339 1237 401 1256 eum
428 1228 574 1263 prudentia
596 1231 728 1259 ornasset,
755 1231 782 1253 ct
800 1226 833 1265 de
847 1234 912 1260 pro-

131 1275 216 1303 bitate
236 1275 362 1302 eumdem
379 1274 565 1302 commendavi
584 1282 591 1300 τ
612 1281 643 1300 ac
660 1277 685 1300 tc
698 1272 794 1300 iisdem
811 1261 912 1299 auditis

132 1322 188 1349 Deo
207 1321 308 1356 gratias
327 1321 415 1356 egisse
431 1319 573 1355 opinabar,
593 1318 669 1353 155
690 1318 835 1352 missisque
855 1325 914 1345 cer-

132 1368 168 1394 tis
185 1367 353 1398 hominibus,
372 1365 456 1392 [ilium
472 1364 505 1391 ad
523 1369 549 1391 te
563 1363 765 1399 quamprimum
777 1363 914 1389 adducen-

132 1413 198 1440 dum
216 1412 353 1439 curavisse
365 1431 372 1442 ,
392 1411 464 1438 mala
482 1410 653 1437 imminentia
668 1409 838 1444 proﬂigasse,
855 1416 914 1435 om-

132 1466 182 1486 nes
204 1458 296 1485 lmtitia
317 1463 345 1485 et
364 1457 538 1492 jucunditate
558 1461 669 1490 propter
694 1455 814 1482 futuram
840 1454 914 1481 inter

133 1511 184 1530 vos
203 1502 381 1530 concordiam
399 1502 591 1537 complevissc.
608 1501 643 1528 At
655 1505 682 1528 tu
695 1509 750 1528 non
767 1500 848 1527 modo
862 1500 914 1527 ho-

134 1555 195 1574 rum
219 1547 288 1574 nihil
309 1547 460 1582 praestitisti
487 1554 495 1579 ;
524 1545 573 1574 scd
590 1546 704 1581 insuper
719 1545 850 1580 frugifera
872 1551 915 1572 me

134 1592 323 1620 consulentem
341 1592 477 1627 repulisti,
495 1596 521 1619 et
538 1597 638 1623 tacere,
654 1591 809 1624 alienisque
833 1597 917 1625 nego-

134 1638 182 1666 tiis
206 1646 262 1665 non
286 1638 440 1665 immiscere
462 1637 579 1672 jussisti.
599 1637 667 1664 Cum
684 1641 774 1663 autem
795 1636 917 1663 muneris

134 1691 168 1711 ac
191 1683 272 1711 omcii
297 1683 349 1710 mel
366 1683 403 1710 sit
432 1690 578 1717 oppressos
600 1682 671 1709 tueri
693 1686 774 1716 atque
785 1681 916 1717 adjuvare

134 1736 268 1766 quantum
292 1738 402 1766 queam,
425 1730 543 1766 idipsum
568 1738 618 1765 pro
642 1735 742 1764 nepote
765 1734 811 1756 tuo
830 1729 917 1763 impe-

136 1781 227 1803 ratore
244 1775 391 1811 praestabo,
414 1778 543 1810 tantoque
559 1775 645 1810 magis
656 1774 802 1809 praestabo,
812 1778 916 1809 quanto

136 1822 185 1849 abs
210 1827 235 1849 te
257 1821 381 1856 iniquius
404 1826 538 1849 tractatus
560 1825 626 1848 est:
646 1827 726 1856 quam
743 1820 916 1854 iniquitatem

136 1875 191 1894 non
208 1867 253 1894 ille
269 1867 360 1899 modo,
378 1866 425 1894 sed
443 1867 625 1894 Romanorum
642 1865 805 1893 universitas
821 1865 915 1893 sentit.

136 1913 223 1946 Quem
245 1921 295 1950 ego
320 1912 422 1947 (minus
442 1912 516 1940 istuc
536 1919 617 1947 quam
641 1917 740 1939 caetera
760 1911 843 1938 silere
857 1918 918 1946 pos-

136 1959 208 1995 sum)
227 1963 273 1986 tuo
289 1959 418 1986 mandato
435 1959 516 1993 paulo
530 1963 594 1986 ante
608 1958 676 1985 meis
689 1958 816 1985 manibus
830 1957 917 1992 impe-

137 2009 268 2037 ratorem,
296 2005 365 2031 adeo
388 2000 510 2039 legitime
544 2008 571 2031 et
590 2004 672 2039 iuste,
696 2008 721 2030 te
738 2003 918 2030 libentissimo

137 2051 201 2076 ttnxi
221 2055 248 2077 et
261 2050 432 2082 consecravi,
451 2057 514 2076 cum
534 2057 606 2076 nunc
625 2049 674 2076 abs
689 2053 715 2076 te
729 2049 768 2076 sic
784 2048 858 2075 nulla
870 2056 918 2075 sua

137 2096 217 2129 culpa
241 2096 350 2130 expelli,
368 2095 506 2130 quomodo
520 2095 624 2130 justum
642 2095 701 2122 est?
720 2099 767 2121 aut
781 2094 919 2128 quomodo

138 2148 191 2166 non
222 2140 314 2166 multis
343 2139 500 2174 perdendus
528 2146 616 2166 essem
642 2138 813 2170 fulminibus,
841 2138 863 2165 si
891 2138 919 2164 in

957 230 1024 255 κεῖν.
1050 227 1247 263 Παραπλήσιον
1265 228 1319 262 γάρ
1345 228 1420 253 ἐστιν
1445 226 1540 262 ὥσπερ
1553 228 1586 253 ἂν
1611 227 1680 262 πρδς
1694 228 1745 262 τήν

956 273 1045 308 ψυχὴν
1059 273 1133 300 εἴποι
1147 273 1178 300 τὸ
1194 273 1284 308 σῶμα,
1302 273 1339 300 Οὐ
1357 273 1454 307 δέομαι
1470 273 1521 308 τῆς
1538 273 1682 305 κοινωνίας
1695 275 1744 301 καὶ

958 319 1009 353 τῆς
1034 318 1183 352 συναφείας
1205 318 1257 352 τῆς
1283 319 1341 352 σῆς.
1373 318 1433 344 οὐδὲ
1459 318 1592 353 συνεργὸν
1622 318 1690 353 πρὸς
1710 319 1745 345 τὰ

958 367 1134 401 πραττόμενα
1162 365 1291 400 βούλομαι
1305 364 1390 399 ἔχειν.
1412 364 1482 390 Ἀλλ’
1501 363 1557 398 ἐγὼ
1572 364 1620 398 μὲν
1637 364 1675 395 ὡς
1688 362 1745 391 οἷόν

956 409 1013 448 τεῇ
1032 413 1081 438 καὶ
1099 411 1247 446 βούλωμαι,
1258 410 1389 444 διοικήσω
1402 411 1478 445 τὶμά
1490 419 1497 427 ·
1522 411 1554 437 σὺ
1571 410 1598 436 δὲ
1617 410 1744 445 φρίντιζε

958 459 1023 493 περὶ
1041 458 1094 484 τῶν
1112 458 1194 484 ἰδίων.
1212 457 1282 483 Πᾶτι
1306 458 1355 490 μὲν
1373 456 1420 483 οὖν
1443 455 1629 490 ἁμαρτάνουσι
1647 455 1744 489 ὥσπερ

959 513 984 530 τι
1003 503 1093 530 κοινὸν
1107 503 1253 537 φάρμακον
1267 502 1298 528 τδ
1313 502 1455 536 μετανοεῖν
1471 501 1517 527 ἐπὶ
1533 501 1589 531 τοῖς
1617 500 1745 534 πεπλημ-

960 549 1121 584 μελημένοις
1136 548 1225 582 ἐδόθη.
1241 547 1273 575 ἄν
1299 556 1328 573 τε
1355 547 1421 580 προς
1437 546 1503 572 Θεὸν
1517 546 1550 573 ἄν
1560 554 1588 572 τε
1608 545 1677 580 πρὸς
1693 546 1744 572 ἀν-

959 596 1084 632 θρώπους
1099 596 1114 629 ἡ
1136 594 1307 628 πλημμέλεια
1367 593 1424 619 οὐκ
1441 592 1474 618 ἂν
1491 592 1518 618 δὲ
1538 591 1688 626 μεταγνοίη
1701 600 1745 623 τις

960 641 993 668 ἂν
1010 641 1047 674 μὴ
1062 640 1193 674 πρότερον
1210 638 1362 664 ὑπεύθυνον
1385 637 1499 671 νομίσας
1512 637 1610 662 ἑαυτὸν
1627 636 1745 670 μετριώ-

959 687 1038 722 τερός
1054 694 1083 712 τε
1101 685 1214 719 γένηται
1226 684 1332 716 ἑαυτοῦ,
1344 684 1391 710 καὶ
1405 683 1496 717 φέρων
1512 683 1607 710 ὲαυτδν
1620 683 1658 718 τῷ
1677 683 1744 716 παρ’

961 734 1044 761 αὑτοῦ
1061 731 1183 759 δοκοῦντι
1194 731 1340 765 ἠδικῆσθαι
1353 729 1512 764 ὑποχείριον
1527 729 1638 765 ποιήσῃ.
1659 727 1747 754 Τοῦτο

959 779 1050 806 τοίνυν
1066 777 1193 813 βασιλεὺς
1210 777 1224 802 ὁ
1242 777 1287 806 σος
1299 775 1409 809 ἔγγονος
1425 774 1559 809 πρότερον
1574 782 1604 800 τε
1621 773 1747 808 φαίνεται

960 825 1087 859 ποιήσας,
1100 823 1147 849 καὶ
1161 821 1261 856 μᾶλλον
1273 821 1289 855 ἢ
1306 819 1439 855 προσῆκε,
1455 819 1502 846 καὶ
1513 819 1560 845 νῦν
1572 819 1622 853 οὐχ
1634 819 1747 853 ἥκιστα.

963 868 1018 895 Καὶ
1034 868 1087 902 γὰρ
1101 867 1162 894 τότε
1180 866 1329 901 δυνάμενος
1356 865 1439 899 εῐπερ
1456 863 1587 898 ἠϐούλετο
1613 864 1663 898 τῆς
1682 863 1749 890 Ῥω-

965 915 1053 950 μαίων
1067 912 1217 947 ἡγεμονίας
1244 911 1294 937 οὐκ
1319 910 1429 937 ἔλαττον
1455 910 1537 944 μέρος
1560 908 1749 942 παρασπάσας

963 960 1046 994 ἔχειν,
1073 958 1122 984 οὐκ
1144 957 1296 991 ἠθέλησεν
1312 954 1380 981 ἀλλὰ
1406 954 1497 989 φέρων
1513 953 1612 980 ἑαυτὸν
1634 953 1748 986 ἐπέταξε

964 1014 1015 1033 σοι.
1035 1004 1183 1032 καὶταῦτα
1205 1002 1343 1037 μηδεμίαν
1365 1001 1457 1027 αἰτίαν
1477 1000 1545 1034 πρὸς
1564 1000 1611 1026 τὸν
1627 1000 1747 1033 πόλεμον

964 1052 1067 1078 ἐκεῖνον
1079 1048 1238 1084 παρασχών.
1254 1048 1310 1074 Καὶ
1322 1047 1352 1073 τὸ
1368 1048 1504 1082 μέγιστον,
1519 1046 1560 1072 ὅτι
1575 1046 1627 1080 τῆς
1638 1045 1750 1080 εἰρήνης

964 1097 1125 1132 γενομένης.
1144 1095 1213 1129 πρὸς
1238 1094 1267 1120 σὲ
1293 1093 1389 1125 ἐλθὼν,
1411 1092 1461 1118 οὐκ
1476 1091 1609 1126 ἠθέλησεν
1631 1090 1750 1124 ἔφιππος

966 1152 1004 1170 σοι
1017 1140 1186 1177 προσελθεῖν,
1205 1138 1300 1172 ὥσπερ
1317 1137 1399 1172 νόμος
1414 1137 1471 1168 τοῖς
1495 1134 1663 1170 βασιλεῦσιν,
1683 1134 1751 1160 ἀλλὰ

966 1187 1034 1222 πεζῇ
1051 1195 1080 1212 τε
1099 1184 1288 1220 προσεκύνησε
1310 1183 1358 1209 καὶ
1374 1181 1517 1218 ἠσπάσατό
1543 1189 1590 1206 σου
1606 1180 1652 1206 τὸν
1669 1177 1750 1209 πόδα,

965 1234 1034 1268 ὅπερ
1050 1231 1171 1261 δουλείας
1184 1228 1315 1264 ἀκριϐοῦς
1330 1229 1481 1262 τεκμήριον
1502 1225 1547 1262 ἦν.
1563 1226 1618 1253 Καὶ
1640 1225 1688 1252 νῦν
1702 1223 1750 1251 τοῦ

966 1279 1083 1313 πολέμου
1102 1277 1261 1311 κινουμένου
1271 1274 1388 1306 τουτουί,
1406 1273 1533 1300 τοσοῦτον
1548 1273 1643 1308 χρόνον
1666 1270 1753 1305 καθή-

967 1333 1048 1361 μενος
1060 1323 1150 1350 δεῖταί
1164 1331 1212 1348 σου
1230 1321 1267 1356 μὴ
1280 1320 1327 1356 τήν
1343 1320 1456 1361 είρήνην
1466 1319 1630 1346 καταλῦσαι.
1646 1317 1753 1361 Ἐλθόν-
1760 1340 1776 1356 ο

967 1377 1021 1396 των
1038 1368 1067 1395 δὲ
1096 1366 1143 1393 καὶ
1169 1366 1224 1392 τῶν
1238 1364 1391 1400 ἀρχιερέων
1420 1363 1468 1390 καὶ
1496 1361 1688 1396 συγκλητικῶν
1703 1360 1752 1392 οὓς

967 1413 1094 1448 ἔπεμψας
1106 1412 1174 1447 πρὸς
1191 1411 1283 1443 αὑτὸν,
1299 1410 1409 1445 πρῶτον
1423 1409 1474 1444 μὲν
1497 1408 1641 1441 ἀπέδειξεν
1656 1407 1752 1434 ἑαυτὸν

969 1459 1053 1495 μηδὲν
1067 1457 1214 1485 ἀδικοῦντα
1241 1455 1312 1492 μετὰ
1336 1454 1436 1481 πολλοῦ
1455 1454 1502 1481 τοῦ
1521 1453 1673 1488 περιόντος,
1693 1450 1751 1478 ἀλλ’

968 1504 1145 1539 ἀδικούμενον
1173 1503 1221 1529 καὶ
1253 1500 1520 1535 συκοφαντούμενον,
1540 1499 1635 1526 ἔπειτα
1659 1498 1688 1525 δὲ
1704 1497 1752 1524 καὶ

965 1550 1013 1577 τοῦ
1044 1549 1082 1585 μὴ
1108 1548 1222 1582 λυθῆναι
1265 1547 1316 1582 τὴν
1344 1546 1456 1581 εἰρήνην
1482 1543 1543 1571 εἷπε
1559 1553 1589 1571 τε
1609 1543 1693 1570 πολλὰ
1705 1543 1753 1570 καὶ

967 1597 1085 1633 ἔπραξεν
1100 1596 1163 1628 ἄξια
1176 1595 1256 1629 λόγου
1269 1601 1277 1609 ⁸
1294 1593 1343 1621 καὶ
1366 1593 1435 1628 πρὸς
1450 1593 1480 1619 σὲ
1497 1593 1640 1627 μεμήνυκε
1655 1590 1752 1623 πολλὰ,

967 1642 1038 1677 ἅπερ
1065 1641 1147 1673 αὑτός
1173 1649 1203 1667 τε
1220 1640 1339 1671 ἀκούσας
1355 1638 1414 1674 Θεῷ
1438 1646 1468 1664 τε
1497 1637 1682 1673 εὐχαρίστησα
1712 1636 1753 1670 τῷ

967 1687 1096 1722 τοιαύτην
1122 1686 1197 1721 αὖτῷ
1226 1685 1335 1713 σύνεσιν
1356 1683 1546 1719 χαρισαμένῳ,
1575 1683 1622 1709 καὶ
1649 1683 1753 1709 ικιῖνον

967 1734 1088 1769 ὲπῄνεσα
1099 1733 1149 1767 τῆς
1159 1731 1373 1766 καλοκαγαθίας,
1388 1730 1435 1757 καὶ
1449 1730 1477 1757 σὲ
1487 1729 1652 1764 ἐλογιζόμην
1666 1729 1753 1756 ταῦτα

968 1780 1132 1814 πυθόμενον,
1149 1778 1210 1813 Θεῷ
1227 1786 1257 1805 τε
1282 1777 1362 1812 χάριν
1376 1775 1544 1810 ὁμολογῆσαι
1564 1776 1612 1802 καὶ
1633 1774 1680 1801 τὸν
1694 1775 1752 1801 υἱὸν

968 1825 1115 1860 πέμψαντα
1129 1824 1171 1850 διὰ
1183 1823 1280 1858 τάχους
1294 1822 1410 1856 ἀγαγεῖν
1425 1821 1497 1856 πρὸς
1514 1819 1639 1852 σεαυτὸν,
1652 1819 1701 1846 καὶ
1717 1818 1752 1845 τὰ

970 1869 1184 1906 προσδοκώμενα
1209 1867 1329 1902 δυσχερῆ
1345 1866 1437 1897 λῦσαι.
1458 1866 1506 1892 καὶ
1530 1865 1702 1899 εὐφροσύνης
1719 1863 1752 1890 ἆ-

969 1924 1073 1947 παντας
1096 1915 1143 1941 καὶ
1159 1913 1293 1948 θυμηδίας
1315 1912 1456 1946 ἐμπλῆσαι
1485 1911 1534 1946 τῆς
1548 1911 1596 1937 ἐπὶ
1609 1911 1641 1944 τῇ
1657 1910 1752 1945 εἰρήνῄ

968 1963 1022 1990 τῶν
1036 1961 1167 1997 βασιλέων
1181 1961 1259 1996 ήμῶν
1276 1958 1471 1994 γενησομένης.
1483 1957 1519 1984 Σὺ
1531 1957 1554 1983 δ’
1566 1957 1596 1983 οὐ
1611 1957 1690 1991 μόνον
1702 1955 1754 1983 οὐκ

970 2010 1102 2043 ἐποίησας
1128 2007 1248 2033 τοιοῦτον
1270 2005 1356 2037 οὐδὲν,
1374 2004 1442 2032 ἀλλὰ
1469 2004 1517 2030 καὶ
1542 2003 1591 2038 ὲμὲ
1604 2004 1638 2029 τὰ
1659 2002 1754 2029 δέοντα

971 2053 1192 2090 συμὸουλεύοντα
1209 2051 1324 2082 ἀπώσω,
1350 2052 1399 2077 καὶ
1412 2050 1517 2085 σιωπᾷν
1531 2049 1690 2080 ἐκέλευσας,
1705 2048 1753 2074 καὶ

974 2099 1011 2134 μὴ
1039 2096 1274 2134 περιεργάζεσθαι
1302 2096 1335 2122 τὰ
1362 2095 1399 2130 μὴ
1425 2096 1609 2130 προσήκοντα.
1629 2095 1707 2128 Ἐμοὶ
1725 2093 1755 2120 δὲ

972 2145 1095 2179 ἀνάγκην
1117 2144 1205 2179 ἔχοντι
1231 2142 1285 2168 τῶν
1301 2141 1486 2176 ἀδικουμένων
1502 2139 1684 2175 προΐστασθαι
1707 2139 1755 2165 καὶ

140 2189 214 2211 tanto
237 2185 340 2212 scelere
360 2185 480 2219 linguam
506 2184 646 2210 occlusum
668 2183 808 2218 gererem?
830 2183 914 2216 Quare

973 2188 1080 2223 βοηθεῖν
1097 2188 1189 2219 αὐτοῖς
1212 2187 1263 2221 ὂση
1277 2185 1405 2220 δύναμις,
1420 2186 1467 2211 καὶ
1485 2185 1554 2220 ὑπὲρ
1578 2184 1708 2220 βασιλέως
1725 2184 1756 2210 τὸ

139 2230 230 2256 denuo
241 2233 266 2255 te
283 2237 330 2264 per
348 2230 433 2264 ipsam
452 2229 597 2256 veritatem
613 2229 740 2260 obsecro,
755 2233 784 2255 ut
795 2229 822 2255 in
835 2229 916 2260 viam,

141 2275 212 2302 unde
236 2282 427 2309 perversurum
455 2275 611 2301 mortalium
636 2282 720 2308 opera
737 2275 862 2301 detortus
874 2282 919 2306 es,

140 2321 195 2348 cito
220 2321 317 2348 redeas
332 2330 340 2350 ;
356 2329 424 2348 neve
442 2321 615 2348 mendacium
631 2321 738 2347 veritati
758 2320 921 2355 prmponde~

141 2374 201 2393 rare
226 2366 308 2393 sinas.
330 2366 392 2393 Haec
411 2367 568 2401 patriarcha
590 2366 761 2401 imperatori,
777 2367 922 2393 internun-

142 2412 186 2438 tiis
213 2412 342 2447 Gregorio
368 2413 464 2440 Cutala
487 2413 716 2448 chartopbylacc.
738 2417 765 2439 et
786 2417 923 2439 monaste-

141 2458 243 2484 riorum
271 2459 386 2493 praeside
402 2459 557 2494 Cyberiota.
576 2458 641 2491 Quae
656 2466 717 2485 cum
734 2458 866 2491 audisset,
884 2458 925 2485 in-

142 2503 275 2530 tolerabili
298 2504 336 2530 ira
352 2504 490 2535 cllerbnit,
509 2504 694 2538 prmeepitque
712 2504 774 2530 illos
787 2504 814 2530 in
830 2511 923 2531 carce—

141 2556 197 2574 rem
214 2549 303 2575 statim
325 2550 440 2581 abduci,
458 2549 603 2576 Macarium
626 2550 769 2576 Serrarum
785 2553 924 2583 metropo-

141 2593 216 2619 litam
240 2594 266 2620 in
293 2595 397 2628 palatio
416 2595 467 2621 sub
486 2595 609 2621 custodia
627 2596 724 2627 teneri,
741 2595 923 2629 patriarcham

141 2638 308 2672 patriarclnio
323 2640 451 2673 ejectum,
461 2639 488 2665 in
505 2639 679 2674 Manganensi
691 2640 857 2667 monasterio
868 2647 926 2666 ma-

141 2691 205 2710 nere
230 2684 296 2718 (95),
324 2688 351 2710 ct
378 2684 412 2710 ad
439 2691 501 2710 eum
524 2685 661 2712 nelninem
688 2693 800 2719 prorsus
826 2686 925 2712 admit-

971 2235 1036 2261 αὐτὸ
1058 2233 1181 2268 ποιήσω’
1196 2234 1244 2260 καὶ
1260 2232 1360 2267 μᾶλλον
1386 2231 1456 2267 ὑπὲρ
1469 2233 1577 2263 τούτου,
1588 2232 1642 2266 ὅσῳ
1656 2230 1703 2257 καὶ
1721 2229 1756 2256 τὰ

974 2281 1092 2316 μέγιστα
1113 2280 1264 2306 ἀδικεῖται·
1281 2278 1329 2305 καὶ
1345 2278 1394 2304 οὐκ
1419 2278 1459 2308 είς
1483 2277 1564 2304 αὑτὸν
1592 2278 1682 2312 μόνον,
1697 2276 1755 2303 ἀλλ’

972 2326 1013 2357 είς
1030 2326 1133 2355 πάντας
1154 2323 1308 2358 Ῥωμαίους
1323 2325 1373 2358 τῆς
1398 2323 1437 2354 είς
1469 2322 1552 2349 αὑτὸν
1577 2322 1685 2353 ἀδικίας
1699 2322 1758 2348 δια-

973 2369 1137 2403 ϐαινούσης·
1155 2368 1168 2394 ὃ
1182 2368 1209 2394 δέ
1225 2377 1258 2402 με
1272 2367 1326 2394 τῶν
1343 2367 1431 2394 ἄλλων
1455 2367 1555 2402 μᾶλλον
1572 2367 1622 2393 οὐκ
1639 2367 1671 2401 ἑᾷ
1691 2375 1758 2393 σιω-

974 2415 1037 2450 πᾷν,
1055 2415 1095 2441 ὅτι
1123 2422 1171 2440 σου
1187 2413 1391 2448 προστάξαντος
1420 2412 1502 2446 ὀλίγῳ
1520 2412 1652 2447 πρότερον
1675 2411 1757 2443 αὐτὸς

973 2460 1057 2486 αὑτὸν
1070 2460 1168 2495 ἕχρισα
1184 2459 1308 2493 βασιλέα.
1334 2459 1386 2485 Τὸν
1402 2457 1447 2485 οὖν
1462 2458 1533 2486 οὕτω
1558 2458 1683 2493 νομίμως
1710 2459 1758 2485 καὶ

973 2505 1086 2535 δικαίως
1100 2505 1147 2530 καὶ
1163 2505 1235 2532 κατὰ
1248 2505 1362 2540 γνώμην
1377 2506 1426 2541 σὴν
1438 2506 1622 2541 γεγενημένον
1645 2506 1758 2541 βασιλέα

973 2551 1021 2577 νῦν
1039 2551 1251 2584 ἀπελαύνεσθαι,
1270 2552 1318 2578 καὶ
1337 2552 1422 2579 ταῦτα
1446 2553 1489 2579 ἐπ’
1514 2553 1627 2588 οὐδεμιᾷ
1649 2552 1758 2587 προφά-

974 2603 1027 2629 σει,
1048 2597 1098 2623 ποῦ
1122 2597 1242 2628 δίκαιον;
1265 2598 1356 2633 ῆπῶς
1380 2599 1431 2625 οὐκ
1454 2598 1487 2625 ἂν
1501 2597 1660 2634 νομισθείην
1682 2598 1758 2631 ἄξιος

974 2641 1080 2667 πολλῶν
1097 2642 1250 2676 κεραυνῶν,
1263 2642 1310 2668 ἐπὶ
1329 2642 1443 2678 τοιαύτῃ
1467 2644 1626 2679 παρανομίᾳ
1645 2642 1757 2670 σιωπῶν

973 2687 1072 2720 αὑτός;
1091 2687 1139 2713 Διὰ
1169 2687 1247 2713 τοῦτο
1278 2687 1325 2714 σοῦ
1344 2688 1389 2714 καὶ
1413 2686 1490 2719 αὖθις
1507 2689 1602 2724 δέομαι
1624 2689 1694 2724 πρὸς
1707 2689 1758 2724 τῆς

761 2743 870 2774 Jacobi
891 2743 1021 2774 Pontani
1037 2748 1129 2775 notae.

178 2791 233 2824 (93)
262 2791 318 2818 lloc
343 2791 431 2825 ipsum
448 2798 561 2818 narrans
574 2791 709 2826 Gregoras
724 2792 771 2818 lib.
789 2800 826 2825 ix,
854 2800 921 2819 con-

143 2825 310 2862 iurationem
340 2826 501 2861 patriarcha:
521 2831 548 2854 et
571 2827 762 2860 episcoporum
787 2827 814 2854 in
830 2828 926 2862 senio-

977 2802 1033 2821 rem
1049 2795 1241 2828 imperatorem
1253 2794 1403 2828 prmmittit,
1419 2794 1445 2821 in
1458 2801 1539 2828 quam
1551 2793 1633 2821 etiam
1648 2793 1758 2821 nobiles

979 2829 1152 2857 adduxerim.
1175 2829 1308 2857 Praeterea
1333 2829 1519 2860 patriarcham
1562 2828 1648 2857 sacris
1672 2829 1764 2869 inter-V
