1920 3076
125 114 179 144 341

719 111 993 144 HISTORIARUM
1014 112 1129 143 LIBER
1152 112 1177 142 ῐ.

1707 110 1763 142 3ίῖ

124 171 264 206 ἀληθείας
280 172 378 207 αὐτῆς,
393 173 420 199 εἴ
441 180 468 200 τι
488 173 536 200 καὶ
553 174 713 210 παρεσύρης
729 174 855 206 πεισθεὶς
872 175 919 201 ἀν-

984 172 992 198 i
1006 171 1224 206 (94):profectos
1232 178 1299 199 vero
1313 171 1348 199 ad
1364 176 1492 206 nepotem
1505 171 1759 207 episcopos,nequc

125 218 254 252 θρώποις
270 218 438 254 διεφθορόσι,
453 220 566 254 ταχεῖαν
591 220 759 255 ποιήσασθαι
779 220 829 255 τὴν
846 220 921 254 διόρ-

126 263 227 292 θωσιν.
244 263 341 299 καὶμὴ
355 264 392 299 τῷ
407 265 500 299 ψεύδει
516 265 588 293 κατὰ
600 267 650 302 τῆς
665 266 796 301 ἀληθείας
811 267 921 301 ἰσχύσαι

125 307 225 335 δοῦναι
238 310 335 344 ῥοπήν.
358 310 476 337 Τοιαῦτα
491 311 541 345 μὲν
554 312 568 338 ὁ
584 313 760 347 πατριάρχης
777 312 920 348 μεμήνυκε

127 354 201 389 πρὸς
219 354 346 389 βασιλέα,
366 357 500 391 μηνυταῑς
518 357 692 392 χρησάμενος
716 357 754 392 τῷ
767 366 798 383 τε
814 366 920 393 χαρτο-

127 400 237 434 φύλακι
254 401 400 437 Γρηγορίῳ
414 402 453 437 τῷ
484 403 622 439 Κουτάλῃ.
639 403 688 430 καὶ
705 403 745 438 τῷ
761 404 817 430 τῶν
840 412 922 438 μονα-

127 447 255 482 στηρὶων
283 448 395 483 ἄρχοντι
420 449 460 482 τῷ
491 449 665 485 Κυϐεριὼτῃ,
695 449 830 481 Ἀκούσας
852 450 881 477 δὲ
907 450 921 476 ὸ

129 492 274 527 βασιλεὺς,
292 493 372 528 θυμῷ
390 503 420 520 τε
438 494 542 530 ἐλήφθη
563 495 655 522 οὐκέτι
690 496 858 530 ἁνασχετῶς,
875 497 922 522 καὶ

128 539 306 573 προσέταξεν
315 539 395 570 εὐθὺς
409 538 473 571 τοὺς
489 541 538 574 μὲν
551 541 725 576 μηνύσαντας
738 542 801 572 τοὺς
824 541 922 575 λόγους

127 585 173 615 εἰς
200 584 394 619 δεσμωτήριον
425 586 619 621 ἐμϐληθῆναι·
648 587 795 622 Μακάριον
819 588 848 614 δὲ
877 589 923 615 τὶν

130 629 340 663 μητροπολίτην
361 629 470 665 Σερρὦ
488 631 517 656 ὲν
534 631 588 660 τοῖς
605 631 753 665 βασιλείοις
779 632 825 658 καὶ
842 632 923 659 αὐτὸν

128 675 186 700 ὑπὸ
219 676 329 710 φρουρᾷ
348 672 431 704 εἶναι.
457 676 509 703 Τὸν
538 677 632 712 μέντοι
658 681 848 714 πατριάρχην,
875 678 923 704 τοῦ

129 720 337 755 πατριαρχείου
352 721 530 756 ἑκὸληθέντα,
551 722 580 748 ὲν
594 723 626 757 τῇ
649 724 717 758 μονῇ
740 723 794 750 τῶν
809 723 922 756 Μαγκά·

129 776 186 793 νων
205 768 339 802 ἀπρόῖτον
360 769 465 802 μένειν.
487 769 558 800 Τοὺς
576 769 605 795 δὲ
620 769 689 804 πρὸς
705 769 750 795 τδν
768 769 830 796 νέον
849 769 926 805 βασι-

130 813 183 840 ὶθέα
197 814 442 849 παραγενομένους
460 814 620 850 ἀρχιερέας,
638 815 700 849 μήτ’
720 815 819 847 αὐτοὺς
832 816 925 851 προϊέ-

130 870 178 887 ναι
194 861 250 887 τῶν
269 861 363 888 οἰκιῶν
379 861 482 893 αὐτῶν,
509 861 574 897 μήθ’
595 861 706 896 ἑτέρους
729 861 794 897 παρ’
823 862 924 893 αὐτοὺς

131 907 245 942 φοιτᾷν.
264 906 357 933 Ταῦτα
387 907 437 940 μὲν
466 904 513 933 οὖν
584 907 753 941 προσέταξεν
773 907 882 941 ἐγένετο
911 909 924 934 ὁ

133 952 278 987 βασιλεύς.
296 952 374 979 Μετὰ
388 952 418 978 δὲ
442 952 493 988 τὴν
519 953 552 978 ἐκ
570 952 619 988 τοῦ
638 953 698 979 νέου
721 952 853 987 βασιλέως
870 952 925 979 τῶν

134 998 282 1032 πρέσϐεων
300 997 487 1033 ἀναχώρησιν,
506 998 588 1025 πέντε
603 999 672 1033 πρὸς
687 1000 748 1030 ταῖς
771 999 837 1025 δέκα
859 999 926 1034 ἠμε-

136 1044 195 1078 ρῶν
210 1044 409 1078 διηνυσμένων,
431 1044 493 1071 ἐπεὶ
518 1045 587 1080 μήτε
612 1045 688 1080 παρὰ
712 1045 846 1079 βασιλέως
878 1044 924 1072 τοῦ

131 1089 343 1126 ἓπρεσσυτέρου,
368 1091 436 1124 μήτε
460 1089 508 1116 τοῦ
538 1091 709 1127 πατριάρχου
731 1092 864 1126 ἀπολογία
884 1100 927 1123 τις

135 1135 255 1169 ἀφίκετο
274 1135 342 1170 πρὸς
361 1135 455 1167 αὑτὸν,
468 1136 519 1162 οὐκ
538 1136 581 1162 ἐπ’
595 1136 692 1171 ἀγαθῴ
708 1137 926 1172 τεκμαιρόμενος

134 1180 209 1208 εἶναι
232 1182 282 1216 τὴν
301 1182 391 1216 σιγὴν,
410 1182 468 1217 ἅμα
497 1183 535 1217 τῷ
559 1183 672 1219 μεγάλῳ
692 1183 848 1219 δομεστίκῳ
878 1184 927 1211 καὶ

135 1228 365 1263 πρωτοστράτορι
382 1229 559 1257 ἐϐουλεύοντο
585 1230 612 1256 τι
639 1230 694 1257 δέοι
721 1231 817 1258 ποιεῖν.
842 1229 927 1258 Εἶπεν

135 1272 185 1300 οὗν
204 1274 218 1299 ὁ
236 1274 323 1307 μέγας
348 1274 521 1310 δομέστικος,
551 1275 650 1302 Οὐκέτι
673 1275 743 1307 δέον,
760 1272 782 1302 ὦ
805 1276 926 1310 βασιλεῦ,

135 1319 299 1354 ἀπράκτους
315 1319 466 1354 καθῆσθαι,
481 1320 540 1347 ἀλλ’
553 1321 637 1356 ἔργου
651 1321 772 1357 ἔχεαθαι.
787 1322 856 1348 Οὐδὲ
874 1323 928 1358 γὰρ

137 1364 179 1391 ἔτι
199 1367 274 1397 τινὸς
303 1366 400 1399 ἐνδεῖν,
415 1366 429 1393 ὃ
448 1367 608 1402 πράξαντας
633 1368 711 1399 ἐλπὶς
733 1369 778 1396 τὺν
808 1370 929 1405 πόλεμον

137 1411 305 1438 καταλῦσαι.
320 1411 353 1438 ’⁷0
369 1420 398 1438 τε
416 1412 471 1447 γὰρ
495 1413 592 1448 χρόνος
613 1413 644 1439 ὃν
669 1414 787 1441 ἐνταῦθα
807 1415 930 1451 καθήμεσ

137 1465 180 1483 νοι
197 1456 314 1491 δεόμεθα
332 1457 475 1492 βασιλέως,
499 1459 628 1486 τοσοῦτον
645 1460 804 1495 ὑπερήλασε
829 1462 877 1488 καὶ
899 1462 930 1488 τδ

973 219 1156 254 ipsosa‘edibus
1167 218 1224 246 suis
1235 218 1332 253 pedem
1341 218 1450 250 eﬂ‘crre,
1458 225 1547 252 neque
1556 218 1588 245 ad
1597 218 1659 244 illos
1667 224 1762 251 quem—

971 272 1054 299 quam
1077 264 1224 292 rentitare.
1245 264 1328 291 Facta
1352 263 1386 290 ad
1413 264 1473 298 ejus
1493 263 1639 290 arbitrium
1655 261 1758 289 omnia.

972 312 1075 340 Diebus
1098 311 1256 346 quindecim
1274 319 1288 338 a
1303 319 1414 338 recessu
1431 311 1585 345 legatorum
1600 307 1759 338 transactis.

972 366 1035 386 cum
1051 366 1142 393 neque
1158 358 1192 385 ab
1210 365 1275 389 avo,
1295 365 1386 392 neque
1399 365 1413 384 ιι
1429 356 1583 391 patriarcha
1599 361 1763 389 responsum

972 403 1129 435 aﬁerretur,
1150 403 1217 430 nihil
1243 403 1308 430 boni
1337 410 1369 429 cx
1396 402 1449 429 hoc
1474 401 1585 429 silentio
1609 400 1761 435 conjiciens

970 450 1081 485 junior,
1109 456 1172 476 cum
1195 456 1295 483 magno
1324 448 1475 475 domestico
1504 451 1531 474 et
1560 440 1758 485 protostra'tore

973 495 1038 530 quid
1064 495 1199 530 agendum
1221 499 1314 527 esset,
1331 494 1559 522 deliberationem
1573 493 1704 520 instituit.
1722 492 1766 520 lbi

975 549 1090 576 magnus
1112 541 1292 573 domesticus,
1311 548 1365 568 non
1381 541 1452 568 ultra
1466 540 1630 572 sedendum,
1646 540 1694 566 sed
1707 547 1764 572 _ma—

975 594 1026 613 nus
1044 587 1122 620 operi
1146 586 1355 620 admoliendas;
1379 587 1449 613 nihil
1475 587 1549 614 enim
1573 591 1678 614 restare
1706 594 1763 613 am-

975 632 1057 666 plius,
1081 640 1135 666 quo
1160 632 1195 659 ab
1219 632 1286 667 ipsis
1309 633 1441 667 pratslito,
1469 632 1572 659 bellum
1602 632 1762 667 quieturum

975 685 1039 712 spes
1064 678 1111 705 sit.
1132 677 1199 705 Nam
1214 683 1242 706 et
1261 681 1370 713 tempus
1384 686 1439 712 quo
1453 678 1497 706 hic
1512 681 1697 710 morarentur,
1713 677 1765 704 im-

976 729 1132 759 peratorem
1153 732 1235 751 avum
1259 725 1428 759 rogitantes,
1455 732 1542 759 usque
1561 732 1594 751 eo
1615 724 1762 752 tesminum

977 769 1138 801 excessisse.
1159 774 1190 796 ut
1204 770 1260 802 jam
1277 769 1386 804 longior
1400 769 1571 804 exspectatio
1586 777 1640 796 non
1654 775 1766 803 magna-

978 816 1096 842 nimitati
1115 823 1147 843 ac
1164 816 1327 846 tolerantiae,
1344 815 1424 851 156
1436 815 1482 842 scd
1500 814 1719 842 consternationi
1736 814 1766 841 in

976 863 1058 889 rebus
1082 862 1186 894 arduis,
1210 867 1238 889 et
1262 862 1377 896 ignavia:
1399 862 1497 889 merito
1515 861 1661 889 tribuenda
1675 861 1768 888 videa-

976 913 1021 935 tur
1042 917 1049 942 ;
1074 913 1102 935 et
1124 915 1221 935 omnes
1247 907 1328 934 ollicii
1356 912 1447 942 partes
1473 915 1537 942 erga
1551 908 1628 935 illum
1643 908 1769 942 expletas

975 960 1046 985 esse,
1069 961 1132 981 cum
1157 958 1185 980 et
1208 957 1287 981 antea
1317 953 1398 980 toties
1423 960 1472 988 per
1493 953 1607 988 legatos,
1634 957 1663 980 ut
1678 953 1766 987 pactis

976 1000 1120 1026 conventis
1145 1003 1251 1031 staret,
1275 999 1309 1026 ab
1334 1006 1368 1026 eo
1388 999 1528 1033 petiverit,
1563 1004 1591 1026 et
1612 1006 1685 1025 nunc
1702 1005 1766 1025 cum

977 1045 1012 1072 iis
1031 1045 1078 1080 qui
1100 1045 1177 1072 illinc
1201 1049 1337 1072 venerant
1359 1045 1468 1080 legatis.
1486 1052 1658 1079 quaecunque
1676 1043 1767 1079 potuit

977 1093 1113 1128 quispiam
1140 1093 1215 1127 pacis
1241 1093 1360 1127 cupidus
1375 1097 1402 1120 et
1420 1093 1466 1120 hic
1480 1100 1572 1120 coram
1593 1093 1702 1119 locutus
1718 1092 1765 1122 sit.

977 1144 1005 1166 et
1035 1146 1084 1173 per
1109 1138 1220 1166 eosdem
1248 1146 1310 1165 eum
1337 1139 1396 1172 ipso
1420 1138 1511 1165 adhuc
1535 1138 1632 1173 egerit.
1646 1137 1769 1172 Tempus

977 1184 1100 1218 elapsum
1124 1187 1185 1217 post
1203 1184 1312 1210 illorum
1327 1183 1492 1216 discessum,
1509 1183 1541 1210 ad
1559 1183 1722 1217 capiendum
1739 1183 1770 1210 in

979 1228 1032 1255 hoc
1053 1228 1163 1262 negotio
1187 1228 1345 1260 consilium,
1366 1227 1541 1262 dandamque
1560 1227 1771 1262 responsionem

979 1274 1013 1307 (si
1039 1274 1104 1309 quid
1131 1273 1303 1301 moderatum
1331 1274 1475 1309 cogitaret)
1492 1273 1618 1300 suiIicere
1634 1273 1769 1308 potuisse.

980 1319 1032 1347 Sed
1057 1324 1131 1347 tanto
1154 1319 1300 1347 intervallo
1323 1324 1433 1351 tacere,
1453 1322 1617 1353 argumento
1633 1326 1693 1345 esse
1710 1325 1769 1345 ma-

980 1366 1098 1397 nifesto,
1124 1373 1219 1400 pacem
1247 1364 1400 1400 repudiari,
1418 1364 1529 1398 ,bellum
1552 1369 1678 1399 apertum
1694 1363 1772 1398 cogi-

981 1412 1032 1440 tari
1057 1421 1063 1439 :
1086 1411 1112 1439 id
1133 1411 1207 1446 quod
1224 1412 1305 1439 etiam
1333 1419 1366 1438 ex
1393 1419 1423 1438 re
1449 1411 1509 1446 ipsa
1535 1419 1588 1438 non
1609 1410 1691 1438 dubia
1702 1418 1773 1438 con-

978 1457 1084 1492 jectura
1112 1457 1249 1492 quispiam
1278 1461 1451 1491 assequatur.
1482 1455 1534 1489 Qui
1559 1455 1633 1483 enim
1664 1459 1773 1483 tantum

137 1503 211 1534 δέον,
226 1502 291 1529 ὥστ’
307 1504 357 1539 ἤδη
373 1504 404 1530 οὺ
421 1504 609 1540 μεγαλοψυχία
624 1508 673 1533 καὶ
685 1508 824 1542 καρτερία
839 1508 856 1543 ἡ
867 1509 928 1535 ἐπι-

982 1502 1114 1536 temporis
1132 1502 1160 1529 in
1180 1506 1313 1537 apparatu
1339 1501 1450 1529 militari
1469 1501 1673 1536 consumpserit
1685 1521 1692 1533 ,
1713 1505 1773 1529 tam

139 1549 223 1575 πλέον
241 1549 408 1584 παράτασις,
424 1550 484 1577 ἀλλ’
499 1550 632 1586 ἔκπληξις
647 1553 715 1586 πρδς
735 1555 770 1580 τὰ
790 1554 866 1580 δεινὰ
882 1555 930 1581 καὶ

138 1594 257 1630 ἀτολμία
282 1595 358 1628 δόξαι
377 1596 410 1622 ἄν
437 1605 492 1623 τισι
516 1597 631 1629 δικαίως
645 1605 652 1612 ·
671 1599 740 1634 πρός
759 1608 789 1626 τε
815 1599 930 1634 βασιλέα

140 1641 220 1667 οὐδὲν
233 1641 247 1668 ὅ
260 1650 286 1668 τι
299 1642 504 1676 παραλέλοιπας
523 1644 578 1670 τῶν
594 1643 718 1671 δεόντων.
729 1646 808 1672 Ἀλλὰ
830 1647 930 1682 πρότε-

141 1687 189 1722 ρόν
204 1695 235 1714 τε
262 1688 394 1720 πολλάκις
419 1689 599 1724 ἐπρεσσεύσω
615 1691 684 1726 πρὸς
702 1692 784 1718 αὐτὸν
799 1692 929 1728 δεόμενος

142 1733 180 1768 μὴ
195 1733 347 1761 καταλῦσαι
366 1734 418 1770 τὴν
431 1735 555 1771 είρήνην,
572 1736 619 1763 καὶ
635 1736 684 1763 νῦν
698 1737 767 1771 πρὸς
779 1739 845 1770 τοὺς
858 1740 930 1767 ἐκεῖ·

141 1779 188 1804 θεν
202 1780 371 1814 ἀφιγμένους
387 1781 516 1814 πρέσϐεις
534 1782 584 1808 ὃσα
600 1781 634 1817 ἦν
660 1783 861 1818 ἐπιθυμοῦντος
880 1785 930 1820 τὴν

140 1824 266 1859 εἰρήνην,
284 1825 401 1852 ἐνταῦθα
425 1834 455 1853 τε
471 1824 562 1858 εἴπας,
578 1828 626 1854 καὶ
652 1829 722 1862 πρὸς
747 1824 851 1857 ἐκεῖνον
875 1830 930 1857 διε-

141 1869 316 1903 πρεσὸεύσω.
340 1871 374 1897 '0
390 1880 421 1897 τε
451 1872 595 1905 παρελθὼν
611 1872 706 1908 χ’ρόνος
729 1876 798 1910 μετὰ
819 1876 851 1902 τὺ
866 1877 930 1908 τοὺς

141 1915 274 1950 πρέσϐεις
303 1916 430 1943 ἐντεῦθεν
445 1918 586 1954 ἀπελθεῖν,
615 1920 709 1952 ἱκανὸς
737 1921 783 1946 καὶ
801 1922 867 1956 περὶ
881 1922 929 1949 τοῦ

141 1962 308 1996 πράγματος
337 1962 448 1997 βασιλέα
474 1964 674 1998 διασκέψασθαι
705 1967 752 1993 καὶ
777 1967 930 2002 ἀπολογίαν

140 2008 244 2039 δοῦναι,
257 2008 284 2033 ετ
296 2017 322 2034 τι
340 2009 524 2044 μετριώτερον
534 2010 669 2038 διενοεῖτο.
681 2012 717 2038 Τὸ
730 2012 753 2038 δ’
768 2014 796 2039 έν
808 2014 930 2050 τοσούτῳ

141 2053 231 2087 χρόνῳ
251 2054 327 2088 παρὰ
352 2053 485 2088 βασιλέως
509 2056 570 2082 τινὰ
594 2057 747 2091 ἀπολογῐαν
774 2059 812 2093 μὴ
829 2059 929 2093 ἐλθεῖν,

141 2099 293 2134 τεκμήριον
309 2100 424 2134 ἐναργὲς
447 2101 494 2127 τοῦ
511 2101 548 2136 μὴ
562 2102 762 2136 προσδέξασθαι
778 2104 828 2139 τὴν
850 2106 929 2142 εῑρή-

142 2153 202 2179 νην,
219 2146 288 2172 ἀλλὰ
307 2147 375 2180 πρὸς
396 2147 441 2173 τὸν
459 2148 577 2182 πόλεμον
599 2148 649 2183 ἤδη
666 2150 793 2185 φανερῶς
816 2154 928 2188 χωρεῖν.

143 2191 199 2217 Καὶ
213 2190 293 2219 τοῦτ’)
305 2192 337 2218 ἄν
350 2201 392 2224 τις
408 2194 455 2219 καὶ
468 2193 497 2225 ἐξ
511 2193 594 2220 αὑτοῦ
611 2194 657 2220 τοῦ
684 2196 847 2231 πράγματος
866 2207 930 2226 στο-

144 2237 260 2270 χάσαιτο
292 2238 434 2272 ἀσφαλῶς.
456 2239 485 2266 '0
510 2241 564 2274 γὰρ
581 2241 610 2266 ὲν
635 2241 756 2277 τοσούτῳ
784 2244 873 2280 χρόνῳ
899 2246 934 2271 τὰ

144 2283 214 2318 πρὸς
234 2284 281 2310 τὸν
300 2285 419 2318 πόλεμον
445 2286 658 2322 ὲξαξτυόμενος,
681 2288 728 2314 καὶ
744 2289 890 2322 τοσούτους
905 2291 934 2322 ἐς

145 2330 211 2356 αὐτὸ
227 2330 306 2357 τοῦτο
325 2333 394 2365 πρὸς
405 2331 454 2366 τὴν
467 2332 588 2366 ἑσπέραν
608 2333 754 2368 ἐκπέμψας
771 2334 808 2365 ὡς
838 2335 869 2362 ἂν
884 2335 934 2371 ἑχῃ

145 2377 264 2411 χρῆσθαι
281 2378 388 2413 μεγάλῃ
404 2380 566 2414 παρασκευῇ
590 2380 658 2414 πρὸς
678 2381 761 2406 αὐτὸν
785 2384 935 2416 καταστὰς,

144 2424 194 2449 οὐκ
209 2423 241 2449 ἂν
263 2423 363 2458 ῥᾳδίως
377 2426 426 2454 τὰς
453 2424 561 2450 ἐκεῖθεν
588 2425 706 2460 πρόηται
732 2426 854 2458 ἐλπίδας.
884 2429 930 2454 At’)

145 2469 207 2495 οῦδδ
222 2470 294 2504 ἡμᾶς
310 2470 469 2504 ἀπράκτους
489 2470 530 2496 δεῖ
542 2471 688 2506 καοῆσοαι,
708 2472 775 2499 ἀλλὰ
793 2473 932 2508 σιτανταχό⁴

147 2518 192 2543 θεν
216 2516 411 2550 ἀπεγνωκότας
426 2516 474 2551 τὴν
500 2518 622 2552 εἰρήνην,
642 2518 709 2553 πρὸς
726 2519 757 2544 τὸ
783 2519 936 2554 ἀμύνεσθαι

148 2563 409 2598 παρασκευάζεσθαι
432 2564 495 2595 τοὺς
520 2563 659 2596 ἐπιόντας.
680 2564 799 2591 Τοιαῦτα
823 2565 870 2591 τοῦ
888 2574 937 2600 με-

980 1549 1083 1576 multos
1101 1555 1132 1576 ea
1150 1548 1238 1583 gratia
1262 1548 1290 1575 in
1310 1548 1483 1576 occidentem
1497 1548 1640 1582 emiserit,
1658 1553 1689 1576 ut
1706 1556 1770 1576 cum

981 1593 1113 1626 venisset,
1135 1593 1228 1620 omnia
1254 1593 1361 1621 aﬂ‘atim
1385 1594 1613 1629 suppeditarent.
1637 1601 1701 1630 spes
1717 1594 1773 1622 sibi

982 1638 1046 1666 inde
1068 1638 1183 1673 injectas
1207 1638 1280 1666 haud
1298 1638 1378 1666 facile
1400 1639 1600 1674 projecturum.
1614 1639 1706 1673 Quare
1720 1647 1772 1667 nec

981 1685 1050 1718 ipsis
1069 1683 1172 1711 bonum
1191 1688 1299 1720 tempus
1315 1684 1397 1712 inerti
1414 1685 1472 1713 otio
1488 1686 1707 1721 transigendum,
1722 1686 1771 1714 sed

980 1730 1108 1765 pacejam
1118 1730 1271 1765 desperata,
1283 1731 1316 1758 ad
1326 1731 1539 1765 propulsandam
1549 1732 1770 1760 adversariorum

980 1776 1037 1802 vim
1057 1775 1178 1810 undique
1198 1777 1322 1804 subsidia
1333 1778 1529 1812 comparanda.
1551 1778 1700 1813 Excipiens
1716 1786 1773 1806 ma-

980 1830 1065 1857 gnum
1099 1822 1281 1850 domesticum
1316 1827 1498 1857 protostrator
1523 1824 1618 1851 cadent
1645 1825 1773 1852 hortatus

980 1873 1032 1896 est.
1064 1867 1104 1901 Si,
1132 1868 1239 1902 inquit,
1263 1869 1457 1903 imperatorem
1484 1875 1580 1897 contra
1605 1878 1656 1898 nos
1668 1871 1772 1899 bellum

980 1914 1088 1950 pridem
1112 1914 1318 1946 machinatum,
1340 1919 1368 1941 et
1391 1915 1514 1949 undique
1538 1917 1632 1951 copias
1658 1917 1685 1944 in
1704 1917 1772 1944 illud

981 1961 1146 1988 contrahere
1163 1960 1363 1995 ignoraremus,
1375 1961 1657 1996 circumspiciendum
1674 1963 1773 1991 fuisset

981 2007 1137 2042 diligenter,
1167 2014 1201 2034 ne
1226 2007 1286 2041 ipso
1310 2014 1405 2041 pacem
1428 2013 1600 2042 capessente,
1626 2016 1676 2036 nos
1687 2009 1771 2037 stulte

982 2053 1083 2080 bellum
1108 2048 1322 2087 inccpvtaremus.
1345 2053 1397 2080 Sed
1427 2054 1555 2088 quoniam
1583 2055 1669 2083 multa
1690 2056 1772 2084 nobis

981 2099 1116 2134 liquidum
1142 2099 1257 2130 faciunt,
1280 2107 1333 2126 nec
1361 2099 1477 2134 ipsemet
1498 2100 1614 2128 inﬁciari
1633 2103 1730 2136 possit,
1745 2111 1775 2131 se

985 2145 1071 2172 armis
1100 2145 1162 2172 istis
1187 2151 1299 2171 causam
1328 2149 1356 2172 et
1378 2150 1461 2180 caput
1484 2153 1557 2179 esse,
1583 2155 1633 2174 nos
1663 2156 1775 2183 quoque

986 2192 1170 2226 undecunque
1193 2191 1297 2218 utilitas
1318 2191 1408 2226 aliqua
1429 2191 1574 2225 aﬂulserit,
1596 2201 1627 2220 ca
1645 2195 1685 2222 uti
1708 2202 1774 2222 con-

985 2238 1071 2266 venit.
1093 2238 1148 2273 ipsi
1171 2245 1282 2273 quoque
1308 2238 1471 2273 imperatori
1491 2239 1594 2273 juniori
1618 2241 1652 2268 de
1676 2247 1775 2271 cancro

986 2293 1042 2312 non
1059 2284 1253 2316 cunctandum,
1280 2284 1328 2310 sed
1342 2291 1357 2311 e
1372 2284 1433 2311 loco
1448 2284 1605 2312 abeundum
1620 2286 1774 2320 videbatur,

987 2331 1114 2366 belloque
1129 2330 1250 2365 gerendo
1266 2329 1462 2357 insistendum.
1479 2331 1654 2359 Admonebat
1672 2337 1774 2366 tamen,

989 2385 1064 2412 spem
1079 2377 1153 2411 pacis
1171 2384 1225 2403 non
1245 2375 1370 2403 funditus
1385 2376 1580 2411 ahjiciendam,
1597 2379 1643 2406 sed
1662 2379 1712 2414 ipsi
1730 2389 1777 2414 per

990 2428 1089 2455 semet,
1116 2431 1178 2450 cum
1210 2423 1370 2458 Byzantium
1393 2424 1596 2456 pervenissent,
1623 2433 1682 2452 eam
1702 2431 1777 2460 pete-

988 2475 1060 2497 rent.
1079 2472 1117 2497 Ac
1132 2469 1266 2504 siquidem
1285 2477 1332 2496 cos
1348 2467 1622 2498 reveritﬁadversarii
1639 2473 1672 2499 ab
1691 2474 1776 2500 armis

989 2516 1174 2547 disrederent,
1191 2515 1333 2541 inventum
1351 2522 1411 2542 esse
1428 2516 1501 2550 quod
1519 2517 1715 2550 quaerebatur:
1734 2519 1775 2546 sin

990 2564 1081 2590 minus
1098 2582 1105 2593 ,
1120 2562 1209 2588 testati
1224 2561 1309 2587 Deum
1329 2560 1458 2595 ipsosque
1478 2561 1636 2597 Byzantios,
1654 2570 1683 2590 se
1693 2564 1774 2591 enixe

764 2623 874 2653 Jacobi
893 2619 1025 2653 Pontani
1046 2624 1138 2650 notae.

149 2688 252 2714 dixisse
276 2687 417 2748 omtkirus,
436 2687 615 2722 quijunioris
632 2687 807 2722 imperatoris
830 2694 932 2713 nomen

150 2727 284 2748 tacerent.
298 2729 330 2748 ac
345 2723 467 2748 (ebilum
494 2723 654 2748 imperatori
682 2723 815 2748 honorem
832 2722 932 2748 habere

150 2727 284 2754 tacerent,
298 2729 330 2748 ac
345 2722 467 2749 debitum
494 2723 654 2756 imperatori
682 2723 815 2749 honorem
832 2722 933 2748 habere

149 2761 322 2784 recusarent.
342 2757 597 2784 Excommunicasse
617 2758 698 2784 etiam
724 2757 847 2784 adversae
870 2764 934 2790 par-

150 2793 184 2820 tis
209 2792 377 2823 sacerdotes,
393 2800 407 2818 a
423 2793 524 2827 quibus
538 2793 657 2819 vicissim
673 2799 738 2818 cum
754 2792 872 2818 factione
884 2799 932 2817 sua

149 2827 407 2854 cxconunuuicatus
428 2828 475 2854 sit.
491 2827 595 2854 Ibidem
620 2827 791 2862 querimonia
815 2827 935 2853 senioris

986 2684 1019 2711 de
1034 2683 1202 2718 patriarcha.

1022 2717 1078 2753 (9t)
1096 2719 1235 2752 lnterpres
1256 2719 1321 2755 legit
1348 2719 1508 2755 ἀπρόσιτον,
1535 2718 1582 2746 sed
1601 2718 1646 2755 hic
1657 2722 1685 2744 et
1697 2717 1775 2755 apud

986 2754 1133 2788 Cregorant
1149 2758 1190 2780 est
1205 2752 1344 2789 απρόῖτον,
1363 2752 1455 2787 idest,
1473 2754 1545 2782 foras
1561 2752 1713 2788 prodeundi
1736 2752 1772 2779 li—

985 2792 1105 2817 centiam
1118 2797 1171 2816 non
1189 2789 1348 2818 habentem.
