1920 3076
187 120 238 150 317

769 119 929 150 IOANNIS
945 117 1210 150 CANTACUZENI

1757 118 1813 150 348

188 179 247 212 ipse
267 182 350 213 caput
365 178 519 205 devoraret.
547 177 588 204 Ad
608 177 659 205 hoc
677 177 793 205 verbum
818 177 966 204 subridens

1025 176 1101 203 ιῦτοῦ
1135 177 1215 203 πόλιν
1248 176 1401 211 περιποιεῖν
1436 174 1526 210 ἑαυτῷ
1545 174 1728 206 ’ἕξαπατῶντα
1761 175 1812 201 καὶ

189 222 236 250 ille
252 232 259 250 :
274 223 367 257 Atqui,
381 222 481 254 Marce,
497 222 596 256 inquit,
612 229 667 249 non
688 226 730 249 est
747 227 776 249 ut
793 223 846 249 hoc
863 223 962 257 possit.

190 267 256 295 Nam
272 268 351 295 vivus
362 275 452 294 meum
469 267 555 302 ipsius
566 272 650 302 caput
661 268 794 295 devorare
810 275 930 302 nequeo,
942 272 970 295 ct

189 315 316 338 mortuus
341 312 427 338 multo
456 312 546 338 minus
572 312 700 346 quivero,
724 317 755 339 ut
781 312 970 345 te.utrimque

189 356 335 383 mentitum
352 360 494 390 appareat.
508 358 546 384 Ac
563 357 655 384 Marco
668 357 781 391 quidem
799 357 896 384 ludens
908 357 969 383 talia

189 401 350 435 respondit:
366 401 478 428 Marulae
499 407 599 429 .autem
626 410 676 429 suo
698 402 809 429 nomine
832 410 883 429 avo
912 402 971 429 haec

189 446 332 474 referenda
359 447 456 474 dedit:
471 447 548 474 Scire
566 447 650 474 Deum
663 448 776 482 .ipsum,
793 449 863 475 scire
887 448 969 475 etiam

188 499 230 522 sc,
248 492 320 526 quod
347 500 391 519 res
410 492 476 526 ipsae
495 497 640 525 testentur,
656 492 725 520 nihil
747 501 776 520 se
800 493 882 519 studii
916 493 971 520 ala-

188 537 351 571 eritatisquc
364 538 397 564 ad
416 546 447 565 ea
470 546 530 572 qum
546 539 590 565 ille
606 539 772 569 mandasset,
788 539 894 574 sibique
913 539 971 573 pla-

189 591 251 609 cere.
265 584 442 615 ostendisset,
461 585 635 619 exsequenda
658 586 873 620 prmtermisisse.
894 585 973 620 159

189 629 367 656 Existimasse
380 638 462 664 porro
475 638 538 657 eum
553 639 663 665 quoque
676 632 734 658 haec
748 640 802 665 pra:
816 632 878 658 aliis
889 632 970 663 scire,

190 679 219 700 ut
233 675 387 708 oportebat.
402 676 456 704 Sed
474 677 602 711 qttoniam
620 677 750 704 daemonis
767 679 882 713 alicujus
903 679 973 705 invi-

161 743 166 748 .
191 721 234 747 dia
251 721 287 747 ita
304 728 493 757 comparatum
508 724 555 755 sit,
578 729 607 750 ut
625 725 726 751 amoris
743 729 824 759 atque
841 725 972 752 obedien-

192 766 211 791 ti
222 775 235 790 ν
258 767 375 794 antehac
401 775 458 795 sum
483 776 546 803 erga
578 769 667 804 ipsum
695 774 855 803 argumenta
883 770 973 796 ventis

192 812 344 844 tradiderit,
364 812 596 849 sycophantisque
629 823 660 842 ac
675 815 791 849 perditis
812 815 972 842 hominibus

191 859 350 885 auscultans
373 860 469 892 (multa
493 860 570 894 prius
588 860 734 888 adversum
757 869 786 888 se
812 861 969 893 meditatus,

191 903 380 939 iusidioseque
401 906 523 936 molitus.
540 911 570 933 ut
589 911 682 941 pateat
697 914 731 934 ex
754 907 914 942 interceptis
930 908 974 934 lit-

191 950 269 980 teris,
287 957 354 984 quas
373 958 421 985 per
441 952 587 986 episcopos
606 957 777 980 revertentes
799 953 838 980 illi
856 953 973 987 miserit)

190 994 291 1021 bellum
309 997 461 1029 renovarit;
477 1002 579 1025 etcum
594 1006 665 1033 sa‘pe
677 999 850 1034 multumque
863 1008 972 1035 rogans,

191 1039 231 1065 uti
248 1047 343 1074 pacem
361 1042 511 1076 acciperet,
528 1051 583 1070 non
599 1044 764 1078 impetrarit,
780 1050 808 1072 et
825 1053 897 1073 nunc
910 1054 973 1074 cum

189 1084 245 1112 huc
264 1087 387 1119 veniens,
407 1096 495 1122 genua
514 1090 574 1123 cius
590 1091 732 1125 amplexus
755 1091 802 1123 sit,
824 1096 851 1118 et
875 1097 904 1118 ut
922 1101 974 1128 pax

189 1132 414 1166 constitueretur,
432 1134 499 1160 nihil
524 1141 577 1161 non
596 1136 720 1167 tentarit,
746 1137 803 1170 ipse
826 1142 918 1164 tamen
943 1146 972 1166 se

189 1178 313 1203 nondum
331 1177 453 1212 fregerit,
471 1179 518 1206 sed
536 1180 686 1214 supplicem
701 1189 729 1208 re
745 1182 844 1210 infecta
860 1183 973 1211 dimise-

192 1222 239 1252 rit.
268 1227 296 1250 et
319 1227 447 1258 tanquam
477 1233 525 1252 vas
553 1227 650 1254 inutile
675 1228 816 1263 abjecerit,
842 1237 974 1265 speroque

191 1275 268 1294 suam
290 1269 317 1295 in
334 1270 438 1304 pardali
467 1271 620 1304 collocarit,
636 1281 717 1308 quam
738 1275 853 1301 solutam
877 1281 973 1303 contra

192 1321 222 1340 se
246 1314 400 1348 immiserit,
419 1317 481 1344 ideo
503 1326 597 1352 pacem
619 1324 646 1346 et
671 1320 744 1347 dicta
767 1325 880 1355 propter
901 1322 973 1349 illam

192 1367 364 1390 sacramenta
388 1362 443 1390 Deo
459 1371 487 1391 se
502 1365 684 1402 pommittere
707 1367 768 1400 (per
783 1374 864 1401 quem
886 1367 974 1403 iurata

193 1406 322 1442 religiose
345 1408 437 1436 adhuc
452 1411 556 1445 servet)
575 1415 604 1438 et
627 1419 722 1439 omnes
741 1420 785 1439 res
804 1420 867 1441 suas
886 1414 913 1440 in
931 1413 975 1448 ju-

193 1456 267 1478 stum
281 1452 403 1479 omnium
414 1453 534 1488 iudicem
551 1455 667 1488 referre,
680 1456 792 1491 jamque
808 1457 973 1485 necessitate

192 1497 373 1524 constrictum
388 1498 460 1526 bello
475 1507 586 1527 manum
604 1501 757 1536 implicare.
770 1501 915 1530 Conlidere
933 1510 976 1530 se-
987 1504 1010 1536 C

194 1541 283 1576 ipsum
306 1552 415 1579 quoque
431 1547 578 1574 amentiam
594 1555 670 1574 suam
691 1548 766 1576 brevi
787 1550 974 1584 cogniturum,

193 1593 222 1615 et
236 1597 269 1616 ex
285 1591 392 1618 eventis
405 1598 625 1627 perspecturum,
640 1602 671 1621 ea
682 1588 797 1629 elegisse
815 1603 876 1630 quae
888 1596 976 1624 vitare

195 1635 223 1662 in
240 1636 345 1669 primis,
370 1645 402 1664 ea
424 1637 569 1672 reliquisse
590 1647 651 1673 quze
675 1644 732 1666 toto
748 1645 858 1674 pectore
879 1648 976 1668 conse-

194 1681 264 1707 ctari
280 1682 482 1718 complectique
498 1684 650 1712 debuisset.
677 1684 738 1712 llaec
760 1685 833 1713 fatus
849 1687 884 1713 de
903 1695 976 1721 equo

195 1723 349 1756 descendit.
367 1731 395 1754 et
410 1728 535 1761 quamvis
557 1727 699 1756 absentem
715 1737 806 1761 avum,
834 1730 888 1757 ritu
911 1738 978 1758 eon-

195 1774 275 1796 sueto
292 1776 439 1799 veneratus
455 1777 497 1800 cst
513 1782 520 1800 :
536 1780 568 1800 ac
581 1773 698 1800 Marules
714 1775 829 1809 perinde
846 1781 876 1802 ut
891 1776 976 1810 prius,

195 1822 258 1841 eum
276 1815 385 1843 silentio
403 1816 438 1845 de
456 1817 592 1845 mtenibus
610 1823 692 1853 caput
711 1819 736 1846 ei
753 1819 888 1847 submisit.
910 1821 977 1848 Aliis

194 1859 296 1887 deinde
314 1861 340 1888 iu
359 1869 438 1888 muro
455 1863 592 1890 stantibus
617 1863 753 1897 salutatis,
769 1864 914 1899 discessit;
933 1873 979 1892 ve-

194 1905 332 1940 niensque
364 1906 535 1942 Selybriam,
565 1909 765 1944 rempublicam
791 1917 841 1937 suo
872 1911 978 1945 judicio

195 1949 334 1983 formavit,
352 1957 380 1979 et
405 1953 533 1987 praefecto
557 1954 659 1981 ibidem
677 1954 826 1988 declarato,
850 1956 978 1992 Didymo-

195 1996 298 2024 tichum
322 1998 400 2030 abiit,
426 1999 523 2027 relicto
542 1999 672 2035 Selybrize
694 2000 860 2035 Apocaueho
880 2010 978 2037 magno

194 2042 376 2075 cubiculario,
397 2049 427 2070 ut
439 2044 462 2071 si
478 2044 542 2078 quid
559 2053 628 2079 opus
641 2050 714 2072 esset
726 2048 883 2075 securitatis
896 2056 978 2075 causa

197 2087 224 2113 id
240 2088 431 2121 constitueret,
447 2094 475 2116 et
491 2090 523 2116 ad
540 2097 571 2117 se
586 2091 708 2124 veniret;
727 2092 800 2125 quod
820 2092 860 2119 eis
877 2101 977 2127 paucos

196 2131 255 2159 dies
274 2132 375 2159 factum
390 2138 444 2161 est.
462 2134 605 2161 Exercitus
622 2135 655 2162 ad
675 2135 896 2171 Didymotichum
913 2145 978 2165 cou-

1021 222 1224 257 παραπειθυντα
1246 222 1291 248 τὸν
1323 221 1520 257 προστυχόντα.
1547 220 1617 247 Οῠτε
1646 219 1700 254 γὰρ
1728 219 1811 246 αὑτὸν

1020 267 1130 293 δυνατὸν
1144 268 1189 294 ἐπὶ
1201 268 1232 294 τὸ
1246 268 1334 302 τεῖχος
1350 267 1446 299 ἐλθεῖν,
1464 265 1521 292 οὔτ’
1541 266 1616 300 αὐτῷ
1629 265 1680 301 τὴν
1705 264 1811 291 ιῐσοδον

1022 314 1210 348 συγχωρῆσαι,
1236 313 1295 339 ἀλλ’
1311 312 1371 339 οὐδὲ
1403 312 1456 347 μὴν
1485 312 1531 338 τὸν
1561 312 1632 338 θεῖον
1661 310 1735 345 αὐτῷ
1762 310 1810 336 τὸν

1021 359 1170 394 Μαρκὲσην
1183 358 1340 385 ἀποστελεῖν
1351 358 1418 392 πρὸς
1432 358 1525 385 αὑτόν.
1541 357 1657 392 Πλησίον
1671 357 1700 384 δὲ
1724 355 1809 383 αὑτοῦ

1023 404 1150 439 Μαροὺλη
1169 405 1216 430 καὶ
1231 404 1341 439 Μάρκος
1353 413 1394 435 τις
1404 403 1590 438 Καϐαλλάριος
1603 402 1808 437 ὠνομασμένος,

1021 451 1035 477 ὁ
1049 450 1236 484 Καϐαλλαρίου
1253 450 1300 476 τοῦ
1317 449 1406 483 Βάρδα
1433 449 1530 481 ἑστὼς,
1558 450 1590 474 ὲκ
1613 448 1668 474 τῶν
1693 447 1810 474 οἰκετῶν

1021 496 1068 522 τοῦ
1079 495 1263 531 πρεσϐυτέρου
1287 495 1418 530 βασιλέως
1443 494 1492 526 ὢν,
1522 495 1625 525 σκαιῶς
1653 494 1699 520 καὶ
1725 494 1809 520 ἀπαι-

1021 541 1122 572 δεύτως
1153 541 1220 575 πρὸς
1249 540 1359 574 βασιλέα
1380 539 1425 566 τδν
1456 540 1515 566 νέον
1539 537 1627 572 εἶπεν,
1653 539 1809 574 ἀποχωρεῐν

1022 587 1076 612 τῶν
1094 586 1207 617 ἐνθένδε,
1225 587 1290 621 πρὶν
1306 585 1512 621 κατεδηδοκέναι
1525 586 1575 620 τὴν
1608 585 1728 619 κεφαλὴν
1757 584 1809 619 τὴν

1023 631 1130 659 ἑαυτοῦ.
1156 632 1220 658 Ἡδὺ
1241 632 1269 658 δὲ
1285 631 1400 664 γελάσας
1419 632 1433 657 ό
1447 631 1573 665 βασιλεὺς
1593 632 1638 657 ἐπὶ
1653 631 1692 665 τῷ
1720 631 1807 664 λόγῳ,

1030 677 1100 703 Ἀλλ’
1116 678 1165 703 οὐκ
1180 677 1212 703 ἂν
1228 676 1270 710 είη
1297 676 1419 707 δυνατὸν,
1435 675 1522 709 εἶπεν,
1543 674 1564 703 ὦ
1585 677 1693 712 Μάρκε,
1715 676 1807 704 τοῦτο.

1024 723 1083 750 Ζῶν
1108 732 1135 749 τε
1153 723 1207 758 γὰρ
1227 724 1276 749 οὐκ
1292 724 1325 749 ἂν
1344 724 1534 757 καταφάγοιμι
1551 723 1600 757 τὴν
1632 722 1699 748 ἰδίαν
1718 731 1807 756 κεφαο

1024 769 1084 803 λήν.
1105 769 1159 795 Καὶ
1183 768 1350 795 ἀποθανῦντα
1376 768 1475 802 ὁμοίως
1498 767 1702 801 ἀδυνατώτερον
1727 765 1808 792 τοῦτο

1025 814 1155 848 πράττειν
1169 821 1177 829 ⁶
1193 814 1263 840 ὥστε
1284 821 1312 839 σε
1337 813 1499 847 συμϐαίνειν
1526 812 1572 839 καὶ
1599 811 1807 846 ἀμφωτέρωθεν

1024 859 1165 894 ἐψεῦσθαι.
1188 859 1260 893 Πρὸς
1293 859 1342 893 μὲν
1373 856 1420 885 οὖν
1451 858 1564 893 Μάρκον
1590 857 1704 884 τοιαῦτα
1740 857 1807 883 παί-

1024 907 1078 938 ζων
1122 906 1234 941 εἴρηκεν
1271 906 1284 931 ὁ
1323 905 1470 939 βασιλεὺς.
1505 904 1551 930 τὸν
1589 903 1737 937 Μαρούλην
1777 901 1808 928 δὲ

1024 952 1149 979 ἐκέλευεν
1167 953 1204 982 ὡς
1221 950 1251 983 ἐξ
1273 951 1354 977 αὑτοῦ
1379 950 1491 977 τοιαῦτα
1518 948 1701 983 ἀπαγγέλλειν
1731 947 1808 982 βασι-

1024 996 1074 1028 λεῖ,
1091 996 1135 1027 Ὦς
1149 996 1228 1027 αὐτὸς
1243 996 1277 1022 ἂν
1292 995 1374 1030 είδείη
1389 995 1465 1027 Θεὸς,
1476 991 1534 1020 οἶδα
1549 993 1577 1020 δὲ
1593 994 1639 1020 καὶ
1650 993 1741 1024 αὐτὸς,
1759 993 1809 1019 καὶ

1024 1042 1113 1069 αὐτῶν
1135 1043 1196 1077 ἐμοὶ
1219 1040 1526 1075 συνεπιμαρτυρούντων
1546 1040 1600 1066 τῶν
1622 1039 1807 1074 πραγμάτοιν,

1024 1086 1060 1117 ὡς
1077 1086 1152 1112 οὐδὲν
1173 1086 1296 1111 ἐνέλιπον
1324 1084 1479 1120 προθυμίας
1497 1084 1558 1110 οὐδὲ
1570 1083 1690 1117 σπουδῆς
1714 1084 1754 1113 είς
1775 1083 1808 1109 τὸ

1024 1132 1154 1166 πράττειν
1163 1131 1180 1158 ἆ
1195 1140 1223 1157 τε
1241 1131 1421 1163 προσέταττες
1433 1131 1478 1157 καὶ
1491 1128 1525 1165 ἦν
1542 1138 1582 1156 σοι
1598 1129 1668 1156 κατά
1681 1128 1808 1163 γνώμην,

1024 1178 1186 1211 ἑλογιζόμην
1215 1177 1236 1202 δ’
1258 1177 1299 1203 ὅτι
1315 1178 1362 1203 καὶ
1382 1177 1414 1202 σὺ
1432 1176 1534 1212 μᾶλλον
1559 1176 1592 1202 ἂν
1611 1175 1711 1210 είδείης
1737 1175 1808 1201 αὐτά

1024 1221 1078 1248 τῶν
1091 1221 1188 1254 ἄλλων,
1205 1221 1289 1256 ἐχρῆν
1307 1221 1372 1256 γάρ.
1395 1221 1471 1247 Ἐπεὶ
1485 1221 1508 1246 δ’
1519 1220 1590 1247 οὕτω
1605 1221 1638 1246 τὰ
1656 1219 1809 1254 πράγματα

1025 1267 1153 1302 φθονερός
1173 1275 1213 1298 τις
1230 1267 1412 1293 συνεσκεύασε
1429 1266 1544 1301 δαίμων,
1574 1267 1621 1292 καὶ
1645 1262 1684 1292 ὧν
1702 1265 1752 1301 μὲν
1778 1266 1809 1292 ὲν

1024 1314 1080 1343 τοῖς
1094 1311 1264 1347 παρασχοῦσι
1281 1312 1389 1346 καιροῖς
1401 1311 1506 1343 εὐνοίας
1521 1311 1579 1346 ἄμα
1592 1311 1640 1337 καὶ
1651 1311 1808 1345 εὺπειθῧας

1024 1358 1074 1392 τῆς
1090 1358 1156 1392 πρὸς
1173 1358 1202 1384 σὲ
1223 1357 1412 1393 ὲπιδὲδειγμαι
1435 1356 1508 1392 ἔργῳ
1529 1356 1673 1388 ἐπελάθου,
1702 1356 1810 1391 ἀνθρὼ-

1026 1412 1087 1435 ποις
1104 1403 1132 1429 δὲ
1153 1403 1337 1437 συκοφάνταις
1354 1408 1401 1430 καὶ
1419 1403 1530 1437 φθόροις
1555 1402 1679 1433 πεισθεὶς
1693 1403 1808 1437 κεκινη-

1025 1457 1075 1481 Ita;
1090 1449 1168 1479 αὖθις
1183 1449 1229 1475 τὸν
1248 1449 1364 1483 πόλεμον
1377 1449 1421 1475 τὸν
1440 1448 1509 1484 πρὸς
1536 1447 1587 1482 ἐμὲ
1617 1448 1714 1483 (πολλὰ
1739 1448 1808 1482 πρό-

1026 1503 1103 1530 τερον
1130 1494 1177 1521 καὶ
1214 1494 1429 1529 βουλευσάμενος
1459 1494 1506 1521 καὶ
1535 1494 1708 1524 συσκευάσας
1746 1493 1809 1520 κατ’

1027 1540 1105 1575 ἐμοῦ,
1122 1540 1160 1572 ὡς
1175 1540 1283 1573 ἐγένετο
1296 1539 1449 1573 καταφανὲς
1464 1539 1527 1574 ἐμοὶ
1551 1540 1584 1566 ὲκ
1600 1540 1654 1565 τῶν
1687 1538 1810 1564 ἑαλωκό-

1025 1594 1080 1612 των
1102 1585 1285 1620 γραμμάτων,
1306 1585 1324 1612 ἃ.
1339 1585 1387 1611 καὶ
1399 1585 1470 1619 μετὰ
1494 1584 1548 1610 τῶν
1564 1584 1631 1620 πρὸς
1647 1584 1699 1619 ὲμι
1715 1583 1810 1610 ἦλθόν-

1026 1640 1080 1658 των
1109 1631 1259 1666 ἀρχιερέων
1275 1630 1388 1664 ἔπεμψά
1403 1630 1467 1663 σοι),
1497 1631 1544 1656 καὶ
1568 1630 1652 1656 πολλὰ
1677 1629 1810 1660 πολλάκις

1026 1678 1093 1713 ἐμοῦ
1124 1677 1266 1712 δεηθέντος
1294 1677 1324 1704 οὗ
1350 1676 1506 1711 προσεδέξω
1535 1676 1586 1711 τὴν
1608 1676 1731 1711 εἰρήνην,
1761 1675 1810 1702 καὶ

1026 1724 1074 1751 νῦν
1094 1724 1217 1755 ἐλθόντος
1244 1723 1368 1750 ἐνταυθοῖ
1387 1723 1434 1750 καὶ
1449 1723 1603 1757 ἁπτομένου
1625 1731 1672 1749 σου
1688 1722 1743 1748 τῶν
1759 1729 1807 1756 γο-

1025 1769 1124 1800 νάτων,
1142 1769 1190 1794 καὶ
1206 1768 1295 1794 πάντα
1310 1768 1477 1803 πράττοντος
1493 1767 1565 1794 ὥστε
1581 1766 1630 1801 τὴν
1644 1767 1757 1802 εἰρήνην
1771 1765 1808 1793 εί·

1026 1823 1080 1845 ναι,
1097 1814 1171 1840 οὐδὲν
1189 1813 1288 1848 μᾶλλον
1313 1814 1419 1848 ὐφῆκας
1438 1813 1488 1848 τῆς
1508 1813 1602 1848 ὀργῆς,
1628 1812 1685 1839 ἀλλ’
1702 1813 1810 1847 ἀπρακο

1026 1869 1071 1886 τον
1086 1859 1253 1894 ἀπεπέμψω,
1270 1859 1364 1894 ὥσπερ
1380 1867 1407 1886 τι
1426 1859 1523 1890 σκεῦος
1539 1859 1676 1894 ἄχρηστον
1692 1858 1809 1893 ἀπορρί-

1025 1907 1090 1942 ψας.
1113 1907 1251 1936 Ἢλπικας
1270 1906 1292 1932 δ’
1316 1906 1363 1932 ἐπὶ
1377 1906 1426 1941 τὴν
1443 1905 1589 1940 δεδεμένην
1616 1904 1748 1939 πάρδαλιν
1775 1905 1809 1938 ἢν

1026 1952 1124 1983 ἔλυσας
1139 1953 1199 1978 κατ’
1212 1951 1291 1986 ἐμοῦ,
1309 1951 1363 1978 ἰδοὺ
1379 1951 1429 1987 τὴν
1449 1951 1498 1986 μὲν
1510 1951 1623 1986 εἰρήνην
1637 1951 1759 1981 καὶτοὺς
1774 1949 1808 1976 δι’

1027 1996 1111 2031 αὐτὴν
1131 1996 1335 2031 γεγενημένους
1347 1996 1466 2030 λὸρκους
1495 1995 1668 2030 παραδίδωμι
1688 1995 1760 2029 Θεῷ,
1778 1994 1808 2020 ὃν

1027 2043 1108 2073 αὐτὸς
1122 2042 1239 2077 εὐορκῶ,
1255 2042 1344 2069 πάντα
1356 2042 1384 2068 δὲ
1405 2041 1444 2075 τῷ
1458 2041 1546 2068 πάντα
1562 2041 1673 2072 δικαίως
1686 2040 1809 2075 κρίνοντι

1026 2088 1136 2119 ἀναθεὶς
1152 2088 1185 2115 τὰ
1208 2087 1269 2114 κατ’
1283 2087 1344 2123 ἐμὲ,
1362 2087 1521 2121 ἀναγκαίως
1536 2087 1585 2122 ἤδη
1605 2087 1673 2121 πρὸς
1701 2087 1746 2113 τὸν
1761 2087 1809 2112 πό-

1026 2133 1109 2168 λεμον
1129 2134 1221 2168 χωρῶ.
1247 2133 1369 2160 Πέποιθα
1393 2133 1422 2159 δὲ
1445 2133 1483 2164 ὡς
1512 2133 1603 2166 ὀλίγου
1628 2132 1812 2167 παρελθόντος

196 2178 301 2211 gregari
316 2178 421 2212 jussus.
440 2179 500 2206 Non
525 2179 561 2206 ita
580 2181 672 2208 multis
695 2169 846 2217 intcrjcctis
867 2182 974 2220 diebus,

1030 2179 1135 2214 χρόνου,
1151 2180 1207 2206 οὐδ’
1226 2179 1308 2210 αὐτὸς
1322 2179 1466 2213 ἀγνοήσεις
1481 2179 1530 2213 τὴν
1544 2178 1673 2204 ἀϐουλίαν
1697 2179 1747 2212 τὴν
1763 2186 1810 2203 νυ-

197 2222 244 2256 qui
256 2227 334 2249 erant
350 2223 377 2249 in
394 2223 511 2251 Thracia
523 2225 660 2253 aﬂuerunt
676 2234 780 2259 omnes,
790 2232 866 2254 extra
882 2228 979 2256 Coma-

196 2275 295 2294 norum
314 2269 396 2302 paulo
411 2270 502 2297 minus
516 2270 570 2297 duo
586 2271 680 2304 millia,
696 2273 743 2307 qui
757 2281 772 2300 e
787 2273 918 2301 Dalmatia
930 2275 980 2302 Mi-

198 2312 300 2340 chaelis
313 2314 423 2341 secundi
436 2319 523 2342 castra
536 2316 622 2343 secuti
636 2316 753 2344 fuerant.
779 2317 876 2345 Edicto
894 2319 979 2353 impe-

198 2359 299 2386 rat0ris
328 2359 445 2387 senioris
465 2360 639 2389 Andronicus
656 2362 797 2396 Tornices,
818 2367 845 2390 et
871 2364 977 2391 Manuel

198 2404 322 2432 Lascaris
333 2404 448 2432 Thracia
466 2406 545 2440 pulsi,
559 2406 586 2433 in
601 2407 697 2435 insulis
708 2408 823 2442 Lemno,
835 2409 925 2435 Thaso
951 2414 979 2436 et

197 2449 285 2477 Lesbo
294 2459 323 2478 sc
330 2451 539 2479 collocaveram.
549 2453 642 2480 Exsilii
654 2454 735 2489 hujus
743 2462 826 2481 causa
836 2455 979 2482 manifesta

198 2502 251 2521 non
266 2496 398 2523 exstabat.
412 2496 570 2531 Ferebatur,
581 2507 627 2526 eos
643 2507 705 2526 cum
719 2500 881 2535 Scytharum
894 2505 979 2527 satra-

198 2540 240 2574 pis
251 2540 419 2569 clandestina
430 2542 558 2570 habuisse
573 2544 718 2578 colloquia.
737 2544 775 2571 uti
792 2545 818 2571 iu
833 2544 978 2571 Thraciam

198 2587 289 2620 copias
307 2587 457 2620 mitterent,
477 2595 585 2622 unaque
599 2596 660 2615 cum
678 2594 777 2616 caetera
798 2589 888 2624 praeda
906 2590 979 2624 ipsos

197 2638 258 2657 cum
270 2632 429 2667 coniugibus
443 2633 521 2668 160
546 2638 627 2668 atque
637 2635 732 2661 liberis
743 2643 771 2660 se
783 2635 836 2662 illis
849 2635 979 2662 dedentes

198 2684 289 2703 secum
306 2677 485 2706 abducerent.
493 2679 579 2714 llujus
595 2680 717 2707 criminis
728 2680 801 2707 nulla
813 2686 872 2708 erat
882 2681 981 2715 proba-

200 2723 247 2749 tio.
258 2722 347 2755 Quare
356 2724 450 2759 juuior
461 2725 610 2759 imperator
618 2733 666 2753 eos
676 2726 772 2753 exsilio
785 2727 914 2753 multatos
924 2735 978 2754 non

199 2776 294 2802 parum
320 2769 531 2804 indignabatur;
550 2771 653 2798 ferebat
686 2775 775 2797 tamen
808 2772 920 2805 tacitus,
946 2780 980 2799 ne

199 2813 264 2847 quid
287 2814 322 2842 ab
345 2815 387 2842 avi
409 2817 545 2844 sententia
565 2817 721 2849 discrepare
736 2817 882 2845 videretur.

1028 2226 1054 2252 νί
1069 2233 1076 2240 '
1096 2224 1153 2252 ἀλλ’
1167 2226 1198 2251 ὲκ
1211 2225 1265 2252 τῶν
1282 2224 1454 2259 πραγμάτων
1473 2223 1562 2250 αὐτῶν
1578 2223 1688 2258 μαθήσῃ
1703 2222 1810 2256 σαφῶς,

1027 2271 1065 2303 ὡς
1079 2268 1116 2298 ὧν
1133 2271 1182 2306 μὲν
1196 2270 1362 2305 ἀποσχέσθαι
1396 2269 1461 2302 ἔδει,
1483 2269 1570 2295 ταῦτα.
1596 2269 1732 2304 προείλου,
1753 2268 1771 2294 ἃ
1784 2269 1812 2295 δὲ

1028 2318 1140 2353 ἔκρινας
1164 2316 1336 2347 καταλιπεῖν,
1362 2315 1465 2341 τούτων
1493 2313 1527 2350 ἦν
1565 2314 1670 2349 βέλτιον
1700 2313 1811 2348 ἔχεσθαι

1030 2364 1109 2389 παντὶ
1135 2363 1233 2389 σθένει.
1249 2361 1369 2388 Τοιαῦτα
1394 2361 1521 2395 βασιλεὺς
1537 2361 1550 2386 ὁ
1568 2361 1625 2391 νέος
1653 2361 1748 2391 εἰπὼν,
1763 2369 1814 2386 κα-

1028 2409 1113 2440 ταϐὰς
1128 2407 1174 2434 τοῦ
1191 2408 1286 2438 ἵππου,
1318 2406 1482 2442 προσεκύνει
1498 2406 1545 2432 καὶ
1559 2406 1664 2432 ἀπόντα
1679 2405 1725 2431 τὸν
1739 2406 1813 2432 πάπ-

1030 2464 1079 2481 πον
1095 2456 1141 2481 καὶ
1158 2454 1279 2488 βασιλέα.
1298 2454 1352 2479 Καὶ
1366 2453 1380 2478 ὁ
1395 2452 1541 2488 Μαρού).ης
1558 2452 1585 2478 δὲ
1599 2451 1699 2486 ὁμοίως
1715 2452 1813 2486 ὥσπερ

1029 2502 1077 2528 καὶ
1093 2501 1222 2535 πρότερον
1240 2500 1292 2526 ἀπὸ
1310 2499 1357 2526 τοῦ
1371 2499 1479 2533 τείχους
1507 2499 1569 2533 σιγῇ
1585 2499 1635 2532 τὴν
1655 2497 1814 2532 προσκύνη-

1030 2555 1072 2572 σιν
1089 2547 1201 2581 παρεῐχε
1218 2545 1257 2580 τῷ
1275 2545 1327 2579 νέῳ
1341 2543 1455 2578 βασιλεῖ,
1472 2542 1539 2570 Εῐτα
1562 2545 1609 2569 καὶ
1628 2544 1692 2574 τοὺς
1715 2543 1812 2574 ἄλλους

1029 2593 1092 2623 τοὺς
1123 2591 1175 2618 ἀπὸ
1204 2590 1251 2617 τοῦ
1278 2590 1384 2625 τείχους
1416 2590 1611 2623 ἀσπασάμενος
1636 2590 1649 2615 ὁ
1674 2589 1812 2623 βασιλεὺς,

1031 2636 1203 2670 ἀνεχώρησεν
1220 2635 1335 2666 ἐκεῖθεν,
1350 2634 1398 2660 καὶ
1410 2632 1492 2668 ἦλθεν
1520 2634 1559 2664 είς
1575 2633 1740 2667 Σηλυϐρίαν.
1758 2633 1814 2659 Καὶ

1031 2682 1169 2715 διοικήσας
1192 2680 1225 2707 τὰ
1238 2677 1324 2715 ὲκεῖῇ
1351 2679 1424 2714 αὑτῷ
1446 2679 1535 2704 ἐδόκει
1553 2678 1652 2712 ἄριστα
1669 2678 1752 2712 ἔχειν,
1765 2679 1813 2705 καὶ

1032 2729 1148 2762 ἄρχοντα
1163 2727 1311 2761 ἐπιστήσας
1329 2726 1533 2761 Σηλυϐριανοῖς,
1546 2723 1627 2760 ἦλθεν
1645 2726 1683 2756 εἰς
1699 2725 1814 2759 Διδυμό-

1033 2780 1131 2806 τειχον,
1148 2771 1304 2797 καταλιπὼν
1315 2771 1343 2796 ὲν
1355 2770 1491 2805 Σηλυϐρίᾳ
1505 2770 1752 2804 παρακοιμώμενον
1767 2771 1814 2800 τὸν

1038 2817 1217 2852 Ἅπὸκςιυχον,
1235 2817 1281 2848 ὡς*
1304 2817 1336 2843 ἂν
1350 2816 1418 2843 εἴτι
1449 2816 1598 2851 ἀσφαλείας
1621 2816 1706 2842 ὲνέδει
1731 2816 1816 2850 Σηλυ-
