1920 3076
129 105 183 135 3ί5

717 100 990 132 IIISTORIARUM
1008 99 1124 130 LIBER
1147 99 1167 130 l.

1700 101 1752 132 36ίὶ

129 168 159 186 τε
178 159 247 186 πόδα
264 159 435 194 ἀπεγύμνου,
452 160 497 186 καὶ
513 159 559 191 τὰς
577 159 683 190 ὀθόνας,
700 155 743 190 αἶς
767 158 916 193 ἐδεσμεῖτο,

974 155 1098 183 neliciutn
1115 156 1216 190 gratias
1241 155 1308 190 egit.
1326 162 1359 182 ac
1379 159 1435 182 tota
1451 155 1546 182 cirita~
1566 154 1705 183 ἱιιιι-Ιίεοιο
1725 159 1752 184 in

133 205 262 240 περιῄρει
291 205 324 239 (ὦ
339 205 389 240 τῆς
404 205 506 241 πολλῆς
525 206 572 232 τοῦ
593 204 661 231 θεοῦ
685 205 749 240 περὶ
767 205 829 235 τοὺς
846 204 917 239 μάρ-

129 251 413 285 Ιιὐραςφιλοτιμιαςῐ),
423 251 438 277 ὸ
450 251 500 286 μὲν
513 251 593 286 μοτὸς
602 251 655 283 ἔξω
667 249 765 285 εὕρητο
786 248 918 285 spargite-

129 303 188 327 νοςι
200 296 280 331 ὑγιὴς
288 296 316 323 δὲ
328 297 342 323 ό
350 297 417 329 ποὺς
432 299 461 329 ἐς
477 297 614 329 τοσοῦτον,
624 296 662 328 ὡς
676 296 743 332 μηδὲ
757 297 830 331 [χνος
837 295 918 330 οὐλῆς

133 341 151 376 ἢ
164 342 324 376 τραύματος
336 342 512 378 ὑποφαίνειν,
528 341 585 370 ἀλλ’
593 343 749 378 ἀγνοεῖσθαι
765 343 856 369 εἴποτε
871 342 918 368 καὶ

131 387 252 423 ἐτρώθη.
268 388 359 424 Ὅπερ
378 388 440 415 ίδὼν
455 389 468 415 ό
483 389 611 424 βασιλεὺς
623 388 726 422 μᾶλλόν
740 397 770 415 τε
785 388 857 424 ήσοη
875 388 918 415 διὰ

130 433 223 466 τοῦτο,
235 434 251 469 ἢ
265 435 307 462 δτι
326 435 528 470 Θεσσαλονίκην
544 434 732 470 ὖπεποιήσατο
750 434 854 469 ἐαυτῷ·
871 435 919 460 καὶ

131 481 303 515 θερμοτέρας
325 480 421 507 τούτου
449 481 529 508 ἕνεκα
545 481 592 507 καὶ
612 480 720 512 πλείους
743 481 791 511 τὰς
806 480 918 516 εὐχαρι-

133 526 212 557 στίας
237 526 377 554 ἀπεδίδου.
400 527 457 554 Καὶ
483 527 499 562 ἡ
522 527 600 558 πόλις
616 527 643 553 δὲ
667 527 742 553 πᾶσα
755 526 805 560 τὴν
818 527 857 557 είς
872 526 918 553 τὸν

134 569 250 603 βασιλέα
274 571 420 605 πυθόμενοι
434 570 668 606 Θαυματουργιαν,
684 571 800 603 πολλοὺς
818 571 919 606 ὕμνους

132 615 172 645 εἷς
185 623 214 640 τε
226 615 293 642 Θεὸν
300 614 373 653 ᾖδον,
387 617 433 643 καὶ
449 618 605 652 Δημήτριον
615 617 660 643 τὸν
670 617 774 644 ἐκείνου
784 617 918 651 θεραπευς

131 661 193 695 τήν.
203 661 324 688 Ἐκεῖθεν
340 662 368 689 δὲ
382 663 498 696 ἐξελθὼν
512 665 525 689 ό
547 663 685 698 βασιλεὺς,
708 663 854 699 κλινούσης
868 663 917 699 ήδη

97 720 102 729 ι
132 707 184 741 τῆς
200 707 317 742 ἡμέρας,
342 708 382 738 εἰς
407 709 441 735 τὰ
468 708 590 738 βασίλεια
613 708 742 744 ηὐλίσατο
766 709 815 744 τὴν
831 709 918 736 νύκτα

132 751 231 778 ἐλθών.
259 753 334 788 Ἅμα
355 753 384 780 δὲ
407 754 445 789 ἕῳ
468 754 509 786 είς
536 755 585 789 τὴν
614 755 760 790 ὑστεραίαν
779 754 860 787 αὑτός
888 764 918 781 τε

132 796 316 832 ὁπλισάμενος
332 799 407 833 καὶὴ
424 799 550 834 στρατιὰ,
564 801 609 826 καὶ
629 800 676 826 τοῦ
700 799 918 827 Θεσσαλονικέων

133 841 225 877 δήμου
247 844 399 880 προθύμως
424 846 687 880 συστρατευομένου,
704 846 788 881 ᾔεσαν
816 847 855 879 είς
871 847 920 881 τὴν

133 888 294 923 ἀκρόπολιν,
311 891 350 921 ὡς
373 891 396 917 εί
421 891 459 926 μὴ
487 893 674 927 προσχωροϊεν
687 893 778 920 ἑκοντὶ
802 893 922 920 οίκατα-

136 933 260 968 σχόντες,
271 935 412 970 βιάσαιντο
426 937 482 967 τοῖς
497 936 598 969 ὅπλοις.
618 937 717 972 Πρῶτα
731 938 780 972 μὲν
793 937 838 964 οὖν
852 938 920 973 πέμ-

133 979 217 1014 ψαςό
245 980 383 1015 βασιλεὺς,
400 983 588 1018 προσηγόρευέ
617 992 648 1010 τε
675 984 736 1015 τοὺς
768 983 853 1016 ἔνδον,
876 985 923 1011 καὶ

135 1027 318 1061 προύκαλεῖτο
333 1028 432 1060 αὐτοὺς
455 1029 556 1064 ἀμαχεὶ
578 1029 627 1064 τὴν
642 1029 789 1064 ἀκρόπολιν
806 1030 923 1064 παραδι·
934 1024 954 1052 ιί

135 1072 223 1104 δόναι,
240 1073 395 1107 ἀμνηστίαν
411 1082 441 1100 τε
469 1075 608 1110 παρέχων,
626 1075 673 1102 καὶ
689 1075 924 1110 ἐπαγγελλόμενος

138 1116 264 1150 ποιήσειν
278 1115 318 1143 εὖ.
333 1117 378 1148 Ὠς
392 1117 415 1143 δ’
423 1117 474 1144 οὐκ
485 1118 625 1153 ἐσήκουον,
637 1118 704 1144 ἀλλὰ
717 1118 922 1153 ισκληρύνοντο,

137 1162 326 1194 καταστάντες
341 1162 547 1198 ὲτειχομάχουν.
567 1164 621 1190 Καὶ
637 1165 719 1200 μέχρι
734 1164 783 1199 μὲν
800 1165 884 1200 τριῶν
906 1166 923 1201 ἢ

136 1208 276 1242 τεττάρων
291 1202 370 1243 ὼριῖν
388 1209 434 1235 καὶ
449 1209 526 1235 αὐτοὶ
550 1209 685 1244 ἠμύνοντο
702 1210 846 1245 καρτερῶς
870 1211 924 1238 ἀπὸ

136 1253 193 1280 τῶν
220 1254 329 1289 τιιχῶν.
353 1255 468 1282 Ἐπειτὰ
488 1256 558 1283 οἵτε
584 1255 633 1291 τὴν
657 1257 806 1291 ἀκρόπολιν
830 1266 923 1285 κατοι-

137 1299 252 1331 κοῦντες
268 1301 315 1327 καὶ
330 1300 387 1327 ὅσοι
403 1301 457 1327 τῶν
475 1301 697 1329 Θεσσαλονικέων
710 1300 779 1338 ἦσαν
797 1303 835 1339 μὴ
855 1304 924 1330 πάνυ

139 1345 334 1381 προσκείμενοι
348 1346 388 1382 τῷ
407 1347 584 1382 πρεσϐυτέρῳ
605 1347 721 1382 βασιλεῖ,
735 1349 925 1376 διεστασίασάν

140 1396 172 1414 τε
190 1390 250 1419 ταῖς
272 1388 395 1422 γνώμαις
413 1390 482 1423 πρὸς
507 1389 570 1421 τοὺς
593 1389 701 1423 ἄλλους,
716 1393 764 1418 καὶ
779 1392 925 1426 ἁνακωχὴν

141 1433 305 1467 αἰτήσαντες
332 1434 400 1468 πρῖς
416 1433 548 1468 βασιλέως
563 1434 610 1460 τοῦ
627 1434 758 1470 πολέμου,
775 1435 815 1466 είς
827 1435 924 1469 λόγους

139 1476 313 1511 κατέστησαν
332 1478 388 1508 τοῖς
414 1477 719 1512 συμπολιορχουμένοις.
737 1479 792 1505 Καὶ
813 1479 926 1516 Λυζωιῷ

145 1520 197 1555 μὲν
221 1521 260 1556 τῷ
282 1522 332 1556 τῆς
348 1523 523 1557 ἀκροπόλεως
546 1524 659 1557 ἄρχοντι
677 1525 727 1551 οὐκ
743 1524 847 1558 ἔφασαν
862 1528 926 1561 περὶ

141 1568 192 1601 τῆς
210 1567 343 1602 σφετέρας
359 1569 486 1604 πατρίδος
501 1569 639 1604 βουλεύειν
656 1561 854 1606 συγχωρήσειν,
869 1573 927 1598 ἑτέ-

142 1621 194 1648 ρας
210 1613 276 1640 ὅντα
291 1614 395 1645 πόλεως
412 1615 533 1650 πολιτην,
549 1616 579 1642 ὃν
594 1616 700 1650 βασιλεῖ
724 1618 926 1653 προσχωρησάο

141 1667 192 1694 σης
211 1659 344 1696 Βερῤοίας
361 1661 386 1686 οἱ
411 1663 565 1695 συγγενεῖς,
582 1662 614 1689 ἂν
637 1671 664 1689 τι
677 1664 723 1689 καὶ
736 1664 925 1701 προσκρούσῃ,

140 1705 344 1741 ἐξαιτήσονται.
362 1707 424 1739 Τοῖς
438 1707 461 1733 δ’
483 1707 572 1739 ἄλλοις
587 1709 617 1734 οὺ
634 1709 736 1736 δίκαιον
750 1707 819 1736 εῖναι
835 1710 927 1744 ελεγον

141 1751 205 1777 οὐδὲ
225 1751 362 1784 λυσιτελὲς
377 1752 426 1787 τῆς
446 1752 529 1788 ἄλλης
545 1753 656 1788 ἀπάσης
681 1754 786 1786 πόλεως
802 1762 927 1789 προσχω·

144 1798 268 1833 ρησὰσης
283 1797 400 1832 βασιλεῖ,
414 1798 511 1830 αὐτοὺς
527 1799 705 1826 ἀνθίστασθαι
716 1800 764 1826 καὶ
779 1801 908 1836 πολεμεῖν
918 1809 925 1817 ·

143 1841 206 1868 οὔτε
222 1843 277 1878 γὰρ
295 1844 454 1878 δυνήσονται
468 1844 580 1876 ἑαυτούς
593 1853 623 1871 τε
635 1846 682 1872 καὶ
691 1846 741 1880 τὴν
752 1846 841 1882 ἄκραν
850 1855 929 1882 περι-

143 1889 232 1915 σῶσαι
249 1889 325 1924 μόνοι
337 1890 576 1926 ὲνατειλημμένοι,
587 1891 641 1917 τῶν
655 1899 685 1917 τε
702 1892 734 1918 ὲκ
748 1892 842 1926 Φερῶν
857 1894 928 1920 κατὰ

143 1937 306 1972 συμμαχίαν
322 1938 483 1972 ἀφιγμένων
505 1938 676 1973 ήττημένων,
691 1939 739 1965 καὶ
758 1939 808 1966 οὐκ
824 1939 856 1966 ἂν
871 1940 929 1967 ἑτέ-

143 1991 200 2018 ρων
224 1983 415 2018 τολμησόντων
432 1983 540 2010 ἐλθεῖν·
555 1984 573 2019 ή
594 1992 623 2010 τε
647 1983 781 2019 βασιλέως
812 1986 928 2020 στρατιὰ

142 2028 230 2063 πολλή
247 2036 277 2054 τε
290 2029 337 2055 καὶ
348 2028 508 2064 ἀξιόμαχος.
523 2030 579 2056 Καὶ
598 2030 713 2064 προσέτι
729 2031 804 2057 πᾶσι
820 2031 835 2066 η
854 2031 929 2063 πόλις

142 2073 281 2108 πανδημεὶ
305 2073 528 2108 προσκαθήμενοι
560 2074 826 2109 ὲκπολιορκήσουσιν
841 2077 925 2111 ἡμᾶς.

143 2120 176 2146 Εἰ
188 2120 216 2146 δὲ
230 2121 277 2146 καὶ
291 2121 430 2154 ἀντισχεῖν
443 2119 614 2154 δυνησόμεθα
629 2121 696 2155 πρὸς
716 2119 818 2154 ὀλίγον,
835 2122 924 2157 ἀμφο-

969 209 1032 228 ettm
1048 201 1123 228 edito
1139 205 1192 228 tam
1221 201 1374 228 admirabili
1403 209 1497 236 opere,
1516 201 1615 229 multas
1631 202 1697 234 Deo,
1725 208 1754 230 ct

971 248 1120 280 Demetrio,
1132 256 1148 274 a
1163 255 1217 282 quo
1232 253 1345 275 curatus
1361 248 1460 280 fuerat,
1474 248 1570 276 laudes
1587 249 1753 277 decantavit.

969 293 1034 321 Inde
1063 301 1199 329 egressus,
1225 295 1374 322 inclinante
1398 294 1451 328 iam
1478 294 1504 322 in
1522 300 1630 322 noctem
1649 296 1705 328 die,
1726 296 1754 323 in

969 339 1044 374 regia
1061 347 1159 367 somno
1173 347 1202 367 se
1219 340 1306 368 dedit.
1328 339 1380 368 Ubi
1401 341 1511 377 diluxit.
1527 342 1595 376 ipse.
1609 347 1636 369 et
1652 342 1753 369 milites

969 387 1053 413 armis
1075 386 1176 418 induti,
1193 385 1342 414 comitante
1361 387 1443 414 etiam
1463 387 1592 415 alacriter
1618 387 1645 414 in
1669 387 1755 415 armis

970 432 1212 460 Tltcssalonicensi
1226 433 1340 467 populo,
1361 432 1394 460 ad
1417 441 1508 461 arcem
1534 433 1708 467 prodierunt,
1725 439 1756 461 ut

970 478 1022 506 nisi
1049 482 1146 514 sponte
1172 486 1232 506 eam
1260 478 1401 506 traderent
1424 479 1471 513 qui
1496 479 1663 512 retinebant,
1678 480 1703 506 vi
1721 488 1755 507 eo

969 523 1157 559 adigerentur.
1174 524 1296 551 Primum
1321 524 1406 559 igitur
1424 524 1574 560 imperator
1589 533 1637 553 eos
1654 525 1755 553 saluta-

971 574 1040 599 tum.
1056 568 1126 596 etad
1140 575 1230 596 arcem
1244 568 1305 595 sine
1328 568 1401 595 caede
1414 573 1442 596 et
1454 570 1586 604 sanguine
1601 570 1754 598 dedendam

970 615 1115 643 invitatum
1136 614 1230 645 mittit.
1259 613 1429 641 oblivionem
1449 614 1646 647 offensionum,
1663 621 1691 643 et
1711 616 1758 643 be-

970 661 1143 689 neﬁcentiam
1172 660 1322 696 pollicitus.
1349 659 1400 688 Ubi
1424 660 1593 688 obdurantes
1619 666 1757 689 oratorem

970 708 1147 740 dimiserunt,
1163 707 1264 743 quibus
1278 707 1372 734 datum
1390 707 1543 744 negotium,
1558 707 1591 734 ad
1606 707 1688 735 horas
1703 713 1758 736 tres

970 759 1018 781 aut
1040 759 1171 789 quatuor.
1199 761 1293 781 muros
1308 753 1560 781 adversariisintus
1586 752 1705 781 viriliter
1728 761 1758 781 se

970 800 1194 833 defendentibus,
1212 804 1418 835 oppugnarunt.
1443 799 1519 832 Post,
1547 804 1603 827 tum
1623 800 1695 826 arcis
1719 800 1760 834 ip-

973 848 1030 875 sius
1054 847 1162 879 incolze,
1181 851 1238 874 tum
1263 851 1398 881 quotquot
1422 853 1437 873 e
1465 845 1759 873 Tbessalonicensibus

973 893 1094 928 perfugis
1114 892 1216 919 seniori
1242 891 1400 926 imperatori
1418 899 1515 926 parum
1532 890 1602 918 bene
1618 891 1758 924 volebant,

973 937 1118 965 sententiis
1134 942 1162 965 et
1177 935 1275 964 animis
1291 936 1325 963 ab
1349 936 1410 963 aliis
1433 943 1481 970 per
1505 935 1672 963 seditionem
1702 936 1758 964 dis-

975 989 1128 1018 crepantes.
1151 988 1178 1010 et
1207 982 1332 1009 inducias
1354 989 1369 1008 a
1389 981 1498 1016 iuniore
1522 981 1686 1016 imperatore
1712 990 1760 1017 po-

973 1035 1093 1062 scentes,
1117 1028 1179 1055 illos
1201 1028 1270 1055 alios
1293 1035 1347 1055 una
1373 1035 1466 1055 secum
1491 1027 1619 1054 obsessos
1646 1028 1758 1055 allocuti

974 1079 1047 1102 sunt.
1068 1074 1101 1101 Et
1117 1073 1217 1108 Lyzico
1232 1073 1344 1108 quidem
1362 1073 1432 1101 arcis
1448 1073 1591 1108 praelecto,
1608 1077 1639 1100 ut
1663 1073 1697 1100 de
1714 1081 1760 1108 pa-

975 1121 1028 1148 tria
1055 1121 1177 1156 ipsorum
1204 1123 1345 1151 statueret,
1368 1126 1421 1145 non
1449 1126 1478 1145 se
1499 1118 1682 1152 permissuros
1705 1119 1761 1146 aie-

974 1167 1052 1200 bant,
1066 1174 1128 1194 cum
1153 1169 1225 1194 esset
1251 1165 1320 1192 civis
1338 1165 1453 1192 alterius
1477 1165 1605 1198 civitatis,
1621 1165 1760 1192 Berrltoere

975 1212 1117 1244 nimirum,
1130 1219 1184 1246 qua
1204 1210 1238 1238 ad
1255 1211 1448 1245 imperatorem
1465 1209 1605 1245 adjuncta,
1620 1210 1693 1245 quod
1712 1218 1762 1245 pu-

976 1257 1082 1290 tabant,
1098 1257 1119 1284 si
1137 1256 1203 1291 quid
1219 1256 1264 1283 ille
1279 1255 1440 1283 olIendisset
1458 1257 1467 1290 (
1484 1255 1547 1290 quia
1563 1255 1636 1283 senis
1656 1256 1762 1283 scilicet

976 1303 1095 1337 partium
1121 1301 1241 1334 fuisset).
1266 1305 1398 1336 cognatos
1419 1300 1480 1335 ejus
1499 1308 1608 1335 pmnam
1631 1300 1762 1336 depreca-

977 1354 1064 1376 turos.
1080 1348 1167 1375 Alteri
1179 1346 1291 1374 factioni
1303 1346 1432 1374 dicebant
1450 1346 1612 1381 necjustum
1629 1354 1699 1380 esse,
1713 1355 1763 1375 nec

977 1395 1055 1427 utile,
1071 1402 1132 1421 cum
1150 1393 1254 1427 reliqua
1271 1392 1337 1420 urbs
1359 1391 1450 1419 omnis
1470 1391 1496 1418 in
1516 1392 1595 1419 fidem
1615 1387 1763 1428 imperato—
1809 1416 1817 1421 ν

978 1441 1015 1467 ris
1039 1440 1231 1472 concessisset,
1247 1438 1321 1473 ipsos
1337 1437 1438 1470 obniti,
1457 1442 1486 1464 et.
1503 1437 1675 1472 belligerare.
1701 1439 1761 1465 Non

976 1487 1048 1514 enim
1067 1493 1127 1513 eum
1149 1486 1236 1512 simus
1261 1484 1415 1516 interclusi,
1437 1484 1488 1511 soli
1507 1488 1533 1512 et
1554 1491 1614 1516 nos,
1630 1489 1658 1511 et
1669 1491 1761 1511 arcem

976 1540 1086 1560 servare
1103 1539 1263 1567 possumus;
1277 1535 1305 1558 et
1327 1530 1374 1565 qui
1391 1529 1488 1557 Pheris
1499 1530 1601 1558 auxilio
1614 1535 1760 1562 venerunt,

978 1580 1040 1606 victi
1067 1584 1143 1610 sunt,
1168 1583 1195 1605 et
1221 1577 1267 1604 alii
1291 1577 1385 1605 venire
1413 1584 1466 1604 non
1493 1576 1644 1604 audebunt.
1668 1577 1762 1612 Copiae

978 1624 1152 1659 imperatoris
1175 1631 1279 1658 magna
1305 1627 1333 1651 et
1359 1622 1496 1650 bellicosa:
1524 1627 1666 1658 praeterea,
1689 1627 1762 1650 totus

978 1670 1095 1706 populus
1116 1669 1279 1698 assidebunt
1302 1674 1330 1696 et
1355 1668 1570 1704 expugnanbunt
1594 1676 1653 1696 nos.
1673 1669 1762 1703 Atque

979 1721 1008 1744 ut
1033 1716 1194 1751 aliquandiu
1225 1716 1399 1747 resistamus,
1424 1714 1562 1750 utrimque
1585 1719 1675 1742 tamen
1691 1715 1764 1750 plec-

979 1767 1080 1790 temur.
1094 1762 1157 1789 Sive
1171 1761 1244 1788 enitn
1263 1761 1418 1792 vincamus,
1432 1760 1534 1787 amicos
1549 1763 1576 1787 et
1589 1759 1764 1794 propinquis-

979 1808 1064 1836 simos
1091 1807 1295 1839 interimemus,
1309 1806 1367 1834 sive
1403 1807 1557 1837 vincantur.
1590 1806 1763 1833 moriendum

978 1853 1033 1879 erit
1047 1851 1206 1879 necessario
1221 1859 1227 1882 ;
1247 1858 1309 1884 quae
1330 1858 1427 1877 omnes
1449 1858 1464 1877 a
1488 1850 1569 1877 nobis
1586 1850 1674 1877 aliena
1687 1855 1762 1877 sunt.

979 1897 1007 1924 Si
1028 1897 1121 1931 itaque
1147 1900 1176 1923 et
1199 1896 1278 1922 vobis
1295 1897 1444 1929 probatur;
1460 1895 1500 1922 sin
1517 1897 1618 1928 minus,
1645 1900 1672 1922 at
1690 1900 1764 1923 certe

980 1950 1031 1970 uos
1055 1949 1116 1977 cum
1138 1948 1201 1968 arce
1223 1946 1332 1968 nosmet
1350 1941 1376 1968 in
1399 1948 1498 1967 mantus
1522 1940 1697 1975 imperatoris
1718 1942 1765 1968 de-

980 1984 1087 2011 demus.
1113 1982 1253 2010 Hactenus
1278 1982 1327 2009 illi.
1345 1981 1460 2017 Lyzicus
1478 1986 1580 2014 autem,
1594 1987 1621 2009 et
1635 1981 1680 2017 qui
1695 1989 1710 2009 a
1723 1990 1766 2008 se-

980 2031 1057 2057 niore
1086 2029 1233 2060 faciebant.
1257 2029 1368 2056 consilii
1392 2029 1499 2062 inopes.
1530 2029 1614 2063 168
1631 2036 1685 2055 una
1702 2036 1765 2055 cum

942 2091 966 2119 Β
981 2076 1043 2102 aliis
1058 2075 1220 2110 impunitate
1235 2074 1331 2109 petita,
1345 2074 1367 2101 si
1383 2073 1450 2109 quid
1467 2074 1660 2109 imperatorem
1678 2074 1765 2101 offert-

981 2122 1097 2155 dissem,
1110 2127 1138 2150 et
1158 2130 1190 2150 ea
1209 2123 1318 2157 adepta,
1332 2128 1424 2149 arcem
1440 2121 1623 2148 tradiderunt.

141 2166 264 2202 τέρωθεν
279 2167 486 2202 ζημιωσόμεθα.
505 2168 555 2194 Ἀν
571 2176 601 2194 τε
613 2168 668 2203 γὰρ
702 2170 833 2204 νικῶμεν,
851 2170 945 2204 φίλους
963 2171 1010 2197 καὶ
1040 2170 1104 2201 τοὺς
1127 2169 1311 2201 οἰκειοτάτους
1331 2169 1553 2206 ἀποκτενοῦμεν·
1570 2171 1601 2197 ἄν
1626 2178 1655 2197 τε
1679 2168 1767 2206 ήττώ-

143 2214 226 2248 μεθα,
246 2215 353 2249 ἀνάγκη
379 2214 573 2249 ἀποθνήσκειν.
588 2215 622 2240 "A
637 2215 669 2250 δὴ
685 2215 793 2242 ἃπαντα
808 2216 839 2242 οὐ
857 2217 926 2252 πρὸς
944 2216 1032 2252 ήμῶν.
1053 2216 1084 2243 Et
1118 2216 1168 2251 μὲν
1206 2216 1253 2243 οὖν
1279 2216 1327 2243 καὶ
1347 2217 1412 2251 ὑμῖν
1435 2216 1522 2244 ταῦτα
1540 2218 1679 2244 συνδοκεῖ·
1695 2218 1720 2244 εἰ
1743 2213 1766 2242 δ’

142 2260 201 2292 οὖν,
218 2261 274 2287 αλλ’
287 2262 367 2296 ἡμεῖς
376 2269 407 2295 γε
420 2261 494 2296 ἡμᾶς
513 2269 542 2287 τε
561 2260 661 2292 αὐτοὺς
673 2262 719 2288 καὶ
734 2261 784 2297 τὴν
814 2263 963 2298 ἀκρόπολιν
982 2263 1173 2298 ἐγχειρίσομεν
1205 2262 1317 2298 βασιλεῖ.
1336 2264 1368 2289 Οί
1398 2263 1446 2297 μὲν
1476 2263 1522 2290 οὖν
1546 2264 1658 2290 τοιαῦτα
1677 2261 1767 2289 εἷπον.

143 2308 264 2339 Λυζικος
278 2307 306 2334 δὲ
322 2308 369 2334 καὶ
386 2308 442 2334 Eoo:
475 2305 546 2343 ἦσαν
582 2307 621 2342 τῷ
640 2307 821 2344 πρεσϐυτέρῳ
836 2309 1028 2345 προσκείμενοι
1060 2309 1180 2344 βασιλεῖ,
1196 2309 1246 2335 οὐχ
1270 2307 1379 2343 ἔχοντες
1406 2310 1447 2335 ὃτι
1469 2309 1610 2345 δράσαιεν,
1630 2310 1689 2344 ἅμα
1709 2310 1767 2338 τοῖς

142 2354 235 2384 ἄλλοις
254 2355 408 2389 ἀμνηστίαν
427 2354 599 2389 αἰτήσαντες,
615 2354 642 2381 εῐ
660 2363 686 2380 τι
704 2355 946 2390 προσκεχροὺκασι
966 2357 1033 2391 πρὸς
1054 2356 1178 2390 βασιλέα,
1194 2356 1243 2381 καὶ
1263 2355 1402 2390 τυχόντε;,
1423 2356 1577 2390 παρέδοσαν
1599 2355 1649 2390 τήν
1683 2353 1769 2388 ἀκρό-

142 2402 229 2430 πολιν.
940 2415 943 2417 λ

862 2449 974 2477 CAPUT
993 2448 1060 2476 LIV.

146 2491 282 2528 Quafritur
301 2501 351 2527 quo
366 2493 399 2520 sit
414 2493 540 2520 eundum.
557 2492 671 2528 Magnus
689 2493 845 2520 domesticus
862 2495 991 2522 Edessam
1013 2499 1038 2521 et
1058 2495 1208 2521 Castoriam
1229 2493 1331 2520 suadet.
1348 2494 1441 2521 Omnes
1458 2494 1605 2528 approbant
1618 2494 1766 2524 comitium.

181 2527 324 2554 Mittuntur
341 2528 453 2561 litteraz;
469 2527 755 2563 promptast'nveniunt
771 2529 805 2555 ad
820 2529 988 2556 deditionem.
1007 2530 1075 2562 Quid
1090 2530 1200 2556 senioris
1222 2529 1299 2556 duces
1316 2530 1426 2563 egerint.
1449 2528 1546 2563 Ingens
1559 2529 1767 2557 Occidentalium

182 2563 216 2600 ad
227 2562 363 2596 jumorem
379 2562 498 2598 defcctt'u.
523 2563 753 2600 I‘rotgvestinrius,
780 2568 804 2590 ct
830 2565 948 2598 ἄπνοια,
966 2564 1064 2600 aliique
1089 2567 1122 2590 ad
1151 2563 1297 2591 Tribullum
1320 2562 1491 2600 confugiunt:
1514 2565 1560 2600 sed
1576 2565 1711 2598 intercepti
1733 2568 1767 2591 (ιιι

181 2597 371 2631 imperatorem
386 2599 564 2625 adducuntur.
583 2598 699 2625 Pecunia
713 2600 797 2625 omnis
810 2600 933 2626 uxoribus
947 2597 1038 2627 eorum
1055 2600 1179 2631 donatur,
1193 2605 1219 2625 ut
1232 2599 1265 2625 sit
1278 2599 1347 2634 quod
1362 2597 1388 2625 in
1401 2597 1471 2625 uiros
1484 2599 1585 2626 exsules
1598 2600 1766 2634 impendunt.

182 2657 238 2683 Καὶ
266 2658 441 2696 παρελθὼνιὸ
458 2657 599 2692 βασιλεὺς,
620 2659 667 2684 καὶ
694 2658 753 2684 ὅσοι
783 2656 854 2692 ἦσαν
875 2657 922 2684 edn

1021 2658 1162 2692 Ingressus
1195 2658 1343 2692 imperator
1359 2677 1366 2689 ,
1391 2656 1592 2691 adscriptisquc
1617 2655 1651 2683 ad
1674 2663 1740 2684 suos
1757 2676 1766 2688 .

143 2704 179 2730 τὰ
193 2704 232 2739 (ι)
243 2703 291 2730 τοῦ
303 2704 492 2739 πρεσϐυτέρου
508 2703 641 2739 βασιλέως
657 2703 832 2739 παραλαϐὼν,
852 2703 922 2738 ὲξῆλ

986 2709 1123 2739 quotquot
1136 2711 1187 2732 avo
1200 2703 1368 2739 cupiebant.
1394 2710 1456 2729 mox
1478 2702 1562 2734 abiit,
1579 2701 1643 2728 etin
1666 2701 1768 2735 palatio

769 2761 877 2792 Jacobi
895 2761 1025 2792 Pontaui
1041 2765 1135 2792 notat.

181 2813 222 2849 (l)
242 2812 367 2840 Fortasse
385 2812 454 2847 μιτὰ
469 2817 516 2840 aut
530 2817 592 2848 post
611 2812 744 2849 βασιλέως
759 2813 829 2840 adde
843 2812 1020 2848 πραττόντων
