1922 3082
153 61 203 92 367

152 125 215 145 eum
232 115 404 150 primoribus
423 121 493 150 quos
521 120 613 141 secum
637 112 808 144 adduxerat,
834 110 938 145 quique
955 113 974 139 A

152 162 358 192 Thessalonicae
383 166 482 194 erant,
506 168 561 195 quo
587 159 759 194 potissimum
787 158 840 184 iret
874 165 939 184 con-

152 209 277 240 sultavit,
292 207 403 244 quando
417 214 462 234 res
476 210 586 239 cogeret
600 213 654 232 non
669 205 824 239 quiescere.
839 201 940 230 Omurs

153 256 313 293 Ben-limam
327 254 448 282 eundum
460 251 623 279 suadebant.
640 251 753 285 Magnus
773 249 941 288 domesticus

150 301 313 330 Berrlrmam
330 299 511 328 omittendam
525 318 532 330 ,
553 297 685 325 Edessam
699 318 706 328 ,
725 301 751 323 et
771 295 834 322 inde
846 295 942 322 Casta-

154 349 224 375 riam
248 348 301 374 iter
317 345 491 381 dirigendum
511 344 664 375 censebat,
685 342 776 369 causis
791 340 940 376 adjunctis,

156 401 256 428 nempe
287 391 457 419 Demetrium
484 390 646 425 despotam,
673 392 700 415 et
727 386 941 414 Monomaclrum

151 439 316 479 prtefectntn
331 458 338 469 ,
366 443 392 464 et
410 437 526 464 Raulem
551 434 687 462 isaaciutn
711 433 813 460 habere
833 432 943 459 Edessa:

155 492 254 512 uxores
272 491 337 511 suas
354 491 417 510 cum
445 483 541 510 liberis
557 502 564 513 ,
582 488 700 515 esseque
723 480 942 507 mnsentaneum

154 536 183 559 ιιι
196 531 271 558 οηιυί
285 530 377 558 studio
391 534 549 564 couatuque
563 527 700 559 adhibito,
710 530 737 553 et
751 526 848 553 horum
860 531 943 551 causa

153 585 213 605 eam
228 577 401 611 subigerent,
417 580 445 602 et
457 575 533 610 quia,
544 582 608 607 cum
622 574 657 600 sit
673 580 786 608 parvum
799 570 943 606 oppidum,

153 627 252 650 natura
273 628 301 650 et
317 622 449 657 operibus
466 621 575 648 lirmum
590 641 597 652 ,
619 619 698 646 facile
722 622 818 646 contra
836 617 943 644 hostem

153 668 266 696 delendi
287 675 378 703 posse.
396 666 428 693 Et
445 666 572 701 quamvis
583 672 644 692 eam
660 664 699 691 illi
712 662 944 698 prmoccuparint,

154 720 189 740 ne
205 712 246 740 sic
260 711 371 746 quidem
392 710 570 746 eﬂ‘ugituram
582 729 590 742 ,
613 709 681 743 quin
699 709 733 736 ab
747 707 814 742 ipsis
830 706 946 742 recipia-

154 763 200 784 tur
216 767 223 790 ;
242 758 342 785 multas
359 761 451 784 tamen
477 756 503 782 in
517 756 576 792 ejus
594 754 741 781 obsidione
759 752 944 784 difﬁcultates,

153 811 185 831 ac
196 803 316 835 labores,
331 806 359 829 et
373 801 420 829 diu
433 823 440 834 ,
465 789 626 829 subeundos
647 799 718 826 fore.
736 798 764 826 Si
779 806 846 825 vero
871 789 980 824 nunc'B

153 847 368 879 advenerimus,
392 846 498 881 inquit,
527 845 575 880 qui
603 844 659 871 illic
687 847 772 876 sunt,
790 843 944 878 opibus,et

153 892 321 920 auctoritate
354 891 514 927 principes,
532 889 721 924 tplebeiosque
747 897 779 916 ac
805 889 944 916 tenuiores

154 943 265 966 versant
281 945 335 973 quo
361 937 438 964 lubet
451 956 459 969 ,
480 944 542 964 curn
558 937 614 971 jam
631 935 738 970 pridem
760 935 817 962 sint
831 935 859 961 in
874 934 943 961 ami-

153 985 194 1013 cis
218 984 286 1012 meis
302 1005 310 1017 ,
338 983 543 1019 promptissime
570 982 731 1018 oppidulum
750 981 868 1008 tradent.
886 980 975 1030 lutei;

153 1040 220 1059 vero
235 1032 317 1058 etiam
337 1035 485 1066 antequam
498 1037 532 1057 eo
547 1029 718 1061 venerimus,
733 1027 756 1055 si
769 1026 944 1062 imperatoris

153 1078 281 1105 mandata
298 1085 361 1104 cum
389 1076 488 1104 litteris
513 1075 582 1102 meis
606 1073 785 1109 acceperint,
804 1072 880 1100 omni
900 1080 943 1098 ra-

155 1125 231 1152 tione
246 1124 281 1151 iis
297 1131 394 1159 parcre
409 1123 552 1150 enituntur
565 1131 572 1149 :
587 1126 614 1149 et
637 1121 660 1148 si
678 1121 740 1156 quis
756 1119 790 1147 de
804 1118 944 1154 pra-dictis

153 1170 274 1199 ducibus
289 1170 322 1198 ad
337 1178 385 1198 eos
399 1169 560 1201 accesserit,
575 1176 638 1196 eum
655 1167 729 1195 baud
747 1166 944 1194 intromittent.

154 1217 309 1246 Castoriam
334 1221 426 1244 autem
451 1221 479 1244 et
506 1215 615 1251 ipsam,
639 1218 752 1249 pr0pter
775 1212 866 1240 lacum
889 1217 944 1246 quo

155 1264 276 1300 cingitur
311 1263 538 1295 munitissimam,
575 1261 706 1297 Angelus,
739 1258 944 1295 protovestiarii

154 1319 251 1348 gener,
269 1315 400 1347 procurat
415 1319 422 1344 ;
452 1309 501 1345 qui
519 1308 587 1337 milii
604 1313 631 1336 et
651 1308 816 1344 cognatione
833 1306 946 1341 propin-

155 1358 307 1393 quissimns
323 1361 375 1389 est,
394 1360 422 1384 et
437 1361 468 1384 ut
481 1355 621 1383 educatori
647 1362 679 1382 ac
701 1354 832 1388 magistro
850 1359 901 1380 suo
916 1351 944 1379 in

156 1410 185 1430 re
199 1403 298 1430 bellica
313 1401 429 1437 gratiam
443 1421 451 1434 ,
469 1400 714 1434 obedientiamque
731 1406 787 1426 non
803 1394 944 1433 vulgarem

155 1449 260 1477 debet:
281 1456 313 1475 ac
333 1452 446 1484 prepter
469 1445 704 1474 necessitudinem
732 1448 855 1471 mutuam
880 1451 945 1478 pro-
959 1460 980 1489 ο

155 1493 359 1525 tovestiarium,
375 1492 505 1527 quamvis
520 1489 795 1522 socerum,facillime
804 1488 944 1519 deserens,

154 1539 238 1567 nobis
255 1538 388 1574 oppidum
405 1538 497 1565 dedet.
508 1536 575 1565 Cum
594 1536 645 1564 ista
660 1535 872 1569 obtinuerimus,
881 1535 945 1561 Ber-

155 1584 262 1612 rhmitae
279 1584 351 1611 ultro
363 1591 392 1611 se
419 1582 541 1615 dedent;
561 1589 631 1617 quos
657 1581 741 1609 etiam
759 1581 840 1617 169
856 1580 946 1615 prius-

155 1638 237 1667 quam
261 1631 318 1658 inec
335 1633 513 1665 peraguntur,
531 1635 603 1662 cras,
626 1631 674 1655 aut
706 1627 822 1663 perinde
850 1627 943 1654 urbem

156 1685 234 1704 suam
251 1677 418 1705 transditum
435 1680 571 1704 venturos
587 1675 727 1702 existimo.
747 1673 816 1701 Huic
828 1673 945 1701 consilio

157 1723 326 1759 subscripsit
339 1723 431 1751 Statim
458 1722 619 1756 imperator,
636 1721 740 1756 aliique
753 1719 872 1755 idipsum
887 1719 946 1747 lau-

157 1770 255 1797 dantes
271 1769 473 1805 approbarunt.
489 1768 605 1803 Jamque
618 1767 714 1800 ﬁxum,
729 1774 761 1794 ac
779 1771 867 1793 ratum
886 1770 946 1792 erat

157 1817 288 1845 Edessam
309 1821 421 1851 pctore,
439 1821 466 1843 et
488 1815 562 1843 illico
583 1820 637 1842 tam
662 1815 748 1850 ipsius
771 1813 945 1849 imperatoris

158 1864 298 1896 mandata,
321 1870 404 1899 quam
425 1862 518 1897 magni
544 1861 688 1889 domestici
707 1862 807 1889 litterae
832 1868 881 1896 per
904 1860 944 1887 ri-

159 1910 310 1938 tatissimos
325 1909 434 1945 equites
457 1915 490 1936 eo
502 1929 510 1941 ,
532 1912 561 1935 et
580 1907 662 1935 simul
686 1907 838 1935 Castoriam
855 1906 946 1933 initte-

158 1955 269 1982 bantur.
277 1954 368 1990 Atque
383 1954 506 1989 Angelus
519 1952 631 1988 quidem
645 1952 775 1980 Castor-ia:
788 1951 944 1986 praefectus,

157 2009 221 2028 mox
251 2000 314 2028 urbi
338 2000 469 2028 custodes
493 1999 638 2033 adhibuit,
664 2004 759 2034 utpote
785 1997 944 2032 imperatori

159 2047 321 2075 adventanti
350 2047 520 2074 deditionem
547 2047 682 2074 facturus.
703 2045 755 2073 Sed
774 2044 820 2079 qui
837 2043 946 2071 Edesm

159 2094 280 2128 potentia
307 2093 485 2125 eminebant,
512 2091 606 2126 Angeli
630 2091 781 2125 Rhadipori
806 2090 946 2124 cognomi-

158 2140 228 2170 nati,
247 2140 347 2166 fratres
365 2137 516 2173 trigemini,
534 2142 560 2164 et
580 2136 718 2168 Lascaris,
735 2136 856 2169 acceptis
870 2143 947 2162 man—
960 2133 986 2163 1)

158 2185 229 2212 datis
245 2204 251 2215 ,
276 2184 345 2211 citra
365 2182 641 2217 procrastinationem
656 2201 663 2213 ,
681 2182 754 2216 quod
766 2185 794 2209 et
826 2187 945 2216 populus

159 2231 317 2259 Edessenus
330 2229 364 2256 ab
376 2236 472 2256 eorum
486 2233 553 2255 nutu
569 2229 787 2263 auctoritateque
797 2227 944 2263 pendebat,

160 2283 261 2304 uxores
296 2275 379 2302 trium
411 2282 507 2302 eorum
536 2282 606 2310 quos
634 2281 717 2309 supra
744 2274 945 2301 nominavimus

159 2324 283 2358 ipsarum
311 2321 417 2349 ardibus
443 2320 745 2359 circumscripserunl,
771 2324 798 2347 et
821 2319 945 2347 excubiis

158 2367 416 2396 circumdederunt.
445 2367 530 2395 Paulo
558 2371 619 2402 post
643 2367 822 2394 advenientes
841 2366 944 2397 mariti,

158 2423 221 2442 cum
238 2413 390 2441 Edessmos
405 2413 433 2440 in
451 2421 480 2440 se
495 2413 688 2444 insurrexisse,
707 2420 827 2446 suasque
844 2412 943 2439 mulie-

158 2468 203 2488 res
225 2459 369 2487 conclusas
392 2459 575 2490 invenissent,
592 2458 683 2494 fugam
706 2457 739 2485 ad
759 2457 944 2485 Triballorum

159 2501 312 2542 principem
334 2505 469 2532 fecerunt.
492 2505 559 2532 Nam
582 2512 644 2532 cum
671 2504 761 2531 adhuc
781 2503 878 2531 Pheris
895 2511 945 2530 au-

158 2553 283 2584 dissent,
312 2551 505 2585 imperatorem
532 2550 758 2577 Thessalonicam
785 2549 836 2576 iter
850 2556 942 2576 susce-

158 2599 242 2634 pisse,
260 2604 314 2623 non
330 2596 416 2623 levem
439 2596 465 2622 in
492 2595 618 2623 timorem
644 2599 785 2627 venerant,
804 2595 899 2622 urbem
915 2602 944 2622 se

159 2644 198 2672 illi
214 2642 413 2679 permissnram
429 2650 436 2667 :
452 2641 486 2668 ad
503 2649 594 2669 arcem
617 2647 706 2668 tamen
720 2641 805 2667 tutius
823 2641 944 2667 retinen-

157 2695 220 2718 dam
241 2691 379 2715 trecentos
393 2687 593 2715 submiserunt.
611 2687 714 2714 Deinde
730 2686 775 2714 ubi
799 2686 945 2714 Thessalo-

157 2737 247 2764 nicam
265 2741 294 2761 se
308 2733 359 2761 sub
388 2732 564 2768 imperatoris
589 2738 754 2768 potestatem
780 2732 942 2766 subiecisse,

158 2788 185 2812 et
199 2781 261 2810 illos
273 2784 412 2807 trecentos
425 2779 525 2815 partim
539 2779 646 2807 occisos
671 2780 769 2814 partim
787 2783 881 2813 captos
896 2779 940 2807 iu-

741 54 905 85 JOANNlS
923 53 1188 84 CANTACUZENI

1726 51 1783 81 3'8

991 109 1035 135 οεν
1068 109 1160 140 sibila.
1195 110 1250 135 Καὶ
1280 110 1320 141 είς
1343 108 1470 144 βασίλεια
1500 107 1599 140 ἐλθὼν,
1625 106 1792 134 ἑίηυλεύετί

994 155 1063 190 μετά
1092 155 1147 182 τῶν
1174 156 1204 181 ἐν
1224 156 1299 182 τέλει
1318 155 1373 182 τῶν
1390 163 1419 182 τε
1445 154 1607 189 ἀφιγμένων
1624 153 1674 180 σὺν
1700 154 1792 189 αὐτῷ,

992 201 1042 228 καὶ
1058 201 1082 228 oi
1098 199 1170 237 ἦσαν
1193 203 1222 228 ὲν
1247 201 1450 237 Θεσσαλονίκῃ,
1468 201 1532 228 ὅποι
1549 200 1602 236 χρὴ
1618 200 1792 235 τραπέσθαι,

991 247 1089 282 ἐπειδὴ
1104 248 1139 274 τὰ
1151 247 1307 282 πράγματα
1325 246 1485 281 ἠνάγκαζον
1499 247 1536 282 μὴ
1550 247 1676 280 ἠρεμεῖν.
1689 246 1721 272 Οί
1738 245 1793 279 μὲι

993 291 1040 320 οὖν
1059 293 1136 320 ἄλλοι
1151 294 1255 326 πάντες
1272 294 1313 325 είς
1333 292 1472 328 Βέρῤοιαν
1493 292 1672 320 ἐϐουλεύοντο
1687 292 1792 323 ἐλθεῖν,

993 341 1006 366 ὁ
1031 340 1119 374 μέγας
1144 340 1172 377 δὲ
1198 339 1365 375 δομέστικος
1388 339 1525 375 Βέρῤοιαν
1553 339 1602 374 μὲν
1623 339 1718 372 ἔλεγεν
1729 339 1792 373 ἐᾷι,

994 387 1033 417 είς
1051 386 1187 412 Ἔδεσσαν
1214 385 1244 412 δὲ
1270 385 1369 417 ἐλθεῖν,
1387 385 1519 413 κάκεῖθεν
1543 386 1586 416 εἰς
1613 385 1792 420 Καστορὲαν.

995 431 1156 465 Προσετίθει
1171 431 1199 458 δὲ
1215 432 1263 458 καὶ
1277 432 1327 463 τὰς
1343 432 1445 463 αἰτίας.
1464 432 1552 464 λέγων
1568 431 1615 462 ὡς,
1632 431 1678 457 ὅτε
1690 431 1787 458 δεσπό-

993 485 1044 512 της
1071 478 1240 513 Δημήτριος,
1259 478 1308 504 καὶ
1339 478 1463 511 ἔπαρχος
1483 478 1497 503 ὁ
1525 476 1696 512 Μονομαχος,
1713 477 1761 502 καὶ
1778 477 1794 502 ὁ

1001 521 1099 548 Ῥαοὺλ
1120 523 1267 555 Ὶσαάκιος,
1283 523 1333 555 τὰς
1344 523 1478 557 γυναῖκας
1493 522 1543 549 καὶ
1564 523 1663 553 παῖδας
1678 522 1795 556 ἔχοντες

996 569 1024 596 έν
1043 570 1226 604 Ἐδεσσηνοῖς,
1243 570 1317 601 εἰκὸς
1341 571 1418 604 πάσῃ
1443 571 1546 605 σπουδῇ
1565 570 1721 605 χρήσασθαι
1741 579 1758 595 κ
1781 570 1793 595 ὶ

997 617 1107 651 μηχανῇ
1127 615 1199 642 ὥστε
1225 619 1376 653 κατασχεῖν
1401 618 1482 644 αὑτά.
1502 617 1579 650 ’Ἅμα
1603 617 1654 651 μὲν
1672 616 1720 643 καὶ
1734 617 1793 642 τῶν

996 662 1135 696 γυναικῶν
1150 662 1232 689 ἕνεκα
1258 663 1306 689 καὶ
1324 663 1441 696 τέκνων,
1467 663 1525 698 ἅμα
1542 663 1565 690 δ’
1577 663 1619 689 ὅτι
1638 664 1740 698 μικρὸν
1759 671 1791 689 τε

996 709 1026 735 ὂν
1041 709 1071 735 τὸ
1090 709 1211 744 πόλισμα
1231 709 1278 736 καὶ
1294 710 1432 745 καρτερὸν
1444 710 1499 736 ἀπό
1512 718 1542 736 τε
1556 710 1658 744 τειχῶν
1676 709 1724 736 καὶ
1740 710 1792 743 τῆς

998 756 1046 782 τοῦ
1079 755 1163 782 τόπου
1185 756 1374 790 κατασκευῆς,
1394 757 1486 792 ῥᾴδιόν
1502 757 1578 782 ἐστιν
1591 757 1631 788 είς
1648 756 1791 792 φυλακήν.

996 800 1056 826 Κᾶν
1067 800 1212 834 φθάσωσιν
1227 800 1294 827 αὐτὸ
1308 801 1526 836 προκατασχείν,
1541 800 1718 835 διαφεύξεται
1736 800 1791 835 μὲν

995 846 1050 876 οὐδ’
1065 846 1138 873 οὕτω
1155 847 1186 873 τὸ
1206 846 1243 882 μὴ
1265 846 1369 874 ἁλῶναι
1396 847 1464 883 παρ’
1488 847 1580 882 ἡμῶν.
1609 846 1730 882 Παρέεει
1758 847 1789 873 δὲ

995 885 1096 926 ⁸ιῖυολλὴν
1112 891 1162 926 τὴν
1176 891 1340 927 δυσχέρειαν
1358 892 1405 919 καὶ
1422 892 1473 928 τὴν
1493 892 1591 928 τριϐὴν
1607 892 1654 919 καὶ
1669 892 1716 919 τὸν
1738 893 1790 917 πᾶ-

985 945 1040 972 .ν9ν
1059 940 1087 964 ἐν
1109 938 1147 974 τῷ
1166 938 1384 973 πολιορκεῖσθαι.
1409 938 1472 965 Ἐὰν
1499 940 1528 965 δὲ
1555 939 1603 966 νῦν
1620 938 1788 974 παραγενώ-

996 983 1067 1020 isan
1082 984 1174 1019 ἡμεῖς,
1193 984 1218 1010 oi
1233 983 1329 1011 αὐτόθι
1340 984 1527 1011 δυνατώτατοι
1543 984 1591 1011 καὶ
1606 985 1670 1016 τοὺς
1685 985 1788 1016 ἄλλους

995 1030 1109 1063 ἄγοντες
1135 1031 1182 1058 καὶ
1209 1031 1340 1067 φέροντες
1357 1029 1385 1057 οἵ
1405 1031 1438 1058 ἂν
1460 1031 1622 1066 βούλωνται,
1637 1031 1669 1057 ὲκ
1685 1030 1787 1057 πολλοῦ

995 1076 1174 1111 προκείμενοι
1192 1077 1254 1111 ἐμοὶ
1281 1077 1370 1111 ῥᾷστα
1399 1076 1591 1111 παραδώσουσι
1619 1076 1648 1102 τὸ
1664 1076 1791 1110 πόλισμα

995 1122 1074 1156 ἡμῖν.
1090 1121 1201 1148 Μᾶλλον
1214 1121 1301 1148 δὲκαὶ
1314 1121 1379 1156 πρὶν
1396 1122 1469 1157 ἡμᾶς
1482 1121 1563 1156 ἥκειν
1576 1121 1646 1151 ἐκεῖ,
1658 1121 1691 1147 ἂν
1707 1121 1790 1155 βασι-

995 1167 1066 1198 λέως
1091 1176 1120 1194 τε
1146 1168 1349 1203 προστάγματα
1375 1170 1423 1194 καὶ
1448 1166 1604 1203 γραμμιτα
1629 1169 1684 1203 ὲμὰ
1716 1168 1790 1203 πρὸς

996 1213 1096 1245 αὐτοὺς
1124 1214 1196 1249 ἥξει,
1220 1215 1252 1241 ὲκ
1274 1214 1375 1246 παντὸς
1401 1215 1506 1249 τρόπον
1535 1215 1722 1242 σπουδάσουσι
1752 1217 1789 1242 τὰ

997 1260 1168 1296 κελευόμενα
1198 1261 1296 1288 ποιεῖν.
1315 1261 1374 1288 Κάν
1401 1269 1444 1293 τις
1469 1262 1516 1288 καὶ
1542 1262 1597 1288 τῶν
1630 1263 1790 1297 εἰρημένων

996 1306 1133 1341 ἀφίκηται
1183 1306 1254 1341 πρὸς
1288 1307 1401 1339 αὐτοὺς,
1434 1307 1485 1334 οὐκ
1525 1308 1559 1334 ἂν
1598 1308 1788 1340 εἰσδέξωνται.

997 1352 1156 1387 Καστορίας
1172 1352 1200 1378 δὲ
1217 1353 1265 1379 καὶ
1283 1353 1369 1388 αὐτῆς
1390 1353 1568 1390 ὀχυρωτάτης
1591 1355 1676 1390 οῡσης
1697 1355 1743 1381 διὰ
1757 1355 1790 1381 τὸ

997 1398 1167 1433 πανταχόθεν
1184 1398 1401 1434 περικλύζεσθαι
1425 1401 1458 1435 τῇ
1479 1399 1574 1436 λίμνῃ,
1589 1402 1603 1427 ὁ
1614 1401 1662 1427 τοῦ
1676 1409 1787 1436 πρωτο-

998 1445 1157 1481 σεστιαρίσυ
1181 1445 1308 1481 γαμϐρὸς
1320 1446 1335 1472 ὁ
1349 1445 1495 1480 Ἄγγελος,
1519 1447 1599 1482 ἄρχει
1611 1455 1618 1462 ·
1635 1447 1665 1478 ὃς
1680 1448 1742 1482 ἐμοί
1758 1456 1788 1473 τε

996 1492 1115 1526 ἔγγιστα
1134 1493 1271 1526 προσήκει
1288 1491 1362 1519 κατὰ
1377 1493 1466 1526 γένος,
1483 1493 1530 1520 καὶ
1546 1493 1649 1528 πολλὴν
1663 1494 1726 1529 ἐμοὶ
1738 1494 1788 1528 τὴν

996 1538 1103 1565 εὔνοιαν
1120 1539 1168 1565 καὶ
1194 1539 1245 1573 τὴν
1274 1538 1434 1566 εὐπείθειαν
1449 1540 1565 1574 ὀφείλει,
1586 1540 1788 1575 ὲκθρεψαμένῳ

995 1593 1025 1610 τε
1045 1583 1138 1615 αὑτὸν,
1154 1583 1199 1610 καὶ
1227 1583 1262 1610 τὰ
1293 1583 1414 1617 πολέμια
1433 1583 1648 1624 διδάξαντιδκαὶ
1669 1584 1714 1611 διὰ
1737 1585 1788 1619 τὴν

996 1632 1064 1666 πρδς
1079 1632 1130 1667 ἐμὲ
1152 1631 1258 1666 φιλίαν,
1279 1632 1367 1667 ῥᾷστα
1384 1632 1639 1667 πρωτοὸεστιάριον
1653 1631 1686 1659 ἃν
1702 1632 1789 1667 πρόη-

996 1686 1040 1703 ται
1064 1677 1110 1703 τὴν
1135 1677 1283 1712 κηδεστὴν,
1304 1678 1351 1704 καὶ
1374 1678 1441 1712 ἠμῙν
1459 1677 1509 1713 τὴν
1535 1678 1613 1704 πόλιν
1636 1677 1785 1713 παραδοίη.

997 1722 1092 1750 Ταῦτα
1111 1723 1140 1750 δὲ
1164 1724 1232 1758 ἡμῖν
1256 1723 1455 1758 κατασχοῦσιν,
1475 1725 1643 1759 αὐτόχλητοι
1659 1733 1788 1760 προσχω-

998 1770 1126 1803 ρήσουσιν
1154 1769 1178 1796 οἱ
1209 1769 1377 1805 Βερῤοιῶται
1389 1778 1396 1784 ·
1416 1770 1488 1796 δοκῶ
1507 1779 1553 1805 μοι
1572 1770 1600 1797 δὲ
1621 1771 1722 1802 αὐτοὺς
1739 1772 1787 1797 καὶ

997 1816 1062 1850 πρὶν
1079 1814 1166 1842 ταῦτα
1192 1815 1232 1847 είς
1249 1815 1338 1849 πέρας
1366 1816 1457 1851 ἥκειν,
1472 1817 1513 1848 είς
1528 1817 1580 1852 τὴν
1598 1817 1750 1852 ὑστεραίαν
1769 1817 1785 1852 ἦ

997 1862 1045 1888 καὶ
1071 1860 1169 1896 τρίτην
1196 1860 1307 1896 ἡμέραν
1331 1862 1365 1889 ἃν
1393 1861 1482 1888 meo
1504 1862 1720 1897 παραδώσοντας
1736 1863 1787 1898 τὴν

998 1907 1086 1935 πόλιν,
1105 1907 1226 1934 Τοιαῦτα
1244 1908 1293 1934 τοῦ
1319 1908 1440 1942 μεγάλου
1455 1908 1619 1944 δομεστίκου
1636 1909 1787 1944 βουλευσα-

999 1954 1095 1989 μένου,
1113 1954 1128 1980 ὃ
1145 1962 1175 1980 τε
1191 1953 1322 1988 βασιλεὺς
1343 1954 1472 1982 συνέθετο
1489 1954 1580 1987 εὐθὺς,
1604 1955 1650 1981 καὶ
1670 1956 1694 1981 οἰ
1710 1955 1786 1982 ἄλλοι

998 1999 1264 2035 συνεπεψηφίζῡντο,
1297 2001 1501 2032 ἐπαινέσαντες
1529 2001 1579 2036 τὴν
1607 1997 1718 2037 βουλὴν,
1740 2003 1787 2028 καὶ

997 2047 1155 2081 ἐκεκύρωτο
1166 2046 1217 2082 τὴν
1229 2047 1277 2073 ἐπὶ
1289 2047 1426 2074 Ἔδεσσαν
1437 2047 1517 2074 ἰέναι.
1528 2047 1635 2075 Αὐτίκα
1653 2056 1682 2074 τε
1700 2056 1786 2083 προσ-

997 2093 1126 2127 τάγματα
1155 2092 1291 2128 βασιλέως
1318 2094 1365 2119 καὶ
1396 2093 1443 2120 τοῦ
1471 2094 1593 2128 μεγάλου
1618 2094 1784 2129 δομεστίκπιυ

1001 2139 1154 2174 γράμματα
1172 2139 1215 2165 διὰ
1235 2139 1414 2174 ταχυδρόμων
1437 2140 1546 2166 ἱππέων
1562 2140 1631 2175 πρός
1644 2149 1675 2166 τε
1693 2141 1785 2167 Ἐδεσ-

1000 2193 1049 2210 σαν
1063 2184 1247 2219 ἐπέμφθησαν
1263 2184 1310 2210 καὶ
1328 2184 1498 2219 Καστορῐαν.
1517 2185 1573 2211 Καὶ
1588 2186 1722 2220 Ἀγγελος
1737 2186 1785 2221 μὲν

997 2230 1011 2254 ό
1032 2228 1190 2262 Καστορίας
1218 2229 1370 2263 ἐπίτροπος
1398 2229 1479 2260 εὐθὺς
1501 2230 1551 2264 τὴν
1567 2231 1646 2256 πόλιν
1668 2229 1726 2266 εἶχε
1741 2232 1784 2258 διὰ

998 2274 1133 2309 φρουρᾶς,
1152 2273 1189 2304 ὡς
1203 2274 1310 2308 βασιλεῖ
1322 2273 1362 2309 τῷ
1380 2275 1445 2310 νέῳ,
1457 2276 1521 2301 ὅταν
1537 2276 1681 2310 ἀφίκηται.
1697 2285 1785 2310 παρα-

996 2320 1102 2347 δώσων.
1124 2320 1156 2346 Οἱ
1177 2320 1200 2346 δ’
1225 2320 1254 2346 ὲν
1278 2320 1392 2356 Ἐδέσσῃ
1416 2320 1539 2355 δυνατοὶ,
1565 2322 1592 2348 οἱ
1607 2330 1636 2348 τε
1654 2322 1783 2356 Ἄγγελοι

1002 2365 1157 2401 Ῥαδίποροι
1173 2365 1401 2400 ἐπικεκλημένοι,
1419 2368 1495 2402 τρεῖς
1506 2367 1583 2399 ὄντες
1596 2367 1718 2402 ἀδελφοὶ,
1738 2370 1784 2395 καὶ

997 2412 1010 2437 ὸ
1028 2411 1184 2446 Λασκαρις,
1200 2413 1262 2437 ἐπεὶ
1281 2411 1316 2438 τὰ
1333 2413 1538 2448 προστάγματα
1564 2414 1691 2448 ἐδέξαντο
1707 2415 1783 2449 βασι-

996 2457 1075 2501 λέιβςι
1094 2457 1231 2491 μηδεμίαν
1258 2458 1443 2494 ποιησάμενοι
1457 2459 1609 2495 ἀναϐολὴν,
1628 2462 1689 2487 ἐπεὶ
1706 2463 1754 2488 καὶ
1768 2463 1782 2488 ὁ

995 2500 1080 2538 δῆμος
1102 2503 1274 2537 Ἐδεσσηνῶν
1299 2505 1350 2538 τῆς
1375 2505 1467 2532 αὐτῶν
1495 2506 1630 2541 ἐξήρτητο
1657 2507 1782 2543 γνώμης,

995 2552 1046 2584 τήν
1067 2559 1097 2576 τε
1115 2550 1278 2586 βασίλισσαν
1309 2551 1359 2586 τὴν
1383 2553 1542 2588 Δημητρίου
1571 2553 1618 2580 τοῦ
1648 2554 1781 2582 δεσπότου

996 2596 1133 2631 γαμετὴν,
1151 2596 1198 2622 καὶ
1216 2596 1266 2632 τὴν
1276 2599 1399 2632 ἐπάρχου
1413 2598 1462 2625 τοῦ
1478 2599 1644 2635 Μονομάχου
1668 2601 1716 2627 καὶ
1732 2601 1780 2636 τὴν

1001 2641 1099 2667 Ῥαοὺλ
1110 2641 1279 2676 περιώρισαν
1295 2642 1324 2668 ὲν
1340 2642 1441 2675 οίκίαις
1459 2644 1508 2670 καὶ
1523 2644 1686 2678 ἐφύλαττον,
1702 2654 1780 2680 περι-

997 2688 1146 2722 στήσαντες
1164 2689 1301 2723 φρουράν.
1315 2690 1393 2716 Μετὰ
1416 2691 1517 2726 μικρὸν
1532 2691 1561 2717 δὲ
1575 2693 1599 2718 οἱ
1614 2692 1710 2727 ἄνδρες
1732 2694 1781 2719 αὺ-

994 2733 1048 2759 τῶν
1058 2733 1199 2767 ἐλεόντες,
1213 2735 1276 2762 ἐπεὶ
1301 2735 1432 2771 εὕρισκον
1451 2737 1630 2771 Ἐδεσσηνούς
1649 2747 1679 2765 τε
1693 2739 1780 2766 αὐτῶν

994 2779 1197 2813 ἀίίεστῖκότας,
1217 2780 1264 2806 καὶ
1283 2780 1415 2816 ἠχοείσας
1435 2782 1485 2814 τὰς
1513 2784 1660 2817 γυναῖκας,
1676 2784 1781 2818 τραπό-
