1922 3082
125 178 180 209 3Ἠ

715 182 739 209 ll
749 180 985 210 lSTOlilARUM
1006 181 1122 210 LIBER
1143 181 1164 211 Ι.

1701 180 1755 211 3ἲί

124 237 182 272 ψας
205 236 234 263 δὲ
251 235 266 262 ὁ
284 237 372 271 μέγας
393 236 554 272 δομὲστικος
579 236 633 263 ¹τῶν
659 237 829 263 πιστοτάτων
844 238 915 263 οἰκε-

975 236 1056 272 igitur
1073 244 1186 271 magnus
1208 237 1378 264 domesticus
1405 242 1433 264 et
1458 237 1551 264 verbis
1571 236 1674 272 gratias
1689 237 1755 272 egit,

125 283 184 310 τῶν
204 291 277 315 τινα,
304 283 499 318 ὑφηγουμένου
520 282 566 309 τοῦ
594 283 784 318 μεμηνυχότος
802 283 834 310 τὰ
851 283 918 318 χρή-

126 336 215 361 ματα,
232 327 304 363 ήχθη
329 328 399 362 πρὸς
429 327 512 355 αὐτὸν
537 328 566 355 ὲν
582 328 643 355 δυσὶ
665 329 815 360 κιϐωτίοις,
831 330 860 355 έν
878 326 918 360 οἷς

124 370 162 407 ἦν
180 373 293 407 ἀγγεῖόν
317 382 345 400 τι
366 374 399 401 ἐκ
428 373 532 409 χαλκοῦ
559 375 745 409 πεποιημένον
770 374 918 409 δισχιλίους

127 419 179 446 καὶ
199 420 315 454 μυρίους
339 419 401 455 ἔχον
422 419 551 455 χρυσοῦς*
569 420 615 447 καὶ
640 420 735 452 ζῶναι,
760 421 808 447 καὶ
828 419 918 446 ἐκπώ-

130 474 207 500 ματα
228 468 259 492 ὲκ
279 466 383 501 χρυσοῦ
401 467 590 501 πεποιημένω
604 466 651 493 καὶ
667 467 786 502 ἄργυρος
800 467 917 501 ἄσημος,

129 513 179 539 καὶ
197 513 349 546 γυναικείοι
367 513 478 548 κόσμοι,
496 513 543 540 καὶ
556 512 632 547 ἕτερ’
644 513 712 540 ἄττα
731 521 920 547 τετρακισμυ-

130 558 200 593 ρέων
217 558 282 590 ἄξια
306 559 438 594 χρυσίων.
458 559 504 593 Τῷ
525 559 575 593 μὲν
592 557 638 586 οὖν
659 552 848 594 τὰ”χρήματα
872 567 919 592 με-

131 603 279 636 μηνυκὸτι,
299 603 391 636 λόγοις
408 611 438 629 τε
463 603 478 628 ὸ
499 603 587 637 μέγας
605 603 767 637 δομέστικος
783 603 919 638 ὡμολόγει

129 648 263 682 χάριτας,
281 647 329 673 καὶ
350 647 441 682 ἔργοις
460 648 547 674 ἐποίει
568 647 610 675 εὖ.
636 647 747 675 Βασιλεῖ
760 648 788 675 δὲ
805 648 919 684 προσελ-

128 691 243 725 θὼν,·τά
255 701 284 718 τε
302 693 433 727 χρήματα
449 694 568 728 ἐμήνυεν
583 694 621 725 ὡς
637 693 778 729 εὕρηνται,
796 695 842 721 καλ
858 695 920 730 ἐδή-

130 738 179 764 λου
204 738 311 764 καὶτὸν
333 737 462 773 ἀριθμόν.
479 738 619 770 Βασιλέως
635 739 673 771 δὲ,
691 738 810 770 Οὐκοῦν,
827 738 919 765 είπόν-

127 794 189 817 τος,
211 785 242 811 σὲ
269 784 315 811 τὸν
347 784 484 820 εὑρηκότα
515 785 622 812 δίκαιον
650 785 732 820 ἔχειν.
773 785 920 812 ¹Α).λόὕτε

129 831 278 866 πρότερον,
292 828 370 857 εἶπεν
386 831 480 863 αὐτὸς,
493 833 522 858 ὲν
541 833 598 864 τοῖς
613 831 661 858 τοῦ
678 831 800 866 πολέμου
814 831 922 866 καιροῖς

127 875 194 902 οὒτε
217 874 303 901 πλείω
325 874 381 901 οὒτ’
395 874 501 902 ἐλάττω
517 876 648 910 χρήματα
666 875 820 910 ἀφειλόμην
837 875 921 909 τινὸς,

127 921 227 955 ὥσπερ
247 918 324 947 οἶσθα
348 920 396 946 καὶ
421 920 514 951 αὑτός*
532 920 596 947 οὕτε
621 920 726 947 τούτων
749 921 782 947 ἃν
807 921 919 956 ὀφθείην

127 967 222 1001 ἥττων
242 965 300 993 νῦν.
325 965 396 992 Ἀλλ’
413 966 500 998 οὐδὲν,
517 965 582 1001 ἔφη,
609 966 766 1001 θαυμαστὸν
778 988 785 999 ,
809 966 824 994 ό
841 967 919 1002 βασι-

127 1013 204 1045 λεὺς,
223 1013 248 1040 εί
263 1012 349 1039 πολλὰ
369 1012 415 1040 ὑπ’
429 1012 519 1039 αὐτῶν
533 1013 724 1049 ἀφῃρημένος,
740 1014 787 1041 καὶ
801 1014 918 1048 μάλιστα

128 1059 387 1095 πρωτοόεστιαρίου
400 1058 522 1091 τουτουῖ,
537 1059 616 1093 ὀλίγα
632 1059 700 1086 ἄττα
717 1060 748 1086 ἐκ
769 1059 823 1086 τῶν
836 1059 918 1087 αὐτοῦ

129 1105 310 1140 ὠφεληθήσῃ.
343 1104 416 1131 sub
445 1104 496 1139 μὲν
525 1102 572 1131 οὖν
599 1104 678 1132 τοῦ-ιο
703 1105 817 1139 μᾶλλον,
845 1103 918 1137 εἷπε,

130 1152 307 1187 θαυμαστὸν,
320 1151 344 1177 εί
358 1151 444 1178 πολλὰ
463 1151 509 1177 ὑπ’
520 1151 622 1182 αὐτῶν,
649 1151 696 1177 καὶ
713 1150 832 1186 μάλιστα
849 1151 920 1177 κατὰ

129 1198 179 1224 τὸν
208 1197 335 1232 δεύτερον
363 1196 481 1231 πόλεμον
507 1195 671 1231 ζημιωθεὶς,
697 1195 794 1231 καιροῦ
832 1204 920 1230 παρα-

132 1244 250 1278 σχόντος
277 1243 328 1270 οὺκ
357 1243 482 1278 ἠθέλησα
511 1241 668 1278 ἀμύνασθαι
685 1243 743 1273 τοῖς
764 1242 841 1274 τσοιε,
862 1243 921 1269 νυνὶ

130 1289 160 1315 δὲ
179 1289 278 1322 ὀλίγων
293 1289 378 1316 ’ἑνεκα
402 1288 565 1324 χρημάτων,
584 1288 614 1314 τό
638 1296 667 1315 τε
691 1287 720 1320 ἐξ
745 1288 833 1322 ἀρχῆς
855 1283 921 1322 ἦθός

131 1333 284 1368 διαφθερῶ,
306 1333 352 1359 καὶ
369 1333 458 1368 ἥττων
472 1332 567 1359 ἀδίκου
588 1332 732 1367 λήμματος
749 1332 795 1359 καὶ
809 1331 921 1367 κέρδους

131 1377 166 1404 ἂν
181 1378 259 1412 φανῶ
273 1386 280 1393 ·
305 1378 372 1404 ἀλλὰ
397 1377 500 1413 μᾶλλον
521 1378 592 1404 αὐτὰ
610 1377 794 1413 στρατιώταις
810 1378 857 1404 καὶ
875 1377 921 1404 ἆλ-

132 1423 191 1456 λοις
207 1423 247 1456 οἷς
260 1424 292 1451 ἂν
307 1425 402 1460 ἐθέλῃς
417 1425 550 1451 κέλευσον
568 1424 774 1459 διανεμηθῆναι.
790 1423 922 1455 Βασιλεὺς

135 1471 186 1505 μὲν
214 1470 260 1496 οὖν
282 1470 405 1497 ἐπείθετο
421 1471 542 1502 εἰπόντι,
569 1471 617 1496 καὶ
640 1471 685 1496 τὸν
700 1470 801 1505 χρυσον
814 1471 875 1501 ὅσος
889 1467 922 1504 ἦν

134 1517 265 1543 ἐκέλευσε
293 1517 493 1552 διανεμηθῆναι
518 1518 551 1552 τῇ
586 1517 712 1552 στρατιᾷ.
739 1517 810 1543 Ὅσα
830 1517 858 1543 δὲ
888 1515 923 1552 ἦν

135 1563 200 1589 ἓτιιτ
208 1563 256 1593 λα,
271 1563 318 1589 καί
334 1572 396 1589 τινα
419 1564 452 1589 ὲκ
478 1563 532 1590 τῶν
548 1563 666 1596 σκευῶν,
683 1562 738 1589 τῶν
753 1562 923 1598 εὐπατριδῶν

134 1608 244 1643 διεδόθη
265 1609 331 1635 τισί·
348 1608 396 1635 καὶ
413 1609 447 1635 τὰ
468 1608 621 1644 λειπόμενα
638 1608 675 1644 τῷ
694 1608 828 1644 βασιλικῷ
844 1617 925 1643 προσ-

136 1654 209 1690 ήχθη
227 1654 359 1689 ταμιείῳ.
378 1654 466 1681 Ὀκτὼ
479 1654 506 1681 δὲ
524 1655 644 1690 ἡμέραις
659 1657 694 1690 τῇ
709 1654 815 1690 Ἀχρίδι
835 1655 924 1681 ἐνδια-

135 1701 275 1736 τρίψαντα
298 1700 414 1736 βασιλέα
427 1721 433 1731 ,
456 1701 482 1728 οῖ
497 1710 528 1728 τε
548 1702 597 1733 τὰς
620 1702 764 1734 Δεαὸὁλεις
777 1702 926 1737 νεμόμενοι

142 1748 271 1774 Ἀλϐανοὶ
301 1748 419 1782 νομάδες
433 1767 440 1781 ,
464 1749 512 1775 καὶ
537 1749 561 1775 οι
583 1748 633 1780 τὰς
656 1748 825 1780 Κολωνείας,
843 1748 883 1775 ἐτι
898 1748 926 1775 δὲ

138 1795 187 1822 καὶ
204 1795 229 1821 ot
250 1794 374 1829 Ἀχρίδος
391 1794 487 1828 ἔγγὺς.
501 1794 709 1830 προσεκύνησαν
729 1795 863 1827 ἐλθόντες,
879 1795 926 1821 καὶ

136 1841 279 1867 δουλεύειν
297 1840 498 1876 ἐπηγγείλαντο
516 1840 675 1876 προθύμως,
694 1841 763 1872 Τοὺς
782 1841 810 1867 δὲ
831 1841 926 1877 πόρρω

137 1886 363 1921 κατῳκισμένους
379 1886 447 1920 πρὸς
462 1887 604 1921 ἐσχατιαῖς
630 1887 680 1921 τῆς
702 1886 846 1921 Ῥωμαίων
861 1888 927 1922 ἡγει

138 1932 246 1967 μονίας,
265 1932 420 1967 γράμματα
440 1931 533 1958 ἐκάλει
557 1931 686 1967 βασιλικὰ
703 1932 772 1966 πρὸς
788 1932 924 1958 Θεσσαλο-

138 1979 222 2012 νίκην
253 1977 341 2004 ἐλθεῖν
359 1997 367 2009 ,
395 1977 433 2009 ὼς
459 1978 700 2013 προσκυνήσοντας
726 1979 794 2004 ἐκεῖ.
819 1978 872 2003 Καὶ
894 1978 925 2003 οὐ

137 2023 232 2057 πολλῷ
248 2023 362 2058 ὕστερον
377 2021 468 2058 ἦλθον.
489 2023 518 2050 '0
536 2023 630 2058 μέντοι
650 2024 761 2058 Κράλης
772 2022 830 2058 ἅμα
848 2032 927 2058 στρα-

137 2068 178 2102 τῷ
196 2068 276 2095 παν-ἡ
287 2067 326 2101 τῷ
347 2067 393 2094 ὑπ’
409 2067 499 2099 αὐτὸν,
515 2069 545 2094 έν
557 2068 694 2103 μεθορίοις
715 2068 765 2103 τῆς
785 2068 867 2095 αὑτοῦ
880 2069 926 2095 καὶ

143 2113 291 2149 Ῥωμαίων
306 2113 455 2148 ἡγεμονίας
482 2113 531 2146 ὢν,
558 2114 610 2141 ὑπὸ
639 2114 690 2149 μὲν
719 2114 773 2141 τῶν
799 2115 926 2149 φυγάδων

143 2160 290 2194 Ῥωμαίων
314 2160 451 2195 ὁσημέραι
482 2159 663 2195 παρεκαλεῐτο
696 2161 766 2187 κατὰ
796 2161 927 2196 βασιλέως

137 2207 240 2239 ἐλθεῖν,
261 2206 309 2232 καὶ
333 2206 424 2241 μάχην
436 2206 592 2232 συνάπτειν·
609 2206 731 2241 ὑπήκουε
746 2206 774 2232 δὲ
791 2207 926 2240 οὐδαμῶς,

972 287 1000 310 et
1015 283 1096 310 rebus
1112 283 1259 310 benefecit.
1272 283 1414 311 Convento
1429 284 1604 318 imperatore.
1622 283 1656 310 de
1676 291 1758 318 pecu-

971 327 1016 354 nia
1030 348 1037 360 ,
1066 328 1203 362 quomodo
1224 327 1354 360 inventa,
1379 333 1407 355 et
1434 336 1516 363 quam
1543 328 1655 363 grandis
1672 332 1756 360 esset,

970 374 1103 402 narravit.
1120 374 1189 401 Tum
1205 374 1354 409 imperator
1369 382 1376 400 :
1392 375 1471 410 172
1498 375 1568 408 Ergo
1585 378 1612 401 tu
1630 374 1757 401 inventor

971 419 1023 446 ista
1047 419 1096 446 tibi
1125 419 1228 447 habeas
1248 420 1286 455 (ι)
1299 440 1306 453 ,
1325 420 1473 455 utjustum
1493 424 1546 448 est.
1559 419 1653 454 Atqui,
1668 420 1758 454 inquit

971 464 1149 494 domesticus.
1173 473 1223 493 nec
1238 470 1319 493 antea
1344 465 1410 493 belli
1434 470 1556 500 tempore
1572 466 1615 492 vel
1632 466 1756 497 multam,

970 511 1014 538 vel
1047 511 1182 538 modicam
1207 512 1369 546 cujusquam
1396 511 1446 537 tuli
1473 511 1635 546 pecuniam,
1663 519 1759 545 quem-

971 558 1119 585 admodum
1140 561 1197 584 tute
1212 557 1310 588 nostri,
1335 564 1386 584 nec
1403 556 1444 583 ab.
1455 557 1506 583 ista
1523 557 1605 583 modo
1619 556 1691 583 vinci
1713 563 1760 582 vr-

972 604 1031 631 lim.
1050 604 1127 631 Hand
1148 604 1249 630 mirum
1275 611 1307 630 ac
1331 611 1443 635 novum,
1461 603 1573 638 subjicit
1596 603 1757 637 imperaton

971 658 1034 678 cum
1051 651 1135 677 multa
1159 650 1205 677 alii
1227 649 1277 677 tibi
1296 649 1482 682 abstulerint,
1507 649 1643 684 praecipue
1666 653 1759 683 proto-

971 695 1130 727 vestiarius,
1140 695 1162 722 si
1180 695 1300 723 vicissim
1317 703 1402 730 pauca
1416 695 1538 729 quadam
1553 702 1586 722 ex
1603 695 1664 730 ejus
1677 694 1761 721 rebus

972 740 1007 768 ad
1026 745 1101 768 luam
1121 741 1267 768 utilitatem
1284 741 1408 769 redeant.
1423 740 1544 768 Rursum
1565 740 1736 767 domesticus
1753 749 1759 766 :
1798 734 1803 736 ί

972 787 1030 814 lloc
1045 794 1111 814 vero
1129 787 1227 814 mirum
1246 786 1324 818 foret.
1340 786 1361 813 si
1376 791 1426 818 tot,
1447 785 1654 821 praesertimque
1673 786 1768 811 altero.

974 833 1058 864 bello,
1076 833 1251 860 detrimentis
1267 831 1302 859 ab
1319 832 1373 859 illis
1387 831 1513 866 aﬂ‘gctus,
1528 831 1655 867 quamvis
1670 831 1760 858 oblata

974 879 1118 906 occasione
1135 886 1185 913 par
1211 878 1316 905 referre
1335 878 1489 911 noluisset,
1514 885 1589 905 nunc
1611 876 1762 912 pecuniolaa

973 932 1056 953 causa
1079 925 1208 959 antiquos
1236 931 1326 952 mores
1352 931 1418 951 suos
1441 924 1469 950 in
1489 923 1567 958 pejus
1592 923 1762 954 immutaret,

972 976 1001 998 et
1038 970 1134 1005 iniquo
1168 977 1282 997 munere
1312 977 1345 996 ae
1377 970 1454 997 lucro
1482 969 1573 996 minor
1597 973 1760 1003 appareret;

974 1016 1030 1043 imo
1056 1015 1200 1042 enimvero
1227 1015 1320 1050 potius
1337 1015 1494 1046 militibus,
1506 1018 1534 1042 et
1548 1014 1609 1041 aliis
1624 1034 1635 1046 ,
1660 1013 1762 1048 quibus

973 1061 1103 1096 placeret,
1114 1060 1225 1096 jubcret
1237 1059 1376 1087 distribui.
1388 1059 1491 1087 Morem
1503 1059 1588 1095 gessit
1599 1059 1759 1094 imperator,

973 1109 1001 1132 et
1022 1113 1162 1133 nummum
1178 1113 1324 1133 aureorum
1338 1111 1473 1141 quantum
1495 1107 1568 1133 esset
1594 1106 1621 1133 in
1645 1105 1760 1132 militent

974 1148 1114 1186 dispertiri
1131 1151 1288 1184 mandavit;
1302 1151 1426 1185 supellex
1437 1171 1444 1184 ,
1467 1155 1497 1178 et
1510 1158 1573 1180 vasa
1590 1150 1696 1185 aliquot
1710 1158 1762 1177 no-

974 1197 1078 1225 bilibus
1097 1197 1263 1232 quibusdam
1281 1197 1384 1224 donata
1396 1217 1403 1230 ,
1425 1197 1531 1232 reliqua
1547 1197 1574 1224 in
1598 1196 1692 1224 ﬁscum
1711 1197 1762 1223 im-

974 1243 1111 1278 peratoris
1126 1243 1201 1270 illata
1224 1248 1308 1275 sunt,
1331 1250 1411 1278 quem
1430 1247 1491 1278 post
1507 1243 1649 1271 octiduum
1665 1242 1763 1270 Achri-

975 1291 1036 1318 dem
1056 1290 1200 1317 adoratum
1224 1294 1359 1317 venerunt
1381 1294 1502 1326 agrestes
1516 1289 1636 1322 Albani,
1660 1289 1762 1324 quique

975 1336 1123 1368 Deabolcs.
1140 1336 1242 1370 quique
1263 1335 1403 1365 Colonias.
1417 1341 1444 1363 et
1459 1336 1505 1371 qui
1525 1336 1602 1371 juxta
1617 1334 1763 1363 Achrident
1774 1351 1781 1356 ι

977 1381 1169 1412 habitant,se
1194 1386 1321 1416 prompte
1346 1381 1370 1408 ei
1395 1382 1533 1416 parituros
1558 1382 1772 1416 promittentesa

977 1427 1102 1463 Longius
1118 1431 1210 1454 autem
1225 1447 1232 1459 ,
1253 1427 1279 1453 in
1295 1426 1399 1454 ultimis
1422 1427 1551 1454 videlicet
1576 1427 1762 1454 Romanorum

978 1475 1079 1502 linibus
1095 1475 1263 1507 iucolentes,
1290 1474 1387 1502 littera:
1410 1474 1593 1509 imperatoria:
1615 1472 1777 1499 Thessalo-~

977 1519 1067 1546 nic'am
1080 1540 1086 1551 .
1104 1519 1142 1547 ibi
1157 1520 1288 1555 obsequia
1313 1528 1361 1548 sua
1385 1518 1536 1547 honoriﬁce
1552 1517 1690 1544 delaturos
1717 1523 1762 1543 ac-

978 1563 1160 1596 cersiveruut,
1181 1565 1228 1600 qui
1244 1566 1319 1592 brevi
1334 1565 1492 1592 adfuerunt.
1508 1563 1567 1591 Jam
1581 1570 1647 1589 vero
1669 1562 1763 1589 Crales
1779 1583 1782 1586 .

977 1617 1040 1637 eum
1058 1615 1116 1638 toto
1132 1612 1240 1646 agmine
1256 1619 1305 1638 suo
1328 1612 1356 1638 in
1368 1610 1494 1638 conﬁniis
1510 1609 1674 1640 consistens,
1689 1616 1702 1634 a
1723 1607 1764 1635 lu-

976 1656 1068 1691 gitivis
1093 1656 1223 1684 Romanis
1251 1657 1375 1692 quotidie
1399 1657 1432 1684 ad
1455 1657 1578 1691 praelium
1601 1663 1662 1682 cum
1679 1654 1765 1689 impc—

980 1707 1074 1730 ratore
1088 1703 1319 1730 committendum
1347 1702 1562 1733 sollicitabatur;
1588 1701 1653 1735 qui,
1673 1700 1763 1727 infau-

977 1752 1050 1775 stum
1069 1748 1223 1777 formidans
1236 1750 1353 1783 exitum,
1367 1756 1540 1784 nequaquam
1556 1755 1604 1775 eos
1617 1747 1762 1779 audiebal;

978 1793 1094 1822 Chreles
1111 1796 1148 1822 illi
1167 1795 1194 1822 in
1213 1795 1420 1831 exspectatione
1447 1799 1522 1827 erat,
1546 1793 1593 1829 qui
1608 1793 1705 1820 Pheris
1717 1792 1769 1819 ad-.

977 1847 1088 1867 versum
1112 1841 1309 1876 imperatorem
1335 1841 1471 1876 iuniorem
1486 1840 1617 1868 Romanis
1631 1838 1783 1866 auxilium.

978 1886 1083 1918 ferens,
1103 1886 1226 1913 nondum
1250 1886 1381 1914 redierat.
1402 1886 1443 1913 Ex
1468 1893 1518 1916 eo.
1539 1884 1574 1912 de
1598 1884 1764 1918 imperatore

977 1932 1092 1966 ejusque
1111 1932 1254 1965 exercitu,
1281 1931 1453 1959 invadendus
1478 1934 1552 1958 esset
1571 1937 1623 1957 nec
1647 1936 1699 1960 ne,
1722 1928 1763 1954 in-

978 1977 1104 2012 telligere
1129 1977 1268 2012 cupiebat.
1287 1978 1456 2005 Praesentem
1473 1977 1529 2011 jam
1551 1978 1780 2010 percunctatur”

978 2022 1079 2057 ecquid
1111 2021 1314 2056 conﬂigendum
1344 2026 1433 2057 putet.
1464 2021 1510 2048 llle
1548 2027 1643 2055 pacem
1673 2020 1786 2054 potius.

979 2067 1156 2103 agitandam,
1179 2075 1229 2095 nec
1243 2067 1345 2095 bellum
1359 2086 1366 2099 ,
1383 2067 1457 2102 quod
1479 2066 1570 2094 adhuc
1592 2066 1697 2093 nullum
1715 2066 1766 2097 sit,

979 2114 1047 2146 sibi,
1059 2114 1172 2144 suisque
1194 2113 1391 2140 accersendum
1406 2113 1550 2140 hortatur:
1570 2112 1762 2147 imperatorem

979 2160 1068 2194 ipsum
1083 2159 1180 2186 Pheris
1192 2166 1222 2186 se
1235 2158 1348 2190 vidisse,
1365 2158 1510 2185 ducentem
1531 2156 1624 2192 copias
1639 2157 1763 2192 exiguas,
1782 2184 1785 2187 ,

979 2213 1074 2232 verum
1090 2205 1116 2232 in
1131 2209 1188 2232 arte
1201 2204 1313 2231 militari
1330 2208 1473 2240 tantopere
1484 2204 1764 2239 exercitatas,equis-

137 2251 233 2283 δεδιὼς
260 2251 298 2287 μὴ
319 2252 348 2278 οὺ
377 2251 448 2278 κατὰ
474 2251 587 2286 γνώμην
615 2251 690 2287 αὐτῷ
711 2252 747 2279 τὰ
773 2252 923 2288 πράγματα

979 2259 1053 2287 que,
1073 2256 1104 2282 ,et
1130 2250 1213 2278 armis
1226 2255 1282 2278 tam
1309 2250 1411 2278 eximie
1442 2250 1611 2283 instructas,
1649 2249 1679 2277 tit
1705 2251 1768 2277 solo

140 2298 267 2333 χωρήσῃ·
283 2297 429 2332 περιέμενε
445 2297 473 2324 δὲ
490 2297 535 2324 τὸν
549 2297 668 2332 Χρέλην,
680 2297 708 2329 ὃς
721 2296 755 2333 ἦν
774 2299 803 2325 ἐν
819 2299 928 2332 Φεραῖς,

145 2345 294 2379 Ῥωμαίοις
319 2344 391 2371 κατὰ
413 2343 460 2371 τοῦ
476 2345 537 2371 νέου
552 2344 684 2379 βασιλέως
697 2345 857 2381 ’συμμαχῶν
878 2345 928 2381 (ἔτι

140 2390 197 2425 γὰρ
214 2390 313 2424 ἀπῆν),
327 2389 393 2424 παρ’
408 2389 491 2416 αὑτοῦ
522 2390 587 2424 περὶ
611 2390 741 2425 βασιλέως
755 2390 802 2416 καὶ
823 2390 871 2425 τῆς
884 2390 930 2416 ὑπ’

140 2436 225 2463 αὑτὸν
253 2435 384 2469 στρατιᾶς
401 2434 567 2469 βουλόμενος
589 2435 723 2461 πυθέσθαι
742 2435 766 2461 εί
785 2435 928 2470 ἐπιχειρη-

139 2482 190 2508 τέα
211 2482 266 2514 εἴη,
287 2481 304 2516 ἦ
325 2481 375 2515 μή.
397 2481 476 2507 Ἐπεὶ
492 2481 521 2507 δὲ
539 2481 648 2515 ἀφῖκτο,
665 2481 831 2507 ἐπυνθάνετο
845 2482 927 2508 αὑτοῦ

140 2526 154 2551 ὁ
181 2524 295 2559 Κράλης
312 2524 336 2550 εί
354 2524 422 2559 πρὸς
444 2524 558 2560 βασιλέα
583 2525 750 2561 πολεμητέον
775 2526 830 2561 εἰή.
858 2526 887 2552 ’0
902 2526 930 2553 δὲ

143 2570 350 2603 συνεϐούλευεν,
375 2571 487 2606 εἰρήνην
514 2570 614 2606 μᾶλλον
642 2571 729 2603 ἄγειν,
758 2572 805 2597 καὶ
825 2570 862 2606 μὴ
886 2570 930 2598 τὸν

140 2618 193 2644 οὐκ
207 2617 272 2643 ὂντα
289 2617 406 2651 πόλεμον
421 2616 510 2650 ἑαυτῷ
524 2616 571 2643 καὶ
592 2617 724 2651 ὑπηκόοις
737 2617 862 2651 ἐπάγειν.
879 2617 931 2643 Βα-

142 2663 220 2690 σιλέα
232 2664 288 2698 γὰρ
300 2663 382 2694 αὐτὸς
398 2662 490 2696 ἔλεγεν
505 2664 534 2690 ἑν
551 2663 648 2698 Φεραῖς
663 2663 816 2698 ἑωρακέναι
828 2662 931 2696 ἄγοντα

142 2708 195 2744 μὲν
212 2708 328 2744 στρατδν
341 2708 371 2734 οὗ
383 2709 453 2735 πάνυ
468 2708 563 2740 πολὺν,
575 2709 704 2736 τοσοῦτον
716 2709 744 2735 δὲ
767 2710 799 2734 τὰ
811 2709 930 2744 πολέμια

979 2300 1090 2330 aspectu
1119 2299 1253 2323 terrorem
1281 2295 1448 2322 incuterent.
1476 2294 1516 2321 Ad
1543 2294 1614 2326 hoc,
1640 2298 1694 2320 tam
1722 2302 1766 2321 se-

979 2340 1040 2367 date
1053 2361 1060 2373 ,
1089 2347 1116 2368 et
1139 2341 1265 2368 ordinato
1294 2340 1379 2368 duces
1399 2347 1464 2368 suos
1483 2344 1689 2375 sequentes.ut
1711 2348 1764 2366 non
1782 2364 1786 2368 _

980 2388 1083 2415 multos
1104 2386 1153 2415 sed
1180 2395 1265 2414 unum
1290 2386 1425 2414 duntaxat
1449 2393 1509 2413 esse
1527 2385 1636 2413 credas.
1668 2385 1766 2412 Praeci-

980 2434 1088 2468 pientes
1119 2433 1184 2460 item
1226 2433 1348 2464 audire,
1381 2437 1409 2459 et
1445 2437 1581 2467 praecepta
1616 2432 1763 2459 conﬁcere.

983 2480 1100 2507 Tantum
1122 2484 1212 2506 autem
1243 2479 1404 2506 fortitudine
1426 2483 1455 2506 et
1481 2478 1596 2506 audacia
1619 2478 1765 2510 excellere,

983 2530 1013 2551 ut
1033 2527 1160 2560 quamvis
1183 2533 1300 2552 nmnero
1316 2525 1484 2552 adversariis
1500 2526 1586 2552 multo
1608 2524 1765 2555 inferiores,
1782 2550 1786 2553 ,

983 2571 1061 2605 173
1077 2578 1124 2597 eoa
1137 2570 1171 2598 ad
1188 2571 1283 2597 urbem
1299 2571 1421 2605 ipsorum
1436 2571 1508 2598 nulla
1521 2570 1630 2605 penitus
1641 2574 1766 2596 conster-

981 2617 1110 2648 natione,
1143 2622 1190 2643 aut
1219 2616 1369 2644 formidine
1401 2622 1590 2651 sequerentur,
1622 2620 1650 2642 οι
1680 2622 1765 2649 prope

980 2663 1094 2694 Pheras,
1111 2669 1165 2696 quo
1181 2663 1239 2689 acie
1249 2670 1311 2689 cum
1329 2662 1382 2689 illis
1398 2663 1573 2695 dimicarent,
1590 2661 1624 2688 di,
1635 2669 1661 2687 m
1679 2665 1764 2687 totum

980 2710 1032 2736 sub
1051 2709 1134 2743 signis
1152 2713 1267 2739 starent,
1288 2709 1359 2744 plulti
1373 2709 1470 2736 Martio
1485 2709 1583 2744 spiritu
1607 2708 1710 2734 hostem
1730 2705 1765 2732 ad

763 2766 870 2797 Jacobi
889 2768 1021 2798 Pontani
1043 2772 1138 2798 notae.

181 2817 220 2852 (ἱ)
247 2817 369 2844 Observa
390 2818 548 2853 praet-larum
570 2817 725 2852 exemplum
753 2818 823 2853 grati
847 2819 931 2845 animi

144 2855 172 2879 in
193 2853 376 2885 imperatore;
391 2852 486 2887 magni
503 2859 593 2879 autem
611 2853 637 2879 in
654 2860 752 2888 magno
767 2853 929 2884 domestico,

145 2889 200 2923 qui
211 2888 356 2922 pecuniam
371 2893 454 2915 totam
472 2887 609 2922 repudiat,
624 2895 705 2922 quam
719 2888 843 2922 accipere
855 2888 929 2922 justo

983 2823 1099 2854 poterat.
1120 2819 1178 2846 Non
1192 2818 1283 2852 quivis
1299 2822 1404 2845 tantum
1422 2817 1480 2844 auri
1499 2823 1626 2844 acervum
1651 2814 1773 2842 irretot':~

983 2855 1016 2881 tis
1033 2854 1119 2881 oculis
1133 2854 1322 2888 spectavisset.
