1922 3082
105 181 156 214 381

691 184 960 216 HISTORIARUM
983 186 1097 216 LIBER
1115 186 1136 218 ῐ.

1681 191 1733 222 382

105 239 304 275 ὑπεροχὸντες,
335 238 484 274 ἐτρέψαντό
526 247 554 266 τε
594 240 657 271 τοὺς
698 241 894 276 ἀντιτεταγμέ-

957 247 1057 270 »ει-οιοι·
1082 242 1136 269 Deo
1154 242 1258 277 gratias
1271 242 1336 277 egit,
1356 236 1563 278 conversusque
1586 244 1619 271 ad
1641 251 1734 273 astan-

105 295 181 318 νους,
208 287 256 313 καὶ
283 285 333 321 τὴν
355 285 446 318 δίωξιν
467 286 631 320 ἐποιήσαντο
644 286 707 321 ἄχρι
732 287 893 319 Βυζαντίου.

106 333 164 358 Καὶ
183 331 248 362 τοὺς
262 331 312 366 μὲν
325 331 492 357 ἀπέκτειναν
517 330 618 364 αὐτῶν,
633 332 696 362 τοὺς
707 332 735 358 δὲ
754 333 803 359 καὶ
824 330 895 359 εἷλον

105 378 214 410 ζῶντας
228 377 298 412 πλὴν
312 376 412 411 ὀλίγων
423 377 481 403 ὅσοι
495 376 665 412 διεσώθησαν
679 378 719 409 εἰς
730 377 779 413 τὴν
796 377 874 404 πόλιν
886 385 894 394 ⁸

106 425 181 450 ἑάλω
206 423 235 449 δὲ
254 423 301 450 καὶ
317 423 331 448 ό
357 422 525 458 στρατηγός.
552 423 607 449 Καὶ
638 424 799 458 νικήσαντες
819 431 897 458 περι-

107 469 215 504 φανῶς,
235 468 414 503 ἀνεχώρησαν
434 468 478 494 ὲπ⁸
502 467 591 496 οτκου.
606 469 716 495 Τούτων
744 469 773 495 δὲ
800 469 897 503 ἀγγελ-

108 515 223 545 θέντων,
241 514 289 549 τῆς
310 514 360 549 μὲν
374 513 452 548 νίκης
464 513 546 540 ἕνεκα
561 515 575 540 ὁ
591 514 718 549 βασιλεὺς
733 515 898 550 εὐχαριστη-

108 561 186 595 ρίους
214 559 298 594 εὐχὰς
325 559 451 586 ἀπεδίδου
468 559 548 594 Θεῷ·
570 561 750 596 ἐπιστραφεὶς
778 560 806 586 δὲ
831 561 898 594 πρὸς

107 606 173 637 τοὺς
189 606 337 641 παρόντας,
349 605 442 633 πολλοὶ
455 605 484 632 δὲ
500 604 584 641 ἦσαν,
607 606 638 632 οὗ
667 606 768 641 μᾶλλον
785 606 896 641 ἥδεσθαι

108 652 161 687 ἔφη
193 652 390 686 κρατησάντων
413 651 468 678 τῶν
499 651 680 687 σφετέρων,ἢ
708 653 769 679 ὅσον
785 653 895 679 ἀνιᾶται

108 699 156 725 ἐπὶ
169 699 202 732 τῇ
218 697 272 724 τῶν
287 697 524 731 ἀντιτεταγμένων
541 697 624 734 ἥσσῃ.
637 697 675 724 Οὐ
692 697 747 732 γὰρ
763 697 843 731 μόνον
856 697 898 724 δτι

114 743 248 777 Ῥωμαῖοι
262 743 288 768 oi
302 741 441 775 πεσόντες,
457 741 504 774 οὓς
524 742 608 778 ἐχρῆν
625 742 655 769 οὐ
666 742 733 778 πρὸς
752 742 897 778 ἀλλήλους,

108 787 168 814 ἀλλ’
186 787 257 821 ὑπὲρ
270 786 393 820 ἀλλήλων
414 785 563 821 βαρϐάροις
587 786 760 821 μαχομένους
777 786 908 823 ἀποθνήε

110 841 200 864 σκειν,
228 831 333 858 δίκαιον
356 831 459 865 ἀλγεῖν,
475 830 534 857 ἀλλ’
561 831 603 857 ὅτι
628 830 688 862 δέος
709 831 747 866 μὴ
769 833 817 859 καὶ
844 831 899 858 τῶν

108 876 285 903 οίκειοτάτων
296 874 394 910 τινὲςῆ
412 874 467 900 τῶν
483 874 568 908 φίλων
579 873 651 910 ἦσαν
662 875 687 902 oi
704 875 898 908 ἀποθανόντες,

109 924 159 950 καὶ
189 921 293 957 τρίτον,
313 921 355 948 δτι
388 920 446 956 οὐχ’
476 920 528 947 ὑπὸ
559 920 704 957 βαρϐάρων
735 921 789 947 τῶν
819 921 899 954 φύσει

111 969 262 1003 πολεμίων,
289 967 348 995 ἀλλ’
372 967 418 1001 ὑφ’
449 967 528 1002 ήμῶν
557 967 712 994 ἀνάλωνται
745 967 802 994 τῶν
827 967 898 994 πάνυ

110 1013 275 1048 φιλούντων.
296 1012 351 1039 Καὶ
380 1011 499 1038 ἑοικέναι
530 1011 606 1046 ἡμᾶς
630 1012 734 1046 νομίζω
759 1013 817 1044 τοῖς
846 1011 900 1039 ὑπὸ

112 1059 214 1094 μανίας
239 1058 292 1084 τῶν
322 1057 397 1083 ἰδίων
419 1057 532 1092 σαρκῶν
556 1057 787 1092 ἑμφορουμένοις,
801 1057 826 1084 οἱ
849 1057 900 1084 οὐκ

111 1104 294 1136 ἐπαινεῖσθαι,
328 1103 385 1129 ἀλλ’
413 1103 548 1129 ἐλεεῖσθαι
573 1103 672 1130 δίκαιοι
713 1104 763 1137 τῆς
798 1103 900 1130 ἀτόπου

111 1149 229 1184 τροφῆς.
256 1148 312 1174 Καὶ
328 1147 359 1173 τὸ
380 1146 413 1181 δὴ
434 1146 537 1181 μεῖζον,
562 1147 603 1173 ὅτι
618 1147 666 1181 οὐχ
692 1147 745 1173 ὑπὸ
767 1147 901 1182 Ἐλλήνων

115 1193 198 1228 μόνον
212 1193 260 1219 καὶ
271 1191 418 1227 βαρϐάρων
426 1191 481 1218 τῶν
491 1191 644 1218 ἀκουόντων
654 1192 753 1218 δίκαιοι
762 1191 901 1226 μισεῖσθαι

111 1241 163 1275 τῆς
181 1239 221 1271 είς
233 1238 364 1274 ἀλλήλους
375 1237 561 1272 παρανομίας,
581 1237 640 1263 ἀλλ’
651 1237 748 1272 ᾶδηλον
768 1237 795 1263 ετ
806 1246 832 1263 τι
855 1237 902 1264 καὶ

113 1286 170 1314 τῶν
196 1285 347 1320 γινομένων
374 1283 485 1320 ἀρέσκει
509 1283 579 1318 Θεῷ,
592 1283 639 1310 καὶ
660 1283 698 1318 μὴ
713 1284 810 1317 ἐπίσης
833 1283 902 1310 οἵτε

114 1333 285 1368 ἀμυνόμενοι
312 1331 359 1358 καὶ
383 1331 408 1357 oi
431 1330 556 1361 ἐπιόντες
580 1329 650 1362 ἄξιοι
671 1329 811 1364 τιμωριῶν
837 1329 902 1364 παρ’

115 1377 193 1411 αὐτῷ
205 1378 296 1412 κριτῇ.
319 1375 486 1410 Ἐϐουλόμην
499 1375 548 1410 μὲν
565 1374 612 1401 οὖν
628 1374 666 1409 μὴ
679 1374 733 1401 ἀπὸ
746 1375 902 1411 Ῥωμαίων,

115 1425 174 1452 ἀλλ’
200 1424 254 1450 ἀπὸ
284 1422 429 1458 βαρϐάρων
451 1421 597 1456 έστηκέναι
627 1421 658 1447 τὸ
685 1421 815 1456 τρόπαιον
844 1422 904 1452 τοῖς

116 1471 276 1507 ἡμετέροις,
286 1469 330 1496 ἴνα
348 1464 421 1504 εἶχον
436 1468 485 1502 τῆς
499 1468 577 1501 νίκης
592 1467 717 1502 καθαράν
731 1467 780 1501 τὴν
794 1467 903 1502 ἡδονήν.

124 1516 236 1551 Ἐπειδὴ
250 1515 280 1542 δὲ
307 1514 378 1541 οὕτω
402 1513 436 1540 τὰ
456 1513 579 1548 ἡμέτερα
594 1512 647 1540 ὑπὸ
676 1512 807 1548 φθονεροῦ
831 1521 905 1544 τινος

118 1563 248 1596 δαίμονος
263 1559 478 1594 συνεσκευάσθη,
488 1559 525 1590 ὼς
544 1558 591 1585 καὶ
605 1557 655 1593 τὴν
665 1558 746 1592 νίκην
758 1558 905 1592 ἀλγηδόνος

118 1607 211 1633 αἰτίαν
249 1604 391 1639 φαίνεσθαι
429 1604 507 1639 ἡμῖν,
545 1603 659 1639 χάριτας
698 1602 823 1637 ὁμολογῶ
868 1603 906 1637 τῷ

119 1653 264 1689 Κρείττονι
279 1651 390 1682 πολλὰς,
403 1650 433 1676 οὐ
454 1650 534 1684 μόνον
547 1649 588 1676 ὅτι
605 1650 660 1681 τοῖς
679 1649 756 1684 ὲμοῖς
772 1649 907 1684 συνήρατο

119 1699 188 1734 πρὸς
205 1698 256 1731 τὴν
271 1695 426 1732 νίκην,ἀλλ”
444 1697 485 1723 δτι
501 1696 548 1722 καὶ
564 1695 701 1731 μηδεμίαν
716 1695 807 1722 αἰτίαν
826 1695 907 1726 αὐτὸς

119 1746 149 1773 ιν
162 1745 202 1780 τῷ
219 1743 278 1771 νυνὶ
298 1743 407 1778 πολέμῳ
421 1743 451 1769 οὑ
471 1743 552 1778 μόνον
568 1743 759 1777 παρεσχόμην,
774 1741 842 1769 ἀλλὰ
859 1742 908 1769 καὶ

120 1791 283 1825 κινουμένου
310 1789 359 1824 τὴν
375 1789 473 1824 ἀρχὴν,
490 1788 576 1815 πολλὰ
604 1788 652 1814 καὶ
666 1787 772 1823 ἔπραξα
788 1788 850 1820 ἄξια
861 1789 908 1815 καὶ

121 1836 200 1864 εἷπον
214 1836 305 1870 λόγου,
323 1835 449 1869 δεόμενος
462 1835 508 1860 τὸν
526 1834 643 1869 πόλεμον
659 1833 829 1860 καταθέσθαι
845 1833 908 1864 τοὺς

122 1883 277 1914 κινοῦντας,
295 1881 320 1908 ει
344 1882 391 1908 καὶ
412 1881 474 1908 καθ’
492 1881 607 1911 ὑδάτων,
621 1879 652 1906 τὸ
672 1880 721 1913 τῆς
746 1879 908 1914 παροιμίας,

122 1929 235 1966 ιδόκουν
251 1927 380 1962 γράφειν.
397 1927 429 1953 Οἱ
451 1926 501 1961 μὲν
517 1925 564 1952 οὖν
576 1924 755 1958 ἀκούσαντες,
771 1924 801 1950 οὐ
830 1923 910 1958 μόνον

121 1975 175 2010 τῆς
193 1974 336 2009 ἀγχινοίας
367 1972 527 2007 ἐθαύμασαν
553 1972 598 1998 τὸν
625 1970 749 2006 βασιλέα,
772 1969 840 1996 ἀλλὰ
863 1969 911 1996 καὶ

123 2020 172 2048 τοῦ
200 2019 238 2055 μὴ
267 2018 404 2054 φυσᾶσθαι
430 2018 493 2052 μηδ’
517 2016 679 2052 ἐπαίρεσθαι
699 2016 729 2042 ὲν
750 2016 809 2046 ταῖς
832 2015 910 2041 εὐτυ-

124 2067 211 2103 χίαις,
227 2065 285 2092 ἀλλ’
301 2066 330 2091 ὲν
343 2065 402 2096 ταῖς
413 2064 468 2090 τῶν
485 2062 657 2098 πραγμάτων
673 2061 834 2097 μεταϐολαῖς
855 2061 912 2088 ἴσον

125 2114 175 2141 καὶ
193 2112 286 2148 ὅμοιον
311 2110 452 2146 παρέχειν·
471 2109 577 2136 ἑαυτόν.
604 2107 737 2138 Βασιλεὺς
760 2106 790 2133 δὲ
813 2106 860 2134 τόν
881 2114 912 2132 τε

125 2157 359 2194 πρωτοστρὼεορα
395 2155 559 2191 γράμμασιν
591 2152 724 2189 ἠμείϐετο
750 2151 914 2188 εὐχαριστη-

126 2204 208 2240 ρίοις,
221 2203 269 2230 καὶ
289 2203 353 2232 τοὺς
378 2200 506 2232 συνόντας
533 2199 607 2234 αὑτῷ
633 2198 690 2226 τῶν
709 2196 911 2232 συγκλητικῶν,

945 286 1014 313 tium
1036 286 1233 320 frequentiam,
1258 294 1312 313 non
1328 286 1415 321 magis
1436 293 1465 313 se
1487 287 1602 314 victoria
1618 295 1732 315 suorum

945 332 1083 360 exsultare
1099 331 1242 359 confessus
1256 336 1306 364 est,
1321 339 1403 366 quam
1420 332 1591 365 contristari,
1606 334 1735 361 adversa-

947 378 1003 405 rios
1017 382 1161 412 superatos
1172 385 1242 405 esse.
1257 378 1317 404 Non
1332 378 1406 404 enim
1425 377 1460 404 ob
1474 378 1527 405 hoc
1543 380 1733 406 tantummodo

944 425 1020 457 justo
1036 423 1130 450 dolore
1154 423 1238 458 tangi,
1265 424 1338 458 quod
1356 424 1407 458 qui
1427 424 1595 452 cecidissent
1612 425 1727 452 Romani

947 469 1074 501 fuissent,
1091 476 1145 495 non
1157 469 1230 496 inter
1247 475 1287 502 se,
1303 468 1350 496 sed
1367 477 1417 503 pro
1432 477 1461 497 se
1473 475 1569 497 mutuo
1586 470 1732 497 adversum

946 512 1083 540 Barbaros
1100 513 1267 541 decertando
1294 515 1460 542 occumbere
1476 516 1643 550 oportuisset
1657 524 1664 548 ;
1683 515 1732 543 sed

947 558 1019 594 quod
1035 559 1197 591 timendum,
1214 567 1248 588 ne
1268 560 1378 594 quidam
1397 561 1424 588 in
1440 569 1535 588 eorum
1554 570 1668 589 numero
1687 567 1735 589 aut

947 604 1040 635 amici,
1051 604 1253 632 necessitudine
1266 606 1497 641 conjunctissima]
1505 607 1617 634 fuerint.
1629 607 1735 634 Postre-

948 657 1003 681 mo,
1020 654 1066 676 aut
1078 650 1151 684 quod
1161 658 1214 678 non
1225 657 1241 678 ι
1251 651 1481 678 Barbarisnatura
1491 652 1629 685 hostibus,
1639 653 1686 680 sed
1696 653 1730 679 ab

948 696 1122 723 amicissimis
1133 696 1214 723 deleti
1227 696 1335 730 sint.fEt
1345 697 1454 731 opinor,
1463 697 1562 732 inquit,
1574 705 1624 725 nos
1638 706 1734 725 eorum

949 742 1062 775 similes,
1087 741 1135 776 qui
1159 741 1266 769 insania
1285 749 1317 769 ac
1334 742 1427 770 furore
1447 743 1562 778 perciti,
1583 751 1648 771 suas
1663 744 1734 778 ipso-

949 796 1010 815 rum
1024 795 1121 815 carnes
1134 787 1374 820 eommanducant,
1390 796 1460 822 quos
1475 788 1510 816 ob
1527 789 1684 816 alimoniam
1698 794 1737 816 te-

950 833 1090 861 terrimam
1106 841 1170 861 notL
1185 833 1310 866 laudare,
1334 833 1383 861 sed
1409 834 1534 861 miserari
1558 842 1667 869 aequum
1681 839 1734 862 est.

951 879 986 906 Et
1003 879 1076 914 quod
1090 879 1176 914 majus
1194 879 1329 913 profecto,
1344 878 1409 914 quia
1430 887 1486 906 non
1512 879 1671 907 Graecorum
1693 887 1738 907 so-

951 926 1018 957 lum,
1032 930 1061 953 et
1077 925 1271 957 Barbarorum,
1285 925 1319 952 ad
1336 933 1405 960 quos
1420 926 1460 953 rei
1479 926 1548 953 fama
1573 926 1735 961 pervaserit,

950 971 1025 1003 odio,
1050 975 1162 1006 propter
1185 975 1311 997 mutuum
1335 970 1426 998 scelus
1447 970 1522 1005 digni
1541 971 1663 1002 erimus;
1687 971 1736 998 Sed

950 1016 1072 1044 dubitari
1090 1019 1190 1051 potest,
1209 1023 1243 1042 an
1259 1015 1409 1050 quidquam
1432 1016 1530 1043 horum
1549 1015 1604 1043 Deo
1619 1016 1736 1051 placeat,

950 1067 979 1090 et
994 1069 1048 1089 non
1063 1069 1140 1096 atque
1155 1069 1184 1089 se
1199 1065 1319 1094 tuentes,
1337 1066 1368 1089 ut
1384 1061 1544 1089 invadentes
1556 1061 1629 1096 apud
1647 1061 1736 1095 ipsum

948 1109 1068 1144 judicem
1095 1115 1188 1142 poenas
1211 1106 1408 1134 commeruisse
1439 1107 1594 1134 videantur.
1623 1106 1738 1134 Nostros

952 1154 1036 1189 igitur
1049 1161 1103 1180 non
1129 1153 1163 1180 de
1189 1153 1332 1185 Romanis,
1348 1152 1396 1180 sed
1412 1152 1446 1179 de
1463 1152 1589 1179 Barbarie
1605 1156 1737 1186 tropaeum

951 1200 1072 1227 erexisse
1096 1199 1203 1232 vellem,
1226 1203 1257 1225 ut
1277 1206 1292 1226 e
1312 1198 1428 1226 victoria
1444 1205 1493 1226 sua
1517 1198 1652 1233 liquidum
1683 1198 1739 1224 sin-

952 1253 1102 1280 cerumque
1116 1245 1246 1280 gaudium
1261 1244 1445 1279 perciperent.
1461 1244 1515 1271 Sed
1535 1244 1666 1278 quoniam
1686 1244 1740 1271 da,L

953 1291 1043 1319 monis
1056 1290 1173 1325 alicujus
1184 1289 1335 1316 invidentia
1349 1289 1451 1315 factum
1467 1292 1521 1321 est,
1541 1293 1570 1316 ut
1585 1290 1642 1324 ipsa
1655 1288 1739 1315 etiam

952 1336 1068 1364 victoria
1079 1335 1190 1363 dolendi
1202 1335 1345 1362 materiam
1360 1334 1440 1362 nobis
1452 1335 1615 1369 porrigeret,
1627 1332 1740 1361 Numini

954 1382 1056 1418 gratias
1067 1389 1178 1416 magnas
1193 1388 1254 1415 ago.
1270 1388 1324 1408 non
1338 1380 1420 1407 modo
1443 1381 1516 1415 quod
1539 1381 1607 1408 meis
1629 1380 1662 1407 ad
1680 1380 1741 1406 vin-

954 1428 1071 1456 cendum
1085 1432 1184 1462 praesto
1201 1427 1262 1458 fuit,
1278 1434 1373 1454 verum
1387 1427 1469 1454 etiam
1483 1426 1555 1461 quod
1582 1427 1654 1454 bello
1675 1425 1741 1453 huic

954 1477 1049 1501 auctor
1060 1474 1134 1500 nulla
1145 1481 1177 1500 ex
1193 1477 1270 1508 parte
1281 1472 1443 1500 exstiterim.
1457 1472 1614 1499 Exstiterim
1626 1476 1718 1499 autem
1728 1471 1741 1498 τ

956 1519 1013 1546 imo
1029 1522 1058 1546 et
1077 1526 1110 1545 eo
1130 1525 1145 1544 a
1170 1517 1306 1552 principio
1332 1517 1452 1543 conﬂato
1478 1518 1562 1543 multa
1586 1520 1739 1543 memoratu

919 1575 940 1604 ο
960 1566 1042 1600 digna
1067 1568 1095 1592 et
1120 1563 1188 1596 dixi,
1207 1569 1235 1590 et
1258 1562 1320 1593 feci,
1336 1562 1454 1595 majores
1477 1561 1637 1592 obsecrans,
1654 1565 1684 1588 ut
1706 1568 1740 1588 eo

958 1613 1155 1646 temperarent,
1174 1607 1282 1636 tametsi
1301 1608 1326 1634 in
1342 1614 1424 1641 aqua,
1445 1606 1516 1641 quod
1536 1606 1649 1638 dicitur,
1662 1604 1740 1632 vide-

957 1658 1008 1685 bar
1033 1655 1166 1684 scribere.
1195 1654 1246 1687 Qui
1275 1653 1333 1680 hac
1357 1652 1516 1684 audiebant,
1545 1651 1739 1686 imperatorem

957 1710 1012 1730 non
1028 1702 1060 1729 de
1071 1700 1181 1729 solertia
1192 1700 1293 1732 solum,
1307 1700 1354 1726 sed
1368 1699 1401 1726 de
1417 1697 1605 1725 moderatione
1619 1694 1740 1732 quoque.

957 1747 1031 1783 quod
1048 1746 1187 1782 prosperis
1199 1745 1306 1773 eventis
1325 1752 1380 1772 non
1397 1743 1548 1775 inﬂarctur,
1561 1749 1650 1777 neque
1662 1741 1742 1769 effer-

959 1798 1046 1826 retur,
1066 1792 1115 1820 sed
1132 1792 1160 1819 in
1187 1793 1245 1826 ipsa
1274 1798 1368 1818 rerum
1385 1789 1601 1817 commutatione
1615 1786 1740 1814 eamdem

959 1845 987 1867 et
1010 1838 1172 1872 aequabilem
1195 1840 1317 1864 servaret
1334 1835 1418 1863 animi
1436 1835 1633 1864 constantiam,
1655 1832 1743 1860 admi-

960 1884 1104 1912 rabantur.
1135 1882 1212 1917 177
1243 1881 1395 1916 Imperator
1423 1880 1524 1907 litteris
1547 1879 1741 1914 protostratori

960 1930 1061 1965 gratias
1077 1928 1142 1963 egit,
1158 1933 1186 1955 et
1201 1927 1249 1962 qui
1264 1933 1326 1953 cum
1338 1933 1372 1953 eo
1383 1929 1463 1952 erant
1476 1924 1510 1952 de
1523 1924 1679 1956 nobilitate,
1695 1923 1745 1950 ho-

960 1974 1075 2002 noribus
1088 1980 1147 2005 eos,
1161 1980 1193 2000 ac
1209 1971 1290 1999 donis
1302 1974 1494 1997 remuneratus
1506 1974 1548 1996 est
1564 1977 1571 1996 :
1588 1968 1743 2002 militesque

961 2021 1029 2048 alios
1045 2023 1126 2047 aucto
1141 2017 1289 2053 stipendio.
1302 2016 1371 2044 alios
1385 2021 1540 2042 annuorum
1553 2021 1685 2041 censuum
1704 2013 1745 2039 in-

962 2068 1102 2093 cremento
1118 2062 1153 2091 ad
1180 2062 1283 2090 bellum
1299 2068 1349 2096 pro
1376 2067 1406 2088 se
1429 2058 1614 2088 conﬁrmavit.
1637 2057 1744 2084 animo-

963 2111 1104 2143 sioresque
1129 2107 1263 2136 reddidit.
1285 2105 1345 2141 Ipse
1365 2112 1430 2132 vero
1446 2105 1648 2132 Thessalonica:
1662 2102 1745 2129 ratio—

963 2157 1111 2187 cinatores.
1128 2159 1156 2182 et
1171 2153 1276 2182 scribas
1286 2151 1416 2184 instituit,
1431 2158 1480 2186 per
1490 2158 1559 2186 quos
1573 2149 1745 2177 occidentem

965 2202 1117 2237 digerebat,
1132 2205 1160 2227 et
1174 2199 1337 2234 adaequabat
1351 2207 1357 2224 :
1375 2202 1400 2225 et
1428 2197 1498 2224 alios
1523 2196 1636 2231 insuper
1652 2198 1749 2222 centu-

125 2249 222 2284 τιμαῖς
248 2257 278 2276 τε
304 2247 350 2273 καὶ
375 2247 470 2277 ἄλλαις
485 2244 671 2280 εὐεργεσίαις,
685 2242 809 2274 καὶτοὺς
830 2250 906 2277 στρα-

965 2249 1063 2280 riabat,
1078 2251 1108 2274 ut
1120 2249 1261 2274 cresceret
1281 2244 1430 2272 exercitus.
1444 2244 1483 2272 Eo
1499 2242 1526 2270 in
1547 2242 1591 2270 his
1608 2246 1747 2273 versante,

126 2296 241 2328 τιώτας,
271 2294 335 2325 τοὺς
363 2293 411 2327 μὲν
439 2291 560 2318 ἐπιδόσει
584 2291 634 2326 τῆς
664 2288 845 2325 μισθοφορᾶς,
859 2287 915 2314 τῶν

106 2341 117 2368 ".
128 2342 248 2376 ἐτησίων
258 2339 286 2366 δὲ
301 2337 441 2374 προσόδων
451 2336 512 2367 τοὺς
521 2335 632 2366 λοιποὺς
648 2333 748 2370 μᾶλλον
760 2333 916 2368 ἐπέρρωσε,

117 2384 179 2416 ’καὶ
211 2385 432 2423 προθυμοτέρους
463 2383 533 2418 πρὸς
556 2382 587 2408 τὺ
612 2381 742 2416 πολεμεῖν
768 2379 917 2415 εἰργάσατο

130 2435 202 2470 ὑπὲρ
217 2432 301 2460 αὑτοῦ
314 2441 321 2448 ·
337 2431 419 2462 αὐτὸς
446 2430 474 2456 δὲ
492 2431 521 2456 ὲν
535 2427 721 2464 Θεσσαλονίκῃ
741 2425 918 2464 ὑπογραφέας

132 2479 321 2514 καταστήσας,
342 2478 377 2504 δι’
403 2475 494 2503 αὐτῶν
523 2475 615 2510 διῴκει
652 2474 700 2500 καὶ
734 2471 842 2505 ιξίσαζε
868 2470 919 2506 τὴν

132 2527 269 2562 ἑσπέραν,
284 2525 331 2551 καὶ
341 2523 509 2556 καταλόγους
526 2520 641 2548 ἔτασσον
656 2519 768 2553 ἑτέρους
785 2517 852 2553 πρὸς
863 2516 919 2547 τοῖς

133 2572 224 2604 οὖσιν,
245 2572 319 2602 ὅπως
335 2569 436 2597 πλείων
451 2568 574 2603 γίγνοιτο
589 2567 605 2601 ή
624 2565 749 2601 στρατιά.
759 2564 804 2591 ‘Ev
814 2562 920 2593 τούτοις

133 2621 163 2647 δὲ
190 2617 274 2647 αὑτοῦ
301 2614 517 2652 ἀσχολουμένου.
532 2613 615 2640 πάλιν
640 2609 692 2647 ἦκε
715 2610 870 2645 γράμματα
888 2608 921 2634 ὲκ

134 2663 383 2700 πρωτοστράτορος
397 2659 533 2696 μηνύοντα
554 2659 591 2689 ὡς
612 2659 627 2685 ό
639 2656 825 2692 πρεσϐύτερος
842 2654 920 2690 βασι-

134 2712 199 2742 λεὺς
216 2709 256 2744 τῷ
268 2709 323 2736 τῶν
337 2707 440 2736 Μυσῶν
457 2705 563 2741 βασιλεί
579 2703 689 2739 Μιχαὴλ
704 2702 834 2737 διάφορος
851 2701 922 2736 πρό-

135 2765 217 2792 τερον
233 2754 282 2785 ὣν,
292 2754 340 2781 νῦν
355 2753 422 2788 πρὸς
437 2752 519 2779 αὑτὸν
530 2747 793 2793 τίθεταηείρηνικάς
806 2747 922 2777 σπονδὰς

135 2803 184 2830 καὶ
206 2800 386 2837 συμμαχίαν·
407 2799 517 2833 ἀγνοεῖν
535 2798 628 2833 μέντοι
644 2796 693 2827 τὰς
709 2794 862 2829 συμϐάσεις
878 2793 922 2827 ἐφ’

136 2846 178 2880 οἷς
200 2848 326 2882 γίνονται
347 2845 449 2878 αὐτοῖς,
465 2844 514 2871 καὶ
536 2844 581 2870 διὰ
601 2842 680 2869 τοῦτο
695 2841 754 2868 δέον
771 2839 924 2874 ἐγνωκέναι

136 2896 188 2931 τὴν
210 2895 326 2930 μήνυσιν
349 2893 423 2929 αὐτῷ
450 2891 616 2927 ποιήσασθαι
639 2890 694 2916 τῶν
714 2888 924 2923 πραττομένων.

968 2301 1078 2321 rursum
1095 2300 1109 2319 a
1125 2295 1322 2327 protostratore
1346 2290 1456 2322 litterie,
1475 2289 1641 2319 indicantes,
1657 2286 1749 2314 senio-

967 2349 1025 2370 rem
1040 2341 1232 2375 imperatorem
1250 2346 1265 2365 a
1284 2337 1416 2365 Michaele
1428 2336 1578 2364 Moesorum
1591 2341 1654 2369 rege
1669 2333 1747 2368 prius

969 2386 1156 2417 dissidentem.
1181 2392 1257 2412 nunc
1284 2391 1346 2411 cum
1365 2390 1400 2410 eo
1430 2382 1506 2417 pacis
1533 2380 1623 2408 I‘tedus
1638 2383 1666 2407 et
1687 2379 1750 2406 belli

969 2423 1128 2460 societatem
1143 2429 1271 2462 coivisse,
1283 2427 1386 2456 nesciri
1399 2432 1500 2458 tamen,
1515 2426 1550 2453 ob
1563 2433 1644 2460 quem
1658 2424 1751 2455 linem,

968 2483 998 2505 et
1020 2476 1123 2504 idcirco
1146 2474 1198 2501 hoc
1215 2474 1247 2501 ad
1270 2480 1334 2500 eum
1348 2471 1576 2507 pet-scribendum
1595 2470 1748 2497 censuisse.

970 2523 1060 2558 Nepos
1077 2528 1156 2548 avum
1172 2528 1233 2547 cum
1249 2519 1333 2547 Masso
1357 2522 1469 2554 propter
1495 2517 1596 2545 bellum
1618 2516 1751 2544 adversus

971 2577 1001 2597 se
1016 2568 1174 2596 societatem
1186 2566 1264 2593 istam
1281 2565 1415 2600 pepigisse
1429 2562 1636 2591 animadvertit.
1651 2561 1754 2589 Statuit

971 2619 1062 2642 autem
1078 2621 1132 2640 non
1148 2612 1239 2639 subito
1251 2611 1283 2638 ad
1300 2612 1416 2645 primam
1431 2608 1601 2636 auditionem
1615 2608 1754 2635 abducen-

973 2662 1038 2689 dum
1048 2667 1080 2687 οι
1089 2658 1231 2686 occidente
1239 2657 1401 2689 exercitum,
1412 2656 1459 2683 sed
1469 2655 1626 2683 haerendum
1652 2653 1753 2686 adhuc,

974 2705 1068 2740 illique
1086 2708 1114 2731 et
1129 2703 1211 2730 rebus
1226 2702 1288 2730 aliis
1302 2701 1513 2737 providendum,
1527 2699 1616 2726 donec
1633 2698 1753 2725 certiora

974 2751 1178 2777 nuntiarentur.
1204 2747 1304 2774 Diebus
1332 2746 1436 2781 aliquot
1462 2743 1618 2780 praeteritis,
1642 2741 1755 2776 scripsit

975 2798 1167 2830 protostrator,
1179 2792 1267 2820 tardus
1285 2791 1458 2827 imperatoris
1472 2795 1501 2818 et
1519 2789 1676 2817 societatem
1691 2794 1753 2814 cum

975 2840 1067 2868 Moesis
1086 2840 1139 2875 iam
1163 2838 1350 2869 constitutam,
1374 2837 1487 2871 ejusque
1500 2834 1703 2864 coneiliatores,
1725 2836 1754 2859 et

976 2887 1140 2922 interpretes
1149 2884 1336 2919 extransfugis
1345 2884 1377 2911 ad
1390 2883 1495 2914 Mimos,
1514 2881 1650 2909 Romanos
1664 2879 1755 2907 adhuc
