1922 3082
193 91 242 122 37

793 91 951 123 JOANNIS
969 92 1013 121 CA
1020 90 1229 121 NTACUZENI

1760 93 1814 124 388

191 149 372 184 optimatibus
388 150 430 176 avi
445 157 504 180 sex.
523 149 725 184 conspirantes,
742 157 804 177 cum
819 158 852 177 eo
869 149 975 177 occule

1029 148 1168 183 Βυζαντίῳ
1178 148 1283 183 βασιλεί
1297 148 1336 184 τῷ
1349 149 1530 185 πρεσευτέρῳ
1546 149 1682 176 συνόντων
1699 151 1817 184 συγκλη-

191 200 318 231 egernnt.
335 195 358 223 si
374 196 495 230 placeret
510 203 645 231 occupare
657 196 828 231 Byzantium.
847 197 913 230 ipsis
925 201 978 223 tra-

193 242 334 272 dentibus.
357 242 429 277 quod
456 246 598 276 poterant,
625 242 745 276 primum
762 249 791 268 se
810 241 863 268 illis
873 241 979 277 jureju-

140 293 142 295 ‘
194 288 280 320 rando
299 287 492 320 obstringeret.
511 294 625 313 munere
642 294 697 321 quo
718 295 790 313 nunc
805 286 976 325 fungeretur.

193 341 321 368 magnum
346 333 512 367 logothetam
528 336 698 364 amoturum,
713 337 795 367 atque
813 333 850 359 illi
872 333 898 359 in
917 340 979 367 per—

192 385 305 414 ρειυιιιιὶ
330 386 538 409 δυοερηςιπυηι,
555 385 644 413 neque
671 385 791 412 unquatn
807 377 975 412 ignoturtnn.

192 424 295 452 Deinde
323 424 375 451 alia
404 424 528 459 quadarn
549 432 609 459 quae
635 425 816 460 postularent,
840 424 979 459 praestitu-

190 479 264 497 rnm.
280 470 319 496 Ita
335 471 356 497 si
373 470 492 501 fecisset.
509 472 568 498 sine
583 479 659 498 mora
673 474 777 499 veniret
791 480 798 498 :
813 471 895 498 simul
905 471 978 497 enim

192 521 349 547 venturum,
377 521 406 543 et
430 516 526 543 urbem
554 516 582 544 in
605 522 767 551 potestatem
788 521 976 551 aerepturum.

191 562 280 596 Super
298 561 399 596 quibus
415 561 560 596 respondit
578 563 739 597 imperator,
760 570 848 597 neque
865 570 894 589 se
914 561 979 588 huic

191 608 263 634 bello
290 612 371 642 caput
395 607 492 641 fuisse,
509 615 599 643 neque
621 608 656 635 ab
682 609 743 636 aliis
759 608 932 642 potissimum
951 608 977 635 id

192 653 323 680 suscitari
351 653 472 680 voluisse
487 653 522 680 ab
543 653 641 687 initio;
667 657 695 681 et
712 661 745 681 eo
759 655 901 685 suscitato,
922 661 979 681 mo-

192 698 270 729 dum,
282 698 410 733 viamque
426 706 535 726 omnem
547 699 726 734 excogitasse,
741 700 844 734 quibus
858 699 884 726 id
900 707 979 734 posse

191 743 320 777 dissipari
340 743 544 778 arbitraretur;
570 752 602 772 ac
627 745 712 772 Deum
729 753 820 777 nosse,
838 745 884 780 qni
904 745 976 772 norit

191 789 282 815 omnia
297 794 444 823 antequam
465 790 540 822 fiant,
560 791 642 825 180
659 799 757 826 resque
778 791 852 826 ipsas
872 784 977 818 t'anlutn

192 841 246 859 non
266 835 347 860 missa
374 842 440 861 voce
470 836 608 862 testiﬁcari
626 836 767 870 idipsurn;
798 837 863 871 quin
886 843 914 864 et
930 845 978 864 eos

192 879 276 913 ipsos,
292 881 313 906 si
331 888 393 906 vera
410 879 502 907 dicere
520 881 616 913 velint,
633 882 822 911 testimonium
838 882 890 910 sibi
908 883 980 910 latu-

191 932 247 952 ros.
262 925 330 958 Quia
347 933 411 952 vero
423 933 455 952 ea
467 926 591 954 conditio
607 935 699 955 rerum
715 928 762 961 sit,
777 933 806 955 ut
821 936 871 956 avo
883 937 978 963 pacem

191 969 317 997 funditus
344 972 506 1006 rejectante,
531 974 688 1000 necessario
704 979 751 1001 aut
773 975 841 1002 alter
868 975 978 1002 illorum

189 1016 306 1051 imperio
325 1017 436 1052 depelli.
454 1023 500 1045 aut
515 1019 633 1054 subjecti
649 1019 771 1047 dissidiis
790 1020 929 1048 intestinis
945 1022 978 1047 ad

191 1063 343 1096 perniciem
369 1064 460 1090 vocari
477 1064 608 1097 debeant,
627 1065 697 1092 velle
712 1073 752 1098 se,
771 1065 855 1100 idque
875 1074 908 1093 ex
931 1073 980 1093 nc-

191 1108 328 1140 cessitate,
356 1113 404 1135 aut
426 1109 549 1144 ipsorum
570 1116 618 1137 aut
639 1111 756 1138 aliorum
785 1119 837 1144 ope
859 1111 911 1138 sub
933 1112 980 1147 jus

193 1160 272 1180 suum
293 1154 376 1188 redigi
392 1154 575 1189 Byzantium;
601 1155 674 1189 quod
690 1155 743 1182 nisi
760 1155 816 1186 fiat,
839 1163 978 1190 nunquam

193 1199 272 1226 bellis
287 1200 415 1227 cixilibns
430 1199 586 1227 defuturam
602 1200 756 1229 materiam.
783 1201 824 1228 0b
839 1209 871 1228 ea
888 1206 979 1228 autem

191 1252 254 1279 qua:
284 1249 452 1279 rogassent,
484 1253 540 1272 non
567 1246 697 1281 Byzantio
729 1246 863 1274 duntaxat
896 1247 979 1282 potiri

194 1290 283 1322 nolle,
309 1291 355 1317 sed
383 1299 472 1326 neque
487 1296 527 1319 tot
544 1291 669 1324 urbibus,
690 1297 759 1327 quot
781 1297 845 1320 sunt
859 1292 979 1328 Byzantii

194 1340 297 1363 turres.
312 1337 407 1372 Magno
420 1337 566 1372 logotheta'
580 1337 741 1373 dignitatem
759 1346 812 1374 qua
833 1347 905 1366 nunc
919 1338 980 1365 fun-

193 1386 313 1416 geretur,
329 1390 384 1409 non
400 1383 489 1410 solum
510 1383 575 1418 quia
595 1384 634 1411 illi
651 1389 789 1419 peterent.
810 1384 859 1411 sed
874 1384 978 1419 alioqui

191 1427 274 1454 etiam
292 1433 321 1454 ut
340 1428 472 1455 molestiis
484 1429 659 1461 liberaretur,
674 1430 866 1465 abrogaturnm
880 1430 976 1463 fuisse,

1029 193 1113 220 τικῶν
1129 193 1159 226 ἒξ
1174 194 1409 229 συμφωνήσαντος
1433 195 1493 226 ταῖς
1514 195 1637 230 γνώμαις
1656 195 1818 230 πέμψαντες

1028 241 1069 271 είς
1087 239 1297 276 Θεσσαλονίκην,
1314 240 1481 274 διειλέγοντο
1490 241 1584 276 κρύφα
1597 241 1637 277 τῷ
1649 241 1767 276 βασιλεῖ,
1780 241 1819 272 ὡς

1029 287 1054 313 εί
1083 286 1205 322 βούλοιτο
1228 287 1375 319 Βυζάντιον
1400 288 1547 322 κατασχεῖν
1576 287 1667 314 αὐτῶν
1699 287 1819 322 παραδι-

1028 333 1128 359 δϐντων
1139 352 1147 365 ,
1162 330 1234 368 ἦσαν
1258 333 1373 367 γὰρόὖκ
1387 332 1513 359 ἀδύνατοι
1527 334 1625 366 ποιεῖν,
1640 333 1751 367 πρῶτον
1768 332 1820 366 μὲν

1029 379 1120 410 αὐτοῖς
1152 377 1339 405 πιστώσασθαι
1365 378 1398 404 δι’
1415 379 1510 414 ὅρκου,
1534 378 1584 412 τῆς
1610 386 1640 404 τε
1660 378 1820 414 ὑπηρεσίας

1029 424 1063 458 ἐφ
1075 424 1109 459 ἢν
1123 423 1171 450 νῦν
1187 423 1258 450 τελεῖ
1269 425 1315 450 τὸν
1336 424 1424 459 μέγαν
1436 425 1587 458 ἀποστῆσαι
1596 424 1754 458 λογοθέτην,
1772 424 1819 450 τὸν

1028 470 1194 505 Μετοχίτην,
1208 471 1255 496 καὶ
1268 469 1313 496 διὰ
1332 470 1389 505 βίον
1406 470 1505 501 παντὸς
1522 469 1556 496 δι’
1571 471 1655 506 ὀργῆς
1670 470 1755 505 ἔχειν,
1770 470 1819 497 καὶ

1030 517 1197 551 συγγνώμην
1222 516 1359 551 μηδέποτε
1385 517 1547 551 παρασχεῖν.
1566 517 1684 543 Ἔπειτα
1713 517 1743 543 δι
1769 517 1820 544 καὶ

1018 561 1101 596 ὶτερ*
1128 561 1214 591 ἄττα.
1245 562 1295 587 ὅσα
1320 561 1397 588 αὐτοὶ
1417 560 1531 596 ῂτοῦντο
1559 559 1726 595 ἐκπληροῦν.
1757 560 1819 588 Κᾶν

1029 606 1116 633 ’ταῦτα
1133 607 1225 638 αὐτοῖς
1240 606 1411 641 πιστώσηται
1429 606 1463 633 δι’
1477 606 1579 640 ὅρκων,
1596 606 1681 641 μηδεν
1696 606 1818 633 ἀνασαλ-

1029 651 1140 685 λὸμενον
1156 651 1245 687 ἥκειν.
1265 651 1303 682 ὡς
1328 651 1386 686 ἅμα
1413 651 1452 686 τῷ
1477 651 1565 677 ἐλθεῖν
1587 651 1819 686 παραληψόμενον

1029 699 1078 732 τὴν
1104 697 1192 724 πόλιν.
1224 697 1282 732 Ἐφ’
1310 695 1351 729 οἷς
1375 697 1543 733 ἀπεκρίνατο
1568 697 1583 724 ό
1600 697 1747 732 βασιλεύς·
1764 697 1819 724 Τοῦ

1031 741 1081 775 μὲν
1098 741 1167 776 μήτε
1184 741 1267 767 αὐτὸν
1281 741 1309 767 ὲν
1322 740 1360 776 τῷ
1374 741 1435 767 νυνὶ
1451 741 1562 776 πολέμῳ
1574 741 1664 768 αίτίαν
1678 740 1820 775 παρεσχῆ-

1031 785 1106 818 σθαι,
1133 785 1197 821 μήθ’
1222 785 1266 820 ὑφ’
1284 787 1385 821 ἐτέρων
1413 787 1532 821 μάλιστα
1553 787 1656 813 ἐθέλειν
1672 786 1820 820 κινηθῆναι

1030 830 1080 865 τὴν
1098 830 1196 866 ἀρχὴν,
1211 831 1259 857 καὶ
1274 831 1432 865 κινηθέντος
1445 831 1488 863 δὲ,
1503 831 1591 857 πάντα
1606 831 1706 866 τρόπον
1724 831 1820 857 ἐπινε-

1031 876 1158 910 νοηκέναι
1173 875 1220 902 καὶ
1239 876 1362 911 μηχανὴν
1374 876 1407 902 δι’
1421 873 1458 903 ὦν
1474 875 1543 911 ᾤετο
1557 876 1639 902 αὐτὸν
1652 875 1820 909 δυνήσεσθαι

1031 922 1186 954 καταλύειν,
1214 921 1282 948 Θεόν
1309 929 1339 947 τε
1364 921 1479 954 ειδέναι,
1505 922 1550 948 τὸν
1568 921 1657 948 πάντα
1681 921 1730 948 καὶ
1752 921 1820 956 πρὶν

1030 968 1159 1002 γενέσθαι
1186 968 1285 999 εἰδότα,
1304 968 1351 994 καὶ
1365 968 1434 994 αὐτὰ
1450 967 1485 994 τὰ
1505 968 1658 1002 πράγματα
1674 966 1820 1002 μονονουχὶ

1031 1015 1123 1050 φωνὴν
1139 1014 1254 1047 ἀφιέντα
1273 1014 1444 1050 μαρτυρίων,
1460 1015 1508 1040 καὶ
1525 1014 1604 1048 ὑμιῖς
1620 1014 1642 1039 δ’
1655 1013 1733 1040 αὐτοὶ
1748 1020 1820 1047 συμμ-

1031 1061 1222 1096 μαρτυρήσετε
1244 1059 1277 1086 ἂν
1305 1060 1385 1095 spot,
1408 1060 1456 1086 ἐὰν
1482 1059 1577 1094 θέλητε
1599 1058 1816 1094 λέγειντὰληθῆ.

1037 1107 1114 1134 Ἐπεὶ
1126 1105 1148 1132 δ’
1159 1106 1232 1132 οὕτω
1247 1105 1282 1132 τὰ
1293 1106 1415 1141 ἡμέτερα
1431 1105 1581 1140 πράγματα
1599 1103 1818 1138 συνεσκευάσθη,

1030 1152 1100 1178 ὥστε
1126 1152 1248 1187 ἀνάγκην
1272 1149 1343 1178 εἶναι
1361 1152 1423 1186 μηδ’
1435 1151 1503 1183 ὅλως
1515 1151 1646 1186 βασιλέως
1659 1151 1819 1186 παρλδεχο-

1032 1199 1113 1234 μένου
1135 1199 1185 1234 τὴν
1208 1198 1332 1233 είρήνην,
1348 1197 1364 1232 ἢ
1380 1197 1426 1224 τὸν
1441 1197 1536 1232 ἓτερον
1566 1197 1743 1223 ἐκπεσεῖσθαι
1767 1197 1820 1231 τῆς

1030 1245 1129 1280 ἀρχῆς,
1152 1244 1168 1279 ἦ
1196 1243 1401 1278 διαφθείρεσθαι
1428 1243 1460 1269 τὸ
1491 1243 1614 1278 ὑπήκοον
1642 1242 1820 1277 διῖστάμενον

1031 1291 1099 1326 πρὸς
1117 1291 1278 1325 ἑκατέρους,
1297 1289 1429 1324 βούλομαι
1441 1289 1627 1324 ἀναγκαίαιςῆ
1642 1288 1720 1323 ὑμῶν
1731 1296 1821 1323 πρατ-

1029 1337 1142 1369 τόντων,
1169 1336 1186 1371 η
1201 1344 1282 1363 τινων
1298 1335 1409 1370 ἑτέρων,
1434 1335 1480 1361 ὑπ’
1507 1334 1627 1370 ἐμαυτὸν
1651 1334 1820 1369 ποιήσασθαι

1030 1383 1189 1416 Βυζάντιον,
1207 1383 1244 1414 ὡς
1261 1381 1295 1409 ἂν
1321 1381 1360 1416 μὴ
1373 1380 1452 1408 τοῦτο
1469 1381 1583 1416 γένηται
1603 1381 1657 1407 τῶν
1676 1380 1820 1416 ἐμφυλίων

1030 1430 1060 1455 οὺ
1093 1429 1275 1464 παυσομένων
1303 1430 1443 1465 πολέμων.
1468 1428 1532 1456 Ἐπὶ
1560 1427 1694 1459 τοιούτοις
1725 1429 1820 1462 μέντοι

192 1472 214 1498 si
230 1479 314 1506 penes
329 1480 358 1499 se
374 1480 481 1500 summa
499 1472 607 1508 imperii
624 1473 733 1500 fuisset.
751 1473 784 1501 Ut
802 1479 894 1500 autem
910 1475 977 1501 iram

1030 1471 1074 1500 οἷα
1091 1473 1170 1499 αὐτοὶ
1195 1473 1326 1506 αἰτεῖσθε,
1352 1473 1382 1499 οὐ
1410 1473 1557 1505 Βυζάντιον
1577 1471 1668 1506 μόνον,
1688 1470 1747 1498 ἀλλ’
1761 1470 1818 1497 οὐδ’

193 1516 390 1544 inexorabilem
410 1517 438 1544 in
454 1518 528 1545 omni
544 1518 601 1545 vita
614 1519 747 1546 advorsus
759 1527 821 1546 cum
834 1520 976 1552 retineret,

195 1559 222 1586 id
242 1568 303 1587 esse
322 1569 418 1594 unum,
433 1561 506 1596 quod
521 1562 645 1590 omnium
665 1564 779 1591 minime
796 1563 855 1591 fieri
873 1571 977 1599 posset.

193 1605 287 1641 Egone
315 1607 350 1633 ita
377 1607 504 1642 delirem,
534 1609 634 1643 inquit,
660 1614 691 1636 ut
709 1617 757 1644 per
780 1610 978 1645 implacabilem

193 1652 261 1679 iram
276 1653 406 1680 adversus
421 1654 507 1687 illum,
525 1656 652 1683 mihimet
667 1656 770 1683 divina:
785 1655 916 1684 bonitatis
934 1658 980 1684 bc-

192 1698 274 1733 nigna
297 1699 404 1726 viscera
423 1701 613 1734 praecludant?
630 1701 764 1736 siquidem
781 1709 834 1736 qua
851 1710 979 1729 mensura

192 1744 336 1770 conservis
352 1745 455 1773 nostris
472 1747 559 1774 mensi
577 1746 723 1780 fuerimus,
741 1747 835 1775 eadetn
852 1755 881 1775 se
899 1749 979 1776 nobis

197 1800 388 1820 remensururn
416 1794 607 1829 pronuntiavit
635 1803 642 1823 :
674 1795 756 1830 idque
781 1786 843 1822 cum
868 1801 980 1830 peccata

193 1842 286 1864 nostra
305 1843 400 1865 contra
413 1839 500 1866 Deum
513 1839 631 1867 infinitis
647 1840 774 1875 partibus
788 1849 821 1868 ea
836 1847 979 1876 superent,

192 1890 255 1917 quae
274 1883 308 1910 ab
324 1884 482 1912 horninibus
494 1891 590 1912 contra
608 1893 658 1913 nos
674 1890 834 1920 peccantur.
860 1887 979 1915 Proinde

192 1929 351 1964 Byzantium
362 1930 413 1957 sibi
424 1937 474 1965 pro
482 1931 621 1958 communi
632 1931 749 1959 utilitate
757 1932 910 1967 subjectum
920 1941 980 1968 per-

192 1982 313 2008 eupere;
333 1975 385 2002 hac
407 1981 499 2002 autem
518 1977 652 2011 petitione
666 1981 792 2012 excepta.
815 1978 837 2005 si
854 1986 906 2013 qna
927 1980 979 2006 alia

194 2021 260 2055 ipsis
275 2022 390 2055 petenda
409 2022 578 2056 viderentur,
591 2024 761 2051 auditurum.
785 2024 841 2052 Hoc
857 2025 896 2052 illi
920 2034 979 2053 rna-

195 2073 266 2101 gnus
283 2066 451 2095 domesticus
461 2068 489 2094 in
502 2069 666 2096 memoriam
682 2069 838 2102 revocabat,
854 2075 882 2097 et
899 2071 979 2104 plura

192 2118 255 2138 cum
270 2119 303 2138 eo
312 2112 463 2145 disserens,
472 2114 545 2140 viros
558 2114 791 2149 producebat,qui
800 2115 895 2143 eadem
906 2117 977 2152 apud

194 2157 291 2191 intch
303 2162 386 2184 ‘orent
407 2158 604 2193 loquebantur,
627 2166 815 2189 asseverantes
831 2169 861 2189 se
879 2150 981 2190 illiﬁur-
998 2150 1018 2178 θ

196 2202 257 2228 bern
282 2202 390 2229 tradere
414 2211 504 2238 pos5c.
530 2203 636 2236 Quibus
659 2206 822 2234 collaudatis
841 2209 979 2243 qua'sivit,

195 2254 260 2274 num
273 2247 339 2282 quid
355 2248 389 2275 ab
405 2256 435 2276 se
447 2253 581 2283 peterent.
595 2250 614 2277 li
632 2250 699 2278 nihil
715 2255 810 2286 petere
825 2255 980 2282 constitue-

194 2299 253 2319 rant
267 2300 274 2325 ;
291 2293 338 2320 sed
351 2301 414 2321 cum
427 2294 573 2329 imperator
585 2295 699 2324 instaret
710 2297 821 2332 sapius,
831 2299 926 2334 viginti
937 2300 981 2335 ju—

192 2346 256 2379 gera
272 2340 437 2374 petiverunt.
467 2339 536 2367 'l'um
553 2341 645 2369 ridens
661 2342 705 2370 ille
727 2352 734 2370 :
751 2343 785 2370 At
800 2351 861 2379 ego,
875 2345 974 2379 inquit,

193 2383 287 2410 duino
299 2391 432 2411 concessu
442 2385 554 2412 candori
570 2386 756 2421 probitatique
773 2392 871 2415 vestrae
894 2388 976 2423 digna

193 2428 303 2462 pra-mia
321 2430 484 2463 persolvant.
500 2431 587 2458 Medio
599 2431 626 2458 in
642 2439 769 2460 sermone
783 2433 893 2460 advolat
911 2433 976 2461 Sco-

193 2475 254 2509 relo
270 2475 325 2509 (1'5)
337 2483 352 2502 a
372 2477 501 2509 praefecto
515 2479 637 2511 nuntius,
654 2478 814 2506 Michaelenr
827 2480 974 2508 Mmsorum

195 2528 286 2555 regem
301 2521 327 2548 in
339 2522 395 2548 suis
408 2527 435 2548 et
451 2522 635 2550 Romanorum
653 2525 781 2552 conﬁniis
793 2526 864 2560 apud
883 2526 979 2553 urbem

195 2573 284 2598 suam,
311 2567 421 2594 nomine
442 2568 608 2602 Diampolin.
629 2575 719 2597 castra
735 2570 849 2602 locasse,
867 2571 982 2606 Scytha-

197 2620 257 2639 rum
277 2614 438 2641 comitatum
462 2616 584 2646 auxiliis,
600 2616 646 2650 qui
666 2616 742 2651 juxta
763 2617 980 2645 Rbosoeastrum

195 2659 314 2686 tentoria
349 2659 494 2687 haberent.
530 2660 682 2694 Imperator
711 2661 777 2695 quid
809 2662 980 2695 faciendnrn,

1030 1519 1055 1544 εί
1069 1517 1150 1544 τόσαι
1173 1516 1264 1548 πόλεις
1280 1514 1350 1551 ἦσαν
1371 1518 1429 1544 ὅσοι
1452 1524 1552 1552 πυργοι
1570 1515 1736 1548 Βυζαντίου,
1753 1515 1819 1549 ἠθέ-

1029 1565 1099 1598 λησα
1112 1564 1145 1591 ἂν
1163 1566 1321 1599 κατασχεῖν.
1336 1565 1372 1590 Τὸ
1389 1565 1439 1599 μὲν
1458 1566 1513 1600 γὰρ
1527 1565 1573 1590 τδν
1598 1564 1687 1599 μέγαν
1703 1562 1818 1597 λογοθισ

1030 1620 1080 1645 την
1102 1610 1259 1645 ἀποστῆσαι
1274 1610 1322 1646 τῆς
1344 1609 1497 1645 ὑπηρεσίας
1513 1609 1556 1644 ἐφ’
1576 1610 1609 1645 ἢν
1623 1608 1671 1635 νῦν
1687 1609 1770 1640 τελεῖ,
1787 1608 1818 1634 οὗ

1031 1657 1113 1691 μόνον
1140 1656 1185 1683 διὰ
1203 1657 1234 1682 τὸ
1250 1657 1337 1683 αἰτεῖν
1353 1656 1438 1691 ὑμᾶς,
1454 1656 1522 1682 ἀλλὰ
1539 1656 1584 1681 καὶ
1603 1655 1691 1686 ἄλλως
1705 1654 1773 1689 πρὸς
1788 1655 1819 1681 τδ

1030 1702 1204 1738 ἀπηλλάχθαι
1219 1702 1406 1736 πραγμάτων,
1427 1700 1533 1736 ἔπραξα
1550 1701 1582 1727 ἂν
1600 1700 1645 1727 ὑπ’
1662 1701 1724 1736 ἐμοὶ
1741 1709 1819 1733 γενο-

1032 1749 1120 1784 μένων
1144 1749 1198 1775 τῶν
1215 1748 1399 1782 πραγμάτων.
1422 1748 1459 1774 Τὸ
1477 1747 1572 1783 μέντοι
1586 1755 1617 1781 γε
1635 1747 1719 1774 αὑτοῦ
1734 1755 1818 1773 κατει-

1030 1794 1204 1830 ψηφίσασθαι
1214 1795 1258 1821 διὰ
1274 1795 1332 1829 βίου
1356 1794 1546 1829 ἀπαραίτητον
1563 1793 1660 1829 ὀργὴν,
1677 1793 1818 1819 ἀδυνατώ-

1031 1849 1110 1867 τατον
1127 1840 1183 1867 τῶν
1200 1841 1321 1868 πάντων.
1335 1840 1381 1875 Μὴ
1401 1840 1455 1874 γὰρ
1469 1839 1540 1866 οὕτω
1557 1840 1673 1875 μανείην
1686 1839 1758 1866 ὥστε
1771 1839 1817 1866 διὰ

1030 1887 1079 1922 τῆς
1103 1888 1142 1919 είς
1165 1888 1269 1914 ἐκεῖνον
1294 1887 1483 1921 ἀπαραιτήτου
1507 1887 1592 1921 ὀργῆς
1619 1886 1731 1921 ἐμαυτῴ
1749 1887 1818 1912 ἀπο⁴

1030 1934 1139 1960 κλεῖσαι
1158 1932 1194 1959 τὰ
1210 1932 1390 1967 φιλάνθρωπα
1416 1932 1561 1967 σπλάγχνα
1582 1932 1631 1966 τῆς
1647 1932 1816 1966 ἀγαθὸτητος

1030 1979 1078 2006 τοῦ
1096 1979 1175 2006 Θεοῦ.
1199 1979 1310 2015 Ἐπειδὴ
1333 1975 1355 2013 ᾧ
1375 1980 1466 2014 μέτρῳ
1487 1979 1661 2014 μετρήσομεν
1676 1980 1732 2010 τοῖς
1754 1987 1816 2004 συν-

1029 2025 1144 2058 δούλοις,
1160 2026 1370 2060 αντιμετρὴσειν
1387 2026 1548 2060 ἀπεφήνατο
1563 2026 1640 2060 ήμίνε
1656 2025 1711 2051 Καὶ
1730 2024 1816 2051 ταῦτα

1029 2072 1079 2099 οὒκ
1093 2072 1184 2107 ὲξίσης
1193 2072 1247 2098 τῶν
1260 2072 1326 2107 ἡμῖν
1338 2071 1542 2107 ἡμαρτημένων
1558 2071 1653 2102 ὅντων,
1667 2070 1724 2097 axx
1737 2072 1816 2097 ἁπειο

1034 2118 1173 2153 ροπλασίῳ
1188 2118 1243 2144 τινὶ
1260 2118 1380 2153 ὑπεροχῇ
1399 2118 1454 2143 τῶν
1471 2117 1534 2157 ἐμοὶ
1555 2117 1623 2152 πρὸς
1638 2116 1705 2143 Θεὸν
1722 2117 1815 2153 ἡμαρ-

1030 2161 1157 2196 τημένων
1171 2161 1364 2196 διαφερόντων.
1381 2160 1533 2195 Τοιγαροῦν
1548 2161 1578 2187 τὸ
1595 2161 1646 2194 μὲν
1664 2160 1711 2186 ὑπ’
1728 2162 1813 2195 ἐμαυ-

1029 2207 1068 2243 τῷ
1084 2207 1247 2243 ποιήσασθαι
1278 2206 1425 2238 Βυζάντιον
1450 2207 1496 2233 καὶ
1525 2207 1596 2234 πάνυ
1614 2206 1747 2242 βούλομαι
1769 2207 1814 2234 τοῦ

1030 2255 1106 2288 κοινῇ
1126 2253 1328 2285 λυσιτελοῦντος
1342 2253 1432 2279 ἕνεκα.
1448 2253 1550 2281 Τούτου
1564 2254 1591 2280 δὲ
1604 2255 1651 2281 τοῦ
1665 2256 1814 2291 αἱτήματος

1030 2299 1157 2332 ἀπόντος,
1175 2301 1224 2327 καὶ
1250 2300 1278 2326 εί
1294 2308 1326 2334 γε
1337 2300 1383 2326 καὶ
1399 2300 1464 2334 ὑμῖν
1481 2301 1615 2333 συνδοκεῖ,
1631 2301 1685 2328 τότ’
1698 2302 1749 2337 ήδη
1769 2303 1814 2329 καὶ

1031 2346 1169 2380 περὶτῶν
1195 2346 1346 2372 ἐπιλοίπων
1371 2347 1448 2382 ὑμῶν
1472 2348 1627 2381 ἀκούσομαι
1643 2348 1811 2382 αἰτημάτων.

1030 2391 1140 2418 Τούτων
1154 2392 1204 2427 μὲν
1220 2392 1296 2419 οὖνὸ
1315 2393 1401 2427 μέγας
1416 2394 1476 2420 τότε
1490 2395 1648 2429 δομέστικος
1664 2395 1813 2429 ἀνεμίμνη-

1030 2443 1078 2460 σκε
1101 2434 1215 2469 βασιλέα
1228 2443 1235 2450 ο
1251 2437 1297 2462 καὶ
1308 2436 1379 2470 ἕτερ’
1396 2437 1463 2463 ἅττα
1477 2437 1544 2471 πρὸς
1559 2437 1639 2463 αὑτὸν
1651 2436 1810 2471 διαλεχθεὶς,

1030 2480 1153 2514 προσῆγε
1181 2481 1244 2512 τοὺς
1273 2481 1384 2515 ἄνδρας.
1417 2482 1449 2507 Οί
1480 2481 1509 2507 δὲ
1526 2482 1573 2508 καὶ
1604 2483 1670 2517 πρὸς
1701 2481 1811 2517 βασιλέα

1027 2525 1215 2562 διειλέχθησαν
1232 2528 1265 2554 τὰ
1283 2528 1338 2555 ἶσα.
1356 2528 1411 2554 Καὶ
1426 2526 1444 2562 ἦ
1459 2529 1513 2563 μὴν
1528 2529 1725 2564 διῑσχυρίζοντο
1738 2529 1811 2555 αὐτοὶ

1027 2571 1191 2607 δυνήσεσθαι
1214 2573 1264 2608 τὴν
1289 2573 1368 2600 πόλιν
1399 2574 1584 2609 παραδώσειν.
1609 2574 1811 2606 Ἐπαινέσαςᾶ

1028 2619 1128 2650 αὐτοὺς
1151 2620 1165 2645 ό
1187 2619 1326 2653 βασιλεὺς,
1347 2621 1394 2646 καὶ
1418 2620 1444 2646 εί
1457 2628 1482 2646 τι
1512 2620 1680 2646 ἐπυνθάνετο
1696 2621 1808 2647 αἰτοῖεν·

1028 2664 1053 2690 οἱ
1072 2663 1095 2690 δ’
1110 2664 1251 2692 ἐπείθοντο
1279 2667 1366 2692 αἰτεῖν
1392 2666 1484 2693 οὐδέν·
1515 2666 1601 2693 πολλὰ
1627 2666 1657 2693 δὲ
1684 2666 1809 2698 πολλάκις

816 2732 925 2762 Jacobi
944 2734 1073 2765 Pontani
1092 2737 1186 2766 ποιέει.

227 2791 285 2828 (i3)
306 2792 368 2821 llaec
383 2793 516 2829 Scopelus
530 2793 652 2821 Thraciae
666 2794 732 2822 urhs
747 2799 799 2822 est.
