1922 3082
110 148 166 180 425
188 150 189 155 “

696 144 967 176 lllSTUlllARUM
989 143 1103 172 LlliElt
1127 143 1150 171 ll

1690 147 1740 177 1:26

110 214 168 235 τες.
186 205 217 230 οὗ
235 203 315 238 μόνον
335 203 411 230 αὐτοὶ
439 203 572 239 λαμπρῶς
596 204 643 230 καὶ
675 203 833 238 διαπρεπῶς
850 210 893 227 κε-

957 200 1011 225 lum
1037 200 1148 226 fuerunt
1175 199 1312 233 dispositi,
1337 199 1433 226 accitis
1466 200 1614 228 lllmsorttm
1642 203 1738 237 legatis

110 251 292 284 κοσμημένοι,
308 249 375 275 ἀλλὰ
389 249 434 276 καὶ
447 249 537 281 ἵπποι,
550 249 635 283 οἱμὲν
656 248 774 283 Θώραξιν
790 248 821 273 ὲκ
841 247 901 282 βύρ-

112 303 162 328 σης
180 295 375 329 πεποιημένοις
391 316 398 327 ,
423 296 447 321 οἱ
461 295 489 322 δὲ
503 295 699 325 ἁλυσειδωτοῖς.
719 294 774 319 Καὶ
787 290 821 328 ἦν
838 293 902 319 ἰδεῖν

79 335 89 341 ’
111 341 144 367 οὺ
165 342 245 375 μόνον
261 341 352 368 ὃπλων
362 342 407 367 καὶ
423 342 515 367 ἳππων
525 341 605 367 ἕνεκα
620 340 772 371 πολυτελῶς
786 340 902 374 μάλιστα

112 386 380 422 παρεσκευασμένην
391 386 441 420 τὴν
462 386 607 420 Ῥωμαίων
624 384 764 420 στρατιὰν,
776 384 844 411 ἀλλὰ
854 385 902 410 καὶ

113 433 213 467 πλήθει
233 432 265 458 ὲκ
286 426 384 458 πολλοῦ
409 431 458 458 τοῦ
475 431 572 466 χρόνον
597 430 673 457 οὖπω
691 431 755 465 ἄχρι
779 431 822 456 καὶ
841 431 901 457 τότε

112 479 251 513 τοσαύτην
272 478 452 504 συνελθοῦσαν
477 478 517 508 εἰς
533 477 573 503 ἓν.
609 477 645 502 ’Ἠ
667 485 696 502 τε
722 477 776 511 γὰρ
801 477 832 502 ἐκ
853 477 901 510 τῆς

114 524 235 557 ἑσπέρας
259 524 335 548 πᾶσα
356 521 456 556 παρῆν,
473 523 518 547 καὶ
537 521 692 552 Μακεδόνες
709 522 758 546 καὶ
783 521 900 556 Θρᾷκες,

116 569 161 595 καὶ
181 569 238 594 ὅσοι
256 568 287 593 ἐκ
299 567 352 592 τῶν
367 567 439 592 κατὰ
464 566 512 600 τὴν
527 566 565 592 ἕω
583 567 639 597 τοῖς
657 565 804 599 Ῥωμαίοις
830 565 902 598 ὑπη-

114 615 186 642 κόων
197 614 302 640 πόλεων
325 612 394 648 ἦσαν
407 621 414 628 ’
429 613 478 639 καὶ
493 614 526 639 ὲκ
540 612 687 644 Βυζαντίου
713 611 741 638 δὲ
763 611 846 638 αὑτοῦ
870 611 900 637 οὺ

117 662 198 697 μόνον
215 661 320 691 ἱππεῖς,
336 659 403 685 ἀλλὰ
419 659 466 685 καὶ
481 659 563 690 πεζὸς
578 659 674 689 πολὺς,
690 658 798 684 mum
811 667 839 684 τε
856 658 903 684 καὶ

114 707 223 739 τοξόται
237 705 322 740 ψιλοί.
346 705 421 731 Ἐπεὶ
435 704 463 731 δὲ
480 703 549 731 κατὰ
567 703 709 738 φάλαγγας
721 703 758 734 ὡς
771 704 798 734 ὲς
814 703 903 738 μάχην

116 750 315 786 παρετάξαντο,
326 750 389 780 τοὺς
398 749 499 776 Μυσῶν
512 749 761 784 μεταπεμψάμενος
775 749 903 783 πρέσϐεις

115 798 129 824 ὁ
146 796 284 830 βασιλεὺς,
297 795 353 830 Τὴν
368 795 417 829 μὲν
446 800 575 828 στρατιάν
589 795 671 829 ὁρᾶτε
683 794 732 829 τὴν
743 794 822 828 ἐμὴν,
839 795 902 829 ἔφη,

107 843 154 874 ὼς
187 841 411 876 παρεσκεύασται
443 841 511 875 πρὸς
541 841 647 875 μάχηνσ
680 840 845 871 ἀπελθόντες
873 841 902 866 δὲ

953 247 1123 280 imperator:
1146 246 1303 272 Exercitum
1328 253 1418 272 meum
1445 251 1474 272 ut
1491 247 1526 273 sit
1542 247 1740 276 addimicatio-

956 300 1016 318 nem
1046 297 1158 326 paratus
1186 291 1296 324 videtis,
1324 291 1424 326 inquit.
1450 292 1518 319 [toto
1534 301 1609 328 ergo,
1626 295 1740 330 regique

955 342 1046 363 vestro
1059 337 1194 367 nuntiate,
1206 344 1248 363 mc
1263 337 1317 371 jam
1335 342 1416 364 antea
1428 339 1501 372 pacis
1517 339 1739 372 cupidissimum,
1772 367 1782 376 κ

954 391 1007 410 non
1024 383 1110 410 semel
1128 383 1160 409 ad
1177 383 1252 409 illum
1271 390 1354 417 super
1370 391 1401 410 ea
1415 384 1518 419 legatos
1536 386 1660 418 misisse;
1676 395 1740 413 eum

953 429 1021 456 nihil
1056 437 1164 462 atquum
1203 436 1235 455 ac
1262 429 1402 456 tolerabile
1429 430 1613 464 respondisse.
1647 431 1740 466 Itaque

953 474 1044 501 crucis
1066 475 1168 500 virtute
1196 474 1309 508 fretum,
1333 483 1413 510 quam
1436 476 1486 502 siti
1502 477 1576 503 velut
1596 477 1694 511 pignus
1709 486 1741 506 ac

954 525 1117 551 sponsorem
1134 519 1295 545 constantia:
1311 527 1367 547 suae
1383 520 1409 546 in
1424 520 1526 547 [uadere
1542 523 1679 550 servando
1693 523 1740 550 de-

954 564 1036 594 derit,
1050 564 1180 590 adversus
1196 564 1272 590 illum
1283 572 1488 599 processurum.
1500 566 1561 594 Haec
1579 568 1739 602 imperator.

954 608 1047 644 Legati
1062 609 1093 636 ad
1111 617 1201 644 regem
1217 610 1362 637 celerrime
1375 612 1489 644 reversi,
1503 613 1571 646 quid
1591 614 1740 647 imperator

954 653 1064 683 dixerit,
1094 654 1232 688 quomodo
1260 654 1382 688 ingentes
1406 655 1501 689 copiae,
1517 660 1544 683 et
1571 657 1612 683 sic
1627 662 1740 684 armata:

956 705 1051 726 eontra
1067 699 1154 734 ipsum
1169 699 1194 726 in
1222 700 1264 726 via
1288 700 1353 730 sint,
1369 701 1668 734 retulerunt..Micltat-l,
1691 704 1739 738 qui

956 748 1036 771 antea
1069 745 1181 771 rebatur
1214 745 1351 772 Romanos
1385 753 1477 772 secum
1501 746 1644 774 decertare
1667 748 1741 774 haud

956 797 1086 820 ausuros,
1103 789 1259 823 intelligens
1273 797 1320 817 eos
1341 790 1395 823 jam
1412 799 1465 818 nnn
1478 800 1563 825 parvo
1580 794 1702 820 exercitu
1714 798 1742 820 et

956 843 1053 870 magno
1069 839 1202 869 apparatu
1217 835 1250 862 ad
1267 836 1389 870 przelium
1407 837 1565 870 procedere,
1578 838 1674 864 statuit
1687 847 1741 866 non

116 869 302 920 ἀπαγγεὶλατε
314 885 418 920 βασιλεί
429 869 471 919 τῷ
482 869 620 920 ὑμετέρῖρ,
636 885 674 916 ὡς
687 885 742 918 ἐγὼ
754 885 803 920 μὲν
815 869 903 911 ἀσπα-

957 881 1055 907 debere
1073 881 1099 908 in
1114 881 1201 907 aliena
1219 881 1330 916 regione
1348 882 1463 916 praeviso
1485 883 1638 911 discrimini
1655 891 1741 912 semet

116 935 230 968 ξάμενος
243 934 291 966 τὴν
304 932 416 966 εἰρήνην
433 931 565 965 πρότερον
580 931 709 962 πολλάκις
723 931 900 966 διεπρεσὸευ-

117 980 210 1014 σάμην
225 978 292 1013 πρὸς
309 977 338 1003 σὲ
360 976 425 1012 περὶ
443 976 527 1010 αὐτῆς
541 984 548 992 ·
579 976 625 1002 σοῦ
648 976 676 1002 δὲ
691 976 767 1003 οὐδὲν
783 977 903 1008 ἐπιεικὲς

116 1025 346 1059 ἀποκρινομένου,
359 1024 392 1058 τῇ
408 1023 454 1049 τοῦ
472 1022 590 1056 σταυροῦ
602 1023 717 1057 δυνάμει
739 1022 859 1058 θαρρῶν,
873 1023 902 1049 ὃν

117 1072 199 1102 αὐτος
214 1069 351 1105 ἐγγυητὴν
371 1069 432 1103 ἐμοὶ
446 1068 585 1104 παρέσχου
597 1068 643 1095 τοῦ
669 1069 801 1104 μηδέποτε
813 1077 902 1103 παρα-

119 1117 280 1151 σπονδῆσαι,
310 1114 452 1150 βαδιοῦμαι
483 1115 527 1140 ἐπὶ
559 1114 600 1141 σὲ.
624 1115 755 1145 Βασιλεὺς
779 1114 829 1148 μὲν
856 1111 902 1140 οὖν

117 1161 232 1189 τοιαῦτα
244 1160 331 1188 εἶπεν.
347 1161 378 1187 Οἱ
393 1160 524 1195 πρέσϐεις
545 1156 600 1196 δὲῇ
614 1159 712 1194 τάχους
735 1158 819 1195 εἶχον,
835 1161 902 1195 πρὸς

119 1208 233 1243 βασιλέα
247 1207 392 1241 ἀφιγμένοι
403 1206 448 1232 τὸν
462 1205 577 1237 ἑαυτῶν,
592 1205 654 1236 τούς
670 1214 699 1231 τε
714 1205 809 1239 λόγους
818 1205 904 1239 ἀπήγ-

118 1254 215 1289 γελλον
231 1253 372 1288 βασιλέως,
385 1252 431 1278 καὶ
447 1252 484 1283 ὡς
496 1252 512 1286 ὴ
530 1251 645 1286 στρατιὰ
664 1251 783 1286 τοσαύτη
797 1259 825 1277 τε
837 1250 904 1277 οὖσα

118 1299 167 1326 καὶ
179 1298 264 1329 οὕτως
281 1297 437 1332 ὡπλισμένη
453 1298 482 1323 ὲν
495 1296 546 1331 ὁδῷ
561 1297 628 1323 εἰσιν
643 1297 693 1331 ἤδη
716 1297 750 1332 τῇ
770 1297 839 1331 πρὸς
852 1297 903 1322 αὑ-

118 1344 199 1376 τούς·
219 1343 326 1379 Μιχαὴλ
339 1344 367 1370 δὲ
384 1344 515 1378 πρότερον
542 1342 591 1377 μὲν
617 1343 667 1369 οὐκ
684 1342 716 1369 ἆν
730 1343 852 1377 οἰόμενος
865 1343 904 1373 εἰς

118 1390 215 1425 χεῖρας
245 1389 337 1420 αὐτοῖς
355 1388 422 1415 ἰέναι
446 1387 598 1423 Ῥωμαίους
619 1388 775 1421 ὑπομεῖναι,
801 1388 860 1414 τότε
876 1388 905 1413 δὲ

118 1435 172 1469 ἠδη
191 1434 260 1469 ὀρῶν
273 1434 372 1464 αὐτοὺς
391 1434 572 1468 ὡρμημένους
594 1435 661 1468 προς
675 1434 723 1468 τὴν
747 1435 847 1469 μάχην,
875 1434 905 1460 τό

118 1489 150 1507 τε
173 1480 274 1515 πλῆθος
292 1481 339 1506 καὶ
364 1479 411 1514 τὴν
429 1479 605 1514 παρασκευὴν
627 1479 780 1514 πυθόμενος
795 1481 843 1514 ὅση
858 1478 903 1515 ἦν,

118 1527 172 1554 οὐκ
199 1526 268 1559 ἔγνω
281 1526 336 1552 δεῖν
357 1527 385 1552 ἐν
407 1525 523 1561 πολεμίᾳ
547 1526 586 1557 εἰς
610 1525 749 1560 προῦπτον
780 1526 904 1552 κίνδυνον
919 1538 940 1567 c

119 1572 253 1606 καθιστᾷν
263 1570 368 1597 ἑαυτόν.
387 1570 442 1597 Καὶ
467 1569 579 1605 πέμψας
595 1570 675 1596 πάλιν
697 1571 760 1602 τοὺς
771 1570 902 1605 πρέσὸεις

120 1614 137 1653 ᾗ
157 1616 283 1642 ἐδύναντο
296 1615 411 1651 τάχιστα
427 1615 496 1651 πρὸς
526 1615 640 1650 βασιλέα
653 1635 660 1646 ,
678 1615 707 1641 τό
736 1624 765 1641 τε
784 1616 902 1651 πόλισμα

121 1662 257 1689 Βουκέλου
291 1661 475 1696 ἐπηγγέλλετο
504 1660 677 1696 παραδώσειν
708 1662 755 1688 καὶ
789 1663 901 1697 εἰρήνην

120 1709 197 1740 ἄξειν
213 1708 259 1734 τοῦ
277 1707 380 1738 λοιποῦ,
396 1709 443 1733 καὶ
456 1707 538 1733 ἐδεῖτο
555 1707 685 1742 βασιλέως
707 1707 747 1738 εἰς
765 1708 794 1734 τὸ
804 1709 903 1735 οἰκεῖον

121 1754 306 1789 στρατόπεδον
317 1753 471 1786 ἀπαγαγεῖν
499 1753 548 1788 τὴν
569 1753 707 1787 στρατιάν.
724 1754 854 1786 Βασιλεὺς
875 1755 903 1782 δὲ

121 1800 196 1834 ὀρῶν
211 1799 301 1829 αὐτοῖς
319 1799 346 1825 ὲν
362 1798 435 1832 καλῷ
460 1797 498 1832 τῷ
517 1798 637 1832 σχήματι
661 1799 710 1832 τὴν
731 1799 904 1835 ἀναχώρησιν

123 1845 283 1880 γινομένην,
308 1844 352 1870 καὶ
365 1845 415 1879 τὴν
429 1844 507 1878 νίκην
524 1844 658 1878 ἀναιμωτὶ
676 1845 903 1879 προσγινομένην.

122 1891 242 1925 ἄσμενος
257 1887 414 1925 ἀνεχώρησε
430 1890 496 1925 πρὸς
508 1891 538 1916 τὸ
551 1889 739 1926 στρατόπεδον.
761 1889 828 1916 Τότε
849 1891 903 1927 γὰρ

123 1937 257 1971 πρότερον
280 1937 315 1970 μὴ
334 1936 423 1969 λόγοις
445 1935 492 1961 καὶ
515 1935 548 1970 τῇ
564 1935 609 1961 τοῦ
632 1934 715 1961 καλοῦ
737 1935 784 1961 καὶ
796 1935 902 1962 δικαίου

123 1983 216 2017 κρίσει
231 1982 276 2008 τὸν
296 1981 404 2016 Μιχαὴλ
425 1979 568 2014 πεισθῆναι
588 1979 619 2005 τὺ
640 1979 772 2006 Βουκέλου
787 1980 905 2008 ἀποδοῦ-

123 2037 180 2061 ναι,
197 2027 265 2054 ἀλλὰ
278 2027 336 2058 νῦν,
365 2028 410 2054 καὶ
427 2027 457 2052 τὸ
471 2026 522 2061 ήδη
539 2025 606 2061 πρὸς
627 2026 716 2060 μάχην
733 2035 905 2061 παρατεταγ-

125 2074 212 2107 μὲνης
235 2073 284 2106 τῆς
311 2071 451 2106 Ῥωμαίων
475 2071 603 2105 στρατιᾶς
618 2070 667 2105 τὴν
699 2070 793 2105 ἔφοδον
815 2071 904 2098 αὐτῶν

123 2120 175 2154 οὐχ
192 2117 422 2152 ὑπομεῖναι,ὰλλὰ
434 2117 482 2143 καὶ
495 2116 548 2151 πρὸ
558 2116 608 2149 τῆς
622 2116 759 2151 συμὸολῆς
773 2116 905 2151 ἡττῆσθαι

124 2167 186 2196 ταῖς
197 2164 330 2198 γνώμαις,
345 2163 391 2190 καὶ
399 2163 537 2193 δείσαντας
548 2162 736 2196 ἀπαγορεῦσαι
744 2162 793 2197 τὴν
804 2162 905 2198 μάχην,

953 927 1103 961 objectare.
1119 925 1294 963 Quapropter
1318 927 1409 954 denuo
1424 929 1516 955 missis
1535 929 1640 964 legatis,
1659 930 1741 964 idque

952 980 1013 1000 cum
1033 973 1172 1000 celeritate
1189 974 1315 1006 maxima,
1325 973 1453 1001 Bucclum
1469 975 1652 1008 redditurum,
1666 980 1694 1003 et
1705 977 1740 1003 de

953 1024 1051 1046 caetero
1073 1026 1167 1053 pacem
1190 1024 1367 1047 servaturum
1392 1021 1525 1054 spondet;
1547 1027 1678 1057 rogatque
1699 1021 1740 1049 uti

954 1064 1067 1091 militem
1087 1064 1115 1091 in
1144 1070 1234 1092 castra
1256 1065 1379 1092 reducat.
1395 1065 1547 1100 Imperator
1564 1068 1740 1097 animadver-

955 1113 1015 1135 tens
1040 1108 1114 1135 hunc
1141 1114 1279 1143 receptum
1307 1109 1358 1136 sibi
1380 1109 1438 1137 fore
1462 1110 1657 1143 honoriﬁcum.
1677 1122 1740 1142 cum

956 1155 1100 1182 incruenta
1115 1155 1230 1182 victoria
1245 1155 1334 1182 libens
1343 1161 1432 1183 castra
1448 1157 1558 1191 repetit.
1573 1158 1640 1185 Nam
1657 1168 1742 1194 nuper

955 1208 1006 1227 nec
1020 1200 1114 1232 verba,
1141 1208 1192 1239 nec
1211 1202 1282 1235 aequi
1303 1201 1423 1236 bonique
1452 1209 1549 1229 sensus
1566 1208 1595 1230 nt
1609 1204 1741 1232 Bucclum

955 1240 1120 1277 restitueret,
1147 1246 1171 1273 ei
1199 1246 1365 1280 persuadere
1398 1247 1562 1282 potuissent,
1580 1250 1652 1283 quod
1669 1258 1743 1278 nunc

956 1291 1124 1324 restitueret,
1144 1292 1275 1326 quodque
1293 1292 1408 1320 Romani
1423 1295 1558 1322 exercitus
1571 1303 1619 1330 per
1632 1297 1743 1324 ordines

956 1337 988 1363 ad
1005 1344 1123 1371 pugnant
1143 1337 1284 1364 distributi
1310 1345 1451 1366 accessum
1474 1347 1527 1367 non
1550 1341 1667 1372 tulisset.
1694 1343 1742 1370 sed

957 1386 1021 1409 ante
1036 1381 1194 1409 conﬂictum
1215 1383 1307 1410 anitno
1331 1383 1429 1417 victus,
1444 1389 1471 1411 et
1491 1386 1588 1413 timore
1599 1388 1743 1421 perculsus

957 1435 1077 1462 pugnam
1105 1432 1269 1460 recusasset,
1283 1428 1419 1456 confessio
1448 1430 1589 1457 manifesta
1606 1437 1674 1465 erat,
1686 1433 1744 1460 lto-

957 1480 1053 1500 manos
1069 1473 1227 1507 superiores
1249 1481 1319 1502 esse.
1342 1473 1431 1506 Quare
1450 1480 1476 1502 et
1496 1475 1645 1509 imperator
1661 1485 1743 1504 occu-

957 1519 1034 1545 sione
1052 1519 1195 1551 utendum,
1208 1526 1259 1546 nec
1275 1519 1343 1546 ultra
1360 1527 1440 1553 quain
1456 1520 1497 1547 fas
1519 1522 1742 1550 contendendum

956 1564 1100 1600 judicavit.
1117 1564 1224 1591 Etenim
1239 1569 1302 1591 ante
1318 1565 1397 1599 202
1414 1565 1440 1592 id
1457 1570 1574 1601 tempus,
1586 1567 1743 1596 Andronico

958 1610 1065 1637 seniore
1079 1610 1241 1644 imperante,
1254 1617 1316 1636 eum
1334 1610 1362 1636 in
1374 1610 1559 1638 Romanorum
1574 1614 1744 1646 provinciam

958 1655 1057 1689 stopius
1085 1654 1294 1689 impressionem
1321 1654 1459 1688 fecissent,
1475 1664 1610 1692 nemoque
1632 1659 1685 1686 illis
1699 1668 1745 1687 oc-

959 1700 1102 1732 currisset,
1119 1699 1166 1727 sed
1183 1700 1367 1735 legationibus
1383 1705 1410 1727 et
1425 1703 1598 1730 sermonibus
1611 1704 1743 1733 duntaxat

959 1745 1078 1773 fuissent
1091 1746 1234 1780 diremptze
1251 1747 1456 1779 controversiae,
1472 1748 1658 1782 opinabantur
1687 1750 1743 1778 Ro-

960 1799 1055 1818 manos
1069 1792 1247 1825 imperatores
1257 1798 1363 1823 eorum,
1379 1796 1407 1818 ut
1419 1792 1491 1820 bello
1507 1793 1742 1830 insuperabilium,

960 1843 995 1863 ne
1025 1841 1165 1870 aspectum
1202 1835 1317 1870 quidem
1354 1836 1457 1864 laturos
1483 1845 1555 1866 esse.
1583 1840 1653 1866 Tum
1680 1850 1744 1869 tcto

962 1890 1059 1916 magno
1088 1886 1170 1916 atque
1201 1886 1313 1908 strenuo
1339 1882 1460 1909 exercitu
1492 1883 1647 1911 tendentem
1672 1886 1700 1914 in
1715 1895 1745 1914 se

959 1927 1155 1961 imperatorem
1180 1934 1295 1954 cernens
1318 1926 1451 1960 Michael,
1480 1929 1560 1956 aliter
1587 1931 1683 1963 sensit,
1715 1937 1744 1960 et

961 1974 1057 2008 pedem
1075 1974 1188 2001 omnino
1218 1973 1393 2001 referendum
1421 1975 1510 2002 duxit.
1531 1975 1595 2004 Tale
1614 1965 1743 2006 nimirum

962 2019 1087 2046 universe
1094 2019 1274 2046 Barbarorum
1286 2020 1423 2054 ingenium
1433 2026 1485 2052 est,
1495 2021 1627 2050 eﬂ‘renato
1638 2023 1744 2058 impetu

962 2066 1066 2093 instare
1092 2066 1253 2093 cedentibus
1279 2065 1333 2100 (39)
1352 2086 1359 2098 ,
1383 2067 1532 2101 intrepidos
1562 2073 1590 2094 et
1630 2069 1658 2096 in
1684 2071 1743 2098 acie

961 2116 1065 2140 stantes
1080 2111 1189 2146 aggredi
1217 2119 1270 2138 non
1296 2112 1406 2139 audete.
1423 2113 1538 2140 Romani
1555 2114 1656 2142 milites
1669 2117 1742 2150 quod

960 2164 1125 2184 concurrere
1141 2161 1167 2183 et
1183 2156 1301 2183 hostium
1330 2156 1415 2191 spolia
1432 2158 1502 2192 (qua:
1517 2163 1620 2185 tantum
1640 2168 1694 2187 non
1710 2164 1743 2188 de

124 2211 157 2237 τὸ
178 2210 322 2243 Ῥωμαίων
334 2207 467 2243 ἡττῆσθαι
485 2207 610 2241 φανερῶς
634 2207 837 2241 ὁμολογούντων
857 2206 904 2242 ἦν·

960 2204 1086 2231 manibus
1105 2203 1157 2231 sibi
1174 2210 1266 2238 erepta
1284 2203 1427 2238 putabant)
1447 2204 1538 2239 legere
1549 2213 1605 2232 non
1619 2206 1743 2235 licuisset

125 2256 174 2284 καὶ
189 2255 234 2282 διὰ
249 2254 328 2280 τοῦτο
342 2254 388 2279 καὶ
405 2252 509 2288 βασιλεῖ
520 2253 606 2279 ἐδόκει
623 2252 741 2287 χρῆσθαι
755 2253 793 2288 τῷ
807 2252 907 2288 καιρῷ,

127 2303 174 2328 καὶ
192 2301 229 2336 μὴ
243 2300 314 2334 πέρα
333 2291 379 2326 τοῦ
394 2299 579 2333 προσήκοντος
597 2298 768 2332 φιλονεικεῖν.
786 2299 831 2324 Ἐν
853 2298 906 2332 γὰρ

125 2348 182 2377 τοῖ;
204 2345 346 2380 προτέροις
369 2344 486 2378 χρόνοις.
509 2343 679 2377 Ἀνδρονίκου
692 2343 738 2369 τοῦ
757 2343 911 2378 πρεσϐυτέ-

129 2401 175 2427 pou
206 2391 336 2427 βασιλέως
361 2391 501 2425 ἄρχοντος,
527 2389 627 2420 πολλὰς
640 2390 668 2420 ἐς
696 2389 745 2423 τὴν
765 2388 909 2424 Ῥωμαίων

126 2439 241 2469 ὲσὸολὰς
263 2438 318 2464 τῶν
333 2437 433 2464 Μυσῶν
458 2436 662 2470 ποιησαμένων,
679 2435 739 2462 ἐπεὶ
756 2435 843 2466 οὐδεὶς
862 2435 910 2461 αὺ-

126 2487 184 2516 τοῖς
200 2483 407 2517 ἀντεπεξῆλϐεν,
425 2481 493 2509 ἀλλὰ
505 2481 663 2516 πρεσϐείαις
685 2482 732 2507 καὶ
755 2481 846 2515 λόγοις
863 2489 909 2506 πι-

128 2530 219 2560 θανοῖς
232 2529 351 2555 διελύετο
374 2528 422 2560 τὰς
448 2526 517 2562 πρὸς
540 2526 638 2558 αὐτοὺς
658 2526 788 2560 διαφορὰς
803 2527 817 2553 ὁ
835 2526 912 2561 βασι-

963 2250 1158 2282 tristabautur;
1179 2254 1252 2276 tanta
1275 2250 1423 2277 dimicandi
1439 2250 1539 2285 cupido
1551 2259 1647 2280 omnes
1664 2261 1744 2288 cepe—

961 2300 1013 2322 rat.
1039 2296 1151 2327 Tamen,
1170 2303 1235 2329 pace
1254 2295 1403 2322 constituta
1421 2300 1449 2322 et
1470 2296 1574 2324 ftedere
1590 2305 1660 2325 novo
1675 2306 1744 2325 con-

958 2342 1074 2374 ﬁrmata,
1088 2341 1202 2369 Michael
1220 2341 1350 2368 Bucclum
1366 2341 1505 2374 reddidit;
1521 2342 1601 2369 etdie
1617 2343 1744 2377 sequenti

958 2389 985 2414 in
1001 2387 1079 2422 equis
1103 2386 1306 2419 convenientes,
1323 2386 1470 2414 amicitiam
1495 2392 1677 2420 renovarunt;
1694 2396 1745 2416 nec

959 2435 1059 2462 deinde
1074 2435 1146 2462 inter
1158 2434 1295 2461 Romanos
1321 2439 1348 2460 et
1369 2433 1469 2460 Mutsos
1492 2434 1603 2467 bellum,
1619 2435 1666 2461 sed
1681 2442 1745 2469 per-

959 2486 1041 2516 petua
1056 2489 1107 2516 pax
1133 2481 1196 2508 fuit.
1212 2479 1336 2514 Cumque
1363 2480 1542 2514 pepigissent.
1558 2479 1585 2506 in
1604 2485 1743 2514 posterum
1773 2497 1778 2501 -

959 2532 1143 2555 conventuros
1166 2534 1220 2561 quo
1247 2527 1306 2553 loco
1324 2526 1546 2560 complacuisset,
1561 2526 1607 2554 ille
1627 2527 1656 2554 in
1679 2526 1744 2553 Mm~

752 2583 860 2614 Jacobi
876 2583 1007 2614 Pontani
1028 2587 1121 2614 notae.

129 2641 226 2670 stabile
241 2647 344 2674 agmen.
363 2637 412 2665 Vir
424 2638 492 2669 uiro,
505 2644 581 2674 arma
597 2636 678 2674 armis
704 2641 824 2674 conserta
836 2642 907 2669 tum,

129 2680 163 2704 ad
179 2671 271 2702 unum}
286 2674 414 2700 monentis
432 2673 537 2703 intenti,
555 2671 627 2706 sequi
640 2671 726 2705 signa,
741 2671 845 2698 ordines
858 2680 915 2698 ser-

129 2719 192 2739 vare
213 2709 337 2736 didicere.
358 2707 432 2740 Quod
449 2707 613 2741 imperatur,
634 2713 722 2732 omnes
747 2707 912 2738 exaudiunt,-

130 2747 266 2774 obsistere,
282 2743 403 2772 circuire,
423 2741 581 2771 discurrere,
597 2741 718 2776 inﬁconm
733 2745 844 2776 intutare
865 2749 915 2776 pu-

147 2789 209 2807 nam
229 2786 281 2804 non
295 2779 373 2803 duces
386 2777 480 2810 magis,
493 2783 571 2811 quam
587 2775 682 2811 milites
696 2773 802 2801 callent.
829 2793 835 2799 .

166 2815 223 2849 (39;
243 2813 331 2839 Etiam
349 2809 441 2849 bestiae
453 2809 727 2849 unaadaturl'ugientes
741 2817 911 2849 persequun-

132 2844 187 2883 tur,
204 2850 402 2883 persequentes
419 2845 535 2879 fugiunt.
551 2844 585 2870 Et
600 2844 730 2871 quoniam
744 2844 851 2871 barbari
864 2852 912 2879 pa-

296 2894 430 2924 PATROL.
447 2893 505 2922 GK.
528 2891 627 2922 CLIll.

960 2643 1023 2663 rum
1038 2636 1168 2664 diﬂ‘erunt
1187 2644 1202 2663 a
1228 2635 1318 2663 brutis
1335 2635 1531 2666 animantibus,
1544 2637 1608 2669 quia
1623 2634 1741 2666 barbari,

965 2671 1017 2699 hoc
1035 2675 1087 2704 est,
1102 2671 1209 2701 inculti.
1224 2675 1355 2705 agrestes,
1370 2670 1513 2697 inhumani
1531 2674 1604 2702 sunt,
1623 2678 1676 2696 non
1694 2670 1744 2696 mi-

965 2714 1026 2743 rum
1043 2713 1091 2743 eos
1110 2707 1138 2743 in
1157 2707 1208 2734 hoc
1231 2704 1342 2743 quoque
1356 2705 1458 2743 bestias
1475 2704 1589 2743 imitari,
1598 2711 1743 2743 sensuque

965 2741 1057 2775 potius
1071 2741 1145 2771 duci,
1165 2739 1248 2774 quam
1259 2741 1363 2767 ratione
1379 2741 1447 2774 regi,
1461 2747 1522 2767 cum
1540 2739 1604 2773 quid
1621 2739 1742 2769 virtutis,

964 2774 1045 2810 atque
1059 2775 1128 2802 adeo
1144 2775 1316 2802 fortitudinis
1326 2775 1371 2806 sit,
1386 2782 1439 2810 non
1457 2774 1577 2806 videant,
1593 2777 1620 2800 et
1632 2777 1741 2807 gustum

965 2809 1034 2838 verae
1048 2810 1138 2838 laudis
1149 2815 1177 2838 et
1193 2810 1285 2845 gloria:
1297 2809 1400 2837 nullum
1419 2809 1549 2836 habeant.

1491 2885 1526 2916 14
