  <div class='ocr_page' id='page_1' title='image "/cluster/home/n/w/nwhite01/storage/ocr_20150623/153/njp.32101010943478/218.png"; bbox 0 0 1922 3082; ppageno 0'>
   <div class='ocr_carea' id='block_1_1' title="bbox 171 75 225 106">
    <p class='ocr_par' dir='ltr' id='par_1_1' title="bbox 171 75 225 106">
     <span class='ocr_line' id='line_1_1' title="bbox 171 75 225 106; baseline 0 0"><span class='ocrx_word' id='word_1_1' title='bbox 171 75 225 106; x_wconf 67' lang='grc'><strong>429</strong></span> 
     </span>
    </p>
   </div>
   <div class='ocr_carea' id='block_1_2' title="bbox 754 70 1216 104">
    <p class='ocr_par' dir='ltr' id='par_1_2' title="bbox 754 70 1216 104">
     <span class='ocr_line' id='line_1_2' title="bbox 754 70 1216 104; baseline 0 0"><span class='ocrx_word' id='word_1_2' title='bbox 754 71 1027 104; x_wconf 80' lang='lat' dir='ltr'><strong>HISTORIARUM</strong></span> <span class='ocrx_word' id='word_1_3' title='bbox 1041 70 1156 103; x_wconf 80' lang='lat' dir='ltr'><strong>LIBER</strong></span> <span class='ocrx_word' id='word_1_4' title='bbox 1176 72 1216 104; x_wconf 83' lang='lat' dir='ltr'><strong>II.</strong></span> 
     </span>
    </p>
   </div>
   <div class='ocr_carea' id='block_1_3' title="bbox 1747 75 1798 112">
    <p class='ocr_par' dir='ltr' id='par_1_3' title="bbox 1747 75 1798 112">
     <span class='ocr_line' id='line_1_3' title="bbox 1747 75 1798 112; baseline 0 -5"><span class='ocrx_word' id='word_1_5' title='bbox 1747 75 1798 112; x_wconf 66' lang='lat'><strong>430</strong></span> 
     </span>
    </p>
   </div>
   <div class='ocr_carea' id='block_1_4' title="bbox 170 131 952 172">
    <p class='ocr_par' dir='ltr' id='par_1_4' title="bbox 170 132 952 169">
     <span class='ocr_line' id='line_1_4' title="bbox 170 132 952 169; baseline -0.005 -7"><span class='ocrx_word' id='word_1_6' title='bbox 170 135 230 168; x_wconf 77' lang='grc' dir='ltr'>είγι</span> <span class='ocrx_word' id='word_1_7' title='bbox 256 133 304 161; x_wconf 74' lang='grc' dir='ltr'><strong>καὶ</strong></span> <span class='ocrx_word' id='word_1_8' title='bbox 323 133 434 165; x_wconf 76' lang='grc' dir='ltr'><strong>οἰκείοις</strong></span> <span class='ocrx_word' id='word_1_9' title='bbox 449 133 574 169; x_wconf 73' lang='grc' dir='ltr'>ὄμμασιν</span> <span class='ocrx_word' id='word_1_10' title='bbox 590 133 664 169; x_wconf 74' lang='grc' dir='ltr'>ἑώρα</span> <span class='ocrx_word' id='word_1_11' title='bbox 682 132 758 168; x_wconf 81' lang='grc' dir='ltr'>ξίφος</span> <span class='ocrx_word' id='word_1_12' title='bbox 772 134 870 168; x_wconf 74' lang='grc' dir='ltr'>ἔχοντα</span> <span class='ocrx_word' id='word_1_13' title='bbox 888 132 952 167; x_wconf 73' lang='grc' dir='ltr'>αὑτᾷ</span> 
     </span>
    </p>
   </div>
   <div class='ocr_carea' id='block_1_5' title="bbox 1004 131 1798 172">
    <p class='ocr_par' dir='ltr' id='par_1_5' title="bbox 1013 131 1798 172">
     <span class='ocr_line' id='line_1_5' title="bbox 1013 131 1798 172; baseline 0.009 -14"><span class='ocrx_word' id='word_1_14' title='bbox 1013 139 1066 166; x_wconf 90' lang='lat' dir='ltr'><strong>que</strong></span> <span class='ocrx_word' id='word_1_15' title='bbox 1091 131 1224 167; x_wconf 88' lang='lat' dir='ltr'><strong>quidquid</strong></span> <span class='ocrx_word' id='word_1_16' title='bbox 1244 132 1358 160; x_wconf 89' lang='lat' dir='ltr'><strong>charum</strong></span> <span class='ocrx_word' id='word_1_17' title='bbox 1383 138 1411 161; x_wconf 87' lang='lat' dir='ltr'><strong>et</strong></span> <span class='ocrx_word' id='word_1_18' title='bbox 1427 132 1577 168; x_wconf 87' lang='lat' dir='ltr'><strong>jucundum</strong></span> <span class='ocrx_word' id='word_1_19' title='bbox 1603 135 1656 163; x_wconf 85' lang='lat' dir='ltr'><strong>sibi</strong></span> <span class='ocrx_word' id='word_1_20' title='bbox 1673 141 1798 172; x_wconf 80' lang='lat' dir='ltr'><strong>praestari</strong></span> 
     </span>
    </p>
   </div>
   <div class='ocr_carea' id='block_1_6' title="bbox 169 177 956 215">
    <p class='ocr_par' dir='ltr' id='par_1_6' title="bbox 169 177 956 215">
     <span class='ocr_line' id='line_1_6' title="bbox 169 177 956 215; baseline -0.005 -8"><span class='ocrx_word' id='word_1_21' title='bbox 169 181 209 212; x_wconf 79' lang='grc' dir='ltr'><strong>ὡς</strong></span> <span class='ocrx_word' id='word_1_22' title='bbox 223 180 425 207; x_wconf 79' lang='grc' dir='ltr'><strong>ἀποκτενοῦντα</strong></span> <span class='ocrx_word' id='word_1_23' title='bbox 435 180 553 213; x_wconf 74' lang='grc' dir='ltr'>ἐπιέναι,</span> <span class='ocrx_word' id='word_1_24' title='bbox 564 178 615 207; x_wconf 82' lang='grc' dir='ltr'>εἷθ’</span> <span class='ocrx_word' id='word_1_25' title='bbox 627 180 673 206; x_wconf 82' lang='grc' dir='ltr'><strong>ὑπ’</strong></span> <span class='ocrx_word' id='word_1_26' title='bbox 682 179 764 215; x_wconf 78' lang='grc' dir='ltr'>ἄλλης</span> <span class='ocrx_word' id='word_1_27' title='bbox 776 179 848 209; x_wconf 84' lang='grc' dir='ltr'>τινδς</span> <span class='ocrx_word' id='word_1_28' title='bbox 857 177 956 210; x_wconf 78' lang='grc' dir='ltr'>αἰτίας,</span> 
     </span>
    </p>
   </div>
   <div class='ocr_carea' id='block_1_7' title="bbox 171 224 956 260">
    <p class='ocr_par' dir='ltr' id='par_1_7' title="bbox 171 224 956 260">
     <span class='ocr_line' id='line_1_7' title="bbox 171 224 956 260; baseline -0.001 -9"><span class='ocrx_word' id='word_1_29' title='bbox 171 226 218 252; x_wconf 84' lang='grc' dir='ltr'>καὶ</span> <span class='ocrx_word' id='word_1_30' title='bbox 239 225 310 252; x_wconf 83' lang='grc' dir='ltr'>πάνυ</span> <span class='ocrx_word' id='word_1_31' title='bbox 333 225 371 260; x_wconf 87' lang='grc' dir='ltr'>μὴ</span> <span class='ocrx_word' id='word_1_32' title='bbox 395 225 559 259; x_wconf 83' lang='grc' dir='ltr'>βουλόμενον</span> <span class='ocrx_word' id='word_1_33' title='bbox 585 225 746 260; x_wconf 71' lang='grc' dir='ltr'>συμϐέϐηκε</span> <span class='ocrx_word' id='word_1_34' title='bbox 774 224 956 255; x_wconf 82' lang='grc' dir='ltr'>κεκωλύσθαι,</span> 
     </span>
    </p>
   </div>
   <div class='ocr_carea' id='block_1_8' title="bbox 172 270 957 306">
    <p class='ocr_par' dir='ltr' id='par_1_8' title="bbox 172 270 957 306">
     <span class='ocr_line' id='line_1_8' title="bbox 172 270 957 306; baseline -0.001 -8"><span class='ocrx_word' id='word_1_35' title='bbox 172 272 234 306; x_wconf 77' lang='grc' dir='ltr'>μηδ’</span> <span class='ocrx_word' id='word_1_36' title='bbox 246 271 317 297; x_wconf 79' lang='grc' dir='ltr'>οὕτω</span> <span class='ocrx_word' id='word_1_37' title='bbox 331 271 480 306; x_wconf 84' lang='grc' dir='ltr'>δυνηθῆναι</span> <span class='ocrx_word' id='word_1_38' title='bbox 493 270 525 298; x_wconf 77' lang='grc' dir='ltr'>ἄν</span> <span class='ocrx_word' id='word_1_39' title='bbox 539 280 604 298; x_wconf 87' lang='grc' dir='ltr'>ποτε</span> <span class='ocrx_word' id='word_1_40' title='bbox 621 271 749 306; x_wconf 73' lang='grc' dir='ltr'>ἀπεχθῶς</span> <span class='ocrx_word' id='word_1_41' title='bbox 771 270 957 297; x_wconf 69' lang='grc' dir='ltr'><strong>διακείσεσθαι</strong></span> 
     </span>
    </p>
   </div>
   <div class='ocr_carea' id='block_1_9' title="bbox 170 314 957 353">
    <p class='ocr_par' dir='ltr' id='par_1_9' title="bbox 170 314 957 353">
     <span class='ocr_line' id='line_1_9' title="bbox 170 314 957 353; baseline 0 -9"><span class='ocrx_word' id='word_1_42' title='bbox 170 317 256 352; x_wconf 77' lang='grc' dir='ltr'><strong>αὐτῷ.</strong></span> <span class='ocrx_word' id='word_1_43' title='bbox 277 317 331 344; x_wconf 72' lang='grc' dir='ltr'><strong>Καὶ</strong></span> <span class='ocrx_word' id='word_1_44' title='bbox 346 317 413 349; x_wconf 83' lang='grc' dir='ltr'>ὅλως</span> <span class='ocrx_word' id='word_1_45' title='bbox 429 318 514 352; x_wconf 80' lang='grc' dir='ltr'>μηδὲν</span> <span class='ocrx_word' id='word_1_46' title='bbox 532 314 602 344; x_wconf 79' lang='grc' dir='ltr'>εἶναι</span> <span class='ocrx_word' id='word_1_47' title='bbox 616 317 630 344; x_wconf 82' lang='grc' dir='ltr'><strong>ὃ</strong></span> <span class='ocrx_word' id='word_1_48' title='bbox 643 318 704 345; x_wconf 84' lang='grc' dir='ltr'>καθ’</span> <span class='ocrx_word' id='word_1_49' title='bbox 718 318 816 353; x_wconf 76' lang='grc' dir='ltr'>ἡδονὴν</span> <span class='ocrx_word' id='word_1_50' title='bbox 829 317 859 344; x_wconf 79' lang='grc' dir='ltr'>ὃν</span> <span class='ocrx_word' id='word_1_51' title='bbox 882 317 957 352; x_wconf 85' lang='grc' dir='ltr'>αὐτῷ</span> 
     </span>
    </p>
   </div>
   <div class='ocr_carea' id='block_1_10' title="bbox 171 363 956 400">
    <p class='ocr_par' dir='ltr' id='par_1_10' title="bbox 171 363 956 400">
     <span class='ocr_line' id='line_1_10' title="bbox 171 363 956 400; baseline 0 -11"><span class='ocrx_word' id='word_1_52' title='bbox 171 363 337 398; x_wconf 83' lang='grc' dir='ltr'>πραχθῆναι,</span> <span class='ocrx_word' id='word_1_53' title='bbox 352 363 390 398; x_wconf 79' lang='grc' dir='ltr'>μὴ</span> <span class='ocrx_word' id='word_1_54' title='bbox 401 364 482 390; x_wconf 83' lang='grc' dir='ltr'>αὐτὸν</span> <span class='ocrx_word' id='word_1_55' title='bbox 493 365 540 390; x_wconf 81' lang='grc' dir='ltr'><strong>σὺν</strong></span> <span class='ocrx_word' id='word_1_56' title='bbox 549 364 622 400; x_wconf 77' lang='grc' dir='ltr'>πάσῃ</span> <span class='ocrx_word' id='word_1_57' title='bbox 638 364 779 399; x_wconf 70' lang='grc' dir='ltr'>προθυμίᾳ</span> <span class='ocrx_word' id='word_1_58' title='bbox 791 365 956 399; x_wconf 75' lang='grc' dir='ltr'>παρασχεῖν,</span> 
     </span>
    </p>
   </div>
   <div class='ocr_carea' id='block_1_11' title="bbox 170 408 956 444">
    <p class='ocr_par' dir='ltr' id='par_1_11' title="bbox 170 408 956 444">
     <span class='ocr_line' id='line_1_11' title="bbox 170 408 956 444; baseline 0.001 -10"><span class='ocrx_word' id='word_1_59' title='bbox 170 408 208 440; x_wconf 83' lang='grc' dir='ltr'>ὡς</span> <span class='ocrx_word' id='word_1_60' title='bbox 224 408 293 435; x_wconf 66' lang='lat' dir='ltr'><strong>ana</strong></span> <span class='ocrx_word' id='word_1_61' title='bbox 309 408 342 435; x_wconf 84' lang='grc' dir='ltr'>ἂν</span> <span class='ocrx_word' id='word_1_62' title='bbox 356 408 429 443; x_wconf 82' lang='grc' dir='ltr'><strong>αὐτῷ</strong></span> <span class='ocrx_word' id='word_1_63' title='bbox 451 408 569 444; x_wconf 83' lang='grc' dir='ltr'>ἀρέσκῃ,</span> <span class='ocrx_word' id='word_1_64' title='bbox 592 410 640 435; x_wconf 77' lang='grc' dir='ltr'>καὶ</span> <span class='ocrx_word' id='word_1_65' title='bbox 666 408 740 443; x_wconf 73' lang='grc' dir='ltr'>αὐτῷ</span> <span class='ocrx_word' id='word_1_66' title='bbox 756 409 843 443; x_wconf 84' lang='grc' dir='ltr'><strong>ἡδέων</strong></span> <span class='ocrx_word' id='word_1_67' title='bbox 862 417 956 442; x_wconf 74' lang='grc' dir='ltr'>φαινο-</span> 
     </span>
    </p>
   </div>
   <div class='ocr_carea' id='block_1_12' title="bbox 173 446 957 488">
    <p class='ocr_par' dir='ltr' id='par_1_12' title="bbox 173 446 957 488">
     <span class='ocr_line' id='line_1_12' title="bbox 173 446 957 488; baseline 0.001 -9"><span class='ocrx_word' id='word_1_68' title='bbox 173 454 272 488; x_wconf 84' lang='grc' dir='ltr'>μένων.</span> <span class='ocrx_word' id='word_1_69' title='bbox 302 453 413 480; x_wconf 85' lang='grc' dir='ltr'><strong>Τούτων</strong></span> <span class='ocrx_word' id='word_1_70' title='bbox 438 451 486 480; x_wconf 85' lang='grc' dir='ltr'>οὖν</span> <span class='ocrx_word' id='word_1_71' title='bbox 515 453 601 484; x_wconf 77' lang='grc' dir='ltr'>οὕτως</span> <span class='ocrx_word' id='word_1_72' title='bbox 632 446 760 488; x_wconf 53' lang='grc' dir='ltr'>ὲχὶντων,</span> <span class='ocrx_word' id='word_1_73' title='bbox 789 454 884 488; x_wconf 84' lang='grc' dir='ltr'>ὥσπερ</span> <span class='ocrx_word' id='word_1_74' title='bbox 910 454 957 480; x_wconf 71' lang='grc' dir='ltr'>καὶ</span> 
     </span>
    </p>
   </div>
   <div class='ocr_carea' id='block_1_13' title="bbox 170 498 956 537">
    <p class='ocr_par' dir='ltr' id='par_1_13' title="bbox 170 498 956 537">
     <span class='ocr_line' id='line_1_13' title="bbox 170 498 956 537; baseline -0.001 -12"><span class='ocrx_word' id='word_1_75' title='bbox 170 499 254 526; x_wconf 83' lang='grc' dir='ltr'>αὐτὸν</span> <span class='ocrx_word' id='word_1_76' title='bbox 278 499 373 537; x_wconf 76' lang='grc' dir='ltr'>σαφῶς</span> <span class='ocrx_word' id='word_1_77' title='bbox 396 498 500 525; x_wconf 84' lang='grc' dir='ltr'>οίεσθαι</span> <span class='ocrx_word' id='word_1_78' title='bbox 515 498 677 530; x_wconf 79' lang='grc' dir='ltr'>πεπεῖσθαι,</span> <span class='ocrx_word' id='word_1_79' title='bbox 691 498 842 533; x_wconf 78' lang='grc' dir='ltr'>θαυμάζειν</span> <span class='ocrx_word' id='word_1_80' title='bbox 857 499 896 524; x_wconf 77' lang='grc' dir='ltr'><strong>ὅτι</strong></span> <span class='ocrx_word' id='word_1_81' title='bbox 919 498 956 533; x_wconf 84' lang='grc' dir='ltr'>μὴ</span> 
     </span>
    </p>
   </div>
   <div class='ocr_carea' id='block_1_14' title="bbox 170 543 956 579">
    <p class='ocr_par' dir='ltr' id='par_1_14' title="bbox 170 543 956 579">
     <span class='ocr_line' id='line_1_14' title="bbox 170 543 956 579; baseline 0 -9"><span class='ocrx_word' id='word_1_82' title='bbox 170 545 240 571; x_wconf 74' lang='grc' dir='ltr'><strong>κιτά</strong></span> <span class='ocrx_word' id='word_1_83' title='bbox 267 544 382 578; x_wconf 86' lang='grc' dir='ltr'>γνώμην</span> <span class='ocrx_word' id='word_1_84' title='bbox 397 543 427 570; x_wconf 81' lang='grc' dir='ltr'><strong>δν</strong></span> <span class='ocrx_word' id='word_1_85' title='bbox 447 543 520 579; x_wconf 84' lang='grc' dir='ltr'><strong>αὒτῷ</strong></span> <span class='ocrx_word' id='word_1_86' title='bbox 534 544 704 579; x_wconf 85' lang='grc' dir='ltr'>Συργιάννην</span> <span class='ocrx_word' id='word_1_87' title='bbox 726 544 896 579; x_wconf 82' lang='grc' dir='ltr'>ἀπολυθῆναι</span> <span class='ocrx_word' id='word_1_88' title='bbox 908 545 956 578; x_wconf 84' lang='grc' dir='ltr'>τῆς</span> 
     </span>
    </p>
   </div>
   <div class='ocr_carea' id='block_1_15' title="bbox 170 587 954 626">
    <p class='ocr_par' dir='ltr' id='par_1_15' title="bbox 170 587 954 626">
     <span class='ocr_line' id='line_1_15' title="bbox 170 587 954 626; baseline -0.001 -9"><span class='ocrx_word' id='word_1_89' title='bbox 170 590 295 626; x_wconf 73' lang='grc' dir='ltr'>εἱρκτῆς,</span> <span class='ocrx_word' id='word_1_90' title='bbox 312 589 461 624; x_wconf 73' lang='grc' dir='ltr'><strong>ἐλευθέρως</strong></span> <span class='ocrx_word' id='word_1_91' title='bbox 472 590 521 616; x_wconf 78' lang='grc' dir='ltr'>καὶ</span> <span class='ocrx_word' id='word_1_92' title='bbox 534 590 709 625; x_wconf 74' lang='grc' dir='ltr'><strong>ἀπεριέργως</strong></span> <span class='ocrx_word' id='word_1_93' title='bbox 726 587 804 617; x_wconf 78' lang='grc' dir='ltr'>εἶπεν</span> <span class='ocrx_word' id='word_1_94' title='bbox 815 589 844 622; x_wconf 77' lang='grc' dir='ltr'><strong>ἐξ</strong></span> <span class='ocrx_word' id='word_1_95' title='bbox 857 590 954 624; x_wconf 81' lang='grc' dir='ltr'>ἀρχῆς,</span> 
     </span>
    </p>
   </div>
   <div class='ocr_carea' id='block_1_16' title="bbox 171 635 957 672">
    <p class='ocr_par' dir='ltr' id='par_1_16' title="bbox 171 635 957 672">
     <span class='ocr_line' id='line_1_16' title="bbox 171 635 957 672; baseline -0.004 -8"><span class='ocrx_word' id='word_1_96' title='bbox 171 637 229 664; x_wconf 75' lang='grc' dir='ltr'>ἀλλ’</span> <span class='ocrx_word' id='word_1_97' title='bbox 239 635 334 672; x_wconf 83' lang='grc' dir='ltr'>ὥσπερ</span> <span class='ocrx_word' id='word_1_98' title='bbox 346 637 422 668; x_wconf 83' lang='grc' dir='ltr'>τινὰς</span> <span class='ocrx_word' id='word_1_99' title='bbox 435 636 576 672; x_wconf 74' lang='grc' dir='ltr'>τιθέμενον</span> <span class='ocrx_word' id='word_1_100' title='bbox 597 635 782 671; x_wconf 72' lang='grc' dir='ltr'>ἀναϐασμοὺς,</span> <span class='ocrx_word' id='word_1_101' title='bbox 796 635 892 670; x_wconf 85' lang='grc' dir='ltr'>πρῶτα</span> <span class='ocrx_word' id='word_1_102' title='bbox 908 635 957 669; x_wconf 73' lang='grc' dir='ltr'><strong>μὲν</strong></span> 
     </span>
    </p>
   </div>
   <div class='ocr_carea' id='block_1_17' title="bbox 172 679 956 717">
    <p class='ocr_par' dir='ltr' id='par_1_17' title="bbox 172 679 956 717">
     <span class='ocr_line' id='line_1_17' title="bbox 172 679 956 717; baseline -0.003 -8"><span class='ocrx_word' id='word_1_103' title='bbox 172 684 272 715; x_wconf 89' lang='grc' dir='ltr'>είπεῖν,</span> <span class='ocrx_word' id='word_1_104' title='bbox 302 682 356 709; x_wconf 84' lang='grc' dir='ltr'><strong>τῶν</strong></span> <span class='ocrx_word' id='word_1_105' title='bbox 383 682 481 709; x_wconf 82' lang='grc' dir='ltr'>κλοιῶν</span> <span class='ocrx_word' id='word_1_106' title='bbox 507 681 588 709; x_wconf 76' lang='grc' dir='ltr'>αὐτὸν</span> <span class='ocrx_word' id='word_1_107' title='bbox 617 682 765 717; x_wconf 80' lang='grc' dir='ltr'>ἀνεθῆναι,</span> <span class='ocrx_word' id='word_1_108' title='bbox 782 679 832 708; x_wconf 79' lang='grc' dir='ltr'>εἶτ’</span> <span class='ocrx_word' id='word_1_109' title='bbox 851 681 884 708; x_wconf 78' lang='grc' dir='ltr'>ἐκ</span> <span class='ocrx_word' id='word_1_110' title='bbox 908 680 956 707; x_wconf 77' lang='grc' dir='ltr'>τοῦ</span> 
     </span>
    </p>
   </div>
   <div class='ocr_carea' id='block_1_18' title="bbox 171 726 955 763">
    <p class='ocr_par' dir='ltr' id='par_1_18' title="bbox 171 726 955 763">
     <span class='ocr_line' id='line_1_18' title="bbox 171 726 955 763; baseline -0.003 -9"><span class='ocrx_word' id='word_1_111' title='bbox 171 727 363 763; x_wconf 80' lang='grc' dir='ltr'><strong>δεσμωτηρίου</strong></span> <span class='ocrx_word' id='word_1_112' title='bbox 384 726 450 762; x_wconf 73' lang='grc' dir='ltr'>πρὸς</span> <span class='ocrx_word' id='word_1_113' title='bbox 463 727 556 763; x_wconf 75' lang='grc' dir='ltr'>ἕτερον</span> <span class='ocrx_word' id='word_1_114' title='bbox 568 727 772 762; x_wconf 68' lang='grc' dir='ltr'>ἐπιεικέστερον</span> <span class='ocrx_word' id='word_1_115' title='bbox 790 726 955 762; x_wconf 76' lang='grc' dir='ltr'>μετενεχθῆ-</span> 
     </span>
    </p>
   </div>
   <div class='ocr_carea' id='block_1_19' title="bbox 170 772 956 807">
    <p class='ocr_par' dir='ltr' id='par_1_19' title="bbox 170 772 956 807">
     <span class='ocr_line' id='line_1_19' title="bbox 170 772 956 807; baseline -0.004 -6"><span class='ocrx_word' id='word_1_116' title='bbox 170 773 306 806; x_wconf 73' lang='grc' dir='ltr'>ναι,ὥστε</span> <span class='ocrx_word' id='word_1_117' title='bbox 321 773 453 800; x_wconf 82' lang='grc' dir='ltr'>δύνασθαι</span> <span class='ocrx_word' id='word_1_118' title='bbox 476 772 550 807; x_wconf 73' lang='grc' dir='ltr'>αὐτῷ</span> <span class='ocrx_word' id='word_1_119' title='bbox 562 772 610 799; x_wconf 80' lang='grc' dir='ltr'>καὶ</span> <span class='ocrx_word' id='word_1_120' title='bbox 624 773 658 800; x_wconf 78' lang='grc' dir='ltr'><strong>τὰ</strong></span> <span class='ocrx_word' id='word_1_121' title='bbox 674 774 757 800; x_wconf 78' lang='grc' dir='ltr'>τέκνα</span> <span class='ocrx_word' id='word_1_122' title='bbox 775 774 892 800; x_wconf 78' lang='grc' dir='ltr'>συνεῖναι</span> <span class='ocrx_word' id='word_1_123' title='bbox 909 773 956 799; x_wconf 77' lang='grc' dir='ltr'>καὶ</span> 
     </span>
    </p>
   </div>
   <div class='ocr_carea' id='block_1_20' title="bbox 168 818 955 854">
    <p class='ocr_par' dir='ltr' id='par_1_20' title="bbox 168 818 955 854">
     <span class='ocr_line' id='line_1_20' title="bbox 168 818 955 854; baseline -0.003 -8"><span class='ocrx_word' id='word_1_124' title='bbox 168 819 219 853; x_wconf 86' lang='grc' dir='ltr'>τὴν</span> <span class='ocrx_word' id='word_1_125' title='bbox 236 821 364 854; x_wconf 77' lang='grc' dir='ltr'>γυναῖκα,</span> <span class='ocrx_word' id='word_1_126' title='bbox 381 821 439 845; x_wconf 78' lang='grc' dir='ltr'>νυνὶ</span> <span class='ocrx_word' id='word_1_127' title='bbox 462 818 491 845; x_wconf 83' lang='grc' dir='ltr'>δὲ</span> <span class='ocrx_word' id='word_1_128' title='bbox 513 819 691 845; x_wconf 83' lang='grc' dir='ltr'>παντάπασιν</span> <span class='ocrx_word' id='word_1_129' title='bbox 720 818 889 853; x_wconf 81' lang='grc' dir='ltr'>ἀπολυθῆναι</span> <span class='ocrx_word' id='word_1_130' title='bbox 905 819 955 852; x_wconf 84' lang='grc' dir='ltr'>τῆς</span> 
     </span>
    </p>
   </div>
   <div class='ocr_carea' id='block_1_21' title="bbox 168 864 956 900">
    <p class='ocr_par' dir='ltr' id='par_1_21' title="bbox 168 864 956 900">
     <span class='ocr_line' id='line_1_21' title="bbox 168 864 956 900; baseline -0.001 -9"><span class='ocrx_word' id='word_1_131' title='bbox 168 865 291 900; x_wconf 78' lang='grc' dir='ltr'>εἱρκτῆς.</span> <span class='ocrx_word' id='word_1_132' title='bbox 310 865 375 891; x_wconf 87' lang='grc' dir='ltr'>Δέον</span> <span class='ocrx_word' id='word_1_133' title='bbox 392 864 446 900; x_wconf 84' lang='grc' dir='ltr'><strong>γὰρ</strong></span> <span class='ocrx_word' id='word_1_134' title='bbox 463 864 535 900; x_wconf 84' lang='grc' dir='ltr'>μετὰ</span> <span class='ocrx_word' id='word_1_135' title='bbox 547 864 596 898; x_wconf 77' lang='grc' dir='ltr'>τῆς</span> <span class='ocrx_word' id='word_1_136' title='bbox 613 872 654 890; x_wconf 90' lang='grc' dir='ltr'><strong>σοι</strong></span> <span class='ocrx_word' id='word_1_137' title='bbox 676 864 869 899; x_wconf 82' lang='grc' dir='ltr'>προσηκούσης</span> <span class='ocrx_word' id='word_1_138' title='bbox 886 864 956 899; x_wconf 77' lang='grc' dir='ltr'>παῤ-</span> 
     </span>
    </p>
   </div>
   <div class='ocr_carea' id='block_1_22' title="bbox 168 909 954 947">
    <p class='ocr_par' dir='ltr' id='par_1_22' title="bbox 168 909 954 947">
     <span class='ocr_line' id='line_1_22' title="bbox 168 909 954 947; baseline -0.004 -9"><span class='ocrx_word' id='word_1_139' title='bbox 168 912 268 947; x_wconf 74' lang='grc' dir='ltr'>ρησίας</span> <span class='ocrx_word' id='word_1_140' title='bbox 283 911 363 938; x_wconf 76' lang='grc' dir='ltr'>εὐθὺς</span> <span class='ocrx_word' id='word_1_141' title='bbox 374 910 403 942; x_wconf 82' lang='grc' dir='ltr'>ὲξ</span> <span class='ocrx_word' id='word_1_142' title='bbox 413 910 503 945; x_wconf 84' lang='grc' dir='ltr'>ἀρχῆς</span> <span class='ocrx_word' id='word_1_143' title='bbox 514 909 544 936; x_wconf 81' lang='grc' dir='ltr'><strong>τὺ</strong></span> <span class='ocrx_word' id='word_1_144' title='bbox 557 909 682 944; x_wconf 84' lang='grc' dir='ltr'>βούλημα</span> <span class='ocrx_word' id='word_1_145' title='bbox 698 910 810 943; x_wconf 83' lang='grc' dir='ltr'>ποιῆσαι</span> <span class='ocrx_word' id='word_1_146' title='bbox 827 910 954 945; x_wconf 77' lang='grc' dir='ltr'>φανερδν,</span> 
     </span>
    </p>
   </div>
   <div class='ocr_carea' id='block_1_23' title="bbox 166 955 955 992">
    <p class='ocr_par' dir='ltr' id='par_1_23' title="bbox 166 955 955 992">
     <span class='ocr_line' id='line_1_23' title="bbox 166 955 955 992; baseline -0.004 -8"><span class='ocrx_word' id='word_1_147' title='bbox 166 957 216 984; x_wconf 70' lang='grc' dir='ltr'><strong>καὶ</strong></span> <span class='ocrx_word' id='word_1_148' title='bbox 229 957 267 992; x_wconf 84' lang='grc' dir='ltr'>μὴ</span> <span class='ocrx_word' id='word_1_149' title='bbox 283 956 446 991; x_wconf 81' lang='grc' dir='ltr'>διατεμόντα</span> <span class='ocrx_word' id='word_1_150' title='bbox 460 956 501 987; x_wconf 85' lang='grc' dir='ltr'><strong>είς</strong></span> <span class='ocrx_word' id='word_1_151' title='bbox 517 955 612 987; x_wconf 79' lang='grc' dir='ltr'>πολλὰ,</span> <span class='ocrx_word' id='word_1_152' title='bbox 627 956 698 982; x_wconf 82' lang='grc' dir='ltr'><strong>κατά</strong></span> <span class='ocrx_word' id='word_1_153' title='bbox 713 956 798 990; x_wconf 85' lang='grc' dir='ltr'>μέρος</span> <span class='ocrx_word' id='word_1_154' title='bbox 818 956 955 981; x_wconf 86' lang='grc' dir='ltr'>ποιεῖσθαι</span> 
     </span>
    </p>
   </div>
   <div class='ocr_carea' id='block_1_24' title="bbox 166 992 957 1036">
    <p class='ocr_par' dir='ltr' id='par_1_24' title="bbox 166 992 957 1036">
     <span class='ocr_line' id='line_1_24' title="bbox 166 992 957 1036; baseline -0.003 -8"><span class='ocrx_word' id='word_1_155' title='bbox 166 1002 217 1033; x_wconf 79' lang='grc' dir='ltr'>τὰς</span> <span class='ocrx_word' id='word_1_156' title='bbox 234 1002 371 1036; x_wconf 81' lang='grc' dir='ltr'>αίτήσεις.</span> <span class='ocrx_word' id='word_1_157' title='bbox 387 1002 423 1027; x_wconf 83' lang='grc' dir='ltr'>Σὺ</span> <span class='ocrx_word' id='word_1_158' title='bbox 439 999 462 1027; x_wconf 83' lang='grc' dir='ltr'>δ’</span> <span class='ocrx_word' id='word_1_159' title='bbox 476 1000 571 1035; x_wconf 84' lang='grc' dir='ltr'>ὥσπερ</span> <span class='ocrx_word' id='word_1_160' title='bbox 586 1000 602 1035; x_wconf 81' lang='grc' dir='ltr'>ἢ</span> <span class='ocrx_word' id='word_1_161' title='bbox 620 992 689 1035; x_wconf 64' lang='grc' dir='ltr'>ἐμοῦ</span> <span class='ocrx_word' id='word_1_162' title='bbox 707 1000 808 1035; x_wconf 85' lang='grc' dir='ltr'>πολλὴν</span> <span class='ocrx_word' id='word_1_163' title='bbox 830 1001 957 1036; x_wconf 89' lang='grc' dir='ltr'>μικρολο-</span> 
     </span>
    </p>
   </div>
   <div class='ocr_carea' id='block_1_25' title="bbox 167 1044 954 1081">
    <p class='ocr_par' dir='ltr' id='par_1_25' title="bbox 167 1044 954 1081">
     <span class='ocr_line' id='line_1_25' title="bbox 167 1044 954 1081; baseline -0.001 -8"><span class='ocrx_word' id='word_1_164' title='bbox 167 1047 231 1081; x_wconf 81' lang='grc' dir='ltr'>γίαν</span> <span class='ocrx_word' id='word_1_165' title='bbox 245 1047 292 1074; x_wconf 72' lang='grc' dir='ltr'>καὶ</span> <span class='ocrx_word' id='word_1_166' title='bbox 305 1046 482 1081; x_wconf 85' lang='grc' dir='ltr'>ἁφιλοτιμὶαν</span> <span class='ocrx_word' id='word_1_167' title='bbox 499 1044 682 1079; x_wconf 80' lang='grc' dir='ltr'>κατεγνωκὼς</span> <span class='ocrx_word' id='word_1_168' title='bbox 695 1046 760 1080; x_wconf 82' lang='grc' dir='ltr'>περὶ</span> <span class='ocrx_word' id='word_1_169' title='bbox 769 1046 831 1077; x_wconf 77' lang='grc' dir='ltr'>τοὺς</span> <span class='ocrx_word' id='word_1_170' title='bbox 850 1046 954 1080; x_wconf 84' lang='grc' dir='ltr'>φίλους,</span> 
     </span>
    </p>
   </div>
   <div class='ocr_carea' id='block_1_26' title="bbox 168 1091 956 1127">
    <p class='ocr_par' dir='ltr' id='par_1_26' title="bbox 168 1091 956 1127">
     <span class='ocr_line' id='line_1_26' title="bbox 168 1091 956 1127; baseline 0 -9"><span class='ocrx_word' id='word_1_171' title='bbox 168 1093 186 1127; x_wconf 82' lang='grc' dir='ltr'>ἦ</span> <span class='ocrx_word' id='word_1_172' title='bbox 207 1092 300 1127; x_wconf 82' lang='grc' dir='ltr'>σαυτῷ</span> <span class='ocrx_word' id='word_1_173' title='bbox 317 1092 468 1126; x_wconf 82' lang='grc' dir='ltr'>ἀδυναμίαν</span> <span class='ocrx_word' id='word_1_174' title='bbox 484 1091 626 1123; x_wconf 84' lang='grc' dir='ltr'>συνειδὼς,</span> <span class='ocrx_word' id='word_1_175' title='bbox 641 1091 728 1122; x_wconf 73' lang='grc' dir='ltr'>οὕτως</span> <span class='ocrx_word' id='word_1_176' title='bbox 752 1092 875 1126; x_wconf 70' lang='grc' dir='ltr'>ἐποιήσω</span> <span class='ocrx_word' id='word_1_177' title='bbox 892 1092 956 1123; x_wconf 73' lang='grc' dir='ltr'>τοὺς</span> 
     </span>
    </p>
   </div>
   <div class='ocr_carea' id='block_1_27' title="bbox 168 1134 956 1173">
    <p class='ocr_par' dir='ltr' id='par_1_27' title="bbox 168 1134 956 1173">
     <span class='ocr_line' id='line_1_27' title="bbox 168 1134 956 1173; baseline -0.001 -8"><span class='ocrx_word' id='word_1_178' title='bbox 168 1138 281 1172; x_wconf 84' lang='grc' dir='ltr'>λόγους·</span> <span class='ocrx_word' id='word_1_179' title='bbox 302 1134 332 1165; x_wconf 77' lang='grc' dir='ltr'><strong>οὗ</strong></span> <span class='ocrx_word' id='word_1_180' title='bbox 354 1138 387 1173; x_wconf 82' lang='grc' dir='ltr'>δὴ</span> <span class='ocrx_word' id='word_1_181' title='bbox 408 1137 489 1164; x_wconf 70' lang='grc' dir='ltr'>ἕνεκα</span> <span class='ocrx_word' id='word_1_182' title='bbox 513 1138 560 1164; x_wconf 77' lang='grc' dir='ltr'><strong>καὶ</strong></span> <span class='ocrx_word' id='word_1_183' title='bbox 584 1137 750 1172; x_wconf 79' lang='grc' dir='ltr'>ἀχθεσθῆναι</span> <span class='ocrx_word' id='word_1_184' title='bbox 772 1135 861 1165; x_wconf 88' lang='grc' dir='ltr'>εῐπον.</span> <span class='ocrx_word' id='word_1_185' title='bbox 887 1137 956 1164; x_wconf 79' lang='grc' dir='ltr'>Νυνὶ</span> 
     </span>
    </p>
   </div>
   <div class='ocr_carea' id='block_1_28' title="bbox 165 1183 955 1219">
    <p class='ocr_par' dir='ltr' id='par_1_28' title="bbox 165 1183 955 1219">
     <span class='ocr_line' id='line_1_28' title="bbox 165 1183 955 1219; baseline -0.003 -7"><span class='ocrx_word' id='word_1_186' title='bbox 165 1186 188 1212; x_wconf 83' lang='grc' dir='ltr'>δ’</span> <span class='ocrx_word' id='word_1_187' title='bbox 203 1185 264 1212; x_wconf 73' lang='grc' dir='ltr'>ἐπεί</span> <span class='ocrx_word' id='word_1_188' title='bbox 280 1193 322 1211; x_wconf 86' lang='grc' dir='ltr'><strong>σοι</strong></span> <span class='ocrx_word' id='word_1_189' title='bbox 338 1183 415 1219; x_wconf 77' lang='grc' dir='ltr'>φίλον</span> <span class='ocrx_word' id='word_1_190' title='bbox 433 1183 603 1219; x_wconf 81' lang='grc' dir='ltr'>ἀπολυθῆναι</span> <span class='ocrx_word' id='word_1_191' title='bbox 614 1183 837 1219; x_wconf 72' lang='grc' dir='ltr'>Συργιάννηνττδ</span> <span class='ocrx_word' id='word_1_192' title='bbox 850 1184 955 1211; x_wconf 80' lang='grc' dir='ltr'>κωλὺον</span> 
     </span>
    </p>
   </div>
   <div class='ocr_carea' id='block_1_29' title="bbox 165 1229 955 1265">
    <p class='ocr_par' dir='ltr' id='par_1_29' title="bbox 165 1229 955 1265">
     <span class='ocr_line' id='line_1_29' title="bbox 165 1229 955 1265; baseline -0.003 -7"><span class='ocrx_word' id='word_1_193' title='bbox 165 1232 254 1258; x_wconf 83' lang='grc' dir='ltr'>οὐδέν.</span> <span class='ocrx_word' id='word_1_194' title='bbox 271 1231 357 1258; x_wconf 79' lang='grc' dir='ltr'>Ἀττα</span> <span class='ocrx_word' id='word_1_195' title='bbox 370 1230 424 1265; x_wconf 85' lang='grc' dir='ltr'><strong>γὰρ</strong></span> <span class='ocrx_word' id='word_1_196' title='bbox 434 1230 468 1257; x_wconf 80' lang='grc' dir='ltr'>ἂν</span> <span class='ocrx_word' id='word_1_197' title='bbox 483 1230 557 1265; x_wconf 87' lang='grc' dir='ltr'><strong>αὺτῷ</strong></span> <span class='ocrx_word' id='word_1_198' title='bbox 572 1238 612 1256; x_wconf 90' lang='grc' dir='ltr'><strong>σοι</strong></span> <span class='ocrx_word' id='word_1_199' title='bbox 629 1230 676 1256; x_wconf 76' lang='grc' dir='ltr'>καὶ</span> <span class='ocrx_word' id='word_1_200' title='bbox 693 1229 820 1264; x_wconf 87' lang='grc' dir='ltr'>βέλτιστα</span> <span class='ocrx_word' id='word_1_201' title='bbox 829 1230 894 1265; x_wconf 86' lang='grc' dir='ltr'>δοκῇ</span> <span class='ocrx_word' id='word_1_202' title='bbox 908 1231 955 1257; x_wconf 84' lang='grc' dir='ltr'>καὶ</span> 
     </span>
    </p>
   </div>
   <div class='ocr_carea' id='block_1_30' title="bbox 166 1275 956 1314">
    <p class='ocr_par' dir='ltr' id='par_1_30' title="bbox 166 1275 956 1314">
     <span class='ocr_line' id='line_1_30' title="bbox 166 1275 956 1314; baseline -0.004 -9"><span class='ocrx_word' id='word_1_203' title='bbox 166 1279 244 1314; x_wconf 81' lang='grc' dir='ltr'>ἡδέα,</span> <span class='ocrx_word' id='word_1_204' title='bbox 262 1278 312 1304; x_wconf 74' lang='grc' dir='ltr'>οὐκ</span> <span class='ocrx_word' id='word_1_205' title='bbox 337 1277 482 1308; x_wconf 77' lang='grc' dir='ltr'>ἐσθ’ὂπως</span> <span class='ocrx_word' id='word_1_206' title='bbox 511 1277 549 1311; x_wconf 83' lang='grc' dir='ltr'>μὴ</span> <span class='ocrx_word' id='word_1_207' title='bbox 573 1278 606 1303; x_wconf 81' lang='grc' dir='ltr'>ὲκ</span> <span class='ocrx_word' id='word_1_208' title='bbox 630 1276 676 1302; x_wconf 87' lang='grc' dir='ltr'>τοῦ</span> <span class='ocrx_word' id='word_1_209' title='bbox 693 1275 751 1302; x_wconf 82' lang='grc' dir='ltr'>ῐσου</span> <span class='ocrx_word' id='word_1_210' title='bbox 773 1276 855 1311; x_wconf 80' lang='grc' dir='ltr'>ὃμοια</span> <span class='ocrx_word' id='word_1_211' title='bbox 871 1277 956 1311; x_wconf 74' lang='grc' dir='ltr'>κάμοὶ</span> 
     </span>
    </p>
   </div>
   <div class='ocr_carea' id='block_1_31' title="bbox 165 1322 953 1359">
    <p class='ocr_par' dir='ltr' id='par_1_31' title="bbox 165 1322 953 1359">
     <span class='ocr_line' id='line_1_31' title="bbox 165 1322 953 1359; baseline -0.005 -7"><span class='ocrx_word' id='word_1_212' title='bbox 165 1324 305 1352; x_wconf 81' lang='grc' dir='ltr'>δοκεῖν.”0</span> <span class='ocrx_word' id='word_1_213' title='bbox 322 1324 408 1359; x_wconf 81' lang='grc' dir='ltr'>μέγας</span> <span class='ocrx_word' id='word_1_214' title='bbox 420 1322 448 1350; x_wconf 80' lang='grc' dir='ltr'>δὲ</span> <span class='ocrx_word' id='word_1_215' title='bbox 463 1323 623 1358; x_wconf 86' lang='grc' dir='ltr'>δομέστικος</span> <span class='ocrx_word' id='word_1_216' title='bbox 634 1341 641 1354; x_wconf 89' lang='lat'><strong>,</strong></span> <span class='ocrx_word' id='word_1_217' title='bbox 662 1322 763 1357; x_wconf 78' lang='grc' dir='ltr'>Ἀληθῆ</span> <span class='ocrx_word' id='word_1_218' title='bbox 776 1331 808 1356; x_wconf 87' lang='grc' dir='ltr'><strong>γε</strong></span> <span class='ocrx_word' id='word_1_219' title='bbox 829 1323 953 1357; x_wconf 81' lang='grc' dir='ltr'>είρηκας,</span> 
     </span>
    </p>
   </div>
   <div class='ocr_carea' id='block_1_32' title="bbox 166 1362 955 1405">
    <p class='ocr_par' dir='ltr' id='par_1_32' title="bbox 166 1362 955 1405">
     <span class='ocr_line' id='line_1_32' title="bbox 166 1362 955 1405; baseline -0.005 -7"><span class='ocrx_word' id='word_1_220' title='bbox 166 1370 255 1403; x_wconf 75' lang='grc' dir='ltr'>εἶπεν,</span> <span class='ocrx_word' id='word_1_221' title='bbox 273 1367 295 1397; x_wconf 83' lang='grc' dir='ltr'>ὦ</span> <span class='ocrx_word' id='word_1_222' title='bbox 307 1369 434 1405; x_wconf 76' lang='grc' dir='ltr'>βασιλεῦ’</span> <span class='ocrx_word' id='word_1_223' title='bbox 449 1369 479 1396; x_wconf 83' lang='grc' dir='ltr'>οὐ</span> <span class='ocrx_word' id='word_1_224' title='bbox 491 1362 546 1404; x_wconf 65' lang='grc' dir='ltr'>γῗιρ</span> <span class='ocrx_word' id='word_1_225' title='bbox 571 1369 656 1400; x_wconf 70' lang='grc' dir='ltr'>ἐστιν,</span> <span class='ocrx_word' id='word_1_226' title='bbox 671 1368 733 1403; x_wconf 41' lang='grc' dir='ltr'>οὐκ,</span> <span class='ocrx_word' id='word_1_227' title='bbox 745 1368 818 1395; x_wconf 79' lang='grc' dir='ltr'>ἔστιν</span> <span class='ocrx_word' id='word_1_228' title='bbox 839 1368 924 1400; x_wconf 78' lang='grc' dir='ltr'>οὐδὲν,</span> <span class='ocrx_word' id='word_1_229' title='bbox 941 1368 955 1394; x_wconf 82' lang='grc' dir='ltr'>ὃ</span> 
     </span>
    </p>
   </div>
   <div class='ocr_carea' id='block_1_33' title="bbox 166 1414 955 1453">
    <p class='ocr_par' dir='ltr' id='par_1_33' title="bbox 166 1414 955 1453">
     <span class='ocr_line' id='line_1_33' title="bbox 166 1414 955 1453; baseline -0.004 -9"><span class='ocrx_word' id='word_1_230' title='bbox 166 1418 332 1453; x_wconf 77' lang='grc' dir='ltr'>θελήσαντος</span> <span class='ocrx_word' id='word_1_231' title='bbox 353 1415 422 1450; x_wconf 71' lang='grc' dir='ltr'>ἐμοῦ</span> <span class='ocrx_word' id='word_1_232' title='bbox 437 1415 607 1450; x_wconf 79' lang='grc' dir='ltr'>πραχθῆναι,</span> <span class='ocrx_word' id='word_1_233' title='bbox 625 1414 751 1441; x_wconf 75' lang='grc' dir='ltr'>ἐναντίαν</span> <span class='ocrx_word' id='word_1_234' title='bbox 767 1414 850 1444; x_wconf 75' lang='grc' dir='ltr'>οἴσεις</span> <span class='ocrx_word' id='word_1_235' title='bbox 865 1414 955 1449; x_wconf 83' lang='grc' dir='ltr'>ψῆφον</span> 
     </span>
    </p>
   </div>
   <div class='ocr_carea' id='block_1_34' title="bbox 167 1460 990 1502">
    <p class='ocr_par' dir='ltr' id='par_1_34' title="bbox 167 1460 990 1502">
     <span class='ocr_line' id='line_1_34' title="bbox 167 1460 990 1502; baseline -0.007 -11"><span class='ocrx_word' id='word_1_236' title='bbox 167 1464 260 1495; x_wconf 83' lang='grc' dir='ltr'>αὐτός.</span> <span class='ocrx_word' id='word_1_237' title='bbox 276 1464 332 1490; x_wconf 79' lang='grc' dir='ltr'><strong>Καὶ</strong></span> <span class='ocrx_word' id='word_1_238' title='bbox 349 1461 438 1495; x_wconf 83' lang='grc' dir='ltr'>τοῦτο,</span> <span class='ocrx_word' id='word_1_239' title='bbox 451 1462 500 1488; x_wconf 78' lang='grc' dir='ltr'>οὐκ</span> <span class='ocrx_word' id='word_1_240' title='bbox 514 1461 568 1487; x_wconf 78' lang='grc' dir='ltr'>ἀπὸ</span> <span class='ocrx_word' id='word_1_241' title='bbox 584 1460 638 1487; x_wconf 84' lang='grc' dir='ltr'><strong>τῶν</strong></span> <span class='ocrx_word' id='word_1_242' title='bbox 655 1460 723 1495; x_wconf 70' lang='grc' dir='ltr'>πρὸς</span> <span class='ocrx_word' id='word_1_243' title='bbox 736 1461 785 1495; x_wconf 77' lang='grc' dir='ltr'><strong>ἐμὲ</strong></span> <span class='ocrx_word' id='word_1_244' title='bbox 801 1461 955 1495; x_wconf 84' lang='grc' dir='ltr'>είρημένων</span> <span class='ocrx_word' id='word_1_245' title='bbox 968 1471 990 1502; x_wconf 79' lang='lat' dir='ltr'>C</span> 
     </span>
    </p>
   </div>
   <div class='ocr_carea' id='block_1_35' title="bbox 166 1506 953 1543">
    <p class='ocr_par' dir='ltr' id='par_1_35' title="bbox 166 1506 953 1543">
     <span class='ocr_line' id='line_1_35' title="bbox 166 1506 953 1543; baseline -0.005 -6"><span class='ocrx_word' id='word_1_246' title='bbox 166 1511 224 1538; x_wconf 81' lang='grc' dir='ltr'>νυνὶ</span> <span class='ocrx_word' id='word_1_247' title='bbox 251 1510 348 1543; x_wconf 87' lang='grc' dir='ltr'>λόγων,</span> <span class='ocrx_word' id='word_1_248' title='bbox 374 1508 443 1536; x_wconf 80' lang='grc' dir='ltr'>ἀλλὰ</span> <span class='ocrx_word' id='word_1_249' title='bbox 472 1507 539 1534; x_wconf 84' lang='grc' dir='ltr'>πολὺ</span> <span class='ocrx_word' id='word_1_250' title='bbox 567 1507 700 1542; x_wconf 80' lang='grc' dir='ltr'>πρότερον</span> <span class='ocrx_word' id='word_1_251' title='bbox 728 1506 757 1539; x_wconf 75' lang='grc' dir='ltr'><strong>ἐξ</strong></span> <span class='ocrx_word' id='word_1_252' title='bbox 784 1506 873 1532; x_wconf 78' lang='grc' dir='ltr'>αὐτῶν</span> <span class='ocrx_word' id='word_1_253' title='bbox 899 1506 953 1533; x_wconf 86' lang='grc' dir='ltr'><strong>τῶν</strong></span> 
     </span>
    </p>
   </div>
   <div class='ocr_carea' id='block_1_36' title="bbox 167 1551 961 1592">
    <p class='ocr_par' dir='ltr' id='par_1_36' title="bbox 167 1551 961 1592">
     <span class='ocr_line' id='line_1_36' title="bbox 167 1551 961 1592; baseline -0.008 -9"><span class='ocrx_word' id='word_1_254' title='bbox 167 1557 266 1592; x_wconf 74' lang='grc' dir='ltr'>ἔργων,</span> <span class='ocrx_word' id='word_1_255' title='bbox 280 1556 341 1590; x_wconf 83' lang='grc' dir='ltr'>ὲμοί</span> <span class='ocrx_word' id='word_1_256' title='bbox 353 1564 383 1581; x_wconf 87' lang='grc' dir='ltr'><strong>τε</strong></span> <span class='ocrx_word' id='word_1_257' title='bbox 401 1553 509 1588; x_wconf 85' lang='grc' dir='ltr'>πρῶτον</span> <span class='ocrx_word' id='word_1_258' title='bbox 530 1554 577 1580; x_wconf 75' lang='grc' dir='ltr'><strong>καὶ</strong></span> <span class='ocrx_word' id='word_1_259' title='bbox 591 1554 649 1584; x_wconf 85' lang='grc' dir='ltr'>τοῖς</span> <span class='ocrx_word' id='word_1_260' title='bbox 665 1551 754 1583; x_wconf 82' lang='grc' dir='ltr'>ἄλλοις</span> <span class='ocrx_word' id='word_1_261' title='bbox 777 1553 878 1580; x_wconf 77' lang='grc' dir='ltr'>ἅπασίν</span> <span class='ocrx_word' id='word_1_262' title='bbox 895 1554 961 1580; x_wconf 67' lang='grc' dir='ltr'>ἐστι.</span> 
     </span>
    </p>
   </div>
   <div class='ocr_carea' id='block_1_37' title="bbox 167 1599 953 1637">
    <p class='ocr_par' dir='ltr' id='par_1_37' title="bbox 167 1599 953 1637">
     <span class='ocr_line' id='line_1_37' title="bbox 167 1599 953 1637; baseline -0.006 -7"><span class='ocrx_word' id='word_1_263' title='bbox 167 1602 335 1637; x_wconf 79' lang='grc' dir='ltr'>καταφανές.</span> <span class='ocrx_word' id='word_1_264' title='bbox 352 1601 413 1627; x_wconf 86' lang='grc' dir='ltr'><strong>Ὅτι</strong></span> <span class='ocrx_word' id='word_1_265' title='bbox 425 1601 453 1626; x_wconf 84' lang='grc' dir='ltr'>δὲ</span> <span class='ocrx_word' id='word_1_266' title='bbox 477 1600 522 1626; x_wconf 74' lang='grc' dir='ltr'><strong>τὸν</strong></span> <span class='ocrx_word' id='word_1_267' title='bbox 548 1600 604 1627; x_wconf 82' lang='grc' dir='ltr'>τσον</span> <span class='ocrx_word' id='word_1_268' title='bbox 618 1601 717 1636; x_wconf 84' lang='grc' dir='ltr'>τρόπον</span> <span class='ocrx_word' id='word_1_269' title='bbox 732 1600 786 1635; x_wconf 78' lang='grc' dir='ltr'><strong>ἔχω</strong></span> <span class='ocrx_word' id='word_1_270' title='bbox 805 1600 851 1626; x_wconf 74' lang='grc' dir='ltr'>καὶ</span> <span class='ocrx_word' id='word_1_271' title='bbox 872 1599 953 1628; x_wconf 79' lang='grc' dir='ltr'>αὐτὸς</span> 
     </span>
    </p>
   </div>
   <div class='ocr_carea' id='block_1_38' title="bbox 166 1645 953 1683">
    <p class='ocr_par' dir='ltr' id='par_1_38' title="bbox 166 1645 953 1683">
     <span class='ocr_line' id='line_1_38' title="bbox 166 1645 953 1683; baseline -0.006 -8"><span class='ocrx_word' id='word_1_272' title='bbox 166 1649 236 1683; x_wconf 81' lang='grc' dir='ltr'>πρὸς</span> <span class='ocrx_word' id='word_1_273' title='bbox 259 1647 305 1678; x_wconf 75' lang='grc' dir='ltr'>σὲ,</span> <span class='ocrx_word' id='word_1_274' title='bbox 325 1647 380 1674; x_wconf 81' lang='grc' dir='ltr'>οὐδ’</span> <span class='ocrx_word' id='word_1_275' title='bbox 398 1646 562 1678; x_wconf 82' lang='grc' dir='ltr'>ἀποδείξεως</span> <span class='ocrx_word' id='word_1_276' title='bbox 589 1646 734 1681; x_wconf 82' lang='grc' dir='ltr'>δεήσεσθαι</span> <span class='ocrx_word' id='word_1_277' title='bbox 762 1646 849 1672; x_wconf 87' lang='grc' dir='ltr'>δοκῶ·</span> <span class='ocrx_word' id='word_1_278' title='bbox 873 1645 953 1676; x_wconf 76' lang='grc' dir='ltr'>αὐτὸς</span> 
     </span>
    </p>
   </div>
   <div class='ocr_carea' id='block_1_39' title="bbox 166 1691 950 1730">
    <p class='ocr_par' dir='ltr' id='par_1_39' title="bbox 166 1691 950 1730">
     <span class='ocr_line' id='line_1_39' title="bbox 166 1691 950 1730; baseline -0.004 -10"><span class='ocrx_word' id='word_1_279' title='bbox 166 1694 404 1730; x_wconf 22' lang='grc' dir='ltr'>γάρίμοι-φθάσας</span> <span class='ocrx_word' id='word_1_280' title='bbox 429 1693 563 1728; x_wconf 79' lang='grc' dir='ltr'>πρότερον</span> <span class='ocrx_word' id='word_1_281' title='bbox 585 1692 828 1727; x_wconf 83' lang='grc' dir='ltr'>συνεμαρτύρησας</span> <span class='ocrx_word' id='word_1_282' title='bbox 849 1691 950 1722; x_wconf 82' lang='grc' dir='ltr'>καλῶς.</span> 
     </span>
    </p>
   </div>
   <div class='ocr_carea' id='block_1_40' title="bbox 171 1736 951 1775">
    <p class='ocr_par' dir='ltr' id='par_1_40' title="bbox 171 1736 951 1775">
     <span class='ocr_line' id='line_1_40' title="bbox 171 1736 951 1775; baseline -0.005 -8"><span class='ocrx_word' id='word_1_283' title='bbox 171 1740 243 1775; x_wconf 85' lang='grc' dir='ltr'><strong>Ἐγὼ</strong></span> <span class='ocrx_word' id='word_1_284' title='bbox 254 1740 339 1775; x_wconf 79' lang='grc' dir='ltr'>δὲτὴν</span> <span class='ocrx_word' id='word_1_285' title='bbox 350 1740 419 1775; x_wconf 84' lang='grc' dir='ltr'>πρὸς</span> <span class='ocrx_word' id='word_1_286' title='bbox 427 1739 557 1774; x_wconf 72' lang='grc' dir='ltr'>ἀλλήλους</span> <span class='ocrx_word' id='word_1_287' title='bbox 567 1738 646 1773; x_wconf 83' lang='grc' dir='ltr'>ἡμῶν</span> <span class='ocrx_word' id='word_1_288' title='bbox 657 1738 748 1772; x_wconf 81' lang='grc' dir='ltr'>φιλίαν</span> <span class='ocrx_word' id='word_1_289' title='bbox 759 1736 951 1772; x_wconf 74' lang='grc' dir='ltr'>παραῆἀλλων,</span> 
     </span>
    </p>
   </div>
   <div class='ocr_carea' id='block_1_41' title="bbox 165 1783 951 1822">
    <p class='ocr_par' dir='ltr' id='par_1_41' title="bbox 165 1783 951 1822">
     <span class='ocr_line' id='line_1_41' title="bbox 165 1783 951 1822; baseline -0.004 -10"><span class='ocrx_word' id='word_1_290' title='bbox 165 1786 205 1822; x_wconf 83' lang='grc' dir='ltr'><strong>τῷ</strong></span> <span class='ocrx_word' id='word_1_291' title='bbox 223 1787 273 1822; x_wconf 76' lang='grc' dir='ltr'>μὲν</span> <span class='ocrx_word' id='word_1_292' title='bbox 291 1786 367 1821; x_wconf 78' lang='grc' dir='ltr'>δγκῳ</span> <span class='ocrx_word' id='word_1_293' title='bbox 383 1787 432 1819; x_wconf 81' lang='grc' dir='ltr'>τῆς</span> <span class='ocrx_word' id='word_1_294' title='bbox 451 1785 539 1820; x_wconf 85' lang='grc' dir='ltr'>ἀρχῆς</span> <span class='ocrx_word' id='word_1_295' title='bbox 555 1784 602 1812; x_wconf 80' lang='grc' dir='ltr'>καὶ</span> <span class='ocrx_word' id='word_1_296' title='bbox 624 1784 663 1819; x_wconf 85' lang='grc' dir='ltr'>τῷ</span> <span class='ocrx_word' id='word_1_297' title='bbox 681 1784 791 1818; x_wconf 77' lang='grc' dir='ltr'>μεγέθει</span> <span class='ocrx_word' id='word_1_298' title='bbox 821 1783 951 1810; x_wconf 73' lang='grc' dir='ltr'>ἐλασσοῦ-</span> 
     </span>
    </p>
   </div>
   <div class='ocr_carea' id='block_1_42' title="bbox 167 1828 950 1866">
    <p class='ocr_par' dir='ltr' id='par_1_42' title="bbox 167 1828 950 1866">
     <span class='ocr_line' id='line_1_42' title="bbox 167 1828 950 1866; baseline -0.005 -7"><span class='ocrx_word' id='word_1_299' title='bbox 167 1833 229 1859; x_wconf 80' lang='grc' dir='ltr'>σθαι</span> <span class='ocrx_word' id='word_1_300' title='bbox 245 1830 349 1866; x_wconf 77' lang='grc' dir='ltr'>νομίζω</span> <span class='ocrx_word' id='word_1_301' title='bbox 369 1831 415 1858; x_wconf 81' lang='grc' dir='ltr'>καὶ</span> <span class='ocrx_word' id='word_1_302' title='bbox 430 1831 506 1865; x_wconf 81' lang='grc' dir='ltr'>παρὰ</span> <span class='ocrx_word' id='word_1_303' title='bbox 528 1829 606 1863; x_wconf 78' lang='grc' dir='ltr'>πολὺ,</span> <span class='ocrx_word' id='word_1_304' title='bbox 621 1831 678 1861; x_wconf 78' lang='grc' dir='ltr'>τοῖς</span> <span class='ocrx_word' id='word_1_305' title='bbox 704 1829 809 1860; x_wconf 87' lang='grc' dir='ltr'>λοιποῖς</span> <span class='ocrx_word' id='word_1_306' title='bbox 823 1828 850 1855; x_wconf 83' lang='grc' dir='ltr'>δὲ</span> <span class='ocrx_word' id='word_1_307' title='bbox 864 1829 950 1856; x_wconf 75' lang='grc' dir='ltr'>ἅπασι</span> 
     </span>
    </p>
   </div>
   <div class='ocr_carea' id='block_1_43' title="bbox 166 1875 950 1912">
    <p class='ocr_par' dir='ltr' id='par_1_43' title="bbox 166 1875 950 1912">
     <span class='ocr_line' id='line_1_43' title="bbox 166 1875 950 1912; baseline -0.006 -7"><span class='ocrx_word' id='word_1_308' title='bbox 166 1879 309 1906; x_wconf 78' lang='grc' dir='ltr'>λείπεσθαι</span> <span class='ocrx_word' id='word_1_309' title='bbox 324 1878 506 1904; x_wconf 81' lang='grc' dir='ltr'>οὖδοπωσοῢν.</span> <span class='ocrx_word' id='word_1_310' title='bbox 526 1876 564 1902; x_wconf 83' lang='grc' dir='ltr'><strong>Οὐ</strong></span> <span class='ocrx_word' id='word_1_311' title='bbox 583 1877 663 1912; x_wconf 79' lang='grc' dir='ltr'>μόνον</span> <span class='ocrx_word' id='word_1_312' title='bbox 677 1875 731 1911; x_wconf 73' lang='grc' dir='ltr'><strong>γὰρ</strong></span> <span class='ocrx_word' id='word_1_313' title='bbox 744 1875 762 1902; x_wconf 76' lang='grc' dir='ltr'>ἃ</span> <span class='ocrx_word' id='word_1_314' title='bbox 779 1875 950 1910; x_wconf 79' lang='grc' dir='ltr'>προείρηκας</span> 
     </span>
    </p>
   </div>
   <div class='ocr_carea' id='block_1_44' title="bbox 165 1921 950 1957">
    <p class='ocr_par' dir='ltr' id='par_1_44' title="bbox 165 1921 950 1957">
     <span class='ocr_line' id='line_1_44' title="bbox 165 1921 950 1957; baseline -0.006 -6"><span class='ocrx_word' id='word_1_315' title='bbox 165 1924 259 1957; x_wconf 72' lang='grc' dir='ltr'>αὐτὸς,</span> <span class='ocrx_word' id='word_1_316' title='bbox 275 1923 334 1950; x_wconf 77' lang='grc' dir='ltr'>ἀλλ’</span> <span class='ocrx_word' id='word_1_317' title='bbox 359 1924 386 1950; x_wconf 86' lang='grc' dir='ltr'><strong>εί</strong></span> <span class='ocrx_word' id='word_1_318' title='bbox 398 1932 424 1950; x_wconf 87' lang='grc' dir='ltr'><strong>τι</strong></span> <span class='ocrx_word' id='word_1_319' title='bbox 445 1924 493 1950; x_wconf 74' lang='grc' dir='ltr'>καὶ</span> <span class='ocrx_word' id='word_1_320' title='bbox 508 1923 610 1949; x_wconf 83' lang='grc' dir='ltr'>τούτων</span> <span class='ocrx_word' id='word_1_321' title='bbox 627 1921 721 1956; x_wconf 72' lang='grc' dir='ltr'>μεῖζον</span> <span class='ocrx_word' id='word_1_322' title='bbox 733 1921 781 1947; x_wconf 71' lang='grc' dir='ltr'>καὶ</span> <span class='ocrx_word' id='word_1_323' title='bbox 799 1922 887 1947; x_wconf 81' lang='grc' dir='ltr'>ποιεῖν</span> <span class='ocrx_word' id='word_1_324' title='bbox 902 1921 950 1947; x_wconf 82' lang='grc' dir='ltr'>καὶ</span> 
     </span>
    </p>
   </div>
   <div class='ocr_carea' id='block_1_45' title="bbox 166 1965 947 2006">
    <p class='ocr_par' dir='ltr' id='par_1_45' title="bbox 166 1965 947 2006">
     <span class='ocr_line' id='line_1_45' title="bbox 166 1965 947 2006; baseline -0.006 -9"><span class='ocrx_word' id='word_1_325' title='bbox 166 1971 314 2006; x_wconf 75' lang='grc' dir='ltr'>ὑπομένειν</span> <span class='ocrx_word' id='word_1_326' title='bbox 333 1970 402 2005; x_wconf 71' lang='grc' dir='ltr'>ὑπὲρ</span> <span class='ocrx_word' id='word_1_327' title='bbox 422 1970 471 2003; x_wconf 80' lang='grc' dir='ltr'>τῆς</span> <span class='ocrx_word' id='word_1_328' title='bbox 489 1969 556 2003; x_wconf 76' lang='grc' dir='ltr'>πρὸς</span> <span class='ocrx_word' id='word_1_329' title='bbox 580 1969 610 1994; x_wconf 76' lang='grc' dir='ltr'>σὲ</span> <span class='ocrx_word' id='word_1_330' title='bbox 626 1967 718 2002; x_wconf 79' lang='grc' dir='ltr'>φιλίας</span> <span class='ocrx_word' id='word_1_331' title='bbox 734 1967 843 2001; x_wconf 73' lang='grc' dir='ltr'>ἕτοιμος</span> <span class='ocrx_word' id='word_1_332' title='bbox 866 1965 947 1993; x_wconf 74' lang='grc' dir='ltr'>εἷναι.</span> 
     </span>
    </p>
   </div>
   <div class='ocr_carea' id='block_1_46' title="bbox 166 2011 949 2050">
    <p class='ocr_par' dir='ltr' id='par_1_46' title="bbox 166 2011 949 2050">
     <span class='ocr_line' id='line_1_46' title="bbox 166 2011 949 2050; baseline -0.008 -7"><span class='ocrx_word' id='word_1_333' title='bbox 166 2017 298 2050; x_wconf 80' lang='grc' dir='ltr'>Καίτοιγε</span> <span class='ocrx_word' id='word_1_334' title='bbox 313 2015 505 2049; x_wconf 78' lang='grc' dir='ltr'>κατ’ὲμαυτὸν</span> <span class='ocrx_word' id='word_1_335' title='bbox 522 2013 653 2044; x_wconf 82' lang='grc' dir='ltr'>πολλάκις</span> <span class='ocrx_word' id='word_1_336' title='bbox 683 2013 747 2043; x_wconf 86' lang='grc' dir='ltr'>τοὺς</span> <span class='ocrx_word' id='word_1_337' title='bbox 771 2011 847 2047; x_wconf 78' lang='grc' dir='ltr'>παρὰ</span> <span class='ocrx_word' id='word_1_338' title='bbox 870 2020 949 2047; x_wconf 83' lang='grc' dir='ltr'>ποιη-</span> 
     </span>
    </p>
   </div>
   <div class='ocr_carea' id='block_1_47' title="bbox 165 2058 948 2096">
    <p class='ocr_par' dir='ltr' id='par_1_47' title="bbox 165 2058 948 2096">
     <span class='ocr_line' id='line_1_47' title="bbox 165 2058 948 2096; baseline -0.009 -6"><span class='ocrx_word' id='word_1_339' title='bbox 165 2064 225 2094; x_wconf 77' lang='grc' dir='ltr'>ταῖς</span> <span class='ocrx_word' id='word_1_340' title='bbox 239 2064 287 2089; x_wconf 72' lang='grc' dir='ltr'>καὶ</span> <span class='ocrx_word' id='word_1_341' title='bbox 302 2062 492 2096; x_wconf 81' lang='grc' dir='ltr'>συγγραφεῦσι</span> <span class='ocrx_word' id='word_1_342' title='bbox 520 2059 597 2094; x_wconf 79' lang='grc' dir='ltr'>παρὰ</span> <span class='ocrx_word' id='word_1_343' title='bbox 617 2059 707 2086; x_wconf 87' lang='grc' dir='ltr'>πάντα</span> <span class='ocrx_word' id='word_1_344' title='bbox 720 2058 766 2085; x_wconf 81' lang='grc' dir='ltr'><strong>τὸν</strong></span> <span class='ocrx_word' id='word_1_345' title='bbox 786 2058 882 2093; x_wconf 71' lang='grc' dir='ltr'>χρόνον</span> <span class='ocrx_word' id='word_1_346' title='bbox 901 2058 948 2084; x_wconf 78' lang='grc' dir='ltr'><strong>ἐπὶ</strong></span> 
     </span>
    </p>
   </div>
   <div class='ocr_carea' id='block_1_48' title="bbox 165 2101 947 2142">
    <p class='ocr_par' dir='ltr' id='par_1_48' title="bbox 165 2101 947 2142">
     <span class='ocr_line' id='line_1_48' title="bbox 165 2101 947 2142; baseline -0.008 -9"><span class='ocrx_word' id='word_1_347' title='bbox 165 2107 242 2142; x_wconf 71' lang='grc' dir='ltr'>φιλίᾳ.</span> <span class='ocrx_word' id='word_1_348' title='bbox 257 2105 443 2140; x_wconf 80' lang='grc' dir='ltr'>ὑμνουμένους</span> <span class='ocrx_word' id='word_1_349' title='bbox 459 2103 599 2136; x_wconf 73' lang='grc' dir='ltr'><strong>ἐξετάζων</strong></span> <span class='ocrx_word' id='word_1_350' title='bbox 624 2102 670 2128; x_wconf 79' lang='grc' dir='ltr'>καὶ</span> <span class='ocrx_word' id='word_1_351' title='bbox 686 2101 868 2137; x_wconf 80' lang='grc' dir='ltr'>παραὸἀλλων</span> <span class='ocrx_word' id='word_1_352' title='bbox 890 2102 947 2133; x_wconf 85' lang='grc' dir='ltr'>τοῖς</span> 
     </span>
    </p>
   </div>
   <div class='ocr_carea' id='block_1_49' title="bbox 1013 178 1798 216">
    <p class='ocr_par' dir='ltr' id='par_1_49' title="bbox 1013 178 1798 216">
     <span class='ocr_line' id='line_1_49' title="bbox 1013 178 1798 216; baseline 0.005 -11"><span class='ocrx_word' id='word_1_353' title='bbox 1013 178 1088 210; x_wconf 92' lang='lat' dir='ltr'><strong>velit,</strong></span> <span class='ocrx_word' id='word_1_354' title='bbox 1109 178 1138 205; x_wconf 89' lang='lat' dir='ltr'><strong>id</strong></span> <span class='ocrx_word' id='word_1_355' title='bbox 1166 186 1195 206; x_wconf 88' lang='lat' dir='ltr'><strong>se</strong></span> <span class='ocrx_word' id='word_1_356' title='bbox 1211 186 1293 214; x_wconf 84' lang='lat' dir='ltr'><strong>quam</strong></span> <span class='ocrx_word' id='word_1_357' title='bbox 1309 179 1488 214; x_wconf 84' lang='lat' dir='ltr'><strong>cupidissime</strong></span> <span class='ocrx_word' id='word_1_358' title='bbox 1515 181 1714 216; x_wconf 68' lang='lat' dir='ltr'><strong>prmstiturum.</strong></span> <span class='ocrx_word' id='word_1_359' title='bbox 1731 184 1798 211; x_wconf 84' lang='lat' dir='ltr'><strong>Nam</strong></span> 
     </span>
    </p>
   </div>
   <div class='ocr_carea' id='block_1_50' title="bbox 1012 224 1798 258">
    <p class='ocr_par' dir='ltr' id='par_1_50' title="bbox 1012 224 1798 258">
     <span class='ocr_line' id='line_1_50' title="bbox 1012 224 1798 258; baseline 0.008 -8"><span class='ocrx_word' id='word_1_360' title='bbox 1012 231 1073 258; x_wconf 70' lang='lat' dir='ltr'><strong>quae</strong></span> <span class='ocrx_word' id='word_1_361' title='bbox 1091 224 1149 258; x_wconf 92' lang='lat' dir='ltr'><strong>ejus</strong></span> <span class='ocrx_word' id='word_1_362' title='bbox 1169 224 1260 251; x_wconf 89' lang='lat' dir='ltr'><strong>animo</strong></span> <span class='ocrx_word' id='word_1_363' title='bbox 1283 224 1418 258; x_wconf 85' lang='lat' dir='ltr'><strong>placeant,</strong></span> <span class='ocrx_word' id='word_1_364' title='bbox 1443 226 1538 253; x_wconf 87' lang='lat' dir='ltr'><strong>eadem</strong></span> <span class='ocrx_word' id='word_1_365' title='bbox 1565 231 1592 254; x_wconf 91' lang='lat' dir='ltr'><strong>et</strong></span> <span class='ocrx_word' id='word_1_366' title='bbox 1626 228 1677 254; x_wconf 90' lang='lat' dir='ltr'><strong>sibi</strong></span> <span class='ocrx_word' id='word_1_367' title='bbox 1705 229 1798 256; x_wconf 83' lang='lat' dir='ltr'><strong>suavia</strong></span> 
     </span>
    </p>
   </div>
   <div class='ocr_carea' id='block_1_51' title="bbox 1011 269 1799 306">
    <p class='ocr_par' dir='ltr' id='par_1_51' title="bbox 1011 269 1799 306">
     <span class='ocr_line' id='line_1_51' title="bbox 1011 269 1799 306; baseline 0.009 -12"><span class='ocrx_word' id='word_1_368' title='bbox 1011 273 1093 302; x_wconf 88' lang='lat' dir='ltr'><strong>atque</strong></span> <span class='ocrx_word' id='word_1_369' title='bbox 1112 276 1219 296; x_wconf 64' lang='lat' dir='ltr'><strong>amoena</strong></span> <span class='ocrx_word' id='word_1_370' title='bbox 1240 269 1338 296; x_wconf 88' lang='lat' dir='ltr'><strong>videri.</strong></span> <span class='ocrx_word' id='word_1_371' title='bbox 1353 269 1418 302; x_wconf 54' lang='lat' dir='ltr'><strong>Quae</strong></span> <span class='ocrx_word' id='word_1_372' title='bbox 1441 278 1502 298; x_wconf 83' lang='lat' dir='ltr'><strong>cum</strong></span> <span class='ocrx_word' id='word_1_373' title='bbox 1523 271 1559 297; x_wconf 87' lang='lat' dir='ltr'><strong>ita</strong></span> <span class='ocrx_word' id='word_1_374' title='bbox 1587 271 1652 304; x_wconf 84' lang='lat' dir='ltr'><strong>sint,</strong></span> <span class='ocrx_word' id='word_1_375' title='bbox 1667 274 1799 306; x_wconf 87' lang='lat' dir='ltr'><strong>quemad-</strong></span> 
     </span>
    </p>
   </div>
   <div class='ocr_carea' id='block_1_52' title="bbox 1012 313 1797 353">
    <p class='ocr_par' dir='ltr' id='par_1_52' title="bbox 1012 313 1797 353">
     <span class='ocr_line' id='line_1_52' title="bbox 1012 313 1797 353; baseline 0.01 -14"><span class='ocrx_word' id='word_1_376' title='bbox 1012 313 1123 340; x_wconf 92' lang='lat' dir='ltr'><strong>modum</strong></span> <span class='ocrx_word' id='word_1_377' title='bbox 1137 318 1165 340; x_wconf 85' lang='lat' dir='ltr'><strong>et</strong></span> <span class='ocrx_word' id='word_1_378' title='bbox 1179 314 1294 349; x_wconf 80' lang='lat' dir='ltr'><strong>ipsemet</strong></span> <span class='ocrx_word' id='word_1_379' title='bbox 1306 320 1381 348; x_wconf 79' lang='lat' dir='ltr'><strong>certo</strong></span> <span class='ocrx_word' id='word_1_380' title='bbox 1395 316 1475 348; x_wconf 85' lang='lat' dir='ltr'><strong>sciat,</strong></span> <span class='ocrx_word' id='word_1_381' title='bbox 1489 316 1584 343; x_wconf 91' lang='lat' dir='ltr'><strong>mirari</strong></span> <span class='ocrx_word' id='word_1_382' title='bbox 1597 325 1636 350; x_wconf 86' lang='lat' dir='ltr'><strong>se,</strong></span> <span class='ocrx_word' id='word_1_383' title='bbox 1652 325 1714 346; x_wconf 92' lang='lat' dir='ltr'><strong>cum</strong></span> <span class='ocrx_word' id='word_1_384' title='bbox 1732 318 1797 353; x_wconf 84' lang='lat' dir='ltr'><strong>Syr-</strong></span> 
     </span>
    </p>
   </div>
   <div class='ocr_carea' id='block_1_53' title="bbox 1010 359 1798 399">
    <p class='ocr_par' dir='ltr' id='par_1_53' title="bbox 1010 359 1798 399">
     <span class='ocr_line' id='line_1_53' title="bbox 1010 359 1798 399; baseline 0.008 -13"><span class='ocrx_word' id='word_1_385' title='bbox 1010 359 1138 394; x_wconf 79' lang='lat' dir='ltr'><strong>giannem</strong></span> <span class='ocrx_word' id='word_1_386' title='bbox 1152 360 1277 388; x_wconf 85' lang='lat' dir='ltr'><strong>custodia</strong></span> <span class='ocrx_word' id='word_1_387' title='bbox 1296 361 1442 388; x_wconf 88' lang='lat' dir='ltr'><strong>liberatum</strong></span> <span class='ocrx_word' id='word_1_388' title='bbox 1464 361 1646 396; x_wconf 69' lang='lat' dir='ltr'><strong>desideraret,</strong></span> <span class='ocrx_word' id='word_1_389' title='bbox 1659 366 1798 399; x_wconf 74' lang='lat' dir='ltr'><strong>quomo-lo</strong></span> 
     </span>
    </p>
   </div>
   <div class='ocr_carea' id='block_1_54' title="bbox 1011 406 1798 445">
    <p class='ocr_par' dir='ltr' id='par_1_54' title="bbox 1011 406 1798 445">
     <span class='ocr_line' id='line_1_54' title="bbox 1011 406 1798 445; baseline 0.009 -13"><span class='ocrx_word' id='word_1_390' title='bbox 1011 406 1038 432; x_wconf 89' lang='lat' dir='ltr'><strong>id</strong></span> <span class='ocrx_word' id='word_1_391' title='bbox 1052 413 1107 433; x_wconf 93' lang='lat' dir='ltr'><strong>non</strong></span> <span class='ocrx_word' id='word_1_392' title='bbox 1127 413 1141 433; x_wconf 90' lang='lat' dir='ltr'><strong>a</strong></span> <span class='ocrx_word' id='word_1_393' title='bbox 1168 406 1302 440; x_wconf 88' lang='lat' dir='ltr'><strong>principio</strong></span> <span class='ocrx_word' id='word_1_394' title='bbox 1319 407 1436 442; x_wconf 77' lang='lat' dir='ltr'><strong>ingenue</strong></span> <span class='ocrx_word' id='word_1_395' title='bbox 1452 408 1667 444; x_wconf 73' lang='lat' dir='ltr'><strong>simpliciterque</strong></span> <span class='ocrx_word' id='word_1_396' title='bbox 1682 419 1798 445; x_wconf 87' lang='lat' dir='ltr'><strong>aperue—</strong></span> 
     </span>
    </p>
   </div>
   <div class='ocr_carea' id='block_1_55' title="bbox 1011 451 1796 488">
    <p class='ocr_par' dir='ltr' id='par_1_55' title="bbox 1011 451 1796 488">
     <span class='ocr_line' id='line_1_55' title="bbox 1011 451 1796 488; baseline 0.008 -10"><span class='ocrx_word' id='word_1_397' title='bbox 1011 452 1057 483; x_wconf 91' lang='lat' dir='ltr'><strong>rit,</strong></span> <span class='ocrx_word' id='word_1_398' title='bbox 1073 451 1121 478; x_wconf 84' lang='lat' dir='ltr'><strong>sed</strong></span> <span class='ocrx_word' id='word_1_399' title='bbox 1135 451 1270 486; x_wconf 77' lang='lat' dir='ltr'><strong>gradatim</strong></span> <span class='ocrx_word' id='word_1_400' title='bbox 1287 453 1455 485; x_wconf 81' lang='lat' dir='ltr'><strong>ascenderit,</strong></span> <span class='ocrx_word' id='word_1_401' title='bbox 1470 461 1502 480; x_wconf 86' lang='lat' dir='ltr'><strong>ac</strong></span> <span class='ocrx_word' id='word_1_402' title='bbox 1519 455 1638 488; x_wconf 87' lang='lat' dir='ltr'><strong>primum</strong></span> <span class='ocrx_word' id='word_1_403' title='bbox 1657 456 1796 484; x_wconf 78' lang='lat' dir='ltr'><strong>collariam</strong></span> 
     </span>
    </p>
   </div>
   <div class='ocr_carea' id='block_1_56' title="bbox 1011 496 1795 532">
    <p class='ocr_par' dir='ltr' id='par_1_56' title="bbox 1011 496 1795 532">
     <span class='ocr_line' id='line_1_56' title="bbox 1011 496 1795 532; baseline 0.009 -8"><span class='ocrx_word' id='word_1_404' title='bbox 1011 496 1120 524; x_wconf 80' lang='lat' dir='ltr'><strong>detrahi</strong></span> <span class='ocrx_word' id='word_1_405' title='bbox 1134 497 1272 532; x_wconf 84' lang='lat' dir='ltr'><strong>petiverit.</strong></span> <span class='ocrx_word' id='word_1_406' title='bbox 1289 497 1353 524; x_wconf 90' lang='lat' dir='ltr'><strong>dein</strong></span> <span class='ocrx_word' id='word_1_407' title='bbox 1371 498 1509 526; x_wconf 87' lang='lat' dir='ltr'><strong>hominem</strong></span> <span class='ocrx_word' id='word_1_408' title='bbox 1524 500 1550 526; x_wconf 94' lang='lat' dir='ltr'><strong>in</strong></span> <span class='ocrx_word' id='word_1_409' title='bbox 1569 508 1708 529; x_wconf 83' lang='lat' dir='ltr'><strong>carcerem</strong></span> <span class='ocrx_word' id='word_1_410' title='bbox 1726 503 1795 531; x_wconf 88' lang='lat' dir='ltr'><strong>tole-</strong></span> 
     </span>
    </p>
   </div>
   <div class='ocr_carea' id='block_1_57' title="bbox 1011 542 1793 583">
    <p class='ocr_par' dir='ltr' id='par_1_57' title="bbox 1011 542 1793 583">
     <span class='ocr_line' id='line_1_57' title="bbox 1011 542 1793 583; baseline 0.009 -14"><span class='ocrx_word' id='word_1_411' title='bbox 1011 543 1167 570; x_wconf 87' lang='lat' dir='ltr'><strong>rabiliorem</strong></span> <span class='ocrx_word' id='word_1_412' title='bbox 1191 542 1343 575; x_wconf 77' lang='lat' dir='ltr'><strong>transferri,</strong></span> <span class='ocrx_word' id='word_1_413' title='bbox 1366 543 1412 570; x_wconf 89' lang='lat' dir='ltr'><strong>ubi</strong></span> <span class='ocrx_word' id='word_1_414' title='bbox 1439 545 1496 583; x_wconf 76' lang='lat' dir='ltr'><strong>nati</strong></span> <span class='ocrx_word' id='word_1_415' title='bbox 1514 550 1541 572; x_wconf 81' lang='lat' dir='ltr'><strong>et</strong></span> <span class='ocrx_word' id='word_1_416' title='bbox 1556 547 1655 581; x_wconf 84' lang='lat' dir='ltr'><strong>conjux</strong></span> <span class='ocrx_word' id='word_1_417' title='bbox 1680 555 1742 575; x_wconf 90' lang='lat' dir='ltr'><strong>cum</strong></span> <span class='ocrx_word' id='word_1_418' title='bbox 1759 557 1793 576; x_wconf 88' lang='lat' dir='ltr'><strong>eo</strong></span> 
     </span>
    </p>
   </div>
   <div class='ocr_carea' id='block_1_58' title="bbox 1011 590 1796 624">
    <p class='ocr_par' dir='ltr' id='par_1_58' title="bbox 1011 590 1796 624">
     <span class='ocr_line' id='line_1_58' title="bbox 1011 590 1796 624; baseline 0.006 -7"><span class='ocrx_word' id='word_1_419' title='bbox 1011 590 1110 624; x_wconf 77' lang='lat' dir='ltr'><strong>degere</strong></span> <span class='ocrx_word' id='word_1_420' title='bbox 1125 593 1236 624; x_wconf 81' lang='lat' dir='ltr'><strong>queant,</strong></span> <span class='ocrx_word' id='word_1_421' title='bbox 1249 597 1322 617; x_wconf 90' lang='lat' dir='ltr'><strong>nunc</strong></span> <span class='ocrx_word' id='word_1_422' title='bbox 1345 595 1435 617; x_wconf 85' lang='lat' dir='ltr'><strong>autem</strong></span> <span class='ocrx_word' id='word_1_423' title='bbox 1461 591 1573 618; x_wconf 92' lang='lat' dir='ltr'><strong>omnino</strong></span> <span class='ocrx_word' id='word_1_424' title='bbox 1589 599 1604 619; x_wconf 81' lang='grc' dir='ltr'><strong>ε</strong></span> <span class='ocrx_word' id='word_1_425' title='bbox 1625 601 1736 621; x_wconf 84' lang='lat' dir='ltr'><strong>carcere</strong></span> <span class='ocrx_word' id='word_1_426' title='bbox 1754 595 1796 622; x_wconf 90' lang='lat' dir='ltr'><strong>di-</strong></span> 
     </span>
    </p>
   </div>
   <div class='ocr_carea' id='block_1_59' title="bbox 1009 635 1796 674">
    <p class='ocr_par' dir='ltr' id='par_1_59' title="bbox 1009 635 1796 674">
     <span class='ocr_line' id='line_1_59' title="bbox 1009 635 1796 674; baseline 0.004 -10"><span class='ocrx_word' id='word_1_427' title='bbox 1009 636 1092 664; x_wconf 81' lang='lat' dir='ltr'><strong>mitti.</strong></span> <span class='ocrx_word' id='word_1_428' title='bbox 1113 636 1166 663; x_wconf 89' lang='lat' dir='ltr'><strong>Par</strong></span> <span class='ocrx_word' id='word_1_429' title='bbox 1186 635 1282 669; x_wconf 76' lang='lat' dir='ltr'><strong>fuisse,</strong></span> <span class='ocrx_word' id='word_1_430' title='bbox 1307 643 1357 670; x_wconf 90' lang='lat' dir='ltr'><strong>pro</strong></span> <span class='ocrx_word' id='word_1_431' title='bbox 1378 643 1411 663; x_wconf 86' lang='lat' dir='ltr'><strong>ea</strong></span> <span class='ocrx_word' id='word_1_432' title='bbox 1428 644 1482 671; x_wconf 90' lang='lat' dir='ltr'><strong>qua</strong></span> <span class='ocrx_word' id='word_1_433' title='bbox 1503 637 1574 672; x_wconf 90' lang='lat' dir='ltr'><strong>apud</strong></span> <span class='ocrx_word' id='word_1_434' title='bbox 1593 646 1623 666; x_wconf 78' lang='lat' dir='ltr'><strong>se</strong></span> <span class='ocrx_word' id='word_1_435' title='bbox 1645 640 1729 674; x_wconf 75' lang='lat' dir='ltr'><strong>gratia</strong></span> <span class='ocrx_word' id='word_1_436' title='bbox 1746 648 1796 667; x_wconf 89' lang='lat' dir='ltr'><strong>au-</strong></span> 
     </span>
    </p>
   </div>
   <div class='ocr_carea' id='block_1_60' title="bbox 1009 681 1794 718">
    <p class='ocr_par' dir='ltr' id='par_1_60' title="bbox 1009 681 1794 718">
     <span class='ocr_line' id='line_1_60' title="bbox 1009 681 1794 718; baseline 0.006 -10"><span class='ocrx_word' id='word_1_437' title='bbox 1009 681 1194 715; x_wconf 78' lang='lat' dir='ltr'><strong>ctoritateque</strong></span> <span class='ocrx_word' id='word_1_438' title='bbox 1212 681 1311 713; x_wconf 79' lang='lat' dir='ltr'><strong>valeat,</strong></span> <span class='ocrx_word' id='word_1_439' title='bbox 1326 681 1417 708; x_wconf 73' lang='lat' dir='ltr'><strong>Statim</strong></span> <span class='ocrx_word' id='word_1_440' title='bbox 1439 689 1455 709; x_wconf 90' lang='lat' dir='ltr'><strong>a</strong></span> <span class='ocrx_word' id='word_1_441' title='bbox 1475 683 1612 718; x_wconf 91' lang='lat' dir='ltr'><strong>principio</strong></span> <span class='ocrx_word' id='word_1_442' title='bbox 1625 685 1794 713; x_wconf 81' lang='lat' dir='ltr'><strong>voluntatem</strong></span> 
     </span>
    </p>
   </div>
   <div class='ocr_carea' id='block_1_61' title="bbox 1009 726 1794 765">
    <p class='ocr_par' dir='ltr' id='par_1_61' title="bbox 1009 726 1794 765">
     <span class='ocr_line' id='line_1_61' title="bbox 1009 726 1794 765; baseline 0.005 -11"><span class='ocrx_word' id='word_1_443' title='bbox 1009 734 1086 754; x_wconf 88' lang='lat' dir='ltr'><strong>suam</strong></span> <span class='ocrx_word' id='word_1_444' title='bbox 1101 727 1242 754; x_wconf 82' lang='lat' dir='ltr'><strong>declarare</strong></span> <span class='ocrx_word' id='word_1_445' title='bbox 1258 726 1410 759; x_wconf 87' lang='lat' dir='ltr'><strong>liberrime,</strong></span> <span class='ocrx_word' id='word_1_446' title='bbox 1423 735 1474 756; x_wconf 88' lang='lat' dir='ltr'><strong>nec</strong></span> <span class='ocrx_word' id='word_1_447' title='bbox 1490 736 1523 756; x_wconf 87' lang='lat' dir='ltr'><strong>ea</strong></span> <span class='ocrx_word' id='word_1_448' title='bbox 1540 729 1629 757; x_wconf 83' lang='lat' dir='ltr'><strong>divisa</strong></span> <span class='ocrx_word' id='word_1_449' title='bbox 1649 730 1677 757; x_wconf 91' lang='lat' dir='ltr'><strong>in</strong></span> <span class='ocrx_word' id='word_1_450' title='bbox 1692 736 1794 765; x_wconf 68' lang='lat' dir='ltr'><strong>partes,</strong></span> 
     </span>
    </p>
   </div>
   <div class='ocr_carea' id='block_1_62' title="bbox 1009 772 1796 809">
    <p class='ocr_par' dir='ltr' id='par_1_62' title="bbox 1009 772 1796 809">
     <span class='ocr_line' id='line_1_62' title="bbox 1009 772 1796 809; baseline 0.005 -9"><span class='ocrx_word' id='word_1_451' title='bbox 1009 773 1050 800; x_wconf 90' lang='lat' dir='ltr'><strong>sic</strong></span> <span class='ocrx_word' id='word_1_452' title='bbox 1066 780 1116 808; x_wconf 89' lang='lat' dir='ltr'><strong>pro</strong></span> <span class='ocrx_word' id='word_1_453' title='bbox 1145 780 1193 800; x_wconf 90' lang='lat' dir='ltr'><strong>reo</strong></span> <span class='ocrx_word' id='word_1_454' title='bbox 1219 780 1338 807; x_wconf 77' lang='lat' dir='ltr'><strong>precari.</strong></span> <span class='ocrx_word' id='word_1_455' title='bbox 1360 772 1428 800; x_wconf 88' lang='lat' dir='ltr'><strong>Eum</strong></span> <span class='ocrx_word' id='word_1_456' title='bbox 1453 779 1544 802; x_wconf 86' lang='lat' dir='ltr'><strong>autem</strong></span> <span class='ocrx_word' id='word_1_457' title='bbox 1571 775 1685 809; x_wconf 83' lang='lat' dir='ltr'><strong>perinde</strong></span> <span class='ocrx_word' id='word_1_458' title='bbox 1713 777 1796 804; x_wconf 84' lang='lat' dir='ltr'><strong>verba</strong></span> 
     </span>
    </p>
   </div>
   <div class='ocr_carea' id='block_1_63' title="bbox 972 809 1796 851">
    <p class='ocr_par' dir='ltr' id='par_1_63' title="bbox 972 809 1796 851">
     <span class='ocr_line' id='line_1_63' title="bbox 972 809 1796 851; baseline 0.007 -6"><span class='ocrx_word' id='word_1_459' title='bbox 972 809 993 838; x_wconf 75' lang='grc' dir='ltr'><strong><em>Β</em></strong></span> <span class='ocrx_word' id='word_1_460' title='bbox 1007 818 1115 850; x_wconf 75' lang='lat' dir='ltr'><strong>fecisse,</strong></span> <span class='ocrx_word' id='word_1_461' title='bbox 1127 827 1160 845; x_wconf 86' lang='lat' dir='ltr'><strong>ae</strong></span> <span class='ocrx_word' id='word_1_462' title='bbox 1173 819 1195 846; x_wconf 92' lang='lat' dir='ltr'><strong>si</strong></span> <span class='ocrx_word' id='word_1_463' title='bbox 1212 819 1254 846; x_wconf 90' lang='lat' dir='ltr'><strong>vel</strong></span> <span class='ocrx_word' id='word_1_464' title='bbox 1273 819 1300 846; x_wconf 93' lang='lat' dir='ltr'><strong>in</strong></span> <span class='ocrx_word' id='word_1_465' title='bbox 1313 819 1414 846; x_wconf 87' lang='lat' dir='ltr'><strong>amicos</strong></span> <span class='ocrx_word' id='word_1_466' title='bbox 1432 820 1573 848; x_wconf 87' lang='lat' dir='ltr'><strong>sordidum</strong></span> <span class='ocrx_word' id='word_1_467' title='bbox 1587 827 1614 849; x_wconf 86' lang='lat' dir='ltr'><strong>ct</strong></span> <span class='ocrx_word' id='word_1_468' title='bbox 1627 822 1740 851; x_wconf 81' lang='lat' dir='ltr'><strong>honoris</strong></span> <span class='ocrx_word' id='word_1_469' title='bbox 1750 831 1796 851; x_wconf 85' lang='lat' dir='ltr'><strong>eo-</strong></span> 
     </span>
    </p>
   </div>
   <div class='ocr_carea' id='block_1_64' title="bbox 1007 865 1793 902">
    <p class='ocr_par' dir='ltr' id='par_1_64' title="bbox 1007 865 1793 902">
     <span class='ocr_line' id='line_1_64' title="bbox 1007 865 1793 902; baseline 0.006 -11"><span class='ocrx_word' id='word_1_470' title='bbox 1007 873 1068 892; x_wconf 95' lang='lat' dir='ltr'><strong>rum</strong></span> <span class='ocrx_word' id='word_1_471' title='bbox 1092 865 1274 900; x_wconf 74' lang='lat' dir='ltr'><strong>negligentem</strong></span> <span class='ocrx_word' id='word_1_472' title='bbox 1299 866 1387 900; x_wconf 90' lang='lat' dir='ltr'><strong>ipsum</strong></span> <span class='ocrx_word' id='word_1_473' title='bbox 1406 866 1552 901; x_wconf 87' lang='lat' dir='ltr'><strong>judicaret,</strong></span> <span class='ocrx_word' id='word_1_474' title='bbox 1577 869 1619 895; x_wconf 89' lang='lat' dir='ltr'><strong>vel</strong></span> <span class='ocrx_word' id='word_1_475' title='bbox 1645 876 1675 895; x_wconf 94' lang='lat' dir='ltr'><strong>se</strong></span> <span class='ocrx_word' id='word_1_476' title='bbox 1697 877 1793 902; x_wconf 87' lang='lat' dir='ltr'><strong>parum</strong></span> 
     </span>
    </p>
   </div>
   <div class='ocr_carea' id='block_1_65' title="bbox 1006 911 1793 948">
    <p class='ocr_par' dir='ltr' id='par_1_65' title="bbox 1006 911 1793 948">
     <span class='ocr_line' id='line_1_65' title="bbox 1006 911 1793 948; baseline 0.008 -11"><span class='ocrx_word' id='word_1_477' title='bbox 1006 918 1086 945; x_wconf 86' lang='lat' dir='ltr'><strong>posse</strong></span> <span class='ocrx_word' id='word_1_478' title='bbox 1104 911 1234 943; x_wconf 86' lang='lat' dir='ltr'><strong>sentiret;</strong></span> <span class='ocrx_word' id='word_1_479' title='bbox 1249 917 1330 946; x_wconf 81' lang='lat' dir='ltr'><strong>atque</strong></span> <span class='ocrx_word' id='word_1_480' title='bbox 1345 913 1396 939; x_wconf 88' lang='lat' dir='ltr'><strong>hoc</strong></span> <span class='ocrx_word' id='word_1_481' title='bbox 1413 920 1474 941; x_wconf 87' lang='lat' dir='ltr'><strong>esse</strong></span> <span class='ocrx_word' id='word_1_482' title='bbox 1490 914 1563 948; x_wconf 88' lang='lat' dir='ltr'><strong>quod</strong></span> <span class='ocrx_word' id='word_1_483' title='bbox 1578 914 1631 941; x_wconf 87' lang='lat' dir='ltr'><strong>sibi</strong></span> <span class='ocrx_word' id='word_1_484' title='bbox 1648 916 1793 943; x_wconf 85' lang='lat' dir='ltr'><strong>molestum</strong></span> 
     </span>
    </p>
   </div>
   <div class='ocr_carea' id='block_1_66' title="bbox 1006 957 1795 996">
    <p class='ocr_par' dir='ltr' id='par_1_66' title="bbox 1006 957 1795 996">
     <span class='ocr_line' id='line_1_66' title="bbox 1006 957 1795 996; baseline 0.006 -13"><span class='ocrx_word' id='word_1_485' title='bbox 1006 957 1130 984; x_wconf 82' lang='lat' dir='ltr'><strong>accidere</strong></span> <span class='ocrx_word' id='word_1_486' title='bbox 1146 960 1260 984; x_wconf 87' lang='lat' dir='ltr'><strong>testatus</strong></span> <span class='ocrx_word' id='word_1_487' title='bbox 1274 959 1319 985; x_wconf 87' lang='lat' dir='ltr'><strong>sit.</strong></span> <span class='ocrx_word' id='word_1_488' title='bbox 1335 958 1415 986; x_wconf 86' lang='lat' dir='ltr'><strong>Nunc</strong></span> <span class='ocrx_word' id='word_1_489' title='bbox 1430 959 1559 993; x_wconf 88' lang='lat' dir='ltr'><strong>quoniam</strong></span> <span class='ocrx_word' id='word_1_490' title='bbox 1576 965 1651 994; x_wconf 89' lang='lat' dir='ltr'><strong>optet</strong></span> <span class='ocrx_word' id='word_1_491' title='bbox 1665 961 1795 996; x_wconf 78' lang='lat' dir='ltr'><strong>Syrgiau-</strong></span> 
     </span>
    </p>
   </div>
   <div class='ocr_carea' id='block_1_67' title="bbox 1006 1003 1795 1041">
    <p class='ocr_par' dir='ltr' id='par_1_67' title="bbox 1006 1003 1795 1041">
     <span class='ocr_line' id='line_1_67' title="bbox 1006 1003 1795 1041; baseline 0.008 -13"><span class='ocrx_word' id='word_1_492' title='bbox 1006 1008 1068 1029; x_wconf 91' lang='lat' dir='ltr'><strong>nem</strong></span> <span class='ocrx_word' id='word_1_493' title='bbox 1102 1010 1118 1030; x_wconf 90' lang='lat' dir='ltr'><strong>e</strong></span> <span class='ocrx_word' id='word_1_494' title='bbox 1145 1011 1257 1031; x_wconf 84' lang='lat' dir='ltr'><strong>carcere</strong></span> <span class='ocrx_word' id='word_1_495' title='bbox 1284 1003 1375 1037; x_wconf 73' lang='lat' dir='ltr'><strong>educi,</strong></span> <span class='ocrx_word' id='word_1_496' title='bbox 1418 1004 1597 1038; x_wconf 80' lang='lat' dir='ltr'><strong>educeretur;</strong></span> <span class='ocrx_word' id='word_1_497' title='bbox 1623 1014 1795 1041; x_wconf 64' lang='lat' dir='ltr'><strong>quascunque</strong></span> 
     </span>
    </p>
   </div>
   <div class='ocr_carea' id='block_1_68' title="bbox 1006 1047 1792 1084">
    <p class='ocr_par' dir='ltr' id='par_1_68' title="bbox 1006 1047 1792 1084">
     <span class='ocr_line' id='line_1_68' title="bbox 1006 1047 1792 1084; baseline 0.006 -11"><span class='ocrx_word' id='word_1_498' title='bbox 1006 1047 1078 1073; x_wconf 93' lang='lat' dir='ltr'><strong>enim</strong></span> <span class='ocrx_word' id='word_1_499' title='bbox 1096 1047 1155 1082; x_wconf 88' lang='lat' dir='ltr'><strong>ipse</strong></span> <span class='ocrx_word' id='word_1_500' title='bbox 1183 1047 1210 1074; x_wconf 93' lang='lat' dir='ltr'><strong>in</strong></span> <span class='ocrx_word' id='word_1_501' title='bbox 1237 1048 1317 1075; x_wconf 88' lang='lat' dir='ltr'><strong>bonis</strong></span> <span class='ocrx_word' id='word_1_502' title='bbox 1343 1053 1371 1075; x_wconf 90' lang='lat' dir='ltr'><strong>et</strong></span> <span class='ocrx_word' id='word_1_503' title='bbox 1386 1048 1516 1082; x_wconf 80' lang='lat' dir='ltr'><strong>jucundis</strong></span> <span class='ocrx_word' id='word_1_504' title='bbox 1541 1055 1709 1084; x_wconf 80' lang='lat' dir='ltr'><strong>numeraret,</strong></span> <span class='ocrx_word' id='word_1_505' title='bbox 1733 1051 1792 1078; x_wconf 84' lang='lat' dir='ltr'><strong>ﬁeri</strong></span> 
     </span>
    </p>
   </div>
   <div class='ocr_carea' id='block_1_69' title="bbox 1006 1093 1793 1130">
    <p class='ocr_par' dir='ltr' id='par_1_69' title="bbox 1006 1093 1793 1130">
     <span class='ocr_line' id='line_1_69' title="bbox 1006 1093 1793 1130; baseline 0.005 -10"><span class='ocrx_word' id='word_1_506' title='bbox 1006 1101 1061 1120; x_wconf 91' lang='lat' dir='ltr'><strong>non</strong></span> <span class='ocrx_word' id='word_1_507' title='bbox 1075 1101 1166 1128; x_wconf 89' lang='lat' dir='ltr'><strong>posse,</strong></span> <span class='ocrx_word' id='word_1_508' title='bbox 1179 1093 1246 1129; x_wconf 90' lang='lat' dir='ltr'><strong>quin</strong></span> <span class='ocrx_word' id='word_1_509' title='bbox 1265 1094 1299 1121; x_wconf 85' lang='lat' dir='ltr'><strong>ab</strong></span> <span class='ocrx_word' id='word_1_510' title='bbox 1316 1102 1345 1121; x_wconf 88' lang='lat' dir='ltr'><strong>se</strong></span> <span class='ocrx_word' id='word_1_511' title='bbox 1360 1102 1470 1130; x_wconf 92' lang='lat' dir='ltr'><strong>quoque</strong></span> <span class='ocrx_word' id='word_1_512' title='bbox 1483 1101 1709 1123; x_wconf 85' lang='lat' dir='ltr'><strong>numerarentur.</strong></span> <span class='ocrx_word' id='word_1_513' title='bbox 1722 1097 1793 1124; x_wconf 90' lang='lat' dir='ltr'><strong>Tum</strong></span> 
     </span>
    </p>
   </div>
   <div class='ocr_carea' id='block_1_70' title="bbox 1007 1138 1792 1175">
    <p class='ocr_par' dir='ltr' id='par_1_70' title="bbox 1007 1138 1792 1175">
     <span class='ocr_line' id='line_1_70' title="bbox 1007 1138 1792 1175; baseline 0.004 -10"><span class='ocrx_word' id='word_1_514' title='bbox 1007 1145 1124 1173; x_wconf 83' lang='lat' dir='ltr'><strong>magnus</strong></span> <span class='ocrx_word' id='word_1_515' title='bbox 1151 1138 1320 1167; x_wconf 85' lang='lat' dir='ltr'><strong>domesticus</strong></span> <span class='ocrx_word' id='word_1_516' title='bbox 1337 1140 1428 1166; x_wconf 81' lang='lat' dir='ltr'><strong>:Vera</strong></span> <span class='ocrx_word' id='word_1_517' title='bbox 1454 1145 1519 1167; x_wconf 87' lang='lat' dir='ltr'><strong>sunt</strong></span> <span class='ocrx_word' id='word_1_518' title='bbox 1536 1140 1604 1170; x_wconf 58' lang='lat' dir='ltr'><strong>hac.</strong></span> <span class='ocrx_word' id='word_1_519' title='bbox 1623 1141 1792 1175; x_wconf 76' lang='lat' dir='ltr'><strong>imperator;</strong></span> 
     </span>
    </p>
   </div>
   <div class='ocr_carea' id='block_1_71' title="bbox 1006 1183 1793 1220">
    <p class='ocr_par' dir='ltr' id='par_1_71' title="bbox 1006 1183 1793 1220">
     <span class='ocr_line' id='line_1_71' title="bbox 1006 1183 1793 1220; baseline 0.005 -10"><span class='ocrx_word' id='word_1_520' title='bbox 1006 1183 1076 1210; x_wconf 89' lang='lat' dir='ltr'><strong>nihil</strong></span> <span class='ocrx_word' id='word_1_521' title='bbox 1098 1183 1171 1212; x_wconf 91' lang='lat' dir='ltr'><strong>enim</strong></span> <span class='ocrx_word' id='word_1_522' title='bbox 1197 1188 1248 1217; x_wconf 81' lang='lat' dir='ltr'><strong>est,</strong></span> <span class='ocrx_word' id='word_1_523' title='bbox 1279 1184 1360 1216; x_wconf 86' lang='lat' dir='ltr'><strong>nihil,</strong></span> <span class='ocrx_word' id='word_1_524' title='bbox 1378 1184 1502 1219; x_wconf 86' lang='lat' dir='ltr'><strong>inquam,</strong></span> <span class='ocrx_word' id='word_1_525' title='bbox 1518 1189 1573 1218; x_wconf 87' lang='lat' dir='ltr'><strong>est,</strong></span> <span class='ocrx_word' id='word_1_526' title='bbox 1589 1187 1663 1220; x_wconf 91' lang='lat' dir='ltr'><strong>quod</strong></span> <span class='ocrx_word' id='word_1_527' title='bbox 1687 1187 1710 1214; x_wconf 92' lang='lat' dir='ltr'><strong>si</strong></span> <span class='ocrx_word' id='word_1_528' title='bbox 1735 1187 1793 1214; x_wconf 82' lang='lat' dir='ltr'><strong>ﬁeri</strong></span> 
     </span>
    </p>
   </div>
   <div class='ocr_carea' id='block_1_72' title="bbox 1006 1230 1794 1266">
    <p class='ocr_par' dir='ltr' id='par_1_72' title="bbox 1006 1230 1794 1266">
     <span class='ocr_line' id='line_1_72' title="bbox 1006 1230 1794 1266; baseline 0.006 -10"><span class='ocrx_word' id='word_1_529' title='bbox 1006 1230 1099 1263; x_wconf 81' lang='lat' dir='ltr'><strong>velim,</strong></span> <span class='ocrx_word' id='word_1_530' title='bbox 1120 1234 1148 1257; x_wconf 93' lang='lat' dir='ltr'><strong>tu</strong></span> <span class='ocrx_word' id='word_1_531' title='bbox 1176 1237 1231 1257; x_wconf 88' lang='lat' dir='ltr'><strong>non</strong></span> <span class='ocrx_word' id='word_1_532' title='bbox 1260 1231 1415 1264; x_wconf 83' lang='lat' dir='ltr'><strong>concedas;</strong></span> <span class='ocrx_word' id='word_1_533' title='bbox 1441 1231 1523 1266; x_wconf 85' lang='lat' dir='ltr'><strong>idque</strong></span> <span class='ocrx_word' id='word_1_534' title='bbox 1539 1239 1595 1258; x_wconf 90' lang='lat' dir='ltr'><strong>non</strong></span> <span class='ocrx_word' id='word_1_535' title='bbox 1611 1239 1644 1260; x_wconf 80' lang='lat' dir='ltr'><strong>ex</strong></span> <span class='ocrx_word' id='word_1_536' title='bbox 1659 1233 1710 1260; x_wconf 85' lang='lat' dir='ltr'><strong>hac</strong></span> <span class='ocrx_word' id='word_1_537' title='bbox 1733 1241 1794 1261; x_wconf 84' lang='lat' dir='ltr'><strong>ora-</strong></span> 
     </span>
    </p>
   </div>
   <div class='ocr_carea' id='block_1_73' title="bbox 1007 1276 1793 1314">
    <p class='ocr_par' dir='ltr' id='par_1_73' title="bbox 1007 1276 1793 1314">
     <span class='ocr_line' id='line_1_73' title="bbox 1007 1276 1793 1314; baseline 0.005 -11"><span class='ocrx_word' id='word_1_538' title='bbox 1007 1277 1081 1304; x_wconf 91' lang='lat' dir='ltr'><strong>tione</strong></span> <span class='ocrx_word' id='word_1_539' title='bbox 1107 1281 1163 1309; x_wconf 89' lang='lat' dir='ltr'><strong>tua,</strong></span> <span class='ocrx_word' id='word_1_540' title='bbox 1195 1277 1243 1304; x_wconf 86' lang='lat' dir='ltr'><strong>sed</strong></span> <span class='ocrx_word' id='word_1_541' title='bbox 1273 1284 1306 1304; x_wconf 81' lang='lat' dir='ltr'><strong>ex</strong></span> <span class='ocrx_word' id='word_1_542' title='bbox 1332 1276 1411 1305; x_wconf 83' lang='lat' dir='ltr'><strong>factis</strong></span> <span class='ocrx_word' id='word_1_543' title='bbox 1435 1277 1503 1312; x_wconf 83' lang='lat' dir='ltr'><strong>ipsis</strong></span> <span class='ocrx_word' id='word_1_544' title='bbox 1533 1278 1601 1305; x_wconf 91' lang='lat' dir='ltr'><strong>mihi</strong></span> <span class='ocrx_word' id='word_1_545' title='bbox 1629 1279 1656 1306; x_wconf 92' lang='lat' dir='ltr'><strong>iu</strong></span> <span class='ocrx_word' id='word_1_546' title='bbox 1687 1279 1793 1314; x_wconf 88' lang='lat' dir='ltr'><strong>primis.</strong></span> 
     </span>
    </p>
   </div>
   <div class='ocr_carea' id='block_1_74' title="bbox 1006 1322 1793 1358">
    <p class='ocr_par' dir='ltr' id='par_1_74' title="bbox 1006 1322 1793 1358">
     <span class='ocr_line' id='line_1_74' title="bbox 1006 1322 1793 1358; baseline 0.006 -10"><span class='ocrx_word' id='word_1_547' title='bbox 1006 1322 1106 1349; x_wconf 85' lang='lat' dir='ltr'><strong>deinde</strong></span> <span class='ocrx_word' id='word_1_548' title='bbox 1134 1322 1194 1349; x_wconf 87' lang='lat' dir='ltr'><strong>aliis</strong></span> <span class='ocrx_word' id='word_1_549' title='bbox 1219 1323 1348 1350; x_wconf 90' lang='lat' dir='ltr'><strong>omnibus</strong></span> <span class='ocrx_word' id='word_1_550' title='bbox 1376 1323 1481 1358; x_wconf 84' lang='lat' dir='ltr'><strong>pridem</strong></span> <span class='ocrx_word' id='word_1_551' title='bbox 1510 1330 1626 1352; x_wconf 81' lang='lat' dir='ltr'><strong>constat.</strong></span> <span class='ocrx_word' id='word_1_552' title='bbox 1643 1325 1684 1353; x_wconf 85' lang='lat' dir='ltr'><strong>Me</strong></span> <span class='ocrx_word' id='word_1_553' title='bbox 1701 1330 1793 1353; x_wconf 90' lang='lat' dir='ltr'><strong>autem</strong></span> 
     </span>
    </p>
   </div>
   <div class='ocr_carea' id='block_1_75' title="bbox 1007 1368 1793 1404">
    <p class='ocr_par' dir='ltr' id='par_1_75' title="bbox 1007 1368 1793 1404">
     <span class='ocr_line' id='line_1_75' title="bbox 1007 1368 1793 1404; baseline 0.005 -10"><span class='ocrx_word' id='word_1_554' title='bbox 1007 1370 1104 1395; x_wconf 86' lang='lat' dir='ltr'><strong>eodem</strong></span> <span class='ocrx_word' id='word_1_555' title='bbox 1120 1375 1182 1395; x_wconf 86' lang='lat' dir='ltr'><strong>esse</strong></span> <span class='ocrx_word' id='word_1_556' title='bbox 1199 1368 1225 1395; x_wconf 91' lang='lat' dir='ltr'><strong>in</strong></span> <span class='ocrx_word' id='word_1_557' title='bbox 1239 1373 1265 1395; x_wconf 90' lang='lat' dir='ltr'><strong>te</strong></span> <span class='ocrx_word' id='word_1_558' title='bbox 1282 1368 1384 1400; x_wconf 85' lang='lat' dir='ltr'><strong>animo,</strong></span> <span class='ocrx_word' id='word_1_559' title='bbox 1406 1369 1793 1404; x_wconf 31' lang='lat' dir='ltr'><strong>pluribus‘demonstrandum</strong></span> 
     </span>
    </p>
   </div>
   <div class='ocr_carea' id='block_1_76' title="bbox 1006 1413 1794 1452">
    <p class='ocr_par' dir='ltr' id='par_1_76' title="bbox 1006 1413 1794 1452">
     <span class='ocr_line' id='line_1_76' title="bbox 1006 1413 1794 1452; baseline 0.005 -12"><span class='ocrx_word' id='word_1_560' title='bbox 1006 1421 1061 1440; x_wconf 93' lang='lat' dir='ltr'><strong>non</strong></span> <span class='ocrx_word' id='word_1_561' title='bbox 1078 1414 1193 1448; x_wconf 89' lang='lat' dir='ltr'><strong>opinor;</strong></span> <span class='ocrx_word' id='word_1_562' title='bbox 1218 1417 1246 1440; x_wconf 91' lang='lat' dir='ltr'><strong>tu</strong></span> <span class='ocrx_word' id='word_1_563' title='bbox 1273 1413 1345 1440; x_wconf 84' lang='lat' dir='ltr'><strong>enim</strong></span> <span class='ocrx_word' id='word_1_564' title='bbox 1369 1414 1437 1442; x_wconf 82' lang='lat' dir='ltr'><strong>alias</strong></span> <span class='ocrx_word' id='word_1_565' title='bbox 1452 1414 1519 1441; x_wconf 87' lang='lat' dir='ltr'><strong>mihi</strong></span> <span class='ocrx_word' id='word_1_566' title='bbox 1535 1416 1695 1449; x_wconf 62' lang='lat' dir='ltr'><strong>praeclarum</strong></span> <span class='ocrx_word' id='word_1_567' title='bbox 1711 1417 1794 1452; x_wconf 85' lang='lat' dir='ltr'><strong>hujus</strong></span> 
     </span>
    </p>
   </div>
   <div class='ocr_carea' id='block_1_77' title="bbox 1007 1459 1791 1497">
    <p class='ocr_par' dir='ltr' id='par_1_77' title="bbox 1007 1459 1791 1497">
     <span class='ocr_line' id='line_1_77' title="bbox 1007 1459 1791 1497; baseline 0.006 -12"><span class='ocrx_word' id='word_1_568' title='bbox 1007 1459 1047 1486; x_wconf 92' lang='lat' dir='ltr'><strong>rei</strong></span> <span class='ocrx_word' id='word_1_569' title='bbox 1063 1459 1249 1487; x_wconf 87' lang='lat' dir='ltr'><strong>testimonium</strong></span> <span class='ocrx_word' id='word_1_570' title='bbox 1272 1460 1459 1494; x_wconf 86' lang='lat' dir='ltr'><strong>impertivisti.</strong></span> <span class='ocrx_word' id='word_1_571' title='bbox 1477 1461 1558 1496; x_wconf 68' lang='grc'><strong>204,</strong></span> <span class='ocrx_word' id='word_1_572' title='bbox 1577 1461 1633 1497; x_wconf 79' lang='lat' dir='ltr'><strong>Ego</strong></span> <span class='ocrx_word' id='word_1_573' title='bbox 1649 1470 1714 1490; x_wconf 78' lang='lat' dir='ltr'><strong>vero</strong></span> <span class='ocrx_word' id='word_1_574' title='bbox 1729 1471 1791 1490; x_wconf 86' lang='lat' dir='ltr'><strong>cum</strong></span> 
     </span>
    </p>
   </div>
   <div class='ocr_carea' id='block_1_78' title="bbox 1006 1507 1793 1541">
    <p class='ocr_par' dir='ltr' id='par_1_78' title="bbox 1006 1507 1793 1541">
     <span class='ocr_line' id='line_1_78' title="bbox 1006 1507 1793 1541; baseline 0.008 -12"><span class='ocrx_word' id='word_1_575' title='bbox 1006 1508 1132 1530; x_wconf 87' lang='lat' dir='ltr'><strong>mutuum</strong></span> <span class='ocrx_word' id='word_1_576' title='bbox 1152 1511 1272 1530; x_wconf 90' lang='lat' dir='ltr'><strong>amorem</strong></span> <span class='ocrx_word' id='word_1_577' title='bbox 1291 1508 1417 1530; x_wconf 88' lang='lat' dir='ltr'><strong>nostrum</strong></span> <span class='ocrx_word' id='word_1_578' title='bbox 1440 1511 1580 1539; x_wconf 83' lang='lat' dir='ltr'><strong>comparo,</strong></span> <span class='ocrx_word' id='word_1_579' title='bbox 1602 1507 1793 1541; x_wconf 76' lang='lat' dir='ltr'><strong>magnitudine</strong></span> 
     </span>
    </p>
   </div>
   <div class='ocr_carea' id='block_1_79' title="bbox 1004 1548 1788 1584">
    <p class='ocr_par' dir='ltr' id='par_1_79' title="bbox 1004 1548 1788 1584">
     <span class='ocr_line' id='line_1_79' title="bbox 1004 1548 1788 1584; baseline 0.005 -8"><span class='ocrx_word' id='word_1_580' title='bbox 1004 1553 1033 1576; x_wconf 87' lang='lat' dir='ltr'><strong>et</strong></span> <span class='ocrx_word' id='word_1_581' title='bbox 1052 1549 1194 1584; x_wconf 86' lang='lat' dir='ltr'><strong>majestate</strong></span> <span class='ocrx_word' id='word_1_582' title='bbox 1211 1548 1319 1583; x_wconf 89' lang='lat' dir='ltr'><strong>imperii</strong></span> <span class='ocrx_word' id='word_1_583' title='bbox 1336 1549 1454 1576; x_wconf 90' lang='lat' dir='ltr'><strong>multum</strong></span> <span class='ocrx_word' id='word_1_584' title='bbox 1477 1551 1615 1584; x_wconf 83' lang='lat' dir='ltr'><strong>superari,</strong></span> <span class='ocrx_word' id='word_1_585' title='bbox 1631 1552 1736 1580; x_wconf 65' lang='lat' dir='ltr'><strong>cat-teris</strong></span> <span class='ocrx_word' id='word_1_586' title='bbox 1750 1560 1788 1580; x_wconf 88' lang='lat' dir='ltr'><strong>re-</strong></span> 
     </span>
    </p>
   </div>
   <div class='ocr_carea' id='block_1_80' title="bbox 1005 1594 1790 1632">
    <p class='ocr_par' dir='ltr' id='par_1_80' title="bbox 1005 1594 1790 1632">
     <span class='ocr_line' id='line_1_80' title="bbox 1005 1594 1790 1632; baseline 0.005 -11"><span class='ocrx_word' id='word_1_587' title='bbox 1005 1595 1057 1622; x_wconf 92' lang='lat' dir='ltr'><strong>bus</strong></span> <span class='ocrx_word' id='word_1_588' title='bbox 1074 1602 1125 1622; x_wconf 89' lang='lat' dir='ltr'><strong>nec</strong></span> <span class='ocrx_word' id='word_1_589' title='bbox 1138 1594 1272 1621; x_wconf 87' lang='lat' dir='ltr'><strong>tantillum</strong></span> <span class='ocrx_word' id='word_1_590' title='bbox 1289 1594 1338 1621; x_wconf 88' lang='lat' dir='ltr'><strong>abs</strong></span> <span class='ocrx_word' id='word_1_591' title='bbox 1352 1599 1378 1622; x_wconf 90' lang='lat' dir='ltr'><strong>te</strong></span> <span class='ocrx_word' id='word_1_592' title='bbox 1390 1595 1463 1623; x_wconf 89' lang='lat' dir='ltr'><strong>vinci</strong></span> <span class='ocrx_word' id='word_1_593' title='bbox 1481 1603 1525 1623; x_wconf 88' lang='lat' dir='ltr'><strong>me</strong></span> <span class='ocrx_word' id='word_1_594' title='bbox 1542 1596 1680 1624; x_wconf 75' lang='lat' dir='ltr'><strong>existimo.</strong></span> <span class='ocrx_word' id='word_1_595' title='bbox 1694 1597 1790 1632; x_wconf 83' lang='lat' dir='ltr'><strong>Neque</strong></span> 
     </span>
    </p>
   </div>
   <div class='ocr_carea' id='block_1_81' title="bbox 1004 1642 1790 1680">
    <p class='ocr_par' dir='ltr' id='par_1_81' title="bbox 1004 1642 1790 1680">
     <span class='ocr_line' id='line_1_81' title="bbox 1004 1642 1790 1680; baseline 0.004 -10"><span class='ocrx_word' id='word_1_596' title='bbox 1004 1642 1078 1670; x_wconf 91' lang='lat' dir='ltr'><strong>enim</strong></span> <span class='ocrx_word' id='word_1_597' title='bbox 1095 1650 1126 1669; x_wconf 86' lang='lat' dir='ltr'><strong>ea</strong></span> <span class='ocrx_word' id='word_1_598' title='bbox 1141 1642 1230 1669; x_wconf 90' lang='lat' dir='ltr'><strong>solum</strong></span> <span class='ocrx_word' id='word_1_599' title='bbox 1248 1650 1308 1676; x_wconf 64' lang='lat' dir='ltr'><strong>qum</strong></span> <span class='ocrx_word' id='word_1_600' title='bbox 1329 1644 1561 1676; x_wconf 85' lang='lat' dir='ltr'><strong>commemorasti,</strong></span> <span class='ocrx_word' id='word_1_601' title='bbox 1574 1645 1622 1671; x_wconf 87' lang='lat' dir='ltr'><strong>sed</strong></span> <span class='ocrx_word' id='word_1_602' title='bbox 1635 1645 1658 1671; x_wconf 91' lang='lat' dir='ltr'><strong>si</strong></span> <span class='ocrx_word' id='word_1_603' title='bbox 1677 1646 1743 1680; x_wconf 89' lang='lat' dir='ltr'><strong>quid</strong></span> <span class='ocrx_word' id='word_1_604' title='bbox 1758 1647 1790 1674; x_wconf 68' lang='lat' dir='ltr'><strong>ii:</strong></span> 
     </span>
    </p>
   </div>
   <div class='ocr_carea' id='block_1_82' title="bbox 1003 1688 1790 1724">
    <p class='ocr_par' dir='ltr' id='par_1_82' title="bbox 1003 1688 1790 1724">
     <span class='ocr_line' id='line_1_82' title="bbox 1003 1688 1790 1724; baseline 0.005 -9"><span class='ocrx_word' id='word_1_605' title='bbox 1003 1689 1092 1724; x_wconf 82' lang='lat' dir='ltr'><strong>majus</strong></span> <span class='ocrx_word' id='word_1_606' title='bbox 1107 1688 1255 1723; x_wconf 76' lang='lat' dir='ltr'><strong>excogitari</strong></span> <span class='ocrx_word' id='word_1_607' title='bbox 1273 1693 1437 1724; x_wconf 63' lang='lat' dir='ltr'><strong>potestppro</strong></span> <span class='ocrx_word' id='word_1_608' title='bbox 1456 1696 1489 1716; x_wconf 89' lang='lat' dir='ltr'><strong>eo</strong></span> <span class='ocrx_word' id='word_1_609' title='bbox 1508 1694 1638 1724; x_wconf 89' lang='lat' dir='ltr'><strong>quantum</strong></span> <span class='ocrx_word' id='word_1_610' title='bbox 1653 1696 1679 1718; x_wconf 84' lang='lat' dir='ltr'><strong>te</strong></span> <span class='ocrx_word' id='word_1_611' title='bbox 1695 1691 1790 1724; x_wconf 62' lang='lat' dir='ltr'><strong>diligo,</strong></span> 
     </span>
    </p>
   </div>
   <div class='ocr_carea' id='block_1_83' title="bbox 1002 1733 1791 1770">
    <p class='ocr_par' dir='ltr' id='par_1_83' title="bbox 1002 1733 1791 1770">
     <span class='ocr_line' id='line_1_83' title="bbox 1002 1733 1791 1770; baseline 0.003 -8"><span class='ocrx_word' id='word_1_612' title='bbox 1002 1735 1143 1766; x_wconf 80' lang='lat' dir='ltr'><strong>etfacere,</strong></span> <span class='ocrx_word' id='word_1_613' title='bbox 1153 1739 1181 1760; x_wconf 86' lang='lat' dir='ltr'><strong>et</strong></span> <span class='ocrx_word' id='word_1_614' title='bbox 1192 1733 1297 1768; x_wconf 91' lang='lat' dir='ltr'><strong>perpeti</strong></span> <span class='ocrx_word' id='word_1_615' title='bbox 1311 1741 1352 1761; x_wconf 90' lang='lat' dir='ltr'><strong>me</strong></span> <span class='ocrx_word' id='word_1_616' title='bbox 1369 1738 1491 1768; x_wconf 88' lang='lat' dir='ltr'><strong>paratum</strong></span> <span class='ocrx_word' id='word_1_617' title='bbox 1509 1735 1605 1762; x_wconf 87' lang='lat' dir='ltr'><strong>habes.</strong></span> <span class='ocrx_word' id='word_1_618' title='bbox 1621 1736 1654 1763; x_wconf 80' lang='lat' dir='ltr'><strong>Et</strong></span> <span class='ocrx_word' id='word_1_619' title='bbox 1667 1738 1791 1770; x_wconf 83' lang='lat' dir='ltr'><strong>quamvis</strong></span> 
     </span>
    </p>
   </div>
   <div class='ocr_carea' id='block_1_84' title="bbox 1003 1774 1789 1816">
    <p class='ocr_par' dir='ltr' id='par_1_84' title="bbox 1003 1774 1789 1816">
     <span class='ocr_line' id='line_1_84' title="bbox 1003 1774 1789 1816; baseline 0.004 -10"><span class='ocrx_word' id='word_1_620' title='bbox 1003 1787 1192 1815; x_wconf 73' lang='lat' dir='ltr'><strong>saepenumero</strong></span> <span class='ocrx_word' id='word_1_621' title='bbox 1223 1787 1272 1813; x_wconf 87' lang='lat' dir='ltr'><strong>per</strong></span> <span class='ocrx_word' id='word_1_622' title='bbox 1295 1786 1340 1806; x_wconf 86' lang='lat' dir='ltr'><strong>me</strong></span> <span class='ocrx_word' id='word_1_623' title='bbox 1357 1779 1416 1813; x_wconf 89' lang='lat' dir='ltr'><strong>ipse</strong></span> <span class='ocrx_word' id='word_1_624' title='bbox 1428 1774 1611 1814; x_wconf 74' lang='lat' dir='ltr'><strong>considerari,</strong></span> <span class='ocrx_word' id='word_1_625' title='bbox 1629 1787 1711 1816; x_wconf 89' lang='lat' dir='ltr'><strong>atque</strong></span> <span class='ocrx_word' id='word_1_626' title='bbox 1728 1791 1789 1809; x_wconf 84' lang='lat' dir='ltr'><strong>eum</strong></span> 
     </span>
    </p>
   </div>
   <div class='ocr_carea' id='block_1_85' title="bbox 1002 1825 1788 1860">
    <p class='ocr_par' dir='ltr' id='par_1_85' title="bbox 1002 1825 1788 1860">
     <span class='ocr_line' id='line_1_85' title="bbox 1002 1825 1788 1860; baseline 0.004 -8"><span class='ocrx_word' id='word_1_627' title='bbox 1002 1829 1096 1852; x_wconf 87' lang='lat' dir='ltr'><strong>nostra</strong></span> <span class='ocrx_word' id='word_1_628' title='bbox 1116 1825 1312 1859; x_wconf 88' lang='lat' dir='ltr'><strong>conjunctione</strong></span> <span class='ocrx_word' id='word_1_629' title='bbox 1331 1825 1447 1856; x_wconf 84' lang='lat' dir='ltr'><strong>contuli,</strong></span> <span class='ocrx_word' id='word_1_630' title='bbox 1463 1833 1532 1860; x_wconf 89' lang='lat' dir='ltr'><strong>quos</strong></span> <span class='ocrx_word' id='word_1_631' title='bbox 1548 1826 1575 1853; x_wconf 90' lang='lat' dir='ltr'><strong>in</strong></span> <span class='ocrx_word' id='word_1_632' title='bbox 1593 1827 1668 1854; x_wconf 90' lang='lat' dir='ltr'><strong>omni</strong></span> <span class='ocrx_word' id='word_1_633' title='bbox 1684 1835 1788 1855; x_wconf 82' lang='lat' dir='ltr'><strong>mento-</strong></span> 
     </span>
    </p>
   </div>
   <div class='ocr_carea' id='block_1_86' title="bbox 1001 1869 1787 1914">
    <p class='ocr_par' dir='ltr' id='par_1_86' title="bbox 1001 1869 1787 1914">
     <span class='ocr_line' id='line_1_86' title="bbox 1001 1869 1787 1914; baseline 0.001 -16"><span class='ocrx_word' id='word_1_634' title='bbox 1001 1871 1043 1914; x_wconf 71' lang='lat' dir='ltr'><strong>ria</strong></span> <span class='ocrx_word' id='word_1_635' title='bbox 1061 1878 1076 1898; x_wconf 89' lang='lat' dir='ltr'><strong>a</strong></span> <span class='ocrx_word' id='word_1_636' title='bbox 1092 1870 1181 1905; x_wconf 88' lang='lat' dir='ltr'><strong>poetis</strong></span> <span class='ocrx_word' id='word_1_637' title='bbox 1192 1875 1220 1897; x_wconf 91' lang='lat' dir='ltr'><strong>et</strong></span> <span class='ocrx_word' id='word_1_638' title='bbox 1234 1869 1373 1897; x_wconf 87' lang='lat' dir='ltr'><strong>historicis</strong></span> <span class='ocrx_word' id='word_1_639' title='bbox 1389 1870 1422 1896; x_wconf 88' lang='lat' dir='ltr'><strong>ab</strong></span> <span class='ocrx_word' id='word_1_640' title='bbox 1433 1871 1553 1898; x_wconf 84' lang='lat' dir='ltr'><strong>amicitia</strong></span> <span class='ocrx_word' id='word_1_641' title='bbox 1567 1871 1721 1899; x_wconf 76' lang='lat' dir='ltr'><strong>celebratos</strong></span> <span class='ocrx_word' id='word_1_642' title='bbox 1732 1873 1787 1909; x_wconf 67' lang='lat' dir='ltr'><strong>(t2)</strong></span> 
     </span>
    </p>
   </div>
   <div class='ocr_carea' id='block_1_87' title="bbox 1001 1915 1788 1952">
    <p class='ocr_par' dir='ltr' id='par_1_87' title="bbox 1001 1915 1788 1952">
     <span class='ocr_line' id='line_1_87' title="bbox 1001 1915 1788 1952; baseline 0.003 -9"><span class='ocrx_word' id='word_1_643' title='bbox 1001 1915 1112 1943; x_wconf 87' lang='lat' dir='ltr'><strong>invenio</strong></span> <span class='ocrx_word' id='word_1_644' title='bbox 1134 1915 1198 1950; x_wconf 72' lang='lat' dir='ltr'><strong>(etsi</strong></span> <span class='ocrx_word' id='word_1_645' title='bbox 1213 1920 1300 1950; x_wconf 71' lang='lat' dir='ltr'><strong>poeta:</strong></span> <span class='ocrx_word' id='word_1_646' title='bbox 1331 1915 1516 1948; x_wconf 79' lang='lat' dir='ltr'><strong>ambitiosius,</strong></span> <span class='ocrx_word' id='word_1_647' title='bbox 1531 1924 1669 1951; x_wconf 83' lang='lat' dir='ltr'><strong>supraque</strong></span> <span class='ocrx_word' id='word_1_648' title='bbox 1681 1926 1788 1952; x_wconf 91' lang='lat' dir='ltr'><strong>verum,</strong></span> 
     </span>
    </p>
   </div>
   <div class='ocr_carea' id='block_1_88' title="bbox 1000 1960 1789 1998">
    <p class='ocr_par' dir='ltr' id='par_1_88' title="bbox 1000 1960 1789 1998">
     <span class='ocr_line' id='line_1_88' title="bbox 1000 1960 1789 1998; baseline 0.003 -10"><span class='ocrx_word' id='word_1_649' title='bbox 1000 1965 1029 1989; x_wconf 82' lang='lat' dir='ltr'><strong>et</strong></span> <span class='ocrx_word' id='word_1_650' title='bbox 1048 1961 1192 1996; x_wconf 86' lang='lat' dir='ltr'><strong>plusquam</strong></span> <span class='ocrx_word' id='word_1_651' title='bbox 1212 1960 1289 1987; x_wconf 87' lang='lat' dir='ltr'><strong>decet</strong></span> <span class='ocrx_word' id='word_1_652' title='bbox 1302 1967 1360 1987; x_wconf 90' lang='lat' dir='ltr'><strong>rem</strong></span> <span class='ocrx_word' id='word_1_653' title='bbox 1380 1968 1558 1995; x_wconf 73' lang='lat' dir='ltr'><strong>eXaggerasse</strong></span> <span class='ocrx_word' id='word_1_654' title='bbox 1569 1962 1789 1998; x_wconf 66' lang='lat' dir='ltr'><strong>videantur),ni.</strong></span> 
     </span>
    </p>
   </div>
   <div class='ocr_carea' id='block_1_89' title="bbox 999 2006 1787 2042">
    <p class='ocr_par' dir='ltr' id='par_1_89' title="bbox 999 2006 1787 2042">
     <span class='ocr_line' id='line_1_89' title="bbox 999 2006 1787 2042; baseline 0.004 -8"><span class='ocrx_word' id='word_1_655' title='bbox 999 2007 1150 2034; x_wconf 87' lang='lat' dir='ltr'><strong>hilominus</strong></span> <span class='ocrx_word' id='word_1_656' title='bbox 1182 2006 1346 2034; x_wconf 88' lang='lat' dir='ltr'><strong>charitatem</strong></span> <span class='ocrx_word' id='word_1_657' title='bbox 1367 2011 1490 2034; x_wconf 91' lang='lat' dir='ltr'><strong>nostram</strong></span> <span class='ocrx_word' id='word_1_658' title='bbox 1518 2008 1614 2034; x_wconf 79' lang='lat' dir='ltr'><strong>sinon</strong></span> <span class='ocrx_word' id='word_1_659' title='bbox 1643 2009 1787 2042; x_wconf 74' lang='lat' dir='ltr'><strong>majorem,</strong></span> 
     </span>
    </p>
   </div>
   <div class='ocr_carea' id='block_1_90' title="bbox 999 2051 1787 2081">
    <p class='ocr_par' dir='ltr' id='par_1_90' title="bbox 999 2051 1787 2081">
     <span class='ocr_line' id='line_1_90' title="bbox 999 2051 1787 2081; baseline 0.003 -2"><span class='ocrx_word' id='word_1_660' title='bbox 999 2056 1074 2079; x_wconf 91' lang='lat' dir='ltr'><strong>certe</strong></span> <span class='ocrx_word' id='word_1_661' title='bbox 1100 2051 1173 2078; x_wconf 88' lang='lat' dir='ltr'><strong>haud</strong></span> <span class='ocrx_word' id='word_1_662' title='bbox 1199 2051 1335 2078; x_wconf 86' lang='lat' dir='ltr'><strong>minorem</strong></span> <span class='ocrx_word' id='word_1_663' title='bbox 1365 2051 1476 2078; x_wconf 89' lang='lat' dir='ltr'><strong>illorum</strong></span> <span class='ocrx_word' id='word_1_664' title='bbox 1505 2051 1638 2079; x_wconf 85' lang='lat' dir='ltr'><strong>charitate</strong></span> <span class='ocrx_word' id='word_1_665' title='bbox 1664 2053 1787 2081; x_wconf 81' lang='lat' dir='ltr'><strong>itm-nio.</strong></span> 
     </span>
    </p>
   </div>
   <div class='ocr_carea' id='block_1_91' title="bbox 999 2096 1786 2132">
    <p class='ocr_par' dir='ltr' id='par_1_91' title="bbox 999 2096 1786 2132">
     <span class='ocr_line' id='line_1_91' title="bbox 999 2096 1786 2132; baseline 0.001 -8"><span class='ocrx_word' id='word_1_666' title='bbox 999 2097 1078 2130; x_wconf 87' lang='lat' dir='ltr'><strong>Quod</strong></span> <span class='ocrx_word' id='word_1_667' title='bbox 1104 2098 1127 2124; x_wconf 87' lang='lat' dir='ltr'><strong>si</strong></span> <span class='ocrx_word' id='word_1_668' title='bbox 1150 2096 1300 2131; x_wconf 86' lang='lat' dir='ltr'><strong>aliquando</strong></span> <span class='ocrx_word' id='word_1_669' title='bbox 1325 2096 1352 2123; x_wconf 92' lang='lat' dir='ltr'><strong>in</strong></span> <span class='ocrx_word' id='word_1_670' title='bbox 1371 2103 1430 2123; x_wconf 89' lang='lat' dir='ltr'><strong>eam</strong></span> <span class='ocrx_word' id='word_1_671' title='bbox 1447 2097 1641 2131; x_wconf 81' lang='lat' dir='ltr'><strong>cogitationem</strong></span> <span class='ocrx_word' id='word_1_672' title='bbox 1655 2098 1786 2132; x_wconf 72' lang='lat' dir='ltr'><strong>venirem,</strong></span> 
     </span>
    </p>
   </div>
   <div class='ocr_carea' id='block_1_92' title="bbox 163 2141 952 2188">
    <p class='ocr_par' dir='ltr' id='par_1_92' title="bbox 163 2141 946 2188">
     <span class='ocr_line' id='line_1_92' title="bbox 163 2141 946 2188; baseline -0.009 -9"><span class='ocrx_word' id='word_1_673' title='bbox 163 2141 312 2188; x_wconf 72' lang='grc' dir='ltr'>ἡμετέροις</span> <span class='ocrx_word' id='word_1_674' title='bbox 326 2151 360 2177; x_wconf 81' lang='grc' dir='ltr'><strong>τὰ</strong></span> <span class='ocrx_word' id='word_1_675' title='bbox 374 2151 487 2177; x_wconf 81' lang='grc' dir='ltr'>ἐκείνων</span> <span class='ocrx_word' id='word_1_676' title='bbox 499 2151 632 2184; x_wconf 84' lang='grc' dir='ltr'>(καίτοιγε</span> <span class='ocrx_word' id='word_1_677' title='bbox 655 2149 806 2175; x_wconf 83' lang='grc' dir='ltr'>δοκούντων</span> <span class='ocrx_word' id='word_1_678' title='bbox 819 2148 852 2182; x_wconf 88' lang='grc' dir='ltr'><strong>τῇ</strong></span> <span class='ocrx_word' id='word_1_679' title='bbox 870 2147 946 2181; x_wconf 82' lang='grc' dir='ltr'>φιλο-</span> 
     </span>
    </p>
   </div>
   <div class='ocr_carea' id='block_1_93' title="bbox 1004 2141 1785 2188">
    <p class='ocr_par' dir='ltr' id='par_1_93' title="bbox 1004 2141 1785 2181">
     <span class='ocr_line' id='line_1_93' title="bbox 1004 2141 1785 2181; baseline 0 -11"><span class='ocrx_word' id='word_1_680' title='bbox 1004 2142 1198 2181; x_wconf 85' lang='lat' dir='ltr'><strong>utdubitarem</strong></span> <span class='ocrx_word' id='word_1_681' title='bbox 1221 2142 1318 2176; x_wconf 88' lang='lat' dir='ltr'><strong>ecquid</strong></span> <span class='ocrx_word' id='word_1_682' title='bbox 1342 2146 1414 2168; x_wconf 87' lang='lat' dir='ltr'><strong>esset</strong></span> <span class='ocrx_word' id='word_1_683' title='bbox 1440 2141 1492 2168; x_wconf 86' lang='lat' dir='ltr'><strong>alia</strong></span> <span class='ocrx_word' id='word_1_684' title='bbox 1518 2142 1641 2175; x_wconf 62' lang='lat' dir='ltr'><strong>quaedam</strong></span> <span class='ocrx_word' id='word_1_685' title='bbox 1670 2143 1785 2176; x_wconf 78' lang='lat' dir='ltr'><strong>species.</strong></span> 
     </span>
    </p>
   </div>
   <div class='ocr_carea' id='block_1_94' title="bbox 163 2193 948 2234">
    <p class='ocr_par' dir='ltr' id='par_1_94' title="bbox 163 2193 948 2234">
     <span class='ocr_line' id='line_1_94' title="bbox 163 2193 948 2234; baseline -0.009 -9"><span class='ocrx_word' id='word_1_686' title='bbox 163 2199 244 2234; x_wconf 83' lang='grc' dir='ltr'>τιμίᾳ</span> <span class='ocrx_word' id='word_1_687' title='bbox 258 2198 312 2224; x_wconf 80' lang='grc' dir='ltr'><strong>τῶν</strong></span> <span class='ocrx_word' id='word_1_688' title='bbox 330 2196 451 2231; x_wconf 86' lang='grc' dir='ltr'>ποιητῶν</span> <span class='ocrx_word' id='word_1_689' title='bbox 461 2195 508 2221; x_wconf 75' lang='grc' dir='ltr'>καὶ</span> <span class='ocrx_word' id='word_1_690' title='bbox 522 2195 593 2230; x_wconf 82' lang='grc' dir='ltr'>πέρα</span> <span class='ocrx_word' id='word_1_691' title='bbox 607 2194 655 2221; x_wconf 83' lang='grc' dir='ltr'>τοῦ</span> <span class='ocrx_word' id='word_1_692' title='bbox 667 2193 785 2228; x_wconf 75' lang='grc' dir='ltr'>ἀληθοῦς</span> <span class='ocrx_word' id='word_1_693' title='bbox 800 2194 848 2219; x_wconf 75' lang='grc' dir='ltr'><strong>καὶ</strong></span> <span class='ocrx_word' id='word_1_694' title='bbox 862 2200 948 2228; x_wconf 67' lang='grc' dir='ltr'>προρ-</span> 
     </span>
    </p>
   </div>
   <div class='ocr_carea' id='block_1_95' title="bbox 163 2238 947 2280">
    <p class='ocr_par' dir='ltr' id='par_1_95' title="bbox 163 2238 947 2280">
     <span class='ocr_line' id='line_1_95' title="bbox 163 2238 947 2280; baseline -0.011 -9"><span class='ocrx_word' id='word_1_695' title='bbox 163 2246 277 2280; x_wconf 78' lang='grc' dir='ltr'>ήκοντος</span> <span class='ocrx_word' id='word_1_696' title='bbox 295 2242 456 2278; x_wconf 78' lang='grc' dir='ltr'>ηὐξῆσθαι),</span> <span class='ocrx_word' id='word_1_697' title='bbox 477 2242 551 2276; x_wconf 84' lang='grc' dir='ltr'>ὅμως</span> <span class='ocrx_word' id='word_1_698' title='bbox 576 2240 635 2266; x_wconf 80' lang='grc' dir='ltr'>κατ’</span> <span class='ocrx_word' id='word_1_699' title='bbox 650 2240 726 2266; x_wconf 72' lang='grc' dir='ltr'>οὐδὲν</span> <span class='ocrx_word' id='word_1_700' title='bbox 741 2238 899 2269; x_wconf 82' lang='grc' dir='ltr'>ἀποδέοντα,</span> <span class='ocrx_word' id='word_1_701' title='bbox 922 2238 947 2263; x_wconf 79' lang='grc' dir='ltr'>εἰ</span> 
     </span>
    </p>
   </div>
   <div class='ocr_carea' id='block_1_96' title="bbox 166 2283 949 2326">
    <p class='ocr_par' dir='ltr' id='par_1_96' title="bbox 166 2283 949 2326">
     <span class='ocr_line' id='line_1_96' title="bbox 166 2283 949 2326; baseline -0.014 -9"><span class='ocrx_word' id='word_1_702' title='bbox 166 2291 203 2326; x_wconf 85' lang='grc' dir='ltr'>μὴ</span> <span class='ocrx_word' id='word_1_703' title='bbox 220 2291 268 2316; x_wconf 76' lang='grc' dir='ltr'>καὶ</span> <span class='ocrx_word' id='word_1_704' title='bbox 285 2289 371 2324; x_wconf 80' lang='grc' dir='ltr'>μείζω</span> <span class='ocrx_word' id='word_1_705' title='bbox 386 2288 422 2314; x_wconf 81' lang='grc' dir='ltr'>τὰ</span> <span class='ocrx_word' id='word_1_706' title='bbox 436 2288 559 2322; x_wconf 76' lang='grc' dir='ltr'>ἡμέτερα</span> <span class='ocrx_word' id='word_1_707' title='bbox 571 2285 701 2320; x_wconf 85' lang='grc' dir='ltr'>εὑρίσκω,</span> <span class='ocrx_word' id='word_1_708' title='bbox 714 2284 745 2310; x_wconf 83' lang='lat' dir='ltr'><strong>El</strong></span> <span class='ocrx_word' id='word_1_709' title='bbox 761 2283 789 2309; x_wconf 80' lang='grc' dir='ltr'><strong>δέ</strong></span> <span class='ocrx_word' id='word_1_710' title='bbox 801 2291 866 2309; x_wconf 87' lang='grc' dir='ltr'>ποτε</span> <span class='ocrx_word' id='word_1_711' title='bbox 881 2290 949 2316; x_wconf 86' lang='grc' dir='ltr'>συμ-</span> 
     </span>
    </p>
   </div>
   <div class='ocr_carea' id='block_1_97' title="bbox 163 2327 949 2370">
    <p class='ocr_par' dir='ltr' id='par_1_97' title="bbox 163 2327 949 2370">
     <span class='ocr_line' id='line_1_97' title="bbox 163 2327 949 2370; baseline -0.011 -8"><span class='ocrx_word' id='word_1_712' title='bbox 163 2336 228 2370; x_wconf 74' lang='grc' dir='ltr'>ϐαίη</span> <span class='ocrx_word' id='word_1_713' title='bbox 248 2334 380 2365; x_wconf 85' lang='grc' dir='ltr'>τοιούτοις</span> <span class='ocrx_word' id='word_1_714' title='bbox 393 2333 533 2367; x_wconf 79' lang='grc' dir='ltr'>λογισμοῖς</span> <span class='ocrx_word' id='word_1_715' title='bbox 547 2331 705 2364; x_wconf 82' lang='grc' dir='ltr'>περιπεσεῖν</span> <span class='ocrx_word' id='word_1_716' title='bbox 720 2329 789 2356; x_wconf 86' lang='grc' dir='ltr'>ὥστε</span> <span class='ocrx_word' id='word_1_717' title='bbox 811 2327 949 2363; x_wconf 74' lang='grc' dir='ltr'>ἀμφιϐάλ-</span> 
     </span>
    </p>
   </div>
   <div class='ocr_carea' id='block_1_98' title="bbox 163 2373 948 2412">
    <p class='ocr_par' dir='ltr' id='par_1_98' title="bbox 163 2373 948 2412">
     <span class='ocr_line' id='line_1_98' title="bbox 163 2373 948 2412; baseline -0.013 -4"><span class='ocrx_word' id='word_1_718' title='bbox 163 2382 220 2408; x_wconf 88' lang='grc' dir='ltr'>λειν</span> <span class='ocrx_word' id='word_1_719' title='bbox 232 2381 299 2411; x_wconf 79' lang='grc' dir='ltr'>εἴτις</span> <span class='ocrx_word' id='word_1_720' title='bbox 312 2380 387 2406; x_wconf 75' lang='grc' dir='ltr'>ἐστὶν</span> <span class='ocrx_word' id='word_1_721' title='bbox 403 2379 458 2405; x_wconf 83' lang='grc' dir='ltr'>ίδέα</span> <span class='ocrx_word' id='word_1_722' title='bbox 471 2377 562 2412; x_wconf 82' lang='grc' dir='ltr'>φιλίας</span> <span class='ocrx_word' id='word_1_723' title='bbox 575 2377 591 2411; x_wconf 80' lang='grc' dir='ltr'><strong>ἢ</strong></span> <span class='ocrx_word' id='word_1_724' title='bbox 611 2376 712 2412; x_wconf 82' lang='grc' dir='ltr'>τρόπος</span> <span class='ocrx_word' id='word_1_725' title='bbox 722 2375 814 2408; x_wconf 69' lang='grc' dir='ltr'>ἕτερος</span> <span class='ocrx_word' id='word_1_726' title='bbox 825 2373 854 2399; x_wconf 80' lang='grc' dir='ltr'>ὃν</span> <span class='ocrx_word' id='word_1_727' title='bbox 866 2373 948 2406; x_wconf 83' lang='grc' dir='ltr'>ἡμεῖς</span> 
     </span>
    </p>
   </div>
   <div class='ocr_carea' id='block_1_99' title="bbox 162 2416 948 2461">
    <p class='ocr_par' dir='ltr' id='par_1_99' title="bbox 162 2416 948 2461">
     <span class='ocr_line' id='line_1_99' title="bbox 162 2416 948 2461; baseline -0.013 -8"><span class='ocrx_word' id='word_1_728' title='bbox 162 2428 213 2453; x_wconf 84' lang='grc' dir='ltr'>οὐκ</span> <span class='ocrx_word' id='word_1_729' title='bbox 228 2425 428 2461; x_wconf 72' lang='grc' dir='ltr'>ἐπεδειξάμεθα</span> <span class='ocrx_word' id='word_1_730' title='bbox 452 2422 618 2458; x_wconf 76' lang='grc' dir='ltr'>ἀλλήλοις,ἥ</span> <span class='ocrx_word' id='word_1_731' title='bbox 637 2423 661 2448; x_wconf 86' lang='grc' dir='ltr'><strong>εί</strong></span> <span class='ocrx_word' id='word_1_732' title='bbox 680 2422 717 2456; x_wconf 87' lang='grc' dir='ltr'>μὴ</span> <span class='ocrx_word' id='word_1_733' title='bbox 730 2416 798 2454; x_wconf 74' lang='grc' dir='ltr'>πρὸς</span> <span class='ocrx_word' id='word_1_734' title='bbox 816 2419 846 2445; x_wconf 63' lang='grc' dir='ltr'><strong>τὸ</strong></span> <span class='ocrx_word' id='word_1_735' title='bbox 866 2417 948 2452; x_wconf 82' lang='grc' dir='ltr'>ἀκρό-</span> 
     </span>
    </p>
   </div>
   <div class='ocr_carea' id='block_1_100' title="bbox 163 2462 948 2505">
    <p class='ocr_par' dir='ltr' id='par_1_100' title="bbox 163 2462 948 2505">
     <span class='ocr_line' id='line_1_100' title="bbox 163 2462 948 2505; baseline -0.014 -6"><span class='ocrx_word' id='word_1_736' title='bbox 163 2480 244 2498; x_wconf 82' lang='grc' dir='ltr'>τατον</span> <span class='ocrx_word' id='word_1_737' title='bbox 258 2470 402 2505; x_wconf 81' lang='grc' dir='ltr'>ἀφίγμεθα</span> <span class='ocrx_word' id='word_1_738' title='bbox 415 2469 510 2503; x_wconf 77' lang='grc' dir='ltr'>αὐτῆς,</span> <span class='ocrx_word' id='word_1_739' title='bbox 528 2467 545 2502; x_wconf 83' lang='grc' dir='ltr'>ἢ</span> <span class='ocrx_word' id='word_1_740' title='bbox 559 2466 761 2499; x_wconf 80' lang='grc' dir='ltr'>ἀποπνίγεσθαι</span> <span class='ocrx_word' id='word_1_741' title='bbox 777 2464 884 2498; x_wconf 81' lang='grc' dir='ltr'>ἀνάγκη</span> <span class='ocrx_word' id='word_1_742' title='bbox 901 2462 948 2488; x_wconf 77' lang='grc' dir='ltr'>καὶ</span> 
     </span>
    </p>
   </div>
   <div class='ocr_carea' id='block_1_101' title="bbox 1001 2187 1786 2221">
    <p class='ocr_par' dir='ltr' id='par_1_101' title="bbox 1001 2187 1786 2221">
     <span class='ocr_line' id='line_1_101' title="bbox 1001 2187 1786 2221; baseline 0.001 -6"><span class='ocrx_word' id='word_1_743' title='bbox 1001 2189 1105 2216; x_wconf 85' lang='lat' dir='ltr'><strong>aliusve</strong></span> <span class='ocrx_word' id='word_1_744' title='bbox 1131 2187 1231 2214; x_wconf 93' lang='lat' dir='ltr'><strong>modus</strong></span> <span class='ocrx_word' id='word_1_745' title='bbox 1255 2187 1283 2214; x_wconf 90' lang='lat' dir='ltr'><strong>in</strong></span> <span class='ocrx_word' id='word_1_746' title='bbox 1307 2187 1439 2218; x_wconf 85' lang='lat' dir='ltr'><strong>amicitia.</strong></span> <span class='ocrx_word' id='word_1_747' title='bbox 1455 2195 1536 2221; x_wconf 92' lang='lat' dir='ltr'><strong>quem</strong></span> <span class='ocrx_word' id='word_1_748' title='bbox 1559 2188 1630 2215; x_wconf 91' lang='lat' dir='ltr'><strong>inter</strong></span> <span class='ocrx_word' id='word_1_749' title='bbox 1653 2197 1702 2216; x_wconf 90' lang='lat' dir='ltr'><strong>nos</strong></span> <span class='ocrx_word' id='word_1_750' title='bbox 1732 2197 1786 2216; x_wconf 89' lang='lat' dir='ltr'><strong>non</strong></span> 
     </span>
    </p>
   </div>
   <div class='ocr_carea' id='block_1_102' title="bbox 1001 2233 1786 2270">
    <p class='ocr_par' dir='ltr' id='par_1_102' title="bbox 1001 2233 1786 2270">
     <span class='ocr_line' id='line_1_102' title="bbox 1001 2233 1786 2270; baseline 0 -8"><span class='ocrx_word' id='word_1_751' title='bbox 1001 2241 1231 2269; x_wconf 84' lang='lat' dir='ltr'><strong>usurpassemus;</strong></span> <span class='ocrx_word' id='word_1_752' title='bbox 1265 2241 1300 2260; x_wconf 89' lang='lat' dir='ltr'><strong>an</strong></span> <span class='ocrx_word' id='word_1_753' title='bbox 1332 2233 1366 2260; x_wconf 85' lang='lat' dir='ltr'><strong>ad</strong></span> <span class='ocrx_word' id='word_1_754' title='bbox 1391 2241 1530 2261; x_wconf 90' lang='lat' dir='ltr'><strong>summum</strong></span> <span class='ocrx_word' id='word_1_755' title='bbox 1559 2235 1620 2269; x_wconf 78' lang='lat' dir='ltr'><strong>ejus</strong></span> <span class='ocrx_word' id='word_1_756' title='bbox 1648 2235 1786 2270; x_wconf 67' lang='lat' dir='ltr'><strong>fastigium]</strong></span> 
     </span>
    </p>
   </div>
   <div class='ocr_carea' id='block_1_103' title="bbox 1000 2279 1781 2314">
    <p class='ocr_par' dir='ltr' id='par_1_103' title="bbox 1000 2279 1781 2314">
     <span class='ocr_line' id='line_1_103' title="bbox 1000 2279 1781 2314; baseline 0.001 -8"><span class='ocrx_word' id='word_1_757' title='bbox 1000 2279 1231 2314; x_wconf 80' lang='lat' dir='ltr'><strong>pervenissetnus,</strong></span> <span class='ocrx_word' id='word_1_758' title='bbox 1244 2283 1292 2305; x_wconf 89' lang='lat' dir='ltr'><strong>aut</strong></span> <span class='ocrx_word' id='word_1_759' title='bbox 1307 2286 1378 2313; x_wconf 70' lang='lat' dir='ltr'><strong>aegre</strong></span> <span class='ocrx_word' id='word_1_760' title='bbox 1392 2279 1507 2312; x_wconf 88' lang='lat' dir='ltr'><strong>spirare,</strong></span> <span class='ocrx_word' id='word_1_761' title='bbox 1517 2287 1549 2306; x_wconf 88' lang='lat' dir='ltr'><strong>ac</strong></span> <span class='ocrx_word' id='word_1_762' title='bbox 1565 2287 1634 2313; x_wconf 85' lang='lat' dir='ltr'><strong>pene</strong></span> <span class='ocrx_word' id='word_1_763' title='bbox 1650 2280 1753 2307; x_wconf 62' lang='lat' dir='ltr'><strong>sulfura</strong></span> <span class='ocrx_word' id='word_1_764' title='bbox 1774 2280 1781 2307; x_wconf 91' lang='lat' dir='ltr'><strong>i</strong></span> 
     </span>
    </p>
   </div>
   <div class='ocr_carea' id='block_1_104' title="bbox 1001 2324 1786 2359">
    <p class='ocr_par' dir='ltr' id='par_1_104' title="bbox 1001 2324 1786 2359">
     <span class='ocr_line' id='line_1_104' title="bbox 1001 2324 1786 2359; baseline 0.001 -8"><span class='ocrx_word' id='word_1_765' title='bbox 1001 2332 1043 2351; x_wconf 87' lang='lat' dir='ltr'><strong>me</strong></span> <span class='ocrx_word' id='word_1_766' title='bbox 1060 2332 1115 2358; x_wconf 73' lang='lat' dir='ltr'><strong>prae</strong></span> <span class='ocrx_word' id='word_1_767' title='bbox 1128 2331 1229 2359; x_wconf 77' lang='lat' dir='ltr'><strong>angore</strong></span> <span class='ocrx_word' id='word_1_768' title='bbox 1245 2328 1273 2351; x_wconf 86' lang='lat' dir='ltr'><strong>et</strong></span> <span class='ocrx_word' id='word_1_769' title='bbox 1295 2328 1363 2351; x_wconf 66' lang='lat' dir='ltr'><strong>aestu</strong></span> <span class='ocrx_word' id='word_1_770' title='bbox 1391 2324 1487 2356; x_wconf 86' lang='lat' dir='ltr'><strong>animi,</strong></span> <span class='ocrx_word' id='word_1_771' title='bbox 1504 2325 1641 2359; x_wconf 87' lang='lat' dir='ltr'><strong>vitamque</strong></span> <span class='ocrx_word' id='word_1_772' title='bbox 1661 2326 1786 2352; x_wconf 88' lang='lat' dir='ltr'><strong>acerbam</strong></span> 
     </span>
    </p>
   </div>
   <div class='ocr_carea' id='block_1_105' title="bbox 999 2369 1787 2405">
    <p class='ocr_par' dir='ltr' id='par_1_105' title="bbox 999 2369 1787 2405">
     <span class='ocr_line' id='line_1_105' title="bbox 999 2369 1787 2405; baseline 0.001 -8"><span class='ocrx_word' id='word_1_773' title='bbox 999 2375 1096 2405; x_wconf 85' lang='lat' dir='ltr'><strong>putare</strong></span> <span class='ocrx_word' id='word_1_774' title='bbox 1114 2377 1156 2397; x_wconf 91' lang='lat' dir='ltr'><strong>me</strong></span> <span class='ocrx_word' id='word_1_775' title='bbox 1171 2374 1321 2403; x_wconf 89' lang='lat' dir='ltr'><strong>oporteret,</strong></span> <span class='ocrx_word' id='word_1_776' title='bbox 1335 2369 1358 2396; x_wconf 86' lang='lat' dir='ltr'><strong>si</strong></span> <span class='ocrx_word' id='word_1_777' title='bbox 1375 2369 1401 2395; x_wconf 88' lang='lat' dir='ltr'><strong>in</strong></span> <span class='ocrx_word' id='word_1_778' title='bbox 1415 2377 1445 2396; x_wconf 91' lang='lat' dir='ltr'><strong>re</strong></span> <span class='ocrx_word' id='word_1_779' title='bbox 1469 2374 1523 2396; x_wconf 87' lang='lat' dir='ltr'><strong>tam</strong></span> <span class='ocrx_word' id='word_1_780' title='bbox 1539 2370 1664 2402; x_wconf 84' lang='lat' dir='ltr'><strong>honesta,</strong></span> <span class='ocrx_word' id='word_1_781' title='bbox 1677 2376 1787 2405; x_wconf 88' lang='lat' dir='ltr'><strong>tamque</strong></span> 
     </span>
    </p>
   </div>
   <div class='ocr_carea' id='block_1_106' title="bbox 998 2412 1786 2441">
    <p class='ocr_par' dir='ltr' id='par_1_106' title="bbox 998 2412 1786 2441">
     <span class='ocr_line' id='line_1_106' title="bbox 998 2412 1786 2441; baseline -0.003 -1"><span class='ocrx_word' id='word_1_782' title='bbox 998 2413 1108 2441; x_wconf 85' lang='lat' dir='ltr'><strong>liberali</strong></span> <span class='ocrx_word' id='word_1_783' title='bbox 1130 2414 1211 2440; x_wconf 85' lang='lat' dir='ltr'><strong>alicui</strong></span> <span class='ocrx_word' id='word_1_784' title='bbox 1229 2413 1370 2440; x_wconf 85' lang='lat' dir='ltr'><strong>secundus</strong></span> <span class='ocrx_word' id='word_1_785' title='bbox 1385 2412 1524 2440; x_wconf 84' lang='lat' dir='ltr'><strong>invenirer</strong></span> <span class='ocrx_word' id='word_1_786' title='bbox 1540 2421 1548 2440; x_wconf 84' lang='lat'><strong>:</strong></span> <span class='ocrx_word' id='word_1_787' title='bbox 1563 2418 1610 2439; x_wconf 89' lang='lat' dir='ltr'><strong>aut</strong></span> <span class='ocrx_word' id='word_1_788' title='bbox 1629 2413 1734 2440; x_wconf 83' lang='lat' dir='ltr'><strong>resilire</strong></span> <span class='ocrx_word' id='word_1_789' title='bbox 1752 2414 1786 2439; x_wconf 86' lang='lat' dir='ltr'><strong>ab</strong></span> 
     </span>
    </p>
   </div>
   <div class='ocr_carea' id='block_1_107' title="bbox 1001 2458 1784 2495">
    <p class='ocr_par' dir='ltr' id='par_1_107' title="bbox 1001 2458 1784 2495">
     <span class='ocr_line' id='line_1_107' title="bbox 1001 2458 1784 2495; baseline -0.001 -9"><span class='ocrx_word' id='word_1_790' title='bbox 1001 2459 1159 2495; x_wconf 87' lang='lat' dir='ltr'><strong>hujusmodi</strong></span> <span class='ocrx_word' id='word_1_791' title='bbox 1171 2459 1311 2493; x_wconf 79' lang='lat' dir='ltr'><strong>cogitatis,</strong></span> <span class='ocrx_word' id='word_1_792' title='bbox 1323 2463 1351 2486; x_wconf 86' lang='lat' dir='ltr'><strong>et</strong></span> <span class='ocrx_word' id='word_1_793' title='bbox 1362 2458 1484 2485; x_wconf 91' lang='lat' dir='ltr'><strong>animum</strong></span> <span class='ocrx_word' id='word_1_794' title='bbox 1501 2458 1784 2493; x_wconf 83' lang='lat' dir='ltr'><strong>ﬁrmioribus,-quam</strong></span> 
     </span>
    </p>
   </div>
   <div class='ocr_carea' id='block_1_108' title="bbox 785 2523 1155 2557">
    <p class='ocr_par' dir='ltr' id='par_1_108' title="bbox 785 2523 1155 2557">
     <span class='ocr_line' id='line_1_108' title="bbox 785 2523 1155 2557; baseline -0.011 0"><span class='ocrx_word' id='word_1_795' title='bbox 785 2525 894 2557; x_wconf 79' lang='lat' dir='ltr'><strong>Jacobi</strong></span> <span class='ocrx_word' id='word_1_796' title='bbox 911 2523 1044 2555; x_wconf 84' lang='lat' dir='ltr'><strong>Pontani</strong></span> <span class='ocrx_word' id='word_1_797' title='bbox 1061 2527 1155 2554; x_wconf 73' lang='lat' dir='ltr'><strong>noue.</strong></span> 
     </span>
    </p>
   </div>
   <div class='ocr_carea' id='block_1_109' title="bbox 199 2572 1781 2619">
    <p class='ocr_par' dir='ltr' id='par_1_109' title="bbox 199 2572 1781 2619">
     <span class='ocr_line' id='line_1_109' title="bbox 199 2572 1781 2619; baseline 0 0"><span class='ocrx_word' id='word_1_798' title='bbox 199 2585 255 2619; x_wconf 66' lang='grc' dir='ltr'><strong>(η)</strong></span> <span class='ocrx_word' id='word_1_799' title='bbox 269 2585 291 2611; x_wconf 78' lang='grc' dir='ltr'><strong>Α</strong></span> <span class='ocrx_word' id='word_1_800' title='bbox 302 2583 396 2619; x_wconf 62' lang='grc' dir='ltr'>Ῥοὲῑίε</span> <span class='ocrx_word' id='word_1_801' title='bbox 407 2581 525 2619; x_wconf 59' lang='lat' dir='ltr'><strong>quidem.</strong></span> <span class='ocrx_word' id='word_1_802' title='bbox 533 2575 943 2619; x_wconf 45' lang='grc' dir='ltr'><strong>οβίθῖἶττιιέπ.Ψῖἓίείίίθξνέμείίδ</strong></span> <span class='ocrx_word' id='word_1_803' title='bbox 991 2572 1781 2619; x_wconf 51' lang='grc' dir='ltr'><strong>ῼΪἮΈΕῊ5⁵Ἦέ¹Ξ¹Ῐ(ΞΡ⁸.ἒ¹ίῗῖί.ἷ9κ¹’,.ίῖίίέξ.ῗίίῗνιεῘἿἮΈΨἯΞ</strong></span> 
     </span>
    </p>
   </div>
   <div class='ocr_carea' id='block_1_110' title="bbox 163 2609 942 2652">
    <p class='ocr_par' dir='ltr' id='par_1_110' title="bbox 163 2609 942 2652">
     <span class='ocr_line' id='line_1_110' title="bbox 163 2609 942 2652; baseline -0.015 -5"><span class='ocrx_word' id='word_1_804' title='bbox 163 2625 190 2647; x_wconf 88' lang='lat' dir='ltr'><strong>et</strong></span> <span class='ocrx_word' id='word_1_805' title='bbox 333 2609 440 2652; x_wconf 56' lang='lat' dir='ltr'><strong>Thesei</strong></span> <span class='ocrx_word' id='word_1_806' title='bbox 448 2615 625 2652; x_wconf 19' lang='lat' dir='ltr'><strong>rctl’irithoi.</strong></span> <span class='ocrx_word' id='word_1_807' title='bbox 646 2613 760 2652; x_wconf 74' lang='lat' dir='ltr'><strong>Achillis</strong></span> <span class='ocrx_word' id='word_1_808' title='bbox 770 2616 798 2638; x_wconf 88' lang='lat' dir='ltr'><strong>et</strong></span> <span class='ocrx_word' id='word_1_809' title='bbox 809 2609 942 2652; x_wconf 38' lang='lat' dir='ltr'><strong>‘Patroell,</strong></span> 
     </span>
    </p>
   </div>
   <div class='ocr_carea' id='block_1_111' title="bbox 163 2645 945 2681">
    <p class='ocr_par' dir='ltr' id='par_1_111' title="bbox 163 2645 945 2681">
     <span class='ocr_line' id='line_1_111' title="bbox 163 2645 945 2681; baseline -0.014 0"><span class='ocrx_word' id='word_1_810' title='bbox 163 2645 221 2681; x_wconf 54' lang='lat' dir='ltr'><strong>Sisi</strong></span> <span class='ocrx_word' id='word_1_811' title='bbox 232 2645 270 2681; x_wconf 14' lang='lat' dir='ltr'><strong>et?</strong></span> <span class='ocrx_word' id='word_1_812' title='bbox 285 2645 406 2681; x_wconf 77' lang='lat' dir='ltr'><strong>Eurvali.</strong></span> <span class='ocrx_word' id='word_1_813' title='bbox 423 2651 464 2677; x_wconf 83' lang='lat' dir='ltr'><strong>Ab</strong></span> <span class='ocrx_word' id='word_1_814' title='bbox 486 2650 623 2677; x_wconf 84' lang='lat' dir='ltr'><strong>historicis</strong></span> <span class='ocrx_word' id='word_1_815' title='bbox 638 2653 666 2675; x_wconf 88' lang='lat' dir='ltr'><strong>et</strong></span> <span class='ocrx_word' id='word_1_816' title='bbox 681 2647 742 2674; x_wconf 84' lang='lat' dir='ltr'><strong>aliis</strong></span> <span class='ocrx_word' id='word_1_817' title='bbox 763 2645 945 2680; x_wconf 88' lang='lat' dir='ltr'><strong>scriptoribus</strong></span> 
     </span>
    </p>
   </div>
   <div class='ocr_carea' id='block_1_112' title="bbox 163 2661 947 2722">
    <p class='ocr_par' dir='ltr' id='par_1_112' title="bbox 163 2661 947 2722">
     <span class='ocr_line' id='line_1_112' title="bbox 163 2661 945 2681; baseline -0.015 1"><span class='ocrx_word' id='word_1_818' title='bbox 163 2661 218 2681; x_wconf 66' lang='lat' dir='ltr'><strong>.‘lSI</strong></span> <span class='ocrx_word' id='word_1_819' title='bbox 233 2661 261 2681; x_wconf 86' lang='lat' dir='ltr'><strong>et</strong></span> <span class='ocrx_word' id='word_1_820' title='bbox 285 2661 340 2679; x_wconf 72' lang='lat' dir='ltr'><strong>bur</strong></span> <span class='ocrx_word' id='word_1_821' title='bbox 352 2661 406 2678; x_wconf 78' lang='lat' dir='ltr'><strong>’atl.</strong></span> <span class='ocrx_word' id='word_1_822' title='bbox 423 2661 464 2677; x_wconf 70' lang='lat' dir='ltr'><strong>At)</strong></span> <span class='ocrx_word' id='word_1_823' title='bbox 486 2661 623 2677; x_wconf 73' lang='lat' dir='ltr'><strong>nisturlcrs</strong></span> <span class='ocrx_word' id='word_1_824' title='bbox 638 2661 666 2675; x_wconf 75' lang='lat' dir='ltr'><strong>et</strong></span> <span class='ocrx_word' id='word_1_825' title='bbox 681 2661 742 2674; x_wconf 76' lang='lat' dir='ltr'><strong>uiua</strong></span> <span class='ocrx_word' id='word_1_826' title='bbox 764 2661 874 2680; x_wconf 65' lang='grc' dir='ltr'>διιιμιυι</span> <span class='ocrx_word' id='word_1_827' title='bbox 885 2661 945 2671; x_wconf 68' lang='grc' dir='ltr'>ιιι-ιο</span> 
     </span>
     <span class='ocr_line' id='line_1_113' title="bbox 163 2661 947 2722; baseline -0.014 -6"><span class='ocrx_word' id='word_1_828' title='bbox 163 2689 310 2716; x_wconf 81' lang='lat' dir='ltr'><strong>Alexandri</strong></span> <span class='ocrx_word' id='word_1_829' title='bbox 325 2661 411 2722; x_wconf 48' lang='lat' dir='ltr'><strong>hfagui</strong></span> <span class='ocrx_word' id='word_1_830' title='bbox 430 2691 457 2712; x_wconf 91' lang='lat' dir='ltr'><strong>et</strong></span> <span class='ocrx_word' id='word_1_831' title='bbox 468 2683 679 2722; x_wconf 59' lang='lat' dir='ltr'><strong>Hephaestionis,</strong></span> <span class='ocrx_word' id='word_1_832' title='bbox 693 2681 794 2722; x_wconf 54' lang='lat' dir='ltr'><strong>Pythia:</strong></span> <span class='ocrx_word' id='word_1_833' title='bbox 807 2686 838 2722; x_wconf 77' lang='lat' dir='ltr'><strong>et</strong></span> <span class='ocrx_word' id='word_1_834' title='bbox 850 2681 947 2722; x_wconf 53' lang='lat' dir='ltr'><strong>[lanio—</strong></span> 
     </span>
    </p>
   </div>
   <div class='ocr_carea' id='block_1_113' title="bbox 165 2715 945 2757">
    <p class='ocr_par' dir='ltr' id='par_1_113' title="bbox 165 2715 945 2757">
     <span class='ocr_line' id='line_1_114' title="bbox 165 2715 945 2757; baseline -0.014 -7"><span class='ocrx_word' id='word_1_835' title='bbox 165 2715 217 2755; x_wconf 46' lang='lat' dir='ltr'><strong>iiii,</strong></span> <span class='ocrx_word' id='word_1_836' title='bbox 236 2715 432 2757; x_wconf 66' lang='lat' dir='ltr'><strong>Epaminondae</strong></span> <span class='ocrx_word' id='word_1_837' title='bbox 451 2725 478 2757; x_wconf 81' lang='lat' dir='ltr'><strong>et</strong></span> <span class='ocrx_word' id='word_1_838' title='bbox 495 2715 641 2757; x_wconf 50' lang='grc' dir='ltr'><strong>ἕειιιρὶὼιξ.</strong></span> <span class='ocrx_word' id='word_1_839' title='bbox 664 2715 841 2757; x_wconf 41' lang='lat' dir='ltr'><strong>Sc&#39;ipi&#39;onis‘ct</strong></span> <span class='ocrx_word' id='word_1_840' title='bbox 861 2715 945 2757; x_wconf 70' lang='lat' dir='ltr'><strong>L_a:lii.</strong></span> 
     </span>
    </p>
   </div>
   <div class='ocr_carea' id='block_1_114' title="bbox 164 2749 949 2792">
    <p class='ocr_par' dir='ltr' id='par_1_114' title="bbox 164 2749 949 2792">
     <span class='ocr_line' id='line_1_115' title="bbox 164 2749 949 2792; baseline -0.014 -7"><span class='ocrx_word' id='word_1_841' title='bbox 164 2749 221 2785; x_wconf 63' lang='lat' dir='ltr'><strong>Mi:</strong></span> <span class='ocrx_word' id='word_1_842' title='bbox 236 2749 364 2792; x_wconf 51' lang='lat' dir='ltr'><strong>ignobilis</strong></span> <span class='ocrx_word' id='word_1_843' title='bbox 380 2760 432 2792; x_wconf 82' lang='lat' dir='ltr'><strong>_est</strong></span> <span class='ocrx_word' id='word_1_844' title='bbox 455 2755 482 2792; x_wconf 90' lang='lat' dir='ltr'><strong>i_n</strong></span> <span class='ocrx_word' id='word_1_845' title='bbox 495 2749 599 2792; x_wconf 60' lang='lat' dir='ltr'><strong>divinis</strong></span> <span class='ocrx_word' id='word_1_846' title='bbox 616 2749 721 2792; x_wconf 69' lang='lat' dir='ltr'><strong>litteris</strong></span> <span class='ocrx_word' id='word_1_847' title='bbox 734 2750 844 2792; x_wconf 72' lang='lat' dir='ltr'><strong>Davidis</strong></span> <span class='ocrx_word' id='word_1_848' title='bbox 859 2754 886 2792; x_wconf 85' lang='lat' dir='ltr'><strong>et</strong></span> <span class='ocrx_word' id='word_1_849' title='bbox 902 2749 949 2792; x_wconf 55' lang='grc' dir='ltr'><strong>,ξο-</strong></span> 
     </span>
    </p>
   </div>
   <div class='ocr_carea' id='block_1_115' title="bbox 165 2783 947 2820">
    <p class='ocr_par' dir='ltr' id='par_1_115' title="bbox 165 2783 947 2820">
     <span class='ocr_line' id='line_1_116' title="bbox 165 2783 947 2820; baseline -0.014 0"><span class='ocrx_word' id='word_1_850' title='bbox 165 2783 262 2820; x_wconf 61' lang='lat' dir='ltr'><strong>bstitan</strong></span> <span class='ocrx_word' id='word_1_851' title='bbox 279 2783 434 2818; x_wconf 78' lang='lat' dir='ltr'><strong>arctissima</strong></span> <span class='ocrx_word' id='word_1_852' title='bbox 456 2789 629 2816; x_wconf 79' lang='lat' dir='ltr'><strong>familiaritas</strong></span> <span class='ocrx_word' id='word_1_853' title='bbox 661 2791 689 2814; x_wconf 90' lang='lat' dir='ltr'><strong>et</strong></span> <span class='ocrx_word' id='word_1_854' title='bbox 716 2786 822 2819; x_wconf 86' lang='lat' dir='ltr'><strong>irrupla</strong></span> <span class='ocrx_word' id='word_1_855' title='bbox 841 2783 947 2818; x_wconf 85' lang='lat' dir='ltr'><strong>copula.</strong></span> 
     </span>
    </p>
   </div>
   <div class='ocr_carea' id='block_1_116' title="bbox 993 2607 1784 2641">
    <p class='ocr_par' dir='ltr' id='par_1_116' title="bbox 993 2607 1784 2641">
     <span class='ocr_line' id='line_1_117' title="bbox 993 2607 1784 2641; baseline -0.005 -6"><span class='ocrx_word' id='word_1_856' title='bbox 993 2608 1193 2635; x_wconf 87' lang='lat' dir='ltr'><strong>commentario</strong></span> <span class='ocrx_word' id='word_1_857' title='bbox 1212 2610 1275 2640; x_wconf 69' lang='grc' dir='ltr'>περὶ</span> <span class='ocrx_word' id='word_1_858' title='bbox 1296 2607 1470 2641; x_wconf 73' lang='grc' dir='ltr'>πολυφιλίας.</span> <span class='ocrx_word' id='word_1_859' title='bbox 1482 2607 1635 2634; x_wconf 83' lang='lat' dir='ltr'><strong>nihilaliud</strong></span> <span class='ocrx_word' id='word_1_860' title='bbox 1651 2608 1701 2634; x_wconf 76' lang='lat' dir='ltr'><strong>Sibi</strong></span> <span class='ocrx_word' id='word_1_861' title='bbox 1714 2608 1784 2634; x_wconf 77' lang='lat' dir='ltr'><strong>Velle</strong></span> 
     </span>
    </p>
   </div>
   <div class='ocr_carea' id='block_1_117' title="bbox 994 2642 1784 2677">
    <p class='ocr_par' dir='ltr' id='par_1_117' title="bbox 994 2642 1784 2677">
     <span class='ocr_line' id='line_1_118' title="bbox 994 2642 1784 2677; baseline -0.004 -7"><span class='ocrx_word' id='word_1_862' title='bbox 994 2645 1041 2675; x_wconf 88' lang='lat' dir='ltr'><strong>ait,</strong></span> <span class='ocrx_word' id='word_1_863' title='bbox 1063 2650 1144 2677; x_wconf 87' lang='lat' dir='ltr'><strong>quam</strong></span> <span class='ocrx_word' id='word_1_864' title='bbox 1161 2642 1294 2669; x_wconf 79' lang='lat' dir='ltr'><strong>binarium</strong></span> <span class='ocrx_word' id='word_1_865' title='bbox 1307 2650 1367 2669; x_wconf 82' lang='lat' dir='ltr'><strong>esse</strong></span> <span class='ocrx_word' id='word_1_866' title='bbox 1381 2643 1506 2668; x_wconf 73' lang='lat' dir='ltr'><strong>amicitia:</strong></span> <span class='ocrx_word' id='word_1_867' title='bbox 1519 2650 1684 2669; x_wconf 80' lang='lat' dir='ltr'><strong>mensuram.</strong></span> <span class='ocrx_word' id='word_1_868' title='bbox 1699 2643 1784 2668; x_wconf 85' lang='lat' dir='ltr'><strong>Paulo</strong></span> 
     </span>
    </p>
   </div>
   <div class='ocr_carea' id='block_1_118' title="bbox 995 2677 1783 2712">
    <p class='ocr_par' dir='ltr' id='par_1_118' title="bbox 995 2677 1783 2712">
     <span class='ocr_line' id='line_1_119' title="bbox 995 2677 1783 2712; baseline 0 -10"><span class='ocrx_word' id='word_1_869' title='bbox 995 2682 1057 2712; x_wconf 65' lang='lat' dir='ltr'><strong>pOst</strong></span> <span class='ocrx_word' id='word_1_870' title='bbox 1077 2685 1084 2702; x_wconf 82' lang='lat'><strong>:</strong></span> <span class='ocrx_word' id='word_1_871' title='bbox 1105 2677 1201 2711; x_wconf 77' lang='lat' dir='ltr'><strong>Itaque</strong></span> <span class='ocrx_word' id='word_1_872' title='bbox 1219 2678 1295 2704; x_wconf 78' lang='lat' dir='ltr'><strong>ualde</strong></span> <span class='ocrx_word' id='word_1_873' title='bbox 1330 2685 1421 2703; x_wconf 76' lang='lat' dir='ltr'><strong>amare</strong></span> <span class='ocrx_word' id='word_1_874' title='bbox 1443 2681 1466 2703; x_wconf 82' lang='lat' dir='ltr'><strong>et</strong></span> <span class='ocrx_word' id='word_1_875' title='bbox 1491 2678 1578 2703; x_wconf 83' lang='lat' dir='ltr'><strong>amari</strong></span> <span class='ocrx_word' id='word_1_876' title='bbox 1598 2682 1667 2703; x_wconf 78' lang='lat' dir='ltr'><strong>mter</strong></span> <span class='ocrx_word' id='word_1_877' title='bbox 1687 2677 1783 2703; x_wconf 75' lang='lat' dir='ltr'><strong>multos</strong></span> 
     </span>
    </p>
   </div>
   <div class='ocr_carea' id='block_1_119' title="bbox 997 2711 1783 2739">
    <p class='ocr_par' dir='ltr' id='par_1_119' title="bbox 997 2711 1783 2739">
     <span class='ocr_line' id='line_1_120' title="bbox 997 2711 1783 2739; baseline -0.003 -1"><span class='ocrx_word' id='word_1_878' title='bbox 997 2713 1080 2739; x_wconf 82' lang='lat' dir='ltr'><strong>lorum</strong></span> <span class='ocrx_word' id='word_1_879' title='bbox 1094 2721 1144 2738; x_wconf 83' lang='lat' dir='ltr'><strong>non</strong></span> <span class='ocrx_word' id='word_1_880' title='bbox 1169 2713 1243 2738; x_wconf 77' lang='lat' dir='ltr'><strong>habet</strong></span> <span class='ocrx_word' id='word_1_881' title='bbox 1263 2721 1268 2738; x_wconf 95' lang='lat'>:</span> <span class='ocrx_word' id='word_1_882' title='bbox 1286 2712 1330 2738; x_wconf 79' lang='lat' dir='ltr'><strong>sed</strong></span> <span class='ocrx_word' id='word_1_883' title='bbox 1344 2713 1411 2738; x_wconf 79' lang='lat' dir='ltr'><strong>sicut</strong></span> <span class='ocrx_word' id='word_1_884' title='bbox 1428 2720 1517 2738; x_wconf 70' lang='lat' dir='ltr'><strong>amnes</strong></span> <span class='ocrx_word' id='word_1_885' title='bbox 1542 2713 1566 2738; x_wconf 86' lang='lat' dir='ltr'><strong>in</strong></span> <span class='ocrx_word' id='word_1_886' title='bbox 1586 2711 1680 2737; x_wconf 81' lang='lat' dir='ltr'><strong>mullos</strong></span> <span class='ocrx_word' id='word_1_887' title='bbox 1706 2712 1783 2737; x_wconf 73' lang='lat' dir='ltr'><strong>divisi</strong></span> 
     </span>
    </p>
   </div>
   <div class='ocr_carea' id='block_1_120' title="bbox 997 2747 1783 2782">
    <p class='ocr_par' dir='ltr' id='par_1_120' title="bbox 997 2747 1783 2782">
     <span class='ocr_line' id='line_1_121' title="bbox 997 2747 1783 2782; baseline -0.003 -8"><span class='ocrx_word' id='word_1_888' title='bbox 997 2747 1308 2782; x_wconf 58' lang='lat' dir='ltr'><strong>alveosimbecilli/luunt</strong></span> <span class='ocrx_word' id='word_1_889' title='bbox 1324 2755 1354 2773; x_wconf 83' lang='lat' dir='ltr'><strong>ac</strong></span> <span class='ocrx_word' id='word_1_890' title='bbox 1380 2752 1480 2782; x_wconf 57' lang='lat' dir='ltr'><strong>lenitas,</strong></span> <span class='ocrx_word' id='word_1_891' title='bbox 1500 2747 1535 2772; x_wconf 74' lang='lat' dir='ltr'><strong>sic</strong></span> <span class='ocrx_word' id='word_1_892' title='bbox 1550 2747 1684 2772; x_wconf 63' lang='lat' dir='ltr'><strong>vehemens</strong></span> <span class='ocrx_word' id='word_1_893' title='bbox 1708 2754 1783 2772; x_wconf 84' lang='lat' dir='ltr'><strong>amor</strong></span> 
     </span>
    </p>
   </div>
   <div class='ocr_carea' id='block_1_121' title="bbox 998 2780 1676 2817">
    <p class='ocr_par' dir='ltr' id='par_1_121' title="bbox 998 2780 1676 2817">
     <span class='ocr_line' id='line_1_122' title="bbox 998 2780 1676 2817; baseline -0.001 -9"><span class='ocrx_word' id='word_1_894' title='bbox 998 2783 1023 2809; x_wconf 82' lang='lat' dir='ltr'><strong>in</strong></span> <span class='ocrx_word' id='word_1_895' title='bbox 1041 2783 1141 2815; x_wconf 76' lang='lat' dir='ltr'><strong>animo,</strong></span> <span class='ocrx_word' id='word_1_896' title='bbox 1159 2783 1182 2809; x_wconf 75' lang='lat' dir='ltr'><strong>si</strong></span> <span class='ocrx_word' id='word_1_897' title='bbox 1198 2780 1340 2817; x_wconf 72' lang='lat' dir='ltr'><strong>dissipetur</strong></span> <span class='ocrx_word' id='word_1_898' title='bbox 1357 2782 1383 2807; x_wconf 77' lang='lat' dir='ltr'><strong>in</strong></span> <span class='ocrx_word' id='word_1_899' title='bbox 1403 2780 1509 2813; x_wconf 79' lang='lat' dir='ltr'><strong>mullos,</strong></span> <span class='ocrx_word' id='word_1_900' title='bbox 1526 2785 1676 2807; x_wconf 71' lang='lat' dir='ltr'><strong>mercatur.</strong></span> 
     </span>
    </p>
   </div>
  </div>
