1922 3082
119 53 167 84 411

705 48 868 80 JOANNIS
888 47 1152 81 CANT'ACUZENI

1690 49 1743 82 ΚΞ

119 109 190 144 quod
202 108 308 139 dicunt.
319 107 492 142 geometricis
502 103 904 148 demonstrationibusconvin-

961 103 1102 137 πνευστιᾷν
1118 102 1170 128 ὑπδ
1185 101 1234 136 τῆς
1251 101 1381 135 ἀγωνίας.
1397 102 1445 128 καὶ
1460 102 1527 137 μηξὲ
1542 103 1589 138 ζῇν
1600 102 1705 129 ἐθέλειν
1719 105 1745 148 εἰ

119 163 181 182 cere
192 154 261 189 (ιδ),
275 160 330 180 non
338 159 407 185 esse,
420 158 473 178 non
483 150 541 177 fore
555 149 637 176 ullam
652 147 778 174 amicitiae
788 146 903 173 formam

119 199 367 235 perfectionemque
378 204 459 231 quam
469 197 542 222 inter
554 201 603 221 nos
618 201 671 220 non
681 199 906 226 cxpresserrmus.

121 248 157 274 ita
171 251 200 274 ut
212 246 342 272 accedere
365 243 430 270 nihil
450 241 547 276 possit.
564 240 621 267 Hoc
634 244 661 266 et
678 239 801 266 Joannes
816 246 903 265 evan-

122 292 216 326 gelista
237 291 348 320 videns,
372 288 410 314 uti
429 287 556 322 optinor,
585 285 743 312 hominibus
766 285 904 319 praecepit,

122 337 203 364 talem
217 343 280 369 erga
293 334 376 361 Deum
385 332 547 360 charitatem
558 331 713 363 ostendere,
725 331 832 366 qualem
842 338 904 365 erga

122 384 224 410 amicos
239 381 307 416 (lt).
328 379 356 407 Si
368 381 441 406 enim
455 385 506 414 ego
522 378 753 413 quemadmodum
768 385 783 405 a
800 381 844 404 tua
859 385 905 404 vo-

121 429 224 456 luntate
254 431 324 453 lotus
344 425 460 460 pendeo,
475 424 620 459 omniaque
648 431 703 458 pra:
721 428 767 450 tuo
789 423 863 450 cultu
879 428 906 450 et

122 473 294 501 ubst-rvantia
317 471 495 506 parvipendo,
518 470 558 497 sic
582 477 646 505 erga
665 470 749 496 Deum
774 469 905 499 allicerer,

121 526 176 554 quo
191 525 245 545 non
267 517 376 544 virtutis
394 515 608 550 processissem?
627 519 673 542 aut
685 514 756 550 quod
772 514 905 544 studium.

121 572 202 600 quam
226 563 403 598 cupiditatem
433 560 467 588 ad
498 560 624 588 mandata
651 561 711 596 ejus
743 560 907 588 hilarissime

121 610 251 638 obeunda
281 617 335 636 non
369 607 572 635 adhibuissem?
601 606 629 634 Si
659 614 740 641 porro
757 611 802 638 tu,
835 607 907 633 sicut

122 656 227 688 dixisti,
239 655 332 683 omnia
360 654 447 682 amori
473 659 569 681 nostro
584 653 735 688 postponis,
749 657 776 680 et
788 651 906 680 vicissim

123 703 151 731 in
167 709 261 729 amore
287 701 327 728 tui
349 700 417 728 mihi
433 704 498 728 sunt
507 700 609 730 omnia,
624 703 654 726 ut
665 707 724 734 qua:
742 703 770 726 tu
785 699 825 726 vis
835 706 865 726 ea
881 703 908 726 et

121 748 252 782 cogitem,
281 751 309 774 et
332 754 420 781 ngam,
450 746 497 780 qui
524 745 598 779 potui
614 752 674 779 qua:
689 744 842 771 molestiam
861 744 907 771 tibi

122 792 245 826 paritura
267 790 418 823 crederem,
438 797 470 817 ea
497 789 532 816 de
557 788 690 815 industria
711 788 819 815 facere?
847 788 906 815 Jam

122 838 186 872 quis
216 841 304 864 status
326 836 488 871 Syrgiannis
514 835 615 867 fuerit,
646 834 764 861 edicam.
785 833 907 866 Quorum

123 883 271 910 criminum
287 886 454 917 compertus,
470 881 504 908 ab
518 888 569 908 avo
584 885 631 907 tuo
643 887 753 907 carcere
766 879 909 906 damnatus

123 929 161 956 sit
176 929 244 963 (45),
261 933 289 956 tu
308 935 418 962 quoque
433 927 517 954 nosti.
533 926 614 961 Atqui
627 933 678 961 ego
698 926 811 954 subacto
826 934 841 953 τι
860 934 909 953 no-

123 974 166 1001 bis
196 973 346 1008 Byzantio.
376 973 552 1000 vehementer
587 972 686 1000 durum
722 976 750 999 et
784 979 799 999 a
833 979 910 999 com-

126 1020 305 1047 miseratione
344 1018 463 1046 alienum
485 1018 600 1049 censui,
626 1025 681 1045 non
709 1017 784 1045 aditu
813 1017 909 1045 saltem

122 1071 151 1093 et
186 1065 369 1092 collocutione
401 1065 462 1099 ejus
489 1071 640 1091 aerumnam
672 1064 840 1098 aliquantum
871 1064 911 1090 al-

122 1113 235 1144 icvarc,
270 1117 298 1138 et
329 1111 517 1139 consolatione
556 1111 645 1145 aliqua
678 1111 809 1137 miserum
843 1111 911 1137 deli-

123 1159 194 1191 nire,
208 1159 230 1186 si
250 1157 325 1189 aliud
349 1164 402 1183 non
429 1157 543 1189 liceret;
570 1160 725 1191 sperantem
748 1157 784 1182 ita
802 1164 831 1183 se
857 1163 908 1183 non

123 1205 234 1239 penitus
273 1206 461 1236 contemptum
506 1202 540 1228 ab
571 1201 667 1228 amicis
702 1200 730 1228 (ξι
763 1202 908 1235 ahjeclum.

124 1251 205 1285 205
228 1250 296 1277 Cum
321 1248 458 1275 venissem
484 1251 576 1274 autem
601 1247 629 1274 in
653 1254 809 1278 carcerem.
826 1248 911 1275 vidis-

124 1302 238 1330 scmque
259 1298 430 1328 quantopere
453 1300 514 1319 cum
534 1292 593 1326 ipso
614 1292 674 1319 loco
700 1300 831 1326 perquam
848 1292 911 1318 hor-

127 1339 201 1372 rido,
224 1344 282 1366 tum
304 1337 423 1365 vinculis
443 1337 515 1364 collo
532 1336 640 1371 injectis
654 1335 831 1370 aliiigeretur,
851 1337 910 1371 ejus

125 1386 213 1413 vicem
238 1385 321 1412 etiam
344 1388 426 1417 atque
450 1383 531 1409 ctiam
549 1382 634 1415 dolui,
652 1385 680 1409 et
696 1382 820 1409 solatium
837 1382 872 1414 ei,
887 1383 909 1409 si

958 150 1021 183 περὶ
1046 149 1075 174 τὸ
1101 148 1173 175 οὕτω
1193 148 1276 176 καλὸν
1301 148 1427 183 δεύτερός
1451 156 1525 180 τινος
1551 148 1710 186 φαινοίμην,
1726 152 1744 186 ἢ

958 194 1100 229 ἀποπηδᾷν
1115 194 1169 220 τῶν
1187 195 1316 220 τοιούτων
1329 194 1481 229 λογισμῶν,
1504 195 1552 222 καὶ
1578 195 1627 231 τὴν
1654 196 1746 231 ψυχὴν

958 239 1063 266 πείθειν
1091 241 1277 275 ἰσχυροτέρως
1293 240 1327 275 ἦ,
1343 241 1356 267 ὃ
1376 249 1470 274 φασιν,
1487 241 1622 276 ἀνάγκαις
1639 250 1744 277 γεωμε-

958 286 1084 320 τρικαῖς,
1110 285 1147 316 ὡς
1173 286 1235 311 οὔτε
1259 286 1343 318 ἐστιν,
1359 285 1421 312 οὔτε
1447 286 1594 321 γεγένηταί
1623 296 1663 319 τις
1688 288 1745 314 ιδέα

959 330 1059 364 φιλίας,
1074 331 1108 365 ἦν
1122 331 1152 357 οὐ
1167 331 1235 366 πρὸς
1248 331 1378 366 ἀλλήλους
1393 332 1470 358 αὐτοὶ
1484 332 1682 367 ἐπεδειξάμεθα
1697 334 1744 360 καὶ

959 375 1018 410 μεθ’
1034 376 1084 402 ὐπε
1091 375 1187 411 ρϐολῆς
1198 384 1204 391 ·
1223 377 1269 403 καὶ
1285 377 1364 404 τοῦτο
1379 377 1520 404 συνιδόντα
1542 378 1588 404 καὶ
1603 379 1649 405 τὸν
1661 379 1745 414 εὐαγ-

958 421 1084 456 γελιστὴν
1103 421 1230 456 Ὶωάννην
1245 422 1327 448 ὲννοῶ
1353 423 1408 454 τοῖς
1422 422 1576 456 ἀνθρώποις
1589 423 1740 458 παραγγέλ-

959 466 1025 498 λειν,
1043 467 1092 501 τὴν
1112 468 1172 500 ῐσην
1197 467 1292 503 ὥσπερ
1322 468 1390 503 πρὸς
1403 468 1467 500 τοὺς
1495 468 1605 502 φίλους,
1622 469 1692 495 οὕτω
1710 469 1743 502 δὴ

959 512 1007 539 καὶ
1036 513 1103 548 πρὸς
1126 513 1174 539 τὸν
1191 513 1258 540 Θεὸν
1279 513 1463 541 ἐνδείκνυσθαι
1487 514 1609 548 ἀγάπην.
1635 515 1664 541 lii
1688 515 1743 549 γὰρ

960 558 1052 593 ὥσπερ
1067 557 1146 590 αὐτὸς
1160 559 1316 594 ἐξήρτημαι
1333 553 1382 594 τ’ῆς
1396 560 1445 594 σῆς
1459 559 1583 594 γνώμης,
1595 560 1642 586 καὶ
1655 561 1744 587 πάντα

959 603 1074 640 δεύτερα
1094 605 1202 640 ἥγημαι
1216 606 1265 641 τῆς
1278 606 1427 641 Θεραπείας
1447 607 1497 641 τῆς
1523 607 1583 641 σῆς,
1597 606 1669 633 οὕτω
1691 607 1743 633 διε-

960 650 1060 685 κείμην
1072 650 1118 676 καὶ
1130 651 1198 686 πρὸς
1208 651 1254 677 τὸν
1262 651 1338 685 Θεὸν,
1355 652 1405 678 ποῦ
1419 652 1468 678 οὐκ
1484 652 1518 678 ἂν
1532 652 1666 686 προῆλθον
1681 653 1745 688 ἀρε-

961 695 1049 730 τῆς,ἢ
1069 697 1150 723 ποίαν
1165 697 1215 723 οὐκ
1231 698 1262 723 ἂν
1281 698 1431 732 εἰσήνεγκα
1451 698 1568 732 σπουδὴν
1582 698 1629 725 καὶ
1645 699 1745 731 προθυ-

964 741 1028 775 μίαν
1043 742 1114 777 ὑπὲρ
1136 744 1182 769 τοῦ
1204 743 1252 775 τὰς
1268 743 1379 775 ἐντολὰς
1391 743 1473 770 αὐτοῦ
1487 744 1534 770 σὺν
1551 744 1624 780 πάσῃ
1641 745 1743 779 προθυς

963 785 1011 820 μία
1028 787 1183 822 ἐκπληροῦν
1194 796 1201 820 ;
1214 788 1243 814 Εἰ
1254 787 1282 814 δὲ
1293 789 1324 814 σὺ
1340 788 1398 823 μὲν,
1411 788 1505 822 ὥσπερ
1515 788 1638 823 εἴρηκας,
1657 788 1743 816 πάντα

960 831 1074 867 δεύτερα
1087 832 1137 867 τῆς
1151 833 1220 868 πρὸς
1235 833 1284 868 ἐμὲ
1307 834 1360 869 ήγῇ
1385 834 1487 868 φιλίας,
1503 835 1557 868 ἒ.γώ
1577 844 1606 861 τε
1619 834 1665 861 τοῦ
1677 843 1732 861 παν

959 876 1005 908 τὸς
1030 877 1153 911 τιμῶμαι
1179 878 1213 904 τὰ
1228 879 1269 904 σοὶ
1287 878 1351 912 φίλα
1367 879 1414 906 καὶ
1428 879 1583 913 λογίζεσθαι
1596 881 1641 907 καὶ
1655 880 1743 915 πράτ-

960 930 1028 953 τειν,
1046 931 1104 954 πως
1121 929 1154 949 αν
1174 923 1230 958 ἔχοι
1245 923 1347 959 χώραν,
1368 924 1385 951 ἃ
1402 925 1528 960 ἐνόμιζον
1551 925 1640 961 ἀνιᾷν,
1668 925 1744 952 ταῦτ’

960 968 1117 1003 ἐξεπίτηδες
1133 968 1290 1003 λογίζεσθαι
1310 971 1412 1003 ποιεῖν;
1434 970 1463 997 δν
1479 970 1508 997 δὲ
1526 972 1627 1006 τρόπον
1638 972 1698 1007 ἔσχε
1711 971 1745 998 τὰ

961 1017 1027 1050 περὶ
1051 1017 1229 1052 Συργιάννην,
1246 1018 1326 1049 αὐτὸς
1353 1019 1419 1053 ὲρῶ.
1433 1019 1489 1050 Τὰς
1512 1012 1562 1054 μὲν
1585 1019 1674 1052 αἰτίας
1700 1021 1745 1054 ἐφ’

961 1060 1005 1093 αἷς
1020 1062 1102 1094 ἁλοὺς
1126 1063 1276 1099 κατεκρίθη
1293 1063 1482 1100 δεσμωτήριον
1502 1065 1585 1092 οἰκεῖν
1602 1066 1653 1092 ὑπὸ
1669 1066 1745 1101 βασι-

961 1106 1028 1138 λέως
1045 1107 1091 1133 τοῦ
1108 1108 1220 1135 πάππου
1234 1108 1281 1135 τοῦ
1299 1109 1356 1141 σοῦ,
1369 1108 1446 1136 οἶσθα
1465 1112 1512 1136 και¹
1529 1111 1611 1143 αὑτός
1622 1120 1628 1127 ·
1640 1112 1694 1145 ἐγὼ
1704 1113 1744 1145 δὲ,

963 1153 1032 1187 μετὰ
1056 1154 1086 1179 τὸ
1107 1153 1255 1186 Βυζάντιον
1271 1155 1343 1190 ἡμᾶς
1364 1156 1530 1190 ποιήσασθαι
1555 1157 1600 1191 ὑφ’
1626 1159 1743 1191 ἑαυτοῖς,

961 1198 1123 1233 ἀσυμπαθὲς
1138 1196 1235 1234 ἔκρινα
1261 1201 1308 1227 καὶ
1332 1201 1427 1232 δεινῶς
1445 1202 1585 1236 ἄγνωμον,
1597 1203 1620 1229 εἰ
1636 1203 1673 1238 μή
1691 1212 1744 1230 τινι

961 1244 1046 1280 ἄλλῳ,
1060 1246 1092 1280 τῇ
1109 1246 1177 1280 πρὸς
1199 1246 1281 1273 αὑτὸν
1297 1246 1363 1281 γοῦν
1378 1247 1513 1283 ἐπιδημίᾳ
1529 1249 1578 1284 την
1600 1250 1744 1285 συμφορὰν

961 1291 1001 1322 εἰς
1018 1291 1080 1317 ὅσον
1093 1288 1148 1318 οἷόν
1159 1300 1187 1318 τε
1198 1293 1385 1326 ἐπικουφίσαι,
1398 1293 1444 1319 καὶ
1458 1294 1636 1328 παραμυθίαν
1654 1304 1731 1330 παρα

962 1337 1037 1372 σχεῖν
1057 1346 1128 1371 τινα,
1161 1339 1197 1373 μὴ
1224 1339 1367 1371 παντελῶς
1393 1340 1562 1376 ἀπερῤίφθαι
1594 1341 1743 1369 ἐλπίσαντα

962 1384 1038 1419 παρὰ
1055 1384 1108 1410 τῶν
1124 1385 1219 1419 φίλων,
1235 1385 1381 1421 γενόμενος
1405 1387 1433 1412 δὲ
1457 1388 1486 1413 ὲν
1509 1387 1548 1421 τῷ
1565 1387 1744 1424 δεσμωτηρίῳ

126 1431 199 1466 quod
222 1437 341 1465 possem,
370 1429 512 1463 impertire
535 1428 639 1460 studui,
657 1432 737 1462 teque
753 1427 860 1461 adiens,
876 1428 908 1456 de

962 1431 1030 1465 πρὸς
1046 1431 1139 1462 αὐτὸν,
1157 1431 1205 1457 καὶ
1220 1433 1269 1467 τήν
1281 1441 1311 1459 τε
1324 1432 1409 1467 ἄλλην
1430 1433 1552 1460 κάκωσιν
1568 1434 1615 1469 τὴν
1631 1435 1742 1460 ἀπὸτοῦ

126 1473 244 1504 vinculis
273 1481 378 1503 tantum
401 1474 580 1502 detrahendis
606 1473 700 1504 oravi,
723 1474 794 1508 quod
822 1474 850 1501 in
867 1475 930 1501 his‘

126 1523 206 1551 malis
226 1523 279 1550 hoc
305 1523 491 1549 levamentum
512 1519 637 1547 sufﬁcere
663 1519 827 1547 arbitrabar.
857 1520 910 1548 Ubi

126 1569 251 1597 crebrius
267 1568 300 1595 ad
314 1575 376 1594 eum
390 1566 539 1597 ventitans,
553 1564 717 1592 familiarius
732 1572 811 1599 agere
825 1565 907 1600 coepi,

126 1615 172 1643 ille
195 1622 228 1641 ne
243 1614 292 1647 {sic
319 1612 431 1647 quidem
457 1610 630 1638 liberationis
654 1610 820 1638 mentionem
837 1611 910 1645 apud

125 1669 170 1688 me
195 1659 306 1691 intulit,
328 1666 383 1685 non
406 1657 496 1685 solum
511 1661 564 1684 tua:
578 1656 612 1683 ad
630 1655 751 1683 inimicis
768 1657 911 1691 ignoscen-

126 1706 192 1734 dum
206 1705 325 1732 incitatze
338 1702 488 1731 voluntatis
504 1702 625 1734 nescius,
638 1702 687 1729 sed
701 1702 783 1728 etiam
796 1702 848 1730 sibi
862 1710 910 1730 ne-

125 1751 271 1780 fandorum
294 1750 446 1778 facinorum
470 1748 614 1781 conscius,
639 1748 676 1775 ob
698 1756 759 1783 quae
782 1748 908 1775 eﬂ‘ectum

126 1796 329 1831 deprecationis
353 1793 526 1828 desperabat.
545 1794 595 1820 Ast
616 1800 667 1828 ego
681 1800 715 1820 ex
734 1793 779 1819 illa
795 1800 910 1820 consue-

127 1842 223 1869 tudine
233 1840 320 1875 magis
331 1844 432 1867 sortem
440 1838 559 1866 hominis
568 1839 725 1870 miseratus,
737 1838 764 1864 in
772 1845 909 1866 carcerem

127 1886 263 1912 mitiorem
280 1883 512 1914 transferendum,
529 1882 641 1915 matris,
658 1883 762 1914 uxoris.
781 1883 911 1911 charissi-

127 1938 289 1965 morumque
309 1930 462 1958 liberorum
479 1928 636 1957 convictum
652 1928 678 1955 ei
694 1928 909 1963 permittendum

127 1977 281 2005 existimavi
301 1985 308 2003 :
333 1980 420 2008 ratus,
446 1982 498 2002 nos
513 1975 596 2002 etiam
613 1975 653 2002 sic
672 1975 708 2002 ab
729 1974 910 2010 ejusinsidiis

127 2027 202 2049 tutos
228 2021 296 2054 fore,
318 2021 464 2055 ipsumque
479 2021 592 2055 perinde
608 2028 640 2047 ac
657 2021 680 2047 si
695 2020 820 2048 custodia
836 2021 909 2048 omni

127 2067 196 2095 liber
210 2071 294 2100 esset,
307 2067 389 2094 vitam
410 2066 543 2100 placidam
560 2071 587 2093 et
598 2066 747 2101 jucundam
759 2067 908 2094 victurum.

129 2113 187 2140 Hoc
205 2113 288 2147 igitur
310 2113 349 2139 illi
376 2112 505 2146 precibus
527 2111 599 2146 apud
622 2116 648 2138 te
673 2112 741 2139 meis
755 2112 909 2146 impetravi.
928 2107 949 2134 D

128 2159 180 2185 Hic
204 2164 292 2185 mater
312 2159 372 2193 ejus
386 2156 539 2191 eademque
552 2157 718 2184 consobrina
733 2165 792 2185 mea
810 2158 911 2185 factum

127 2204 236 2236 videns,
257 2203 331 2238 quod
354 2210 494 2237 nunquam
509 2202 684 2237 speravisset,
700 2203 780 2238 idque
794 2211 844 2239 per
859 2212 912 2236 me,

129 2247 306 2275 sollicitatum
321 2254 336 2274 a
350 2247 472 2279 nemine,
491 2254 586 2282 magna
602 2254 651 2282 spe
667 2248 694 2274 in
709 2248 832 2276 futurum
844 2257 914 2285 quo-

962 1476 1161 1512 δεσμωτηρίου,
1171 1478 1218 1503 καὶ
1229 1478 1347 1512 μάλιστα
1358 1478 1407 1514 τὴν
1420 1479 1473 1505 ἀπὸ
1482 1479 1535 1507 τῶν
1547 1479 1645 1506 κλοιῶν
1656 1480 1744 1515 ἑωρα-

964 1522 1028 1555 κὼς,
1042 1521 1137 1554 δεινῶς
1153 1531 1181 1549 τε
1197 1523 1305 1559 ήλγησα
1316 1524 1386 1559 ὑπὲρ
1400 1524 1495 1556 αὐτοῦ,
1506 1525 1551 1551 καὶ
1566 1524 1742 1561 παραμυθίαν

962 1568 1022 1594 τινὰ
1036 1569 1060 1594 εἰ
1075 1565 1130 1594 οἶόν
1142 1576 1171 1594 τε
1183 1568 1256 1603 αὐτῷ
1271 1569 1470 1605 προύθυμήθην
1487 1570 1616 1605 ἐξευρεῖν.
1629 1571 1682 1598 Καί
1700 1580 1742 1598 σοι

963 1613 1129 1648 προσελθὼν,
1143 1615 1207 1649 περὶ
1221 1614 1275 1649 τῶν
1287 1614 1384 1641 κλοιῶν
1398 1615 1511 1651 ἐδεόμην
1527 1616 1627 1650 μόνων,
1639 1616 1743 1650 ἀρκοῦ-

964 1667 1013 1686 σαν
1025 1659 1175 1694 ἡγούμενος
1189 1657 1259 1686 εἶναι
1269 1661 1306 1692 ὡς
1320 1661 1348 1687 ὲν
1359 1661 1455 1693 δεινοῖς
1468 1662 1656 1697 παραμυθίαν.
1666 1663 1744 1689 “Επ;ὶ

962 1705 989 1732 δὲ
1002 1705 1135 1742 ἐγενόμην
1158 1707 1187 1733 ὲν
1210 1707 1350 1742 συνηθείᾳ,
1366 1707 1413 1734 καὶ
1427 1709 1532 1743 συχνῶς
1546 1709 1661 1743 ἐφοίτων
1677 1709 1744 1745 πρὸς

963 1752 1054 1784 αὑτὸν,
1070 1752 1171 1783 ἐκεῖνος
1190 1752 1239 1787 μὲν
1250 1753 1303 1778 οὐδ’
1321 1753 1392 1779 οὕτω
1403 1754 1471 1788 πρὸς
1491 1754 1540 1789 ἐμὲ
1552 1755 1674 1791 ἐμνήσθη
1689 1755 1745 1783 τῶν

963 1798 1056 1823 κακῶν
1081 1798 1252 1833 ἀπαλλαγῆς,
1268 1798 1297 1824 οὐ
1318 1798 1398 1832 μόνον
1417 1800 1467 1834 τὴν
1483 1799 1532 1835 σὴν
1550 1800 1614 1835 περὶ
1630 1801 1661 1827 τὸ
1677 1809 1744 1834 συγ·

963 1841 1106 1876 γινώσκειν
1148 1844 1204 1874 τοῖς
1244 1844 1479 1878 προσκεκρουκόσι
1511 1844 1666 1880 φιλοτιμίαν
1693 1846 1744 1872 οὐκ

963 1887 1051 1919 εἰδὼς,
1068 1887 1136 1914 ἀλλὰ
1156 1889 1204 1915 καὶ
1222 1889 1310 1923 ὲαυτῷ
1324 1889 1358 1915 τὰ
1380 1889 1523 1916 δεινότατα
1538 1891 1677 1924 συνειδὼς,
1696 1892 1744 1918 καὶ

962 1933 1007 1959 διὰ
1019 1933 1098 1959 τοῦτο
1112 1933 1161 1967 τὴν
1181 1934 1348 1969 παραίτησιν
1361 1933 1554 1969 ἀπαγορεύων.
1576 1935 1646 1968 Ἐγὼ
1660 1935 1683 1962 δ’
1702 1935 1744 1962 ἔτι

965 1977 1066 2013 μᾶλλον
1090 1979 1122 2005 ἐκ
1155 1979 1205 2013 τῆς
1241 1979 1387 2013 συνηθείας
1409 1980 1651 2014 ὲτιικαμπτόμενος
1675 1982 1744 2016 πρὸς

963 2024 1013 2058 τὴν
1029 2023 1112 2050 αὑτοῦ
1134 2024 1337 2058 κακοπραγίαν,
1353 2023 1447 2059 ᾠήθην
1476 2024 1533 2050 δεῖν
1562 2024 1616 2051 ἀπό
1642 2033 1672 2051 τε
1695 2025 1742 2052 τοῦ

963 2069 1149 2104 δεσμωτηρίου
1173 2069 1212 2100 εἰς
1228 2069 1322 2104 ἕτερον
1343 2069 1549 2104 ἐπιεικέστερον
1565 2072 1744 2104 μεταγαγεῖν,

964 2115 1010 2139 καὶ
1025 2114 1073 2149 τὴν
1088 2116 1136 2149 τῆς
1157 2114 1259 2149 μητρὸς
1274 2115 1322 2141 καὶ
1334 2113 1464 2149 γυναικὸς
1479 2115 1527 2141 καὶ
1541 2115 1595 2141 τῶν
1608 2115 1745 2149 φιλτάτων

965 2159 1155 2195 συνδιαγωγὴν
1170 2159 1243 2194 αὑτῷ
1260 2161 1376 2194 ἐφεῖναι,
1394 2160 1512 2196 νομίζων
1526 2160 1612 2191 οὕτως
1629 2160 1662 2187 ἂν
1680 2161 1747 2196 ἡμῖν

963 2213 993 2230 τε
1009 2202 1089 2232 -εῐναι
1107 2205 1259 2240 ἀσφάλειαν
1275 2206 1321 2233 τοῦ
1337 2207 1375 2242 μή
1390 2215 1415 2233 τι
1430 2206 1657 2233 ἐπιϐουλεύεσθαι
1677 2207 1746 2241 παρ’

964 2251 1060 2288 αὐτοῦι
1077 2252 1124 2277 καὶ
1150 2252 1232 2278 αὑτὸν
1260 2251 1337 2279 οὐδὲν
1351 2250 1432 2287 ἦττον
1451 2253 1472 2286 ἢ·
1484 2253 1509 2279 εί
1525 2252 1683 2281 παντάπασι
1698 2254 1745 2281 τοῦ

743 2313 850 2344 Jacobi
869 2314 1001 2345 Pontani
1022 2318 1115 2344 notas.

166 2360 223 2394 (l3)
240 2359 380 2387 Vocantur
399 2361 518 2396 ἀνάγκαι
537 2360 640 2389 Graecis
657 2361 833 2396 probationes
848 2363 910 2396 illic,

130 2402 198 2430 qua-1
214 2396 370 2422 necessario
397 2395 579 2427 concludunt,
600 2395 668 2430 quas
693 2401 787 2423 contra
819 2398 911 2426 afferri

132 2429 201 2456 nihil
230 2433 329 2463 potest,
347 2438 408 2463 quae
443 2429 614 2457 intellectum
637 2431 816 2459 convincunt.
839 2433 912 2460 Ana-

130 2471 213 2490 creon
235 2463 317 2501 dixit,_
331 2466 391 2501 eam
404 2465 524 2501 ῥητόρων
541 2466 744 2501 ἀνάγκαιςηιιὶιὶ
765 2471 832 2501 puto
849 2468 911 2494 rhe-

131 2502 221 2524 torum
246 2499 356 2525 nomine
376 2499 535 2526 dialecticos
558 2499 827 2534 accipiendosfseu
850 2509 911 2529 esse

131 2539 275 2568 commune
290 2540 389 2560 nomen
418 2533 451 2560 ad
474 2534 599 2561 rhetores
620 2533 749 2568 'proprie'
768 2536 857 2563 dictos
883 2541 911 2564 et

131 2566 312 2600 dialecticos;
340 2568 490 2601 praesertim
522 2576 585 2595 cum
613 2566 755 2597 dialectica
784 2570 910 2598 Ciceroni

135 2601 243 2639 dicatur
263 2602 374 2639 astricta
391 2606 417 2639 ct
429 2606 568 2639 contracta
596 2604 719 2639 quaedam
744 2605 911 2639 eloquentia.

132 2641 162 2662 ut
178 2636 299 2663 vicissim
316 2637 480 2663 rhetoricam
496 2636 622 2664 latiorem
637 2643 664 2665 et
683 2638 770 2666 fusam
786 2636 913 2667 dialecti-

131 2677 190 2696 cam
206 2671 343 2706 appcllare
358 2671 448 2698 liceat.
472 2672 542 2698 Sunt
558 2673 632 2699 enim
662 2674 748 2701 ambae
769 2674 795 2700 in
824 2675 913 2701 disse~

132 2705 217 2729 remlo
238 2707 340 2729 nusiL'n.

132 2707 217 2731 renilo
238 2707 340 2732 ousitae.

167 2711 222 2774 2:?)
237 2711 405 2767 gosrltlfillum
418 2740 507 2767 locum
521 2739 632 2767 Joannis
643 2740 847 2777 intelligit,cap.
859 2751 911 2771 xv:

965 2364 1099 2399 Majorem
1113 2366 1162 2397 hac
1177 2365 1345 2402 dilectionem
1357 2373 1432 2393 nemo
1449 2367 1537 2399 habet,
1552 2376 1632 2402 quam
1648 2373 1676 2395 ut
1687 2370 1748 2396 ani—

966 2409 1037 2426 mum
1047 2407 1123 2426 suam
1137 2405 1218 2434 ponat
1236 2401 1294 2435 quis
1317 2409 1364 2435 pro
1379 2402 1470 2428 amicis
1495 2401 1562 2429 suis.
1577 2403 1688 2430 Certum
1701 2408 1747 2431 est

965 2436 1097 2474 majorem
1120 2435 1283 2462 charitatcm
1297 2436 1332 2462 ab
1347 2435 1505 2463 hominibus
1523 2437 1609 2464 Deum
1627 2446 1681 2465 non
1698 2446 1745 2465 re-

984 2476 1085 2496 uirere.

965 2477 1177 2540 (iuzzgelndicat
1201 2504 1259 2532 haec
1285 2505 1400 2532 crimina
1425 2505 1570 2540 Gregoras,
1600 2506 1649 2533 lib.
1674 2515 1744 2534 vni:

964 2537 1126 2573 Syrgiannes
1143 2546 1202 2565 vero
1219 2540 1405 2573 imperatorum
1428 2537 1568 2567 conEordia
1585 2542 1692 2568 minime
1701 2542 1748 2568 lte-

961 2577 1022 2604 ειιε,
1049 2574 1137 2600 animo
1169 2581 1238 2608 aeger
1270 2578 1294 2601 et
1336 2575 1405 2601 tristi
1432 2575 1507 2602 vultu
1541 2575 1747 2606 obambulabat.

961 2609 1077 2645 maxime
1091 2608 1159 2642 quod
1181 2609 1335 2645 tranquillis
1355 2609 1441 2641 rebus,
1464 2610 1552 2636 nullus
1570 2611 1628 2645 ejus
1643 2612 1746 2638 usuin

961 2642 1095 2679 republica
1117 2650 1172 2679 esse
1199 2642 1347 2675 videbatur,
1364 2649 1392 2671 et
1416 2652 1477 2678 quae
1496 2642 1660 2679 sequuntur.
1677 2647 1745 2673 Vide

962 2677 1046 2714 etiam
1070 2677 1167 2711 pagina
1189 2679 1368 2714 antecedente
1384 2688 1391 2705 :
1408 2677 1543 2706 Craterum
1560 2689 1670 2714 magou
1693 2682 1747 2707 dua:

962 2709 1125 2770 fyrgiaiine}
1160 2713 1236 2739 rebus
1268 2721 1319 2740 non
1351 2721 1382 2740 ex
1415 2715 1547 2741 sententia
1586 2709 1749 2742 succedenti-

982 2754 1023 2770 tu.
1039 2750 1092 2770 etc.

982 2754 1023 2778 us,
1039 2750 1092 2772 etc.
