  <div class='ocr_page' id='page_1' title='image "/cluster/home/n/w/nwhite01/storage/ocr_20150623/153/njp.32101010943478/222.png"; bbox 0 0 1922 3082; ppageno 0'>
   <div class='ocr_carea' id='block_1_1' title="bbox 151 192 205 223">
    <p class='ocr_par' dir='ltr' id='par_1_1' title="bbox 151 192 205 223">
     <span class='ocr_line' id='line_1_1' title="bbox 151 192 205 223; baseline 0.019 -1"><span class='ocrx_word' id='word_1_1' title='bbox 151 192 205 223; x_wconf 70' lang='grc' dir='ltr'><strong>4ιῖ</strong></span> 
     </span>
    </p>
   </div>
   <div class='ocr_carea' id='block_1_2' title="bbox 735 196 1198 229">
    <p class='ocr_par' dir='ltr' id='par_1_2' title="bbox 735 196 1198 229">
     <span class='ocr_line' id='line_1_2' title="bbox 735 196 1198 229; baseline 0.006 -3"><span class='ocrx_word' id='word_1_2' title='bbox 735 197 1002 228; x_wconf 70' lang='lat' dir='ltr'><strong>HISTORIARUH</strong></span> <span class='ocrx_word' id='word_1_3' title='bbox 1026 196 1139 229; x_wconf 68' lang='lat' dir='ltr'><strong>LIBER</strong></span> <span class='ocrx_word' id='word_1_4' title='bbox 1160 201 1198 229; x_wconf 87' lang='lat' dir='ltr'><strong>ll.</strong></span> 
     </span>
    </p>
   </div>
   <div class='ocr_carea' id='block_1_3' title="bbox 1722 201 1773 231">
    <p class='ocr_par' dir='ltr' id='par_1_3' title="bbox 1722 201 1773 231">
     <span class='ocr_line' id='line_1_3' title="bbox 1722 201 1773 231; baseline 0 0"><span class='ocrx_word' id='word_1_5' title='bbox 1722 201 1773 231; x_wconf 66' lang='lat' dir='ltr'><strong>L58</strong></span> 
     </span>
    </p>
   </div>
   <div class='ocr_carea' id='block_1_4' title="bbox 146 250 934 292">
    <p class='ocr_par' dir='ltr' id='par_1_4' title="bbox 146 250 933 287">
     <span class='ocr_line' id='line_1_4' title="bbox 146 250 933 287; baseline 0.004 -12"><span class='ocrx_word' id='word_1_6' title='bbox 146 250 276 284; x_wconf 79' lang='grc' dir='ltr'>ἀπορίαν,</span> <span class='ocrx_word' id='word_1_7' title='bbox 285 250 354 285; x_wconf 62' lang='grc' dir='ltr'>προς</span> <span class='ocrx_word' id='word_1_8' title='bbox 364 251 483 284; x_wconf 76' lang='grc' dir='ltr'><strong>ἐκείνους</strong></span> <span class='ocrx_word' id='word_1_9' title='bbox 497 252 654 287; x_wconf 80' lang='grc' dir='ltr'>ποιούμενος</span> <span class='ocrx_word' id='word_1_10' title='bbox 667 252 842 286; x_wconf 63' lang='grc' dir='ltr'>τοὺςλόγυυς.</span> <span class='ocrx_word' id='word_1_11' title='bbox 860 252 933 287; x_wconf 79' lang='grc' dir='ltr'>Πλὴν</span> 
     </span>
    </p>
   </div>
   <div class='ocr_carea' id='block_1_5' title="bbox 986 250 1774 292">
    <p class='ocr_par' dir='ltr' id='par_1_5' title="bbox 986 255 1774 292">
     <span class='ocr_line' id='line_1_5' title="bbox 986 255 1774 292; baseline 0 -10"><span class='ocrx_word' id='word_1_12' title='bbox 986 255 1105 289; x_wconf 86' lang='lat' dir='ltr'><strong>perbene</strong></span> <span class='ocrx_word' id='word_1_13' title='bbox 1124 258 1222 289; x_wconf 80' lang='lat' dir='ltr'><strong>sciret.</strong></span> <span class='ocrx_word' id='word_1_14' title='bbox 1248 257 1275 284; x_wconf 90' lang='lat' dir='ltr'><strong>id</strong></span> <span class='ocrx_word' id='word_1_15' title='bbox 1296 257 1368 292; x_wconf 90' lang='lat' dir='ltr'><strong>quod</strong></span> <span class='ocrx_word' id='word_1_16' title='bbox 1394 261 1470 289; x_wconf 82' lang='lat' dir='ltr'><strong>eral,</strong></span> <span class='ocrx_word' id='word_1_17' title='bbox 1495 265 1548 284; x_wconf 90' lang='lat' dir='ltr'><strong>non</strong></span> <span class='ocrx_word' id='word_1_18' title='bbox 1572 257 1686 288; x_wconf 85' lang='lat' dir='ltr'><strong>militem</strong></span> <span class='ocrx_word' id='word_1_19' title='bbox 1713 256 1774 283; x_wconf 81' lang='lat' dir='ltr'><strong>iler</strong></span> 
     </span>
    </p>
   </div>
   <div class='ocr_carea' id='block_1_6' title="bbox 145 295 932 333">
    <p class='ocr_par' dir='ltr' id='par_1_6' title="bbox 145 295 932 333">
     <span class='ocr_line' id='line_1_6' title="bbox 145 295 932 333; baseline 0.004 -12"><span class='ocrx_word' id='word_1_20' title='bbox 145 296 179 321; x_wconf 78' lang='grc' dir='ltr'>τὸ</span> <span class='ocrx_word' id='word_1_21' title='bbox 201 295 252 330; x_wconf 81' lang='grc' dir='ltr'>μὲν</span> <span class='ocrx_word' id='word_1_22' title='bbox 268 297 381 331; x_wconf 76' lang='grc' dir='ltr'><strong>ἀπορεῖν</strong></span> <span class='ocrx_word' id='word_1_23' title='bbox 396 298 544 333; x_wconf 80' lang='grc' dir='ltr'>χρημάτων</span> <span class='ocrx_word' id='word_1_24' title='bbox 569 300 668 330; x_wconf 75' lang='grc' dir='ltr'>εἰπεῖν,</span> <span class='ocrx_word' id='word_1_25' title='bbox 687 299 816 333; x_wconf 72' lang='grc' dir='ltr'><strong>οὐδεμίαν</strong></span> <span class='ocrx_word' id='word_1_26' title='bbox 839 298 932 328; x_wconf 78' lang='grc' dir='ltr'>αὐτοῖς</span> 
     </span>
    </p>
   </div>
   <div class='ocr_carea' id='block_1_7' title="bbox 148 340 931 379">
    <p class='ocr_par' dir='ltr' id='par_1_7' title="bbox 148 340 931 379">
     <span class='ocr_line' id='line_1_7' title="bbox 148 340 931 379; baseline 0.003 -12"><span class='ocrx_word' id='word_1_27' title='bbox 148 341 184 368; x_wconf 73' lang='grc' dir='ltr'><strong>ἂν</strong></span> <span class='ocrx_word' id='word_1_28' title='bbox 199 341 294 376; x_wconf 80' lang='grc' dir='ltr'>φέρειν</span> <span class='ocrx_word' id='word_1_29' title='bbox 310 340 514 378; x_wconf 73' lang='grc' dir='ltr'>αἰσχύνην,’ἆτε</span> <span class='ocrx_word' id='word_1_30' title='bbox 528 344 559 379; x_wconf 85' lang='grc' dir='ltr'>δὴ</span> <span class='ocrx_word' id='word_1_31' title='bbox 573 344 619 371; x_wconf 74' lang='grc' dir='ltr'><strong>καὶ</strong></span> <span class='ocrx_word' id='word_1_32' title='bbox 633 344 723 370; x_wconf 73' lang='grc' dir='ltr'>αὐτῶν</span> <span class='ocrx_word' id='word_1_33' title='bbox 743 344 931 379; x_wconf 77' lang='grc' dir='ltr'><strong>ἀπορούντων,</strong></span> 
     </span>
    </p>
   </div>
   <div class='ocr_carea' id='block_1_8' title="bbox 148 387 938 424">
    <p class='ocr_par' dir='ltr' id='par_1_8' title="bbox 148 387 938 424">
     <span class='ocr_line' id='line_1_8' title="bbox 148 387 938 424; baseline 0.003 -12"><span class='ocrx_word' id='word_1_34' title='bbox 148 387 199 413; x_wconf 76' lang='grc' dir='ltr'>καὶ</span> <span class='ocrx_word' id='word_1_35' title='bbox 221 387 357 422; x_wconf 76' lang='grc' dir='ltr'><strong>δεομένων</strong></span> <span class='ocrx_word' id='word_1_36' title='bbox 385 388 450 423; x_wconf 81' lang='grc' dir='ltr'>παρ’</span> <span class='ocrx_word' id='word_1_37' title='bbox 468 389 577 416; x_wconf 80' lang='grc' dir='ltr'>αὐτῶν·</span> <span class='ocrx_word' id='word_1_38' title='bbox 606 389 736 424; x_wconf 81' lang='grc' dir='ltr'>στρατιὰν</span> <span class='ocrx_word' id='word_1_39' title='bbox 761 389 789 415; x_wconf 73' lang='grc' dir='ltr'>δὲ</span> <span class='ocrx_word' id='word_1_40' title='bbox 820 389 938 424; x_wconf 83' lang='grc' dir='ltr'>παρέχε-</span> 
     </span>
    </p>
   </div>
   <div class='ocr_carea' id='block_1_9' title="bbox 149 426 936 470">
    <p class='ocr_par' dir='ltr' id='par_1_9' title="bbox 149 426 936 470">
     <span class='ocr_line' id='line_1_9' title="bbox 149 426 936 470; baseline -0.001 -11"><span class='ocrx_word' id='word_1_41' title='bbox 149 432 212 459; x_wconf 75' lang='grc' dir='ltr'>σθαι</span> <span class='ocrx_word' id='word_1_42' title='bbox 233 426 545 468; x_wconf 61' lang='grc' dir='ltr'>ἐπηγγέλθαι,’μάλιστα</span> <span class='ocrx_word' id='word_1_43' title='bbox 563 435 612 470; x_wconf 76' lang='grc' dir='ltr'>μὲν</span> <span class='ocrx_word' id='word_1_44' title='bbox 634 435 704 470; x_wconf 83' lang='grc' dir='ltr'>ὅπερ</span> <span class='ocrx_word' id='word_1_45' title='bbox 718 432 753 470; x_wconf 82' lang='grc' dir='ltr'><strong>ἦν</strong></span> <span class='ocrx_word' id='word_1_46' title='bbox 782 434 828 461; x_wconf 77' lang='grc' dir='ltr'>καὶ</span> <span class='ocrx_word' id='word_1_47' title='bbox 855 433 936 460; x_wconf 72' lang='grc' dir='ltr'>αὐτὸν</span> 
     </span>
    </p>
   </div>
   <div class='ocr_carea' id='block_1_10' title="bbox 147 479 937 515">
    <p class='ocr_par' dir='ltr' id='par_1_10' title="bbox 147 479 937 515">
     <span class='ocr_line' id='line_1_10' title="bbox 147 479 937 515; baseline 0.004 -12"><span class='ocrx_word' id='word_1_48' title='bbox 147 479 274 512; x_wconf 79' lang='grc' dir='ltr'>οἰόμενον</span> <span class='ocrx_word' id='word_1_49' title='bbox 287 480 317 506; x_wconf 89' lang='grc' dir='ltr'><strong>οὐ</strong></span> <span class='ocrx_word' id='word_1_50' title='bbox 331 481 460 514; x_wconf 78' lang='grc' dir='ltr'>στρατιᾶς</span> <span class='ocrx_word' id='word_1_51' title='bbox 474 481 559 515; x_wconf 77' lang='grc' dir='ltr'>ἐρεῖν,</span> <span class='ocrx_word' id='word_1_52' title='bbox 574 480 643 507; x_wconf 81' lang='grc' dir='ltr'>ἀλλὰ</span> <span class='ocrx_word' id='word_1_53' title='bbox 657 480 807 515; x_wconf 85' lang='grc' dir='ltr'>χρημάτων</span> <span class='ocrx_word' id='word_1_54' title='bbox 822 479 937 506; x_wconf 80' lang='grc' dir='ltr'>δεῖσθαι.</span> 
     </span>
    </p>
   </div>
   <div class='ocr_carea' id='block_1_11' title="bbox 147 524 938 562">
    <p class='ocr_par' dir='ltr' id='par_1_11' title="bbox 147 524 938 562">
     <span class='ocr_line' id='line_1_11' title="bbox 147 524 938 562; baseline 0.001 -12"><span class='ocrx_word' id='word_1_55' title='bbox 147 524 179 550; x_wconf 78' lang='grc' dir='ltr'><strong>Εἰ</strong></span> <span class='ocrx_word' id='word_1_56' title='bbox 199 525 222 551; x_wconf 80' lang='grc' dir='ltr'>δ’</span> <span class='ocrx_word' id='word_1_57' title='bbox 237 525 291 559; x_wconf 79' lang='grc' dir='ltr'><strong>ἄρα</strong></span> <span class='ocrx_word' id='word_1_58' title='bbox 312 526 357 551; x_wconf 74' lang='grc' dir='ltr'>καὶ</span> <span class='ocrx_word' id='word_1_59' title='bbox 376 526 444 559; x_wconf 85' lang='grc' dir='ltr'>πρὸς</span> <span class='ocrx_word' id='word_1_60' title='bbox 470 526 505 552; x_wconf 76' lang='grc' dir='ltr'>τὰ</span> <span class='ocrx_word' id='word_1_61' title='bbox 528 526 644 562; x_wconf 82' lang='grc' dir='ltr'>δεύτερα</span> <span class='ocrx_word' id='word_1_62' title='bbox 665 527 791 560; x_wconf 78' lang='grc' dir='ltr'><strong>χωροῖεν,</strong></span> <span class='ocrx_word' id='word_1_63' title='bbox 814 525 861 551; x_wconf 76' lang='grc' dir='ltr'><strong>νῦν</strong></span> <span class='ocrx_word' id='word_1_64' title='bbox 889 525 938 560; x_wconf 81' lang='grc' dir='ltr'>μὲν</span> 
     </span>
    </p>
   </div>
   <div class='ocr_carea' id='block_1_12' title="bbox 147 570 937 606">
    <p class='ocr_par' dir='ltr' id='par_1_12' title="bbox 147 570 937 606">
     <span class='ocr_line' id='line_1_12' title="bbox 147 570 937 606; baseline 0 -11"><span class='ocrx_word' id='word_1_65' title='bbox 147 570 237 595; x_wconf 71' lang='grc' dir='ltr'>εἰπεῖν</span> <span class='ocrx_word' id='word_1_66' title='bbox 257 571 286 596; x_wconf 74' lang='grc' dir='ltr'>οὗ</span> <span class='ocrx_word' id='word_1_67' title='bbox 302 570 393 605; x_wconf 77' lang='grc' dir='ltr'>ῥᾴδιον</span> <span class='ocrx_word' id='word_1_68' title='bbox 418 572 582 606; x_wconf 75' lang='grc' dir='ltr'><strong>παρασχεῖν,</strong></span> <span class='ocrx_word' id='word_1_69' title='bbox 606 571 702 605; x_wconf 83' lang='grc' dir='ltr'><strong>καιροῦ</strong></span> <span class='ocrx_word' id='word_1_70' title='bbox 717 571 848 606; x_wconf 80' lang='grc' dir='ltr'>δεομένην</span> <span class='ocrx_word' id='word_1_71' title='bbox 869 570 937 605; x_wconf 75' lang='grc' dir='ltr'>πρδς</span> 
     </span>
    </p>
   </div>
   <div class='ocr_carea' id='block_1_13' title="bbox 147 616 939 651">
    <p class='ocr_par' dir='ltr' id='par_1_13' title="bbox 147 616 939 651">
     <span class='ocr_line' id='line_1_13' title="bbox 147 616 939 651; baseline 0.001 -9"><span class='ocrx_word' id='word_1_72' title='bbox 147 617 341 650; x_wconf 76' lang='grc' dir='ltr'>παρασκευὴν,</span> <span class='ocrx_word' id='word_1_73' title='bbox 354 616 441 648; x_wconf 82' lang='grc' dir='ltr'>άλλως</span> <span class='ocrx_word' id='word_1_74' title='bbox 458 625 487 643; x_wconf 79' lang='grc' dir='ltr'><strong>τε</strong></span> <span class='ocrx_word' id='word_1_75' title='bbox 502 617 556 643; x_wconf 77' lang='grc' dir='ltr'>οὐδ’</span> <span class='ocrx_word' id='word_1_76' title='bbox 571 617 691 651; x_wconf 72' lang='grc' dir='ltr'>ἀκριϐῶς</span> <span class='ocrx_word' id='word_1_77' title='bbox 707 617 813 649; x_wconf 77' lang='grc' dir='ltr'>εἰδότας</span> <span class='ocrx_word' id='word_1_78' title='bbox 829 617 853 643; x_wconf 82' lang='grc' dir='ltr'><strong>εί</strong></span> <span class='ocrx_word' id='word_1_79' title='bbox 867 616 939 643; x_wconf 80' lang='grc' dir='ltr'>κατὰ</span> 
     </span>
    </p>
   </div>
   <div class='ocr_carea' id='block_1_14' title="bbox 145 661 938 697">
    <p class='ocr_par' dir='ltr' id='par_1_14' title="bbox 145 661 938 697">
     <span class='ocr_line' id='line_1_14' title="bbox 145 661 938 697; baseline 0.003 -11"><span class='ocrx_word' id='word_1_80' title='bbox 145 661 262 696; x_wconf 79' lang='grc' dir='ltr'>γνώμην</span> <span class='ocrx_word' id='word_1_81' title='bbox 287 662 330 696; x_wconf 71' lang='grc' dir='ltr'>εἴη</span> <span class='ocrx_word' id='word_1_82' title='bbox 350 662 387 696; x_wconf 77' lang='grc' dir='ltr'><strong>τῷ</strong></span> <span class='ocrx_word' id='word_1_83' title='bbox 402 663 526 697; x_wconf 74' lang='grc' dir='ltr'>σφετέρῳ</span> <span class='ocrx_word' id='word_1_84' title='bbox 549 663 664 697; x_wconf 85' lang='grc' dir='ltr'>βασιλεῖ.</span> <span class='ocrx_word' id='word_1_85' title='bbox 684 663 715 689; x_wconf 86' lang='grc' dir='ltr'><strong>Εἰ</strong></span> <span class='ocrx_word' id='word_1_86' title='bbox 734 663 757 689; x_wconf 85' lang='grc' dir='ltr'>δ’</span> <span class='ocrx_word' id='word_1_87' title='bbox 777 662 938 693; x_wconf 75' lang='grc' dir='ltr'><strong>ἀπελθόντες</strong></span> 
     </span>
    </p>
   </div>
   <div class='ocr_carea' id='block_1_15' title="bbox 147 707 938 744">
    <p class='ocr_par' dir='ltr' id='par_1_15' title="bbox 147 707 938 744">
     <span class='ocr_line' id='line_1_15' title="bbox 147 707 938 744; baseline 0.001 -12"><span class='ocrx_word' id='word_1_88' title='bbox 147 708 218 742; x_wconf 75' lang='grc' dir='ltr'>πρὸς</span> <span class='ocrx_word' id='word_1_89' title='bbox 229 707 278 742; x_wconf 84' lang='grc' dir='ltr'><strong>τὴν</strong></span> <span class='ocrx_word' id='word_1_90' title='bbox 294 707 601 742; x_wconf 77' lang='grc' dir='ltr'>οίκείαν,άπαγγειλωοι</span> <span class='ocrx_word' id='word_1_91' title='bbox 611 709 676 744; x_wconf 77' lang='grc' dir='ltr'>περὶ</span> <span class='ocrx_word' id='word_1_92' title='bbox 691 709 739 743; x_wconf 81' lang='grc' dir='ltr'>τῆς</span> <span class='ocrx_word' id='word_1_93' title='bbox 750 709 878 742; x_wconf 65' lang='grc' dir='ltr'>στρατιᾶς</span> <span class='ocrx_word' id='word_1_94' title='bbox 891 708 938 734; x_wconf 75' lang='grc' dir='ltr'><strong>καὶ</strong></span> 
     </span>
    </p>
   </div>
   <div class='ocr_carea' id='block_1_16' title="bbox 145 752 934 789">
    <p class='ocr_par' dir='ltr' id='par_1_16' title="bbox 145 752 934 789">
     <span class='ocr_line' id='line_1_16' title="bbox 145 752 934 789; baseline 0.003 -11"><span class='ocrx_word' id='word_1_95' title='bbox 145 752 235 778; x_wconf 78' lang='grc' dir='ltr'>δέοιτο</span> <span class='ocrx_word' id='word_1_96' title='bbox 252 753 346 787; x_wconf 81' lang='grc' dir='ltr'>αὐτῆς,</span> <span class='ocrx_word' id='word_1_97' title='bbox 370 752 424 780; x_wconf 86' lang='grc' dir='ltr'>τότ’</span> <span class='ocrx_word' id='word_1_98' title='bbox 436 753 484 788; x_wconf 69' lang='grc' dir='ltr'>ἤδη</span> <span class='ocrx_word' id='word_1_99' title='bbox 502 753 564 786; x_wconf 81' lang='grc' dir='ltr'>τοὺς</span> <span class='ocrx_word' id='word_1_100' title='bbox 583 754 826 789; x_wconf 76' lang='grc' dir='ltr'>παραληψομένους</span> <span class='ocrx_word' id='word_1_101' title='bbox 843 754 934 789; x_wconf 77' lang='grc' dir='ltr'>ἥκειν.</span> 
     </span>
    </p>
   </div>
   <div class='ocr_carea' id='block_1_17' title="bbox 87 797 937 834">
    <p class='ocr_par' dir='ltr' id='par_1_17' title="bbox 87 797 937 834">
     <span class='ocr_line' id='line_1_17' title="bbox 87 797 937 834; baseline 0.002 -11"><span class='ocrx_word' id='word_1_102' title='bbox 87 802 91 804; x_wconf 85' lang='grc'><em>’</em></span> <span class='ocrx_word' id='word_1_103' title='bbox 146 797 264 831; x_wconf 63' lang='grc' dir='ltr'>Χρο-ιίου</span> <span class='ocrx_word' id='word_1_104' title='bbox 280 798 334 832; x_wconf 77' lang='grc' dir='ltr'>γὰρ</span> <span class='ocrx_word' id='word_1_105' title='bbox 358 797 441 833; x_wconf 78' lang='grc' dir='ltr'>οὓσης</span> <span class='ocrx_word' id='word_1_106' title='bbox 467 799 514 833; x_wconf 67' lang='grc' dir='ltr'>καὶ</span> <span class='ocrx_word' id='word_1_107' title='bbox 541 799 686 834; x_wconf 73' lang='grc' dir='ltr'><strong>ὑπερορίου</strong></span> <span class='ocrx_word' id='word_1_108' title='bbox 711 800 760 834; x_wconf 83' lang='grc' dir='ltr'>τῆς</span> <span class='ocrx_word' id='word_1_109' title='bbox 782 799 937 834; x_wconf 79' lang='grc' dir='ltr'><strong>στρατείας,</strong></span> 
     </span>
    </p>
   </div>
   <div class='ocr_carea' id='block_1_18' title="bbox 147 842 936 878">
    <p class='ocr_par' dir='ltr' id='par_1_18' title="bbox 147 842 936 878">
     <span class='ocr_line' id='line_1_18' title="bbox 147 842 936 878; baseline 0.001 -10"><span class='ocrx_word' id='word_1_110' title='bbox 147 842 196 868; x_wconf 68' lang='grc' dir='ltr'><strong>καὶ</strong></span> <span class='ocrx_word' id='word_1_111' title='bbox 226 843 322 876; x_wconf 83' lang='grc' dir='ltr'>χρόνου</span> <span class='ocrx_word' id='word_1_112' title='bbox 343 843 447 869; x_wconf 78' lang='grc' dir='ltr'>δεῖσθαι</span> <span class='ocrx_word' id='word_1_113' title='bbox 469 843 565 877; x_wconf 88' lang='grc' dir='ltr'>συχνοῦ</span> <span class='ocrx_word' id='word_1_114' title='bbox 591 844 659 878; x_wconf 73' lang='grc' dir='ltr'>πρὸς</span> <span class='ocrx_word' id='word_1_115' title='bbox 680 845 730 878; x_wconf 84' lang='grc' dir='ltr'><strong>τὴν</strong></span> <span class='ocrx_word' id='word_1_116' title='bbox 749 843 936 876; x_wconf 84' lang='grc' dir='ltr'>παρασκευήν.</span> 
     </span>
    </p>
   </div>
   <div class='ocr_carea' id='block_1_19' title="bbox 154 888 934 924">
    <p class='ocr_par' dir='ltr' id='par_1_19' title="bbox 154 888 934 924">
     <span class='ocr_line' id='line_1_19' title="bbox 154 888 934 924; baseline 0 -9"><span class='ocrx_word' id='word_1_117' title='bbox 154 888 236 915; x_wconf 65' lang='grc' dir='ltr'>Ἀλλὰ</span> <span class='ocrx_word' id='word_1_118' title='bbox 251 888 337 915; x_wconf 80' lang='grc' dir='ltr'>ταῦτα</span> <span class='ocrx_word' id='word_1_119' title='bbox 354 889 403 923; x_wconf 72' lang='grc' dir='ltr'>μὲν</span> <span class='ocrx_word' id='word_1_120' title='bbox 412 889 534 917; x_wconf 82' lang='grc' dir='ltr'>τοιαῦτα.</span> <span class='ocrx_word' id='word_1_121' title='bbox 557 889 601 921; x_wconf 84' lang='grc' dir='ltr'><strong>Ἐξ</strong></span> <span class='ocrx_word' id='word_1_122' title='bbox 613 889 718 916; x_wconf 74' lang='grc' dir='ltr'>ἐκείνου</span> <span class='ocrx_word' id='word_1_123' title='bbox 732 889 760 916; x_wconf 79' lang='grc' dir='ltr'>δὲ</span> <span class='ocrx_word' id='word_1_124' title='bbox 773 890 820 916; x_wconf 72' lang='grc' dir='ltr'><strong>τοῦ</strong></span> <span class='ocrx_word' id='word_1_125' title='bbox 835 889 934 924; x_wconf 80' lang='grc' dir='ltr'>χρόνον</span> 
     </span>
    </p>
   </div>
   <div class='ocr_carea' id='block_1_20' title="bbox 150 933 938 969">
    <p class='ocr_par' dir='ltr' id='par_1_20' title="bbox 150 933 938 969">
     <span class='ocr_line' id='line_1_20' title="bbox 150 933 938 969; baseline 0.001 -10"><span class='ocrx_word' id='word_1_126' title='bbox 150 933 182 965; x_wconf 73' lang='grc' dir='ltr'><strong>ἐξ</strong></span> <span class='ocrx_word' id='word_1_127' title='bbox 200 934 263 960; x_wconf 79' lang='grc' dir='ltr'>ὅτου</span> <span class='ocrx_word' id='word_1_128' title='bbox 291 934 419 969; x_wconf 82' lang='grc' dir='ltr'>βασιλεὺς</span> <span class='ocrx_word' id='word_1_129' title='bbox 440 935 454 961; x_wconf 89' lang='grc' dir='ltr'><strong>ό</strong></span> <span class='ocrx_word' id='word_1_130' title='bbox 471 935 530 966; x_wconf 82' lang='grc' dir='ltr'>νέος</span> <span class='ocrx_word' id='word_1_131' title='bbox 545 934 592 961; x_wconf 84' lang='grc' dir='ltr'>τοῦ</span> <span class='ocrx_word' id='word_1_132' title='bbox 609 935 725 962; x_wconf 80' lang='grc' dir='ltr'><strong>πάππου</strong></span> <span class='ocrx_word' id='word_1_133' title='bbox 742 935 789 961; x_wconf 70' lang='grc' dir='ltr'><strong>καὶ</strong></span> <span class='ocrx_word' id='word_1_134' title='bbox 806 933 938 969; x_wconf 85' lang='grc' dir='ltr'>βασιλέως</span> 
     </span>
    </p>
   </div>
   <div class='ocr_carea' id='block_1_21' title="bbox 145 978 937 1016">
    <p class='ocr_par' dir='ltr' id='par_1_21' title="bbox 145 978 937 1016">
     <span class='ocr_line' id='line_1_21' title="bbox 145 978 937 1016; baseline -0.001 -9"><span class='ocrx_word' id='word_1_135' title='bbox 145 978 279 1013; x_wconf 72' lang='grc' dir='ltr'>διαστὰς,</span> <span class='ocrx_word' id='word_1_136' title='bbox 310 980 352 1012; x_wconf 75' lang='grc' dir='ltr'>εἰς</span> <span class='ocrx_word' id='word_1_137' title='bbox 380 980 600 1015; x_wconf 61' lang='grc' dir='ltr'>Ἀδριανοὺπολιν</span> <span class='ocrx_word' id='word_1_138' title='bbox 633 978 687 1016; x_wconf 81' lang='grc' dir='ltr'>ἦκν</span> <span class='ocrx_word' id='word_1_139' title='bbox 712 980 776 1016; x_wconf 75' lang='grc' dir='ltr'>ἄχρι</span> <span class='ocrx_word' id='word_1_140' title='bbox 802 980 848 1006; x_wconf 77' lang='grc' dir='ltr'><strong>καὶ</strong></span> <span class='ocrx_word' id='word_1_141' title='bbox 878 979 937 1006; x_wconf 87' lang='grc' dir='ltr'>τότε</span> 
     </span>
    </p>
   </div>
   <div class='ocr_carea' id='block_1_22' title="bbox 147 1025 935 1061">
    <p class='ocr_par' dir='ltr' id='par_1_22' title="bbox 147 1025 935 1061">
     <span class='ocr_line' id='line_1_22' title="bbox 147 1025 935 1061; baseline 0.001 -10"><span class='ocrx_word' id='word_1_142' title='bbox 147 1026 205 1054; x_wconf 81' lang='grc' dir='ltr'><strong>τοῖ;</strong></span> <span class='ocrx_word' id='word_1_143' title='bbox 233 1033 263 1052; x_wconf 79' lang='grc' dir='ltr'><strong>τε</strong></span> <span class='ocrx_word' id='word_1_144' title='bbox 287 1025 378 1057; x_wconf 74' lang='grc' dir='ltr'>ἄλλοις</span> <span class='ocrx_word' id='word_1_145' title='bbox 402 1026 488 1061; x_wconf 73' lang='grc' dir='ltr'>ᾆπασι</span> <span class='ocrx_word' id='word_1_146' title='bbox 514 1027 569 1058; x_wconf 77' lang='grc' dir='ltr'>τοῖς</span> <span class='ocrx_word' id='word_1_147' title='bbox 596 1027 803 1061; x_wconf 84' lang='grc' dir='ltr'>πραττομένοις,</span> <span class='ocrx_word' id='word_1_148' title='bbox 831 1027 878 1053; x_wconf 77' lang='grc' dir='ltr'>καὶ</span> <span class='ocrx_word' id='word_1_149' title='bbox 902 1026 935 1061; x_wconf 83' lang='grc' dir='ltr'>δὴ</span> 
     </span>
    </p>
   </div>
   <div class='ocr_carea' id='block_1_23' title="bbox 147 1071 937 1108">
    <p class='ocr_par' dir='ltr' id='par_1_23' title="bbox 147 1071 937 1108">
     <span class='ocr_line' id='line_1_23' title="bbox 147 1071 937 1108; baseline 0.001 -11"><span class='ocrx_word' id='word_1_150' title='bbox 147 1072 196 1098; x_wconf 73' lang='grc' dir='ltr'>καὶ</span> <span class='ocrx_word' id='word_1_151' title='bbox 221 1071 279 1103; x_wconf 72' lang='grc' dir='ltr'>τοῖς</span> <span class='ocrx_word' id='word_1_152' title='bbox 304 1071 456 1106; x_wconf 78' lang='grc' dir='ltr'><strong>βασιλικοῖς</strong></span> <span class='ocrx_word' id='word_1_153' title='bbox 479 1073 643 1108; x_wconf 71' lang='grc' dir='ltr'>γράμμασιν</span> <span class='ocrx_word' id='word_1_154' title='bbox 667 1073 685 1099; x_wconf 76' lang='grc' dir='ltr'>ἃ</span> <span class='ocrx_word' id='word_1_155' title='bbox 711 1073 772 1099; x_wconf 71' lang='grc' dir='ltr'>ἐπεὶ</span> <span class='ocrx_word' id='word_1_156' title='bbox 789 1071 937 1107; x_wconf 77' lang='grc' dir='ltr'>βεϐαιώσει</span> 
     </span>
    </p>
   </div>
   <div class='ocr_carea' id='block_1_24' title="bbox 148 1114 937 1153">
    <p class='ocr_par' dir='ltr' id='par_1_24' title="bbox 148 1114 937 1153">
     <span class='ocr_line' id='line_1_24' title="bbox 148 1114 937 1153; baseline -0.001 -10"><span class='ocrx_word' id='word_1_157' title='bbox 148 1117 254 1151; x_wconf 67' lang='grc' dir='ltr'>ἐγίνετό</span> <span class='ocrx_word' id='word_1_158' title='bbox 279 1125 352 1148; x_wconf 84' lang='grc' dir='ltr'>τινος</span> <span class='ocrx_word' id='word_1_159' title='bbox 380 1117 413 1143; x_wconf 83' lang='grc' dir='ltr'><strong>δι’</strong></span> <span class='ocrx_word' id='word_1_160' title='bbox 431 1114 528 1144; x_wconf 70' lang='grc' dir='ltr'>ἑαυτοῦ</span> <span class='ocrx_word' id='word_1_161' title='bbox 555 1117 602 1144; x_wconf 83' lang='grc' dir='ltr'>τοῦ</span> <span class='ocrx_word' id='word_1_162' title='bbox 629 1117 747 1153; x_wconf 84' lang='grc' dir='ltr'><strong>μεγάλου</strong></span> <span class='ocrx_word' id='word_1_163' title='bbox 775 1116 937 1151; x_wconf 86' lang='grc' dir='ltr'>δομεστικου</span> 
     </span>
    </p>
   </div>
   <div class='ocr_carea' id='block_1_25' title="bbox 148 1161 936 1199">
    <p class='ocr_par' dir='ltr' id='par_1_25' title="bbox 148 1161 936 1199">
     <span class='ocr_line' id='line_1_25' title="bbox 148 1161 936 1199; baseline 0 -11"><span class='ocrx_word' id='word_1_164' title='bbox 148 1162 370 1194; x_wconf 70' lang='grc' dir='ltr'>ἐπιστατοῦντος.</span> <span class='ocrx_word' id='word_1_165' title='bbox 382 1162 437 1199; x_wconf 77' lang='grc' dir='ltr'>δέει</span> <span class='ocrx_word' id='word_1_166' title='bbox 454 1162 501 1189; x_wconf 85' lang='grc' dir='ltr'>τοῦ</span> <span class='ocrx_word' id='word_1_167' title='bbox 522 1165 560 1198; x_wconf 85' lang='grc' dir='ltr'>μή</span> <span class='ocrx_word' id='word_1_168' title='bbox 577 1171 603 1190; x_wconf 83' lang='grc' dir='ltr'><strong>τι</strong></span> <span class='ocrx_word' id='word_1_169' title='bbox 617 1163 670 1190; x_wconf 86' lang='grc' dir='ltr'>τῶν</span> <span class='ocrx_word' id='word_1_170' title='bbox 692 1163 729 1198; x_wconf 82' lang='grc' dir='ltr'>μὴ</span> <span class='ocrx_word' id='word_1_171' title='bbox 743 1161 936 1198; x_wconf 81' lang='grc' dir='ltr'><strong>προσηκόντων</strong></span> 
     </span>
    </p>
   </div>
   <div class='ocr_carea' id='block_1_26' title="bbox 148 1210 936 1246">
    <p class='ocr_par' dir='ltr' id='par_1_26' title="bbox 148 1210 936 1246">
     <span class='ocr_line' id='line_1_26' title="bbox 148 1210 936 1246; baseline -0.003 -9"><span class='ocrx_word' id='word_1_172' title='bbox 148 1211 276 1244; x_wconf 79' lang='grc' dir='ltr'>γενέσθαι</span> <span class='ocrx_word' id='word_1_173' title='bbox 293 1211 309 1246; x_wconf 76' lang='grc' dir='ltr'><strong>ἢ</strong></span> <span class='ocrx_word' id='word_1_174' title='bbox 334 1211 378 1238; x_wconf 79' lang='grc' dir='ltr'>διὰ</span> <span class='ocrx_word' id='word_1_175' title='bbox 396 1210 543 1246; x_wconf 70' lang='grc' dir='ltr'>ρᾳθυμίαν,</span> <span class='ocrx_word' id='word_1_176' title='bbox 559 1211 575 1246; x_wconf 81' lang='grc' dir='ltr'>ἢ</span> <span class='ocrx_word' id='word_1_177' title='bbox 591 1211 634 1237; x_wconf 79' lang='grc' dir='ltr'>διὰ</span> <span class='ocrx_word' id='word_1_178' title='bbox 649 1211 793 1237; x_wconf 59' lang='grc' dir='ltr'>κακόνοιαν</span> <span class='ocrx_word' id='word_1_179' title='bbox 807 1210 862 1236; x_wconf 84' lang='grc' dir='ltr'><strong>τῶν</strong></span> <span class='ocrx_word' id='word_1_180' title='bbox 875 1210 936 1236; x_wconf 68' lang='grc' dir='ltr'>ἑπι-</span> 
     </span>
    </p>
   </div>
   <div class='ocr_carea' id='block_1_27' title="bbox 148 1255 935 1293">
    <p class='ocr_par' dir='ltr' id='par_1_27' title="bbox 148 1255 935 1293">
     <span class='ocr_line' id='line_1_27' title="bbox 148 1255 935 1293; baseline -0.003 -10"><span class='ocrx_word' id='word_1_181' title='bbox 148 1257 359 1292; x_wconf 81' lang='grc' dir='ltr'>τετραμμένων,</span> <span class='ocrx_word' id='word_1_182' title='bbox 387 1257 435 1283; x_wconf 81' lang='grc' dir='ltr'>καὶ</span> <span class='ocrx_word' id='word_1_183' title='bbox 451 1257 481 1283; x_wconf 82' lang='grc' dir='ltr'><strong>οὑ</strong></span> <span class='ocrx_word' id='word_1_184' title='bbox 507 1258 604 1293; x_wconf 85' lang='grc' dir='ltr'>μικρόν</span> <span class='ocrx_word' id='word_1_185' title='bbox 625 1265 686 1283; x_wconf 85' lang='grc' dir='ltr'>τινα</span> <span class='ocrx_word' id='word_1_186' title='bbox 712 1256 755 1283; x_wconf 80' lang='grc' dir='ltr'><strong>διὰ</strong></span> <span class='ocrx_word' id='word_1_187' title='bbox 777 1255 864 1282; x_wconf 80' lang='grc' dir='ltr'>ταῦτα</span> <span class='ocrx_word' id='word_1_188' title='bbox 889 1255 935 1282; x_wconf 77' lang='grc' dir='ltr'>τὸν</span> 
     </span>
    </p>
   </div>
   <div class='ocr_carea' id='block_1_28' title="bbox 148 1301 933 1337">
    <p class='ocr_par' dir='ltr' id='par_1_28' title="bbox 148 1301 933 1337">
     <span class='ocr_line' id='line_1_28' title="bbox 148 1301 933 1337; baseline -0.001 -10"><span class='ocrx_word' id='word_1_189' title='bbox 148 1303 231 1328; x_wconf 78' lang='grc' dir='ltr'>πόνον</span> <span class='ocrx_word' id='word_1_190' title='bbox 249 1302 450 1336; x_wconf 81' lang='grc' dir='ltr'>ὑφισταμένου,</span> <span class='ocrx_word' id='word_1_191' title='bbox 467 1303 541 1337; x_wconf 84' lang='grc' dir='ltr'>ὅμως</span> <span class='ocrx_word' id='word_1_192' title='bbox 555 1302 708 1335; x_wconf 81' lang='grc' dir='ltr'><strong>ἀναγκαίαν</strong></span> <span class='ocrx_word' id='word_1_193' title='bbox 725 1301 774 1336; x_wconf 83' lang='grc' dir='ltr'>τὴν</span> <span class='ocrx_word' id='word_1_194' title='bbox 790 1301 933 1336; x_wconf 86' lang='grc' dir='ltr'>πρόνοιαν,</span> 
     </span>
    </p>
   </div>
   <div class='ocr_carea' id='block_1_29' title="bbox 148 1347 934 1383">
    <p class='ocr_par' dir='ltr' id='par_1_29' title="bbox 148 1347 934 1383">
     <span class='ocr_line' id='line_1_29' title="bbox 148 1347 934 1383; baseline -0.001 -9"><span class='ocrx_word' id='word_1_195' title='bbox 148 1349 195 1374; x_wconf 68' lang='grc' dir='ltr'>καὶ</span> <span class='ocrx_word' id='word_1_196' title='bbox 209 1348 258 1378; x_wconf 84' lang='grc' dir='ltr'>τὴν</span> <span class='ocrx_word' id='word_1_197' title='bbox 273 1348 320 1374; x_wconf 79' lang='grc' dir='ltr'>ἐπὶ</span> <span class='ocrx_word' id='word_1_198' title='bbox 332 1349 400 1374; x_wconf 78' lang='grc' dir='ltr'>πᾶσι</span> <span class='ocrx_word' id='word_1_199' title='bbox 425 1348 555 1383; x_wconf 82' lang='grc' dir='ltr'>φροντίδα</span> <span class='ocrx_word' id='word_1_200' title='bbox 568 1348 755 1383; x_wconf 75' lang='grc' dir='ltr'><strong>λογιζομένου,</strong></span> <span class='ocrx_word' id='word_1_201' title='bbox 773 1349 821 1374; x_wconf 75' lang='grc' dir='ltr'><strong>καὶ</strong></span> <span class='ocrx_word' id='word_1_202' title='bbox 836 1347 934 1382; x_wconf 83' lang='grc' dir='ltr'>φέρον-</span> 
     </span>
    </p>
   </div>
   <div class='ocr_carea' id='block_1_30' title="bbox 148 1391 933 1429">
    <p class='ocr_par' dir='ltr' id='par_1_30' title="bbox 148 1391 933 1429">
     <span class='ocr_line' id='line_1_30' title="bbox 148 1391 933 1429; baseline -0.004 -9"><span class='ocrx_word' id='word_1_203' title='bbox 148 1403 193 1425; x_wconf 80' lang='grc' dir='ltr'><strong>τος</strong></span> <span class='ocrx_word' id='word_1_204' title='bbox 208 1394 252 1420; x_wconf 70' lang='grc' dir='ltr'><strong>τιν</strong></span> <span class='ocrx_word' id='word_1_205' title='bbox 267 1394 392 1429; x_wconf 81' lang='grc' dir='ltr'>κάματον</span> <span class='ocrx_word' id='word_1_206' title='bbox 417 1395 490 1429; x_wconf 78' lang='grc' dir='ltr'>σιγῇ,</span> <span class='ocrx_word' id='word_1_207' title='bbox 507 1393 567 1420; x_wconf 87' lang='grc' dir='ltr'>τότε</span> <span class='ocrx_word' id='word_1_208' title='bbox 585 1393 612 1420; x_wconf 84' lang='grc' dir='ltr'>δὲ</span> <span class='ocrx_word' id='word_1_209' title='bbox 622 1393 676 1420; x_wconf 85' lang='grc' dir='ltr'><strong>τῶν</strong></span> <span class='ocrx_word' id='word_1_210' title='bbox 691 1393 831 1428; x_wconf 73' lang='grc' dir='ltr'><strong>ἐμφυλίων</strong></span> <span class='ocrx_word' id='word_1_211' title='bbox 852 1391 933 1418; x_wconf 73' lang='grc' dir='ltr'>πολέ-</span> 
     </span>
    </p>
   </div>
   <div class='ocr_carea' id='block_1_31' title="bbox 149 1437 933 1475">
    <p class='ocr_par' dir='ltr' id='par_1_31' title="bbox 149 1437 933 1475">
     <span class='ocr_line' id='line_1_31' title="bbox 149 1437 933 1475; baseline -0.004 -9"><span class='ocrx_word' id='word_1_212' title='bbox 149 1449 210 1474; x_wconf 79' lang='grc' dir='ltr'><strong>μων</strong></span> <span class='ocrx_word' id='word_1_213' title='bbox 220 1440 365 1472; x_wconf 75' lang='grc' dir='ltr'>λυθέντων,</span> <span class='ocrx_word' id='word_1_214' title='bbox 380 1440 427 1467; x_wconf 76' lang='grc' dir='ltr'><strong>καὶ</strong></span> <span class='ocrx_word' id='word_1_215' title='bbox 439 1439 625 1475; x_wconf 77' lang='grc' dir='ltr'>πεπαυμένων</span> <span class='ocrx_word' id='word_1_216' title='bbox 638 1439 692 1466; x_wconf 84' lang='grc' dir='ltr'>τῶν</span> <span class='ocrx_word' id='word_1_217' title='bbox 716 1437 870 1465; x_wconf 76' lang='grc' dir='ltr'>ἐπιϐουλῶν</span> <span class='ocrx_word' id='word_1_218' title='bbox 884 1437 933 1464; x_wconf 81' lang='grc' dir='ltr'><strong>καὶ</strong></span> 
     </span>
    </p>
   </div>
   <div class='ocr_carea' id='block_1_32' title="bbox 148 1483 932 1520">
    <p class='ocr_par' dir='ltr' id='par_1_32' title="bbox 148 1483 932 1520">
     <span class='ocr_line' id='line_1_32' title="bbox 148 1483 932 1520; baseline -0.003 -8"><span class='ocrx_word' id='word_1_219' title='bbox 148 1487 294 1520; x_wconf 80' lang='grc' dir='ltr'>ὑπονοιῶν,</span> <span class='ocrx_word' id='word_1_220' title='bbox 317 1486 388 1520; x_wconf 76' lang='grc' dir='ltr'>ἔγνω</span> <span class='ocrx_word' id='word_1_221' title='bbox 404 1487 460 1513; x_wconf 74' lang='grc' dir='ltr'>δεῖν</span> <span class='ocrx_word' id='word_1_222' title='bbox 487 1487 533 1513; x_wconf 71' lang='grc' dir='ltr'><strong>καὶ</strong></span> <span class='ocrx_word' id='word_1_223' title='bbox 546 1486 626 1517; x_wconf 74' lang='grc' dir='ltr'>αὑτὸς</span> <span class='ocrx_word' id='word_1_224' title='bbox 645 1485 700 1511; x_wconf 82' lang='grc' dir='ltr'>τῶν</span> <span class='ocrx_word' id='word_1_225' title='bbox 726 1484 817 1511; x_wconf 88' lang='grc' dir='ltr'>πόνων</span> <span class='ocrx_word' id='word_1_226' title='bbox 836 1483 932 1510; x_wconf 76' lang='grc' dir='ltr'>ἑαυτὸν</span> 
     </span>
    </p>
   </div>
   <div class='ocr_carea' id='block_1_33' title="bbox 148 1529 932 1568">
    <p class='ocr_par' dir='ltr' id='par_1_33' title="bbox 148 1529 932 1568">
     <span class='ocr_line' id='line_1_33' title="bbox 148 1529 932 1568; baseline -0.005 -9"><span class='ocrx_word' id='word_1_227' title='bbox 148 1534 251 1559; x_wconf 80' lang='grc' dir='ltr'>ἀνεῖναι</span> <span class='ocrx_word' id='word_1_228' title='bbox 267 1532 376 1568; x_wconf 80' lang='grc' dir='ltr'>μικρόν.</span> <span class='ocrx_word' id='word_1_229' title='bbox 397 1533 451 1559; x_wconf 79' lang='grc' dir='ltr'><strong>Καὶ</strong></span> <span class='ocrx_word' id='word_1_230' title='bbox 468 1532 572 1568; x_wconf 85' lang='grc' dir='ltr'>βασιλεί</span> <span class='ocrx_word' id='word_1_231' title='bbox 587 1531 755 1567; x_wconf 82' lang='grc' dir='ltr'>προσελθὼν,</span> <span class='ocrx_word' id='word_1_232' title='bbox 773 1530 820 1557; x_wconf 89' lang='grc' dir='ltr'><strong>τόν</strong></span> <span class='ocrx_word' id='word_1_233' title='bbox 839 1538 868 1557; x_wconf 79' lang='grc' dir='ltr'><strong>τε</strong></span> <span class='ocrx_word' id='word_1_234' title='bbox 886 1529 932 1556; x_wconf 76' lang='grc' dir='ltr'>ἐπὶ</span> 
     </span>
    </p>
   </div>
   <div class='ocr_carea' id='block_1_34' title="bbox 147 1576 968 1621">
    <p class='ocr_par' dir='ltr' id='par_1_34' title="bbox 147 1576 968 1621">
     <span class='ocr_line' id='line_1_34' title="bbox 147 1576 968 1621; baseline -0.004 -15"><span class='ocrx_word' id='word_1_235' title='bbox 147 1579 197 1606; x_wconf 80' lang='grc' dir='ltr'><strong>τοῦ</strong></span> <span class='ocrx_word' id='word_1_236' title='bbox 209 1579 342 1614; x_wconf 87' lang='grc' dir='ltr'>προτέρου</span> <span class='ocrx_word' id='word_1_237' title='bbox 354 1579 449 1614; x_wconf 85' lang='grc' dir='ltr'>χρόνου</span> <span class='ocrx_word' id='word_1_238' title='bbox 468 1578 537 1615; x_wconf 81' lang='grc' dir='ltr'>πρὸς</span> <span class='ocrx_word' id='word_1_239' title='bbox 553 1579 604 1612; x_wconf 78' lang='grc' dir='ltr'>τὴν</span> <span class='ocrx_word' id='word_1_240' title='bbox 621 1578 756 1613; x_wconf 70' lang='grc' dir='ltr'>διοίκησιν</span> <span class='ocrx_word' id='word_1_241' title='bbox 770 1576 826 1603; x_wconf 88' lang='grc' dir='ltr'><strong>τῶν</strong></span> <span class='ocrx_word' id='word_1_242' title='bbox 841 1584 932 1612; x_wconf 85' lang='grc' dir='ltr'>πραγ-</span> <span class='ocrx_word' id='word_1_243' title='bbox 945 1589 968 1621; x_wconf 79' lang='lat' dir='ltr'><strong>c</strong></span> 
     </span>
    </p>
   </div>
   <div class='ocr_carea' id='block_1_35' title="bbox 150 1623 932 1660">
    <p class='ocr_par' dir='ltr' id='par_1_35' title="bbox 150 1623 932 1660">
     <span class='ocr_line' id='line_1_35' title="bbox 150 1623 932 1660; baseline 0 -10"><span class='ocrx_word' id='word_1_244' title='bbox 150 1625 243 1660; x_wconf 78' lang='grc' dir='ltr'>μάτων</span> <span class='ocrx_word' id='word_1_245' title='bbox 258 1624 376 1659; x_wconf 80' lang='grc' dir='ltr'>διηγεῖτο</span> <span class='ocrx_word' id='word_1_246' title='bbox 396 1624 488 1656; x_wconf 84' lang='grc' dir='ltr'><strong>πόνον,</strong></span> <span class='ocrx_word' id='word_1_247' title='bbox 501 1624 548 1650; x_wconf 83' lang='grc' dir='ltr'>καὶ</span> <span class='ocrx_word' id='word_1_248' title='bbox 560 1624 596 1655; x_wconf 83' lang='grc' dir='ltr'><strong>ῶς</strong></span> <span class='ocrx_word' id='word_1_249' title='bbox 610 1623 666 1650; x_wconf 81' lang='grc' dir='ltr'>τῶν</span> <span class='ocrx_word' id='word_1_250' title='bbox 682 1623 821 1658; x_wconf 59' lang='grc' dir='ltr'>ἐμφυλίων</span> <span class='ocrx_word' id='word_1_251' title='bbox 837 1623 932 1650; x_wconf 80' lang='grc' dir='ltr'>κακῶν</span> 
     </span>
    </p>
   </div>
   <div class='ocr_carea' id='block_1_36' title="bbox 148 1669 932 1707">
    <p class='ocr_par' dir='ltr' id='par_1_36' title="bbox 148 1669 932 1707">
     <span class='ocr_line' id='line_1_36' title="bbox 148 1669 932 1707; baseline 0.001 -11"><span class='ocrx_word' id='word_1_252' title='bbox 148 1671 200 1707; x_wconf 68' lang='grc' dir='ltr'>ἤδη</span> <span class='ocrx_word' id='word_1_253' title='bbox 213 1669 409 1705; x_wconf 79' lang='grc' dir='ltr'>πεπαυμένων,</span> <span class='ocrx_word' id='word_1_254' title='bbox 422 1671 469 1696; x_wconf 67' lang='grc' dir='ltr'>καὶ</span> <span class='ocrx_word' id='word_1_255' title='bbox 481 1669 598 1704; x_wconf 79' lang='grc' dir='ltr'>ὑποψίας</span> <span class='ocrx_word' id='word_1_256' title='bbox 614 1669 697 1705; x_wconf 78' lang='grc' dir='ltr'>οὑτης</span> <span class='ocrx_word' id='word_1_257' title='bbox 712 1670 853 1705; x_wconf 75' lang='grc' dir='ltr'>οὐδεμιᾶς,</span> <span class='ocrx_word' id='word_1_258' title='bbox 872 1670 932 1697; x_wconf 80' lang='grc' dir='ltr'>δέον</span> 
     </span>
    </p>
   </div>
   <div class='ocr_carea' id='block_1_37' title="bbox 148 1715 931 1750">
    <p class='ocr_par' dir='ltr' id='par_1_37' title="bbox 148 1715 931 1750">
     <span class='ocr_line' id='line_1_37' title="bbox 148 1715 931 1750; baseline 0.001 -9"><span class='ocrx_word' id='word_1_259' title='bbox 148 1716 277 1749; x_wconf 81' lang='grc' dir='ltr'>πρόνοιάν</span> <span class='ocrx_word' id='word_1_260' title='bbox 287 1724 347 1742; x_wconf 90' lang='grc' dir='ltr'>τινα</span> <span class='ocrx_word' id='word_1_261' title='bbox 360 1715 523 1750; x_wconf 87' lang='grc' dir='ltr'>ποιήσασθαι</span> <span class='ocrx_word' id='word_1_262' title='bbox 537 1715 607 1741; x_wconf 82' lang='grc' dir='ltr'>ὥστε</span> <span class='ocrx_word' id='word_1_263' title='bbox 624 1716 659 1742; x_wconf 84' lang='grc' dir='ltr'><strong>τά</strong></span> <span class='ocrx_word' id='word_1_264' title='bbox 672 1724 701 1741; x_wconf 89' lang='grc' dir='ltr'><strong>τε</strong></span> <span class='ocrx_word' id='word_1_265' title='bbox 715 1717 865 1750; x_wconf 77' lang='grc' dir='ltr'>πράγματα</span> <span class='ocrx_word' id='word_1_266' title='bbox 878 1716 931 1743; x_wconf 77' lang='grc' dir='ltr'>ὥσ-</span> 
     </span>
    </p>
   </div>
   <div class='ocr_carea' id='block_1_38' title="bbox 148 1759 933 1797">
    <p class='ocr_par' dir='ltr' id='par_1_38' title="bbox 148 1759 933 1797">
     <span class='ocr_line' id='line_1_38' title="bbox 148 1759 933 1797; baseline -0.001 -9"><span class='ocrx_word' id='word_1_267' title='bbox 148 1770 203 1797; x_wconf 79' lang='grc' dir='ltr'><strong>περ</strong></span> <span class='ocrx_word' id='word_1_268' title='bbox 212 1761 342 1796; x_wconf 84' lang='grc' dir='ltr'>πρότερον</span> <span class='ocrx_word' id='word_1_269' title='bbox 354 1760 443 1792; x_wconf 84' lang='grc' dir='ltr'>καλῶς</span> <span class='ocrx_word' id='word_1_270' title='bbox 454 1760 501 1787; x_wconf 76' lang='grc' dir='ltr'><strong>καὶ</strong></span> <span class='ocrx_word' id='word_1_271' title='bbox 511 1760 548 1791; x_wconf 88' lang='grc' dir='ltr'>ὡς</span> <span class='ocrx_word' id='word_1_272' title='bbox 559 1759 619 1786; x_wconf 83' lang='grc' dir='ltr'>δέον</span> <span class='ocrx_word' id='word_1_273' title='bbox 631 1760 804 1791; x_wconf 75' lang='grc' dir='ltr'>διοικεῖσθαι,</span> <span class='ocrx_word' id='word_1_274' title='bbox 819 1761 866 1788; x_wconf 79' lang='grc' dir='ltr'><strong>καὶ</strong></span> <span class='ocrx_word' id='word_1_275' title='bbox 881 1762 933 1788; x_wconf 83' lang='grc' dir='ltr'><strong>αὐ-</strong></span> 
     </span>
    </p>
   </div>
   <div class='ocr_carea' id='block_1_39' title="bbox 146 1806 933 1842">
    <p class='ocr_par' dir='ltr' id='par_1_39' title="bbox 146 1806 933 1842">
     <span class='ocr_line' id='line_1_39' title="bbox 146 1806 933 1842; baseline -0.003 -7"><span class='ocrx_word' id='word_1_276' title='bbox 146 1809 194 1835; x_wconf 78' lang='grc' dir='ltr'>τὸν</span> <span class='ocrx_word' id='word_1_277' title='bbox 223 1807 381 1842; x_wconf 83' lang='grc' dir='ltr'>άναπαύλης</span> <span class='ocrx_word' id='word_1_278' title='bbox 398 1807 469 1838; x_wconf 73' lang='grc' dir='ltr'>τινὸς</span> <span class='ocrx_word' id='word_1_279' title='bbox 487 1806 645 1841; x_wconf 72' lang='grc' dir='ltr'>τυγχάνειν.</span> <span class='ocrx_word' id='word_1_280' title='bbox 676 1806 761 1833; x_wconf 83' lang='grc' dir='ltr'>Τοῦτο</span> <span class='ocrx_word' id='word_1_281' title='bbox 786 1806 814 1833; x_wconf 81' lang='grc' dir='ltr'>δὲ</span> <span class='ocrx_word' id='word_1_282' title='bbox 835 1806 933 1840; x_wconf 82' lang='grc' dir='ltr'>γένοιτ’</span> 
     </span>
    </p>
   </div>
   <div class='ocr_carea' id='block_1_40' title="bbox 147 1852 932 1888">
    <p class='ocr_par' dir='ltr' id='par_1_40' title="bbox 147 1852 932 1888">
     <span class='ocr_line' id='line_1_40' title="bbox 147 1852 932 1888; baseline -0.001 -8"><span class='ocrx_word' id='word_1_283' title='bbox 147 1853 193 1886; x_wconf 69' lang='grc' dir='ltr'>ἂν,</span> <span class='ocrx_word' id='word_1_284' title='bbox 208 1855 232 1880; x_wconf 80' lang='grc' dir='ltr'>ει</span> <span class='ocrx_word' id='word_1_285' title='bbox 246 1854 297 1888; x_wconf 86' lang='grc' dir='ltr'>τήν</span> <span class='ocrx_word' id='word_1_286' title='bbox 307 1861 336 1879; x_wconf 79' lang='grc' dir='ltr'><strong>τε</strong></span> <span class='ocrx_word' id='word_1_287' title='bbox 345 1853 399 1880; x_wconf 83' lang='grc' dir='ltr'><strong>τῶν</strong></span> <span class='ocrx_word' id='word_1_288' title='bbox 413 1852 563 1888; x_wconf 80' lang='grc' dir='ltr'>βασιλικῶν</span> <span class='ocrx_word' id='word_1_289' title='bbox 574 1852 748 1888; x_wconf 79' lang='grc' dir='ltr'>γραμμάτων</span> <span class='ocrx_word' id='word_1_290' title='bbox 759 1853 932 1884; x_wconf 71' lang='grc' dir='ltr'>ἐπιστασίαν,</span> 
     </span>
    </p>
   </div>
   <div class='ocr_carea' id='block_1_41' title="bbox 149 1898 924 1933">
    <p class='ocr_par' dir='ltr' id='par_1_41' title="bbox 149 1898 924 1933">
     <span class='ocr_line' id='line_1_41' title="bbox 149 1898 924 1933; baseline -0.004 -7"><span class='ocrx_word' id='word_1_291' title='bbox 149 1900 197 1926; x_wconf 75' lang='grc' dir='ltr'><strong>καὶ</strong></span> <span class='ocrx_word' id='word_1_292' title='bbox 210 1900 259 1932; x_wconf 74' lang='grc' dir='ltr'>τὴν</span> <span class='ocrx_word' id='word_1_293' title='bbox 277 1899 324 1924; x_wconf 71' lang='grc' dir='ltr'><strong>ἐπὶ</strong></span> <span class='ocrx_word' id='word_1_294' title='bbox 334 1898 380 1925; x_wconf 82' lang='grc' dir='ltr'><strong>τοῦ</strong></span> <span class='ocrx_word' id='word_1_295' title='bbox 393 1898 447 1924; x_wconf 86' lang='grc' dir='ltr'><strong>τῶν</strong></span> <span class='ocrx_word' id='word_1_296' title='bbox 462 1898 611 1933; x_wconf 77' lang='grc' dir='ltr'>βασιλικῶν</span> <span class='ocrx_word' id='word_1_297' title='bbox 624 1898 775 1933; x_wconf 86' lang='grc' dir='ltr'>χρημάτων</span> <span class='ocrx_word' id='word_1_298' title='bbox 788 1898 924 1933; x_wconf 79' lang='grc' dir='ltr'>ταμιείου,</span> 
     </span>
    </p>
   </div>
   <div class='ocr_carea' id='block_1_42' title="bbox 148 1943 933 1979">
    <p class='ocr_par' dir='ltr' id='par_1_42' title="bbox 148 1943 933 1979">
     <span class='ocr_line' id='line_1_42' title="bbox 148 1943 933 1979; baseline -0.003 -8"><span class='ocrx_word' id='word_1_299' title='bbox 148 1945 190 1972; x_wconf 68' lang='grc' dir='ltr'><strong>ἔτι</strong></span> <span class='ocrx_word' id='word_1_300' title='bbox 207 1945 236 1971; x_wconf 79' lang='grc' dir='ltr'>δὲ</span> <span class='ocrx_word' id='word_1_301' title='bbox 251 1945 298 1970; x_wconf 77' lang='grc' dir='ltr'><strong>καὶ</strong></span> <span class='ocrx_word' id='word_1_302' title='bbox 313 1944 363 1979; x_wconf 75' lang='grc' dir='ltr'>τὴν</span> <span class='ocrx_word' id='word_1_303' title='bbox 377 1944 422 1970; x_wconf 73' lang='grc' dir='ltr'><strong>ἐπὶ</strong></span> <span class='ocrx_word' id='word_1_304' title='bbox 445 1943 498 1969; x_wconf 85' lang='grc' dir='ltr'>τῶν</span> <span class='ocrx_word' id='word_1_305' title='bbox 529 1944 747 1977; x_wconf 80' lang='grc' dir='ltr'>εἰσπραττόντων</span> <span class='ocrx_word' id='word_1_306' title='bbox 769 1944 830 1974; x_wconf 74' lang='grc' dir='ltr'>τοὺς</span> <span class='ocrx_word' id='word_1_307' title='bbox 849 1943 933 1977; x_wconf 84' lang='grc' dir='ltr'>δημο-</span> 
     </span>
    </p>
   </div>
   <div class='ocr_carea' id='block_1_43' title="bbox 150 1988 933 2025">
    <p class='ocr_par' dir='ltr' id='par_1_43' title="bbox 150 1988 933 2025">
     <span class='ocr_line' id='line_1_43' title="bbox 150 1988 933 2025; baseline -0.004 -8"><span class='ocrx_word' id='word_1_308' title='bbox 150 1991 224 2022; x_wconf 82' lang='grc' dir='ltr'>σίους</span> <span class='ocrx_word' id='word_1_309' title='bbox 242 1991 343 2025; x_wconf 81' lang='grc' dir='ltr'>φόρους</span> <span class='ocrx_word' id='word_1_310' title='bbox 358 1989 482 2016; x_wconf 78' lang='grc' dir='ltr'>ἀναθεῖεν</span> <span class='ocrx_word' id='word_1_311' title='bbox 499 1989 586 2024; x_wconf 77' lang='grc' dir='ltr'>ἑτέρῳ</span> <span class='ocrx_word' id='word_1_312' title='bbox 603 1990 666 2021; x_wconf 76' lang='grc' dir='ltr'>τινὶ,</span> <span class='ocrx_word' id='word_1_313' title='bbox 684 1989 714 2015; x_wconf 85' lang='grc' dir='ltr'><strong>ὃν</strong></span> <span class='ocrx_word' id='word_1_314' title='bbox 729 1989 763 2016; x_wconf 82' lang='grc' dir='ltr'>ἂν</span> <span class='ocrx_word' id='word_1_315' title='bbox 787 1988 933 2022; x_wconf 72' lang='grc' dir='ltr'>ἐκλέξηται</span> 
     </span>
    </p>
   </div>
   <div class='ocr_carea' id='block_1_44' title="bbox 148 2034 938 2069">
    <p class='ocr_par' dir='ltr' id='par_1_44' title="bbox 148 2034 938 2069">
     <span class='ocr_line' id='line_1_44' title="bbox 148 2034 938 2069; baseline -0.005 -5"><span class='ocrx_word' id='word_1_316' title='bbox 148 2037 240 2066; x_wconf 80' lang='grc' dir='ltr'>αὑτός.</span> <span class='ocrx_word' id='word_1_317' title='bbox 265 2036 397 2067; x_wconf 75' lang='grc' dir='ltr'>Βασιλεὺς</span> <span class='ocrx_word' id='word_1_318' title='bbox 421 2035 449 2062; x_wconf 78' lang='grc' dir='ltr'>δὲ</span> <span class='ocrx_word' id='word_1_319' title='bbox 486 2035 546 2061; x_wconf 82' lang='grc' dir='ltr'>οὐδὲ</span> <span class='ocrx_word' id='word_1_320' title='bbox 575 2035 655 2066; x_wconf 83' lang='grc' dir='ltr'>αὐτὸς</span> <span class='ocrx_word' id='word_1_321' title='bbox 681 2034 799 2069; x_wconf 73' lang='grc' dir='ltr'>ἔφασκεν</span> <span class='ocrx_word' id='word_1_322' title='bbox 822 2035 938 2068; x_wconf 77' lang='grc' dir='ltr'>ἀγνοεῖν.</span> 
     </span>
    </p>
   </div>
   <div class='ocr_carea' id='block_1_45' title="bbox 148 2079 936 2116">
    <p class='ocr_par' dir='ltr' id='par_1_45' title="bbox 148 2079 936 2116">
     <span class='ocr_line' id='line_1_45' title="bbox 148 2079 936 2116; baseline -0.005 -7"><span class='ocrx_word' id='word_1_323' title='bbox 148 2083 211 2109; x_wconf 74' lang='grc' dir='ltr'>ὅσον</span> <span class='ocrx_word' id='word_1_324' title='bbox 221 2081 318 2108; x_wconf 66' lang='grc' dir='ltr'><strong>ὲπὶτοῦ</strong></span> <span class='ocrx_word' id='word_1_325' title='bbox 328 2081 462 2116; x_wconf 82' lang='grc' dir='ltr'>προτέρου</span> <span class='ocrx_word' id='word_1_326' title='bbox 476 2080 572 2115; x_wconf 85' lang='grc' dir='ltr'>χρόνου</span> <span class='ocrx_word' id='word_1_327' title='bbox 581 2080 713 2114; x_wconf 78' lang='grc' dir='ltr'>ὑφίστατο</span> <span class='ocrx_word' id='word_1_328' title='bbox 722 2080 768 2106; x_wconf 85' lang='grc' dir='ltr'><strong>τὸν</strong></span> <span class='ocrx_word' id='word_1_329' title='bbox 778 2080 871 2112; x_wconf 80' lang='grc' dir='ltr'>πόνον,</span> <span class='ocrx_word' id='word_1_330' title='bbox 882 2079 936 2105; x_wconf 77' lang='grc' dir='ltr'><strong>πᾶ-</strong></span> 
     </span>
    </p>
   </div>
   <div class='ocr_carea' id='block_1_46' title="bbox 149 2125 936 2161">
    <p class='ocr_par' dir='ltr' id='par_1_46' title="bbox 149 2125 936 2161">
     <span class='ocr_line' id='line_1_46' title="bbox 149 2125 936 2161; baseline -0.005 -7"><span class='ocrx_word' id='word_1_331' title='bbox 149 2137 193 2154; x_wconf 90' lang='grc' dir='ltr'><strong>σιν</strong></span> <span class='ocrx_word' id='word_1_332' title='bbox 204 2127 283 2158; x_wconf 76' lang='grc' dir='ltr'>αὐτὸς</span> <span class='ocrx_word' id='word_1_333' title='bbox 298 2126 467 2161; x_wconf 80' lang='grc' dir='ltr'>ὲφεστηκώς·</span> <span class='ocrx_word' id='word_1_334' title='bbox 483 2126 551 2153; x_wconf 75' lang='grc' dir='ltr'>ἀλλὰ</span> <span class='ocrx_word' id='word_1_335' title='bbox 567 2125 666 2152; x_wconf 79' lang='grc' dir='ltr'>εἰδέναι</span> <span class='ocrx_word' id='word_1_336' title='bbox 679 2133 708 2151; x_wconf 84' lang='grc' dir='ltr'><strong>τε</strong></span> <span class='ocrx_word' id='word_1_337' title='bbox 716 2125 818 2156; x_wconf 80' lang='grc' dir='ltr'>καλῶς,</span> <span class='ocrx_word' id='word_1_338' title='bbox 830 2125 876 2152; x_wconf 72' lang='grc' dir='ltr'><strong>καὶ</strong></span> <span class='ocrx_word' id='word_1_339' title='bbox 884 2125 936 2160; x_wconf 74' lang='grc' dir='ltr'><strong>οὑχ</strong></span> 
     </span>
    </p>
   </div>
   <div class='ocr_carea' id='block_1_47' title="bbox 147 2170 938 2208">
    <p class='ocr_par' dir='ltr' id='par_1_47' title="bbox 147 2170 938 2208">
     <span class='ocr_line' id='line_1_47' title="bbox 147 2170 938 2208; baseline -0.004 -9"><span class='ocrx_word' id='word_1_340' title='bbox 147 2173 248 2208; x_wconf 70' lang='grc' dir='ltr'>ἥκιστα</span> <span class='ocrx_word' id='word_1_341' title='bbox 260 2172 424 2206; x_wconf 72' lang='grc' dir='ltr'>Θαυμὰζειν,</span> <span class='ocrx_word' id='word_1_342' title='bbox 436 2173 461 2203; x_wconf 80' lang='grc' dir='ltr'><strong>εί</strong></span> <span class='ocrx_word' id='word_1_343' title='bbox 475 2171 544 2207; x_wconf 78' lang='grc' dir='ltr'>πρὸς</span> <span class='ocrx_word' id='word_1_344' title='bbox 565 2170 700 2206; x_wconf 81' lang='grc' dir='ltr'>τοσαύτην</span> <span class='ocrx_word' id='word_1_345' title='bbox 717 2171 853 2205; x_wconf 75' lang='grc' dir='ltr'>διοίκησιν</span> <span class='ocrx_word' id='word_1_346' title='bbox 866 2179 938 2205; x_wconf 89' lang='grc' dir='ltr'>πρα-</span> 
     </span>
    </p>
   </div>
   <div class='ocr_carea' id='block_1_48' title="bbox 149 2215 935 2252">
    <p class='ocr_par' dir='ltr' id='par_1_48' title="bbox 149 2215 935 2252">
     <span class='ocr_line' id='line_1_48' title="bbox 149 2215 935 2252; baseline -0.003 -8"><span class='ocrx_word' id='word_1_347' title='bbox 149 2218 264 2252; x_wconf 80' lang='grc' dir='ltr'>γμάτων</span> <span class='ocrx_word' id='word_1_348' title='bbox 281 2215 321 2249; x_wconf 74' lang='grc' dir='ltr'>εἷς</span> <span class='ocrx_word' id='word_1_349' title='bbox 349 2217 388 2243; x_wconf 85' lang='grc' dir='ltr'><strong>ὢν</strong></span> <span class='ocrx_word' id='word_1_350' title='bbox 414 2217 494 2248; x_wconf 72' lang='grc' dir='ltr'>αὐτὸς</span> <span class='ocrx_word' id='word_1_351' title='bbox 517 2216 705 2251; x_wconf 60' lang='grc' dir='ltr'>ὲξαρκεῐιέτι</span> <span class='ocrx_word' id='word_1_352' title='bbox 730 2216 824 2243; x_wconf 68' lang='grc' dir='ltr'>δὲκαὶ</span> <span class='ocrx_word' id='word_1_353' title='bbox 842 2215 935 2250; x_wconf 74' lang='grc' dir='ltr'>ἀλγεῖν</span> 
     </span>
    </p>
   </div>
   <div class='ocr_carea' id='block_1_49' title="bbox 990 301 1771 337">
    <p class='ocr_par' dir='ltr' id='par_1_49' title="bbox 990 301 1771 337">
     <span class='ocr_line' id='line_1_49' title="bbox 990 301 1771 337; baseline 0 -10"><span class='ocrx_word' id='word_1_354' title='bbox 990 301 1165 334; x_wconf 89' lang='lat' dir='ltr'><strong>desiderare,</strong></span> <span class='ocrx_word' id='word_1_355' title='bbox 1192 302 1240 329; x_wconf 85' lang='lat' dir='ltr'><strong>sed</strong></span> <span class='ocrx_word' id='word_1_356' title='bbox 1264 303 1416 329; x_wconf 81' lang='lat' dir='ltr'><strong>nummaria</strong></span> <span class='ocrx_word' id='word_1_357' title='bbox 1448 307 1607 337; x_wconf 72' lang='lat' dir='ltr'><strong>paupertate</strong></span> <span class='ocrx_word' id='word_1_358' title='bbox 1636 301 1771 328; x_wconf 85' lang='lat' dir='ltr'><strong>laberare.</strong></span> 
     </span>
    </p>
   </div>
   <div class='ocr_carea' id='block_1_50' title="bbox 989 347 1773 384">
    <p class='ocr_par' dir='ltr' id='par_1_50' title="bbox 989 347 1773 384">
     <span class='ocr_line' id='line_1_50' title="bbox 989 347 1773 384; baseline 0 -10"><span class='ocrx_word' id='word_1_359' title='bbox 989 347 1016 374; x_wconf 87' lang='lat' dir='ltr'><strong>Si</strong></span> <span class='ocrx_word' id='word_1_360' title='bbox 1043 352 1133 374; x_wconf 80' lang='lat' dir='ltr'><strong>tamen</strong></span> <span class='ocrx_word' id='word_1_361' title='bbox 1162 348 1194 375; x_wconf 85' lang='lat' dir='ltr'><strong>ad</strong></span> <span class='ocrx_word' id='word_1_362' title='bbox 1219 349 1335 375; x_wconf 88' lang='lat' dir='ltr'><strong>alterum</strong></span> <span class='ocrx_word' id='word_1_363' title='bbox 1353 349 1434 376; x_wconf 90' lang='lat' dir='ltr'><strong>etiam</strong></span> <span class='ocrx_word' id='word_1_364' title='bbox 1453 348 1661 384; x_wconf 84' lang='lat' dir='ltr'><strong>processissent,</strong></span> <span class='ocrx_word' id='word_1_365' title='bbox 1682 348 1773 374; x_wconf 74' lang='lat' dir='ltr'><strong>dieiu-</strong></span> 
     </span>
    </p>
   </div>
   <div class='ocr_carea' id='block_1_51' title="bbox 989 392 1772 428">
    <p class='ocr_par' dir='ltr' id='par_1_51' title="bbox 989 392 1772 428">
     <span class='ocr_line' id='line_1_51' title="bbox 989 392 1772 428; baseline -0.001 -9"><span class='ocrx_word' id='word_1_366' title='bbox 989 401 1050 420; x_wconf 92' lang='lat' dir='ltr'><strong>rum</strong></span> <span class='ocrx_word' id='word_1_367' title='bbox 1086 392 1189 426; x_wconf 84' lang='lat' dir='ltr'><strong>fuisse,</strong></span> <span class='ocrx_word' id='word_1_368' title='bbox 1227 401 1301 421; x_wconf 92' lang='lat' dir='ltr'><strong>nunc</strong></span> <span class='ocrx_word' id='word_1_369' title='bbox 1331 393 1476 421; x_wconf 73' lang='lat' dir='ltr'><strong>difﬁculter</strong></span> <span class='ocrx_word' id='word_1_370' title='bbox 1501 393 1560 420; x_wconf 86' lang='lat' dir='ltr'><strong>dari</strong></span> <span class='ocrx_word' id='word_1_371' title='bbox 1592 401 1671 428; x_wconf 81' lang='lat' dir='ltr'><strong>posse</strong></span> <span class='ocrx_word' id='word_1_372' title='bbox 1699 392 1772 427; x_wconf 86' lang='lat' dir='ltr'><strong>quod</strong></span> 
     </span>
    </p>
   </div>
   <div class='ocr_carea' id='block_1_52' title="bbox 989 430 1771 474">
    <p class='ocr_par' dir='ltr' id='par_1_52' title="bbox 989 430 1771 474">
     <span class='ocr_line' id='line_1_52' title="bbox 989 430 1771 474; baseline -0.003 -8"><span class='ocrx_word' id='word_1_373' title='bbox 989 447 1064 466; x_wconf 89' lang='lat' dir='ltr'><strong>mora</strong></span> <span class='ocrx_word' id='word_1_374' title='bbox 1093 446 1125 466; x_wconf 90' lang='lat' dir='ltr'><strong>ac</strong></span> <span class='ocrx_word' id='word_1_375' title='bbox 1158 443 1280 474; x_wconf 89' lang='lat' dir='ltr'><strong>tempore</strong></span> <span class='ocrx_word' id='word_1_376' title='bbox 1309 440 1343 467; x_wconf 88' lang='lat' dir='ltr'><strong>ad</strong></span> <span class='ocrx_word' id='word_1_377' title='bbox 1376 440 1557 474; x_wconf 75' lang='lat' dir='ltr'><strong>colligendum</strong></span> <span class='ocrx_word' id='word_1_378' title='bbox 1589 447 1657 474; x_wconf 86' lang='lat' dir='ltr'><strong>opus</strong></span> <span class='ocrx_word' id='word_1_379' title='bbox 1690 430 1771 465; x_wconf 76' lang='lat' dir='ltr'><strong>foret.</strong></span> 
     </span>
    </p>
   </div>
   <div class='ocr_carea' id='block_1_53' title="bbox 987 485 1771 521">
    <p class='ocr_par' dir='ltr' id='par_1_53' title="bbox 987 485 1771 521">
     <span class='ocr_line' id='line_1_53' title="bbox 987 485 1771 521; baseline -0.001 -9"><span class='ocrx_word' id='word_1_380' title='bbox 987 485 1027 513; x_wconf 80' lang='lat' dir='ltr'><strong>Ad</strong></span> <span class='ocrx_word' id='word_1_381' title='bbox 1061 486 1117 513; x_wconf 60' lang='lat' dir='ltr'><strong>haec</strong></span> <span class='ocrx_word' id='word_1_382' title='bbox 1143 485 1263 513; x_wconf 91' lang='lat' dir='ltr'><strong>nondum</strong></span> <span class='ocrx_word' id='word_1_383' title='bbox 1290 486 1394 521; x_wconf 88' lang='lat' dir='ltr'><strong>liquido</strong></span> <span class='ocrx_word' id='word_1_384' title='bbox 1418 485 1502 518; x_wconf 78' lang='lat' dir='ltr'><strong>sciri,</strong></span> <span class='ocrx_word' id='word_1_385' title='bbox 1529 494 1563 513; x_wconf 89' lang='lat' dir='ltr'><strong>an</strong></span> <span class='ocrx_word' id='word_1_386' title='bbox 1596 486 1623 513; x_wconf 91' lang='lat' dir='ltr'><strong>id</strong></span> <span class='ocrx_word' id='word_1_387' title='bbox 1648 487 1771 520; x_wconf 83' lang='lat' dir='ltr'><strong>ipsorum</strong></span> 
     </span>
    </p>
   </div>
   <div class='ocr_carea' id='block_1_54' title="bbox 989 531 1771 566">
    <p class='ocr_par' dir='ltr' id='par_1_54' title="bbox 989 531 1771 566">
     <span class='ocr_line' id='line_1_54' title="bbox 989 531 1771 566; baseline -0.001 -8"><span class='ocrx_word' id='word_1_388' title='bbox 989 532 1045 566; x_wconf 80' lang='lat' dir='ltr'><strong>regi</strong></span> <span class='ocrx_word' id='word_1_389' title='bbox 1067 531 1228 565; x_wconf 87' lang='lat' dir='ltr'><strong>placiturum</strong></span> <span class='ocrx_word' id='word_1_390' title='bbox 1250 532 1295 559; x_wconf 90' lang='lat' dir='ltr'><strong>sit.</strong></span> <span class='ocrx_word' id='word_1_391' title='bbox 1327 532 1440 559; x_wconf 84' lang='lat' dir='ltr'><strong>Reversi</strong></span> <span class='ocrx_word' id='word_1_392' title='bbox 1467 531 1548 566; x_wconf 78' lang='lat' dir='ltr'><strong>igitur</strong></span> <span class='ocrx_word' id='word_1_393' title='bbox 1571 532 1696 562; x_wconf 84' lang='lat' dir='ltr'><strong>domum,</strong></span> <span class='ocrx_word' id='word_1_394' title='bbox 1723 539 1771 558; x_wconf 87' lang='lat' dir='ltr'><strong>sn-</strong></span> 
     </span>
    </p>
   </div>
   <div class='ocr_carea' id='block_1_55' title="bbox 989 576 1772 611">
    <p class='ocr_par' dir='ltr' id='par_1_55' title="bbox 989 576 1772 611">
     <span class='ocr_line' id='line_1_55' title="bbox 989 576 1772 611; baseline -0.001 -8"><span class='ocrx_word' id='word_1_395' title='bbox 989 584 1038 611; x_wconf 85' lang='lat' dir='ltr'><strong>per</strong></span> <span class='ocrx_word' id='word_1_396' title='bbox 1062 576 1185 604; x_wconf 84' lang='lat' dir='ltr'><strong>exereitu</strong></span> <span class='ocrx_word' id='word_1_397' title='bbox 1208 577 1353 603; x_wconf 91' lang='lat' dir='ltr'><strong>certiorem</strong></span> <span class='ocrx_word' id='word_1_398' title='bbox 1379 577 1512 607; x_wconf 85' lang='lat' dir='ltr'><strong>facerent.</strong></span> <span class='ocrx_word' id='word_1_399' title='bbox 1537 584 1565 603; x_wconf 87' lang='lat' dir='ltr'><strong>et</strong></span> <span class='ocrx_word' id='word_1_400' title='bbox 1580 576 1714 611; x_wconf 84' lang='lat' dir='ltr'><strong>siquidem</strong></span> <span class='ocrx_word' id='word_1_401' title='bbox 1729 576 1772 602; x_wconf 88' lang='lat' dir='ltr'><strong>in-</strong></span> 
     </span>
    </p>
   </div>
   <div class='ocr_carea' id='block_1_56' title="bbox 989 621 1774 657">
    <p class='ocr_par' dir='ltr' id='par_1_56' title="bbox 989 621 1774 657">
     <span class='ocr_line' id='line_1_56' title="bbox 989 621 1774 657; baseline -0.001 -8"><span class='ocrx_word' id='word_1_402' title='bbox 989 622 1102 657; x_wconf 80' lang='lat' dir='ltr'><strong>digeret,</strong></span> <span class='ocrx_word' id='word_1_403' title='bbox 1126 627 1183 650; x_wconf 89' lang='lat' dir='ltr'><strong>tum</strong></span> <span class='ocrx_word' id='word_1_404' title='bbox 1205 622 1331 649; x_wconf 74' lang='lat' dir='ltr'><strong>venirent</strong></span> <span class='ocrx_word' id='word_1_405' title='bbox 1345 622 1392 657; x_wconf 90' lang='lat' dir='ltr'><strong>qui</strong></span> <span class='ocrx_word' id='word_1_406' title='bbox 1408 630 1470 650; x_wconf 92' lang='lat' dir='ltr'><strong>eum</strong></span> <span class='ocrx_word' id='word_1_407' title='bbox 1493 622 1671 655; x_wconf 67' lang='lat' dir='ltr'><strong>abducerent,</strong></span> <span class='ocrx_word' id='word_1_408' title='bbox 1694 621 1774 655; x_wconf 82' lang='lat' dir='ltr'><strong>quip-</strong></span> 
     </span>
    </p>
   </div>
   <div class='ocr_carea' id='block_1_57' title="bbox 989 667 1772 704">
    <p class='ocr_par' dir='ltr' id='par_1_57' title="bbox 989 667 1772 704">
     <span class='ocr_line' id='line_1_57' title="bbox 989 667 1772 704; baseline -0.003 -9"><span class='ocrx_word' id='word_1_409' title='bbox 989 675 1023 702; x_wconf 88' lang='lat' dir='ltr'><strong>pe</strong></span> <span class='ocrx_word' id='word_1_410' title='bbox 1048 675 1109 695; x_wconf 88' lang='lat' dir='ltr'><strong>cum</strong></span> <span class='ocrx_word' id='word_1_411' title='bbox 1138 669 1242 696; x_wconf 90' lang='lat' dir='ltr'><strong>lentum</strong></span> <span class='ocrx_word' id='word_1_412' title='bbox 1269 676 1300 695; x_wconf 82' lang='lat' dir='ltr'><strong>ac</strong></span> <span class='ocrx_word' id='word_1_413' title='bbox 1323 669 1432 704; x_wconf 77' lang='lat' dir='ltr'><strong>longum</strong></span> <span class='ocrx_word' id='word_1_414' title='bbox 1458 668 1596 702; x_wconf 75' lang='lat' dir='ltr'><strong>negotium</strong></span> <span class='ocrx_word' id='word_1_415' title='bbox 1622 668 1657 694; x_wconf 84' lang='lat' dir='ltr'><strong>sit</strong></span> <span class='ocrx_word' id='word_1_416' title='bbox 1678 667 1772 701; x_wconf 89' lang='lat' dir='ltr'><strong>copias</strong></span> 
     </span>
    </p>
   </div>
   <div class='ocr_carea' id='block_1_58' title="bbox 989 712 1771 748">
    <p class='ocr_par' dir='ltr' id='par_1_58' title="bbox 989 712 1771 748">
     <span class='ocr_line' id='line_1_58' title="bbox 989 712 1771 748; baseline -0.003 -8"><span class='ocrx_word' id='word_1_417' title='bbox 989 714 1149 748; x_wconf 79' lang='lat' dir='ltr'><strong>peregrinas</strong></span> <span class='ocrx_word' id='word_1_418' title='bbox 1179 717 1207 740; x_wconf 89' lang='lat' dir='ltr'><strong>et</strong></span> <span class='ocrx_word' id='word_1_419' title='bbox 1233 721 1248 741; x_wconf 93' lang='lat' dir='ltr'><strong>e</strong></span> <span class='ocrx_word' id='word_1_420' title='bbox 1275 713 1343 741; x_wconf 87' lang='lat' dir='ltr'><strong>locis</strong></span> <span class='ocrx_word' id='word_1_421' title='bbox 1369 713 1560 741; x_wconf 76' lang='lat' dir='ltr'><strong>remotissimis</strong></span> <span class='ocrx_word' id='word_1_422' title='bbox 1597 712 1771 740; x_wconf 75' lang='lat' dir='ltr'><strong>contrahere.</strong></span> 
     </span>
    </p>
   </div>
   <div class='ocr_carea' id='block_1_59' title="bbox 990 756 1772 791">
    <p class='ocr_par' dir='ltr' id='par_1_59' title="bbox 990 756 1772 791">
     <span class='ocr_line' id='line_1_59' title="bbox 990 756 1772 791; baseline 0 -8"><span class='ocrx_word' id='word_1_423' title='bbox 990 757 1022 783; x_wconf 87' lang='lat' dir='ltr'><strong>Et</strong></span> <span class='ocrx_word' id='word_1_424' title='bbox 1051 757 1107 785; x_wconf 74' lang='lat' dir='ltr'><strong>brec</strong></span> <span class='ocrx_word' id='word_1_425' title='bbox 1129 756 1240 791; x_wconf 87' lang='lat' dir='ltr'><strong>quidem</strong></span> <span class='ocrx_word' id='word_1_426' title='bbox 1265 757 1316 785; x_wconf 86' lang='lat' dir='ltr'><strong>isto</strong></span> <span class='ocrx_word' id='word_1_427' title='bbox 1349 757 1430 784; x_wconf 91' lang='lat' dir='ltr'><strong>modo</strong></span> <span class='ocrx_word' id='word_1_428' title='bbox 1456 762 1515 784; x_wconf 86' lang='lat' dir='ltr'><strong>aeta</strong></span> <span class='ocrx_word' id='word_1_429' title='bbox 1546 761 1619 784; x_wconf 89' lang='lat' dir='ltr'><strong>sunt.</strong></span> <span class='ocrx_word' id='word_1_430' title='bbox 1649 757 1687 784; x_wconf 79' lang='lat' dir='ltr'><strong>Ex</strong></span> <span class='ocrx_word' id='word_1_431' title='bbox 1717 764 1772 791; x_wconf 90' lang='lat' dir='ltr'><strong>quo</strong></span> 
     </span>
    </p>
   </div>
   <div class='ocr_carea' id='block_1_60' title="bbox 989 803 1772 838">
    <p class='ocr_par' dir='ltr' id='par_1_60' title="bbox 989 803 1772 838">
     <span class='ocr_line' id='line_1_60' title="bbox 989 803 1772 838; baseline 0.003 -10"><span class='ocrx_word' id='word_1_432' title='bbox 989 807 1078 829; x_wconf 88' lang='lat' dir='ltr'><strong>autem</strong></span> <span class='ocrx_word' id='word_1_433' title='bbox 1105 810 1190 837; x_wconf 85' lang='lat' dir='ltr'><strong>nepos</strong></span> <span class='ocrx_word' id='word_1_434' title='bbox 1211 803 1244 830; x_wconf 93' lang='lat' dir='ltr'><strong>ab</strong></span> <span class='ocrx_word' id='word_1_435' title='bbox 1263 811 1313 830; x_wconf 90' lang='lat' dir='ltr'><strong>avo</strong></span> <span class='ocrx_word' id='word_1_436' title='bbox 1327 803 1463 831; x_wconf 86' lang='lat' dir='ltr'><strong>dissidens</strong></span> <span class='ocrx_word' id='word_1_437' title='bbox 1474 803 1671 838; x_wconf 79' lang='lat' dir='ltr'><strong>Adrianopolin</strong></span> <span class='ocrx_word' id='word_1_438' title='bbox 1686 804 1772 836; x_wconf 88' lang='lat' dir='ltr'><strong>venit,</strong></span> 
     </span>
    </p>
   </div>
   <div class='ocr_carea' id='block_1_61' title="bbox 991 847 1773 882">
    <p class='ocr_par' dir='ltr' id='par_1_61' title="bbox 991 847 1773 882">
     <span class='ocr_line' id='line_1_61' title="bbox 991 847 1773 882; baseline 0.003 -9"><span class='ocrx_word' id='word_1_439' title='bbox 991 855 1076 882; x_wconf 82' lang='lat' dir='ltr'><strong>usque</strong></span> <span class='ocrx_word' id='word_1_440' title='bbox 1096 847 1130 874; x_wconf 86' lang='lat' dir='ltr'><strong>ad</strong></span> <span class='ocrx_word' id='word_1_441' title='bbox 1156 847 1232 874; x_wconf 86' lang='lat' dir='ltr'><strong>illum</strong></span> <span class='ocrx_word' id='word_1_442' title='bbox 1254 847 1326 875; x_wconf 91' lang='lat' dir='ltr'><strong>diem</strong></span> <span class='ocrx_word' id='word_1_443' title='bbox 1344 848 1428 875; x_wconf 83' lang='lat' dir='ltr'><strong>rebus</strong></span> <span class='ocrx_word' id='word_1_444' title='bbox 1450 849 1578 875; x_wconf 78' lang='lat' dir='ltr'><strong>omnibus</strong></span> <span class='ocrx_word' id='word_1_445' title='bbox 1593 849 1718 882; x_wconf 82' lang='lat' dir='ltr'><strong>agundis,</strong></span> <span class='ocrx_word' id='word_1_446' title='bbox 1733 853 1773 875; x_wconf 87' lang='lat' dir='ltr'><strong>at-</strong></span> 
     </span>
    </p>
   </div>
   <div class='ocr_carea' id='block_1_62' title="bbox 990 892 1771 928">
    <p class='ocr_par' dir='ltr' id='par_1_62' title="bbox 990 892 1771 928">
     <span class='ocr_line' id='line_1_62' title="bbox 990 892 1771 928; baseline 0.003 -10"><span class='ocrx_word' id='word_1_447' title='bbox 990 899 1043 926; x_wconf 89' lang='lat' dir='ltr'><strong>que</strong></span> <span class='ocrx_word' id='word_1_448' title='bbox 1068 892 1152 919; x_wconf 82' lang='lat' dir='ltr'><strong>etiam</strong></span> <span class='ocrx_word' id='word_1_449' title='bbox 1167 892 1352 927; x_wconf 83' lang='lat' dir='ltr'><strong>imperatoriis</strong></span> <span class='ocrx_word' id='word_1_450' title='bbox 1368 893 1535 927; x_wconf 89' lang='lat' dir='ltr'><strong>diplomatis,</strong></span> <span class='ocrx_word' id='word_1_451' title='bbox 1549 901 1610 928; x_wconf 69' lang='lat' dir='ltr'><strong>quae</strong></span> <span class='ocrx_word' id='word_1_452' title='bbox 1622 893 1654 920; x_wconf 87' lang='lat' dir='ltr'><strong>ad</strong></span> <span class='ocrx_word' id='word_1_453' title='bbox 1667 893 1771 928; x_wconf 81' lang='lat' dir='ltr'><strong>aliquid</strong></span> 
     </span>
    </p>
   </div>
   <div class='ocr_carea' id='block_1_63' title="bbox 989 936 1773 973">
    <p class='ocr_par' dir='ltr' id='par_1_63' title="bbox 989 936 1773 973">
     <span class='ocr_line' id='line_1_63' title="bbox 989 936 1773 973; baseline 0.001 -10"><span class='ocrx_word' id='word_1_454' title='bbox 989 936 1207 963; x_wconf 82' lang='lat' dir='ltr'><strong>confirmandum</strong></span> <span class='ocrx_word' id='word_1_455' title='bbox 1232 937 1430 970; x_wconf 83' lang='lat' dir='ltr'><strong>scriberentur,</strong></span> <span class='ocrx_word' id='word_1_456' title='bbox 1456 945 1505 972; x_wconf 90' lang='lat' dir='ltr'><strong>per</strong></span> <span class='ocrx_word' id='word_1_457' title='bbox 1528 946 1557 965; x_wconf 83' lang='lat' dir='ltr'><strong>se</strong></span> <span class='ocrx_word' id='word_1_458' title='bbox 1580 946 1697 973; x_wconf 77' lang='lat' dir='ltr'><strong>magnns</strong></span> <span class='ocrx_word' id='word_1_459' title='bbox 1722 938 1773 964; x_wconf 83' lang='lat' dir='ltr'><strong>do-</strong></span> 
     </span>
    </p>
   </div>
   <div class='ocr_carea' id='block_1_64' title="bbox 990 980 1773 1016">
    <p class='ocr_par' dir='ltr' id='par_1_64' title="bbox 990 980 1773 1016">
     <span class='ocr_line' id='line_1_64' title="bbox 990 980 1773 1016; baseline 0 -9"><span class='ocrx_word' id='word_1_460' title='bbox 990 981 1120 1008; x_wconf 88' lang='lat' dir='ltr'><strong>mesticus</strong></span> <span class='ocrx_word' id='word_1_461' title='bbox 1136 980 1298 1015; x_wconf 64' lang='lat' dir='ltr'><strong>praefuerat;</strong></span> <span class='ocrx_word' id='word_1_462' title='bbox 1316 988 1349 1008; x_wconf 89' lang='lat' dir='ltr'><strong>ne</strong></span> <span class='ocrx_word' id='word_1_463' title='bbox 1362 980 1428 1016; x_wconf 88' lang='lat' dir='ltr'><strong>quid</strong></span> <span class='ocrx_word' id='word_1_464' title='bbox 1443 988 1490 1015; x_wconf 90' lang='lat' dir='ltr'><strong>per</strong></span> <span class='ocrx_word' id='word_1_465' title='bbox 1503 981 1657 1008; x_wconf 78' lang='lat' dir='ltr'><strong>socordiam</strong></span> <span class='ocrx_word' id='word_1_466' title='bbox 1690 981 1773 1015; x_wconf 68' lang='lat'><strong>208</strong></span> 
     </span>
    </p>
   </div>
   <div class='ocr_carea' id='block_1_65' title="bbox 989 1026 1772 1062">
    <p class='ocr_par' dir='ltr' id='par_1_65' title="bbox 989 1026 1772 1062">
     <span class='ocr_line' id='line_1_65' title="bbox 989 1026 1772 1062; baseline 0.003 -10"><span class='ocrx_word' id='word_1_467' title='bbox 989 1026 1220 1061; x_wconf 81' lang='lat' dir='ltr'><strong>malignitatemve</strong></span> <span class='ocrx_word' id='word_1_468' title='bbox 1244 1027 1361 1054; x_wconf 90' lang='lat' dir='ltr'><strong>aliorum</strong></span> <span class='ocrx_word' id='word_1_469' title='bbox 1373 1047 1382 1061; x_wconf 91' lang='lat'><strong>,</strong></span> <span class='ocrx_word' id='word_1_470' title='bbox 1401 1027 1502 1062; x_wconf 86' lang='lat' dir='ltr'><strong>quibus</strong></span> <span class='ocrx_word' id='word_1_471' title='bbox 1518 1035 1550 1054; x_wconf 89' lang='lat' dir='ltr'><strong>ea</strong></span> <span class='ocrx_word' id='word_1_472' title='bbox 1565 1027 1772 1054; x_wconf 83' lang='lat' dir='ltr'><strong>committeren—</strong></span> 
     </span>
    </p>
   </div>
   <div class='ocr_carea' id='block_1_66' title="bbox 988 1070 1772 1101">
    <p class='ocr_par' dir='ltr' id='par_1_66' title="bbox 988 1070 1772 1101">
     <span class='ocr_line' id='line_1_66' title="bbox 988 1070 1772 1101; baseline 0.001 -5"><span class='ocrx_word' id='word_1_473' title='bbox 988 1073 1044 1101; x_wconf 86' lang='lat' dir='ltr'><strong>tur,</strong></span> <span class='ocrx_word' id='word_1_474' title='bbox 1060 1070 1214 1098; x_wconf 81' lang='lat' dir='ltr'><strong>sinisterius</strong></span> <span class='ocrx_word' id='word_1_475' title='bbox 1225 1070 1322 1097; x_wconf 86' lang='lat' dir='ltr'><strong>ﬂeret:</strong></span> <span class='ocrx_word' id='word_1_476' title='bbox 1341 1077 1390 1097; x_wconf 88' lang='lat' dir='ltr'><strong>nec</strong></span> <span class='ocrx_word' id='word_1_477' title='bbox 1401 1070 1476 1098; x_wconf 86' lang='lat' dir='ltr'><strong>leves</strong></span> <span class='ocrx_word' id='word_1_478' title='bbox 1497 1070 1525 1097; x_wconf 92' lang='lat' dir='ltr'><strong>in</strong></span> <span class='ocrx_word' id='word_1_479' title='bbox 1539 1070 1695 1098; x_wconf 86' lang='lat' dir='ltr'><strong>eo-labores</strong></span> <span class='ocrx_word' id='word_1_480' title='bbox 1711 1077 1772 1098; x_wconf 84' lang='lat' dir='ltr'><strong>sus—</strong></span> 
     </span>
    </p>
   </div>
   <div class='ocr_carea' id='block_1_67' title="bbox 988 1114 1770 1150">
    <p class='ocr_par' dir='ltr' id='par_1_67' title="bbox 988 1114 1770 1150">
     <span class='ocr_line' id='line_1_67' title="bbox 988 1114 1770 1150; baseline 0.001 -9"><span class='ocrx_word' id='word_1_481' title='bbox 988 1114 1105 1142; x_wconf 88' lang='lat' dir='ltr'><strong>tinuerat</strong></span> <span class='ocrx_word' id='word_1_482' title='bbox 1119 1136 1125 1148; x_wconf 90' lang='lat'><strong>,</strong></span> <span class='ocrx_word' id='word_1_483' title='bbox 1150 1123 1219 1150; x_wconf 87' lang='lat' dir='ltr'><strong>quos</strong></span> <span class='ocrx_word' id='word_1_484' title='bbox 1242 1116 1438 1148; x_wconf 84' lang='lat' dir='ltr'><strong>nihilominus,</strong></span> <span class='ocrx_word' id='word_1_485' title='bbox 1470 1116 1532 1150; x_wconf 88' lang='lat' dir='ltr'><strong>quia</strong></span> <span class='ocrx_word' id='word_1_486' title='bbox 1550 1123 1645 1143; x_wconf 85' lang='lat' dir='ltr'><strong>curam</strong></span> <span class='ocrx_word' id='word_1_487' title='bbox 1665 1115 1770 1142; x_wconf 77' lang='lat' dir='ltr'><strong>sollici-~</strong></span> 
     </span>
    </p>
   </div>
   <div class='ocr_carea' id='block_1_68' title="bbox 987 1161 1774 1196">
    <p class='ocr_par' dir='ltr' id='par_1_68' title="bbox 987 1161 1774 1196">
     <span class='ocr_line' id='line_1_68' title="bbox 987 1161 1774 1196; baseline 0 -8"><span class='ocrx_word' id='word_1_488' title='bbox 987 1161 1166 1195; x_wconf 88' lang='lat' dir='ltr'><strong>tudinernque</strong></span> <span class='ocrx_word' id='word_1_489' title='bbox 1198 1161 1226 1188; x_wconf 91' lang='lat' dir='ltr'><strong>in</strong></span> <span class='ocrx_word' id='word_1_490' title='bbox 1253 1162 1381 1189; x_wconf 91' lang='lat' dir='ltr'><strong>omnibus</strong></span> <span class='ocrx_word' id='word_1_491' title='bbox 1405 1161 1588 1189; x_wconf 83' lang='lat' dir='ltr'><strong>necessariam</strong></span> <span class='ocrx_word' id='word_1_492' title='bbox 1615 1161 1774 1196; x_wconf 68' lang='lat' dir='ltr'><strong>judicabat,</strong></span> 
     </span>
    </p>
   </div>
   <div class='ocr_carea' id='block_1_69' title="bbox 986 1206 1786 1242">
    <p class='ocr_par' dir='ltr' id='par_1_69' title="bbox 986 1206 1786 1242">
     <span class='ocr_line' id='line_1_69' title="bbox 986 1206 1786 1242; baseline -0.003 -9"><span class='ocrx_word' id='word_1_493' title='bbox 986 1206 1096 1233; x_wconf 88' lang='lat' dir='ltr'><strong>silentio</strong></span> <span class='ocrx_word' id='word_1_494' title='bbox 1119 1206 1286 1241; x_wconf 82' lang='lat' dir='ltr'><strong>perferebat.</strong></span> <span class='ocrx_word' id='word_1_495' title='bbox 1300 1206 1377 1234; x_wconf 91' lang='lat' dir='ltr'><strong>Tune</strong></span> <span class='ocrx_word' id='word_1_496' title='bbox 1392 1215 1468 1239; x_wconf 91' lang='lat' dir='ltr'><strong>vero,</strong></span> <span class='ocrx_word' id='word_1_497' title='bbox 1488 1207 1604 1241; x_wconf 82' lang='lat' dir='ltr'><strong>sepultis</strong></span> <span class='ocrx_word' id='word_1_498' title='bbox 1617 1207 1673 1242; x_wconf 86' lang='lat' dir='ltr'><strong>jam</strong></span> <span class='ocrx_word' id='word_1_499' title='bbox 1690 1207 1786 1234; x_wconf 80' lang='lat' dir='ltr'><strong>bellis.</strong></span> 
     </span>
    </p>
   </div>
   <div class='ocr_carea' id='block_1_70' title="bbox 986 1252 1786 1288">
    <p class='ocr_par' dir='ltr' id='par_1_70' title="bbox 986 1252 1786 1288">
     <span class='ocr_line' id='line_1_70' title="bbox 986 1252 1786 1288; baseline -0.001 -8"><span class='ocrx_word' id='word_1_500' title='bbox 986 1252 1125 1284; x_wconf 87' lang='lat' dir='ltr'><strong>civilibus,</strong></span> <span class='ocrx_word' id='word_1_501' title='bbox 1153 1252 1315 1287; x_wconf 88' lang='lat' dir='ltr'><strong>insidiisque</strong></span> <span class='ocrx_word' id='word_1_502' title='bbox 1339 1261 1371 1280; x_wconf 86' lang='lat' dir='ltr'><strong>ac</strong></span> <span class='ocrx_word' id='word_1_503' title='bbox 1387 1252 1591 1288; x_wconf 89' lang='lat' dir='ltr'><strong>suspicionibus</strong></span> <span class='ocrx_word' id='word_1_504' title='bbox 1609 1252 1701 1284; x_wconf 86' lang='lat' dir='ltr'><strong>nullis,</strong></span> <span class='ocrx_word' id='word_1_505' title='bbox 1717 1252 1769 1280; x_wconf 87' lang='lat' dir='ltr'><strong>sibi</strong></span> <span class='ocrx_word' id='word_1_506' title='bbox 1784 1270 1786 1272; x_wconf 60' lang='grc' dir='ltr'><strong>τ</strong></span> 
     </span>
    </p>
   </div>
   <div class='ocr_carea' id='block_1_71' title="bbox 985 1299 1772 1335">
    <p class='ocr_par' dir='ltr' id='par_1_71' title="bbox 985 1299 1772 1335">
     <span class='ocr_line' id='line_1_71' title="bbox 985 1299 1772 1335; baseline 0 -9"><span class='ocrx_word' id='word_1_507' title='bbox 985 1307 1096 1334; x_wconf 87' lang='lat' dir='ltr'><strong>quoque</strong></span> <span class='ocrx_word' id='word_1_508' title='bbox 1123 1299 1319 1335; x_wconf 82' lang='lat' dir='ltr'><strong>occupationes</strong></span> <span class='ocrx_word' id='word_1_509' title='bbox 1343 1300 1512 1334; x_wconf 86' lang='lat' dir='ltr'><strong>aliquantum</strong></span> <span class='ocrx_word' id='word_1_510' title='bbox 1533 1299 1694 1327; x_wconf 89' lang='lat' dir='ltr'><strong>minuendas</strong></span> <span class='ocrx_word' id='word_1_511' title='bbox 1709 1307 1772 1327; x_wconf 79' lang='lat' dir='ltr'><strong>esse</strong></span> 
     </span>
    </p>
   </div>
   <div class='ocr_carea' id='block_1_72' title="bbox 985 1343 1776 1378">
    <p class='ocr_par' dir='ltr' id='par_1_72' title="bbox 985 1343 1776 1378">
     <span class='ocr_line' id='line_1_72' title="bbox 985 1343 1776 1378; baseline -0.001 -8"><span class='ocrx_word' id='word_1_512' title='bbox 985 1343 1139 1370; x_wconf 87' lang='lat' dir='ltr'><strong>constituit.</strong></span> <span class='ocrx_word' id='word_1_513' title='bbox 1163 1343 1300 1376; x_wconf 84' lang='lat' dir='ltr'><strong>Quocirca</strong></span> <span class='ocrx_word' id='word_1_514' title='bbox 1327 1343 1487 1378; x_wconf 89' lang='lat' dir='ltr'><strong>imperatori</strong></span> <span class='ocrx_word' id='word_1_515' title='bbox 1510 1343 1642 1378; x_wconf 78' lang='lat' dir='ltr'><strong>przeteriti</strong></span> <span class='ocrx_word' id='word_1_516' title='bbox 1662 1348 1776 1377; x_wconf 70' lang='lat' dir='ltr'><strong>tempo-~</strong></span> 
     </span>
    </p>
   </div>
   <div class='ocr_carea' id='block_1_73' title="bbox 985 1387 1770 1423">
    <p class='ocr_par' dir='ltr' id='par_1_73' title="bbox 985 1387 1770 1423">
     <span class='ocr_line' id='line_1_73' title="bbox 985 1387 1770 1423; baseline 0 -9"><span class='ocrx_word' id='word_1_517' title='bbox 985 1387 1023 1415; x_wconf 87' lang='lat' dir='ltr'><strong>ris</strong></span> <span class='ocrx_word' id='word_1_518' title='bbox 1047 1388 1212 1415; x_wconf 78' lang='lat' dir='ltr'><strong>laboriosam</strong></span> <span class='ocrx_word' id='word_1_519' title='bbox 1227 1388 1492 1416; x_wconf 89' lang='lat' dir='ltr'><strong>administrationem</strong></span> <span class='ocrx_word' id='word_1_520' title='bbox 1505 1396 1582 1416; x_wconf 84' lang='lat' dir='ltr'><strong>suam</strong></span> <span class='ocrx_word' id='word_1_521' title='bbox 1599 1389 1721 1423; x_wconf 83' lang='lat' dir='ltr'><strong>exponit,</strong></span> <span class='ocrx_word' id='word_1_522' title='bbox 1737 1395 1770 1415; x_wconf 88' lang='lat' dir='ltr'><strong>ac</strong></span> 
     </span>
    </p>
   </div>
   <div class='ocr_carea' id='block_1_74' title="bbox 984 1433 1768 1468">
    <p class='ocr_par' dir='ltr' id='par_1_74' title="bbox 984 1433 1768 1468">
     <span class='ocr_line' id='line_1_74' title="bbox 984 1433 1768 1468; baseline 0 -8"><span class='ocrx_word' id='word_1_523' title='bbox 984 1438 1077 1461; x_wconf 84' lang='lat' dir='ltr'><strong>monet</strong></span> <span class='ocrx_word' id='word_1_524' title='bbox 1088 1434 1168 1461; x_wconf 85' lang='lat' dir='ltr'><strong>malis</strong></span> <span class='ocrx_word' id='word_1_525' title='bbox 1181 1434 1307 1461; x_wconf 85' lang='lat' dir='ltr'><strong>civilibus</strong></span> <span class='ocrx_word' id='word_1_526' title='bbox 1318 1437 1346 1461; x_wconf 91' lang='lat' dir='ltr'><strong>et</strong></span> <span class='ocrx_word' id='word_1_527' title='bbox 1362 1434 1522 1468; x_wconf 89' lang='lat' dir='ltr'><strong>suspiciosis</strong></span> <span class='ocrx_word' id='word_1_528' title='bbox 1532 1433 1702 1468; x_wconf 86' lang='lat' dir='ltr'><strong>temporibus</strong></span> <span class='ocrx_word' id='word_1_529' title='bbox 1712 1434 1768 1468; x_wconf 87' lang='lat' dir='ltr'><strong>jam</strong></span> 
     </span>
    </p>
   </div>
   <div class='ocr_carea' id='block_1_75' title="bbox 983 1479 1787 1514">
    <p class='ocr_par' dir='ltr' id='par_1_75' title="bbox 983 1479 1787 1514">
     <span class='ocr_line' id='line_1_75' title="bbox 983 1479 1787 1514; baseline 0.001 -9"><span class='ocrx_word' id='word_1_530' title='bbox 983 1479 1130 1514; x_wconf 68' lang='lat' dir='ltr'><strong>prmteritis</strong></span> <span class='ocrx_word' id='word_1_531' title='bbox 1158 1479 1374 1513; x_wconf 88' lang='lat' dir='ltr'><strong>providendum,</strong></span> <span class='ocrx_word' id='word_1_532' title='bbox 1402 1479 1442 1506; x_wconf 90' lang='lat' dir='ltr'><strong>uti</strong></span> <span class='ocrx_word' id='word_1_533' title='bbox 1467 1486 1510 1506; x_wconf 82' lang='lat' dir='ltr'><strong>res</strong></span> <span class='ocrx_word' id='word_1_534' title='bbox 1537 1480 1787 1514; x_wconf 83' lang='lat' dir='ltr'><strong>quemadmodum.</strong></span> 
     </span>
    </p>
   </div>
   <div class='ocr_carea' id='block_1_76' title="bbox 982 1523 1766 1557">
    <p class='ocr_par' dir='ltr' id='par_1_76' title="bbox 982 1523 1766 1557">
     <span class='ocr_line' id='line_1_76' title="bbox 982 1523 1766 1557; baseline 0.001 -8"><span class='ocrx_word' id='word_1_535' title='bbox 982 1527 1058 1555; x_wconf 86' lang='lat' dir='ltr'><strong>ante,</strong></span> <span class='ocrx_word' id='word_1_536' title='bbox 1078 1523 1147 1550; x_wconf 91' lang='lat' dir='ltr'><strong>bene</strong></span> <span class='ocrx_word' id='word_1_537' title='bbox 1167 1523 1351 1557; x_wconf 76' lang='lat' dir='ltr'><strong>decenterque</strong></span> <span class='ocrx_word' id='word_1_538' title='bbox 1367 1527 1561 1557; x_wconf 88' lang='lat' dir='ltr'><strong>procurentur,</strong></span> <span class='ocrx_word' id='word_1_539' title='bbox 1579 1528 1607 1550; x_wconf 87' lang='lat' dir='ltr'><strong>et</strong></span> <span class='ocrx_word' id='word_1_540' title='bbox 1620 1523 1672 1550; x_wconf 91' lang='lat' dir='ltr'><strong>sibi</strong></span> <span class='ocrx_word' id='word_1_541' title='bbox 1685 1523 1766 1557; x_wconf 85' lang='lat' dir='ltr'><strong>quie-</strong></span> 
     </span>
    </p>
   </div>
   <div class='ocr_carea' id='block_1_77' title="bbox 984 1568 1767 1604">
    <p class='ocr_par' dir='ltr' id='par_1_77' title="bbox 984 1568 1767 1604">
     <span class='ocr_line' id='line_1_77' title="bbox 984 1568 1767 1604; baseline 0 -8"><span class='ocrx_word' id='word_1_542' title='bbox 984 1573 1038 1596; x_wconf 85' lang='lat' dir='ltr'><strong>tem</strong></span> <span class='ocrx_word' id='word_1_543' title='bbox 1063 1576 1094 1596; x_wconf 86' lang='lat' dir='ltr'><strong>ac</strong></span> <span class='ocrx_word' id='word_1_544' title='bbox 1117 1569 1308 1596; x_wconf 88' lang='lat' dir='ltr'><strong>remissionem</strong></span> <span class='ocrx_word' id='word_1_545' title='bbox 1324 1569 1444 1604; x_wconf 87' lang='lat' dir='ltr'><strong>aliquam</strong></span> <span class='ocrx_word' id='word_1_546' title='bbox 1460 1569 1676 1596; x_wconf 87' lang='lat' dir='ltr'><strong>concedendam.</strong></span> <span class='ocrx_word' id='word_1_547' title='bbox 1692 1568 1767 1596; x_wconf 86' lang='lat' dir='ltr'><strong>Con—</strong></span> 
     </span>
    </p>
   </div>
   <div class='ocr_carea' id='block_1_78' title="bbox 983 1615 1762 1650">
    <p class='ocr_par' dir='ltr' id='par_1_78' title="bbox 983 1615 1762 1650">
     <span class='ocr_line' id='line_1_78' title="bbox 983 1615 1762 1650; baseline -0.001 -8"><span class='ocrx_word' id='word_1_548' title='bbox 983 1623 1124 1643; x_wconf 87' lang='lat' dir='ltr'><strong>cessurum</strong></span> <span class='ocrx_word' id='word_1_549' title='bbox 1147 1619 1237 1642; x_wconf 82' lang='lat' dir='ltr'><strong>autem</strong></span> <span class='ocrx_word' id='word_1_550' title='bbox 1252 1635 1259 1647; x_wconf 96' lang='lat'><strong>,</strong></span> <span class='ocrx_word' id='word_1_551' title='bbox 1285 1615 1308 1642; x_wconf 92' lang='lat' dir='ltr'><strong>si</strong></span> <span class='ocrx_word' id='word_1_552' title='bbox 1333 1615 1569 1650; x_wconf 78' lang='lat' dir='ltr'><strong>imperatoriarum</strong></span> <span class='ocrx_word' id='word_1_553' title='bbox 1595 1615 1762 1648; x_wconf 83' lang='lat' dir='ltr'><strong>litterarum,</strong></span> 
     </span>
    </p>
   </div>
   <div class='ocr_carea' id='block_1_79' title="bbox 982 1658 1765 1693">
    <p class='ocr_par' dir='ltr' id='par_1_79' title="bbox 982 1658 1765 1693">
     <span class='ocr_line' id='line_1_79' title="bbox 982 1658 1765 1693; baseline 0 -7"><span class='ocrx_word' id='word_1_554' title='bbox 982 1663 1010 1686; x_wconf 83' lang='lat' dir='ltr'><strong>et</strong></span> <span class='ocrx_word' id='word_1_555' title='bbox 1034 1659 1102 1690; x_wconf 81' lang='lat' dir='ltr'><strong>ﬁsci,</strong></span> <span class='ocrx_word' id='word_1_556' title='bbox 1125 1663 1152 1685; x_wconf 82' lang='lat' dir='ltr'><strong>et</strong></span> <span class='ocrx_word' id='word_1_557' title='bbox 1178 1659 1349 1685; x_wconf 79' lang='lat' dir='ltr'><strong>exactionum</strong></span> <span class='ocrx_word' id='word_1_558' title='bbox 1377 1658 1566 1693; x_wconf 68' lang='lat' dir='ltr'><strong>praefecturam</strong></span> <span class='ocrx_word' id='word_1_559' title='bbox 1595 1659 1621 1686; x_wconf 92' lang='lat' dir='ltr'><strong>in</strong></span> <span class='ocrx_word' id='word_1_560' title='bbox 1649 1659 1765 1686; x_wconf 88' lang='lat' dir='ltr'><strong>alterum</strong></span> 
     </span>
    </p>
   </div>
   <div class='ocr_carea' id='block_1_80' title="bbox 983 1703 1768 1741">
    <p class='ocr_par' dir='ltr' id='par_1_80' title="bbox 983 1703 1768 1741">
     <span class='ocr_line' id='line_1_80' title="bbox 983 1703 1768 1741; baseline 0.003 -11"><span class='ocrx_word' id='word_1_561' title='bbox 983 1703 1137 1735; x_wconf 81' lang='lat' dir='ltr'><strong>transferat,</strong></span> <span class='ocrx_word' id='word_1_562' title='bbox 1168 1711 1249 1738; x_wconf 91' lang='lat' dir='ltr'><strong>quem</strong></span> <span class='ocrx_word' id='word_1_563' title='bbox 1267 1711 1317 1731; x_wconf 88' lang='lat' dir='ltr'><strong>suo</strong></span> <span class='ocrx_word' id='word_1_564' title='bbox 1333 1704 1468 1732; x_wconf 87' lang='lat' dir='ltr'><strong>arbitratu</strong></span> <span class='ocrx_word' id='word_1_565' title='bbox 1484 1705 1627 1741; x_wconf 77' lang='lat' dir='ltr'><strong>delegerit.</strong></span> <span class='ocrx_word' id='word_1_566' title='bbox 1643 1705 1768 1740; x_wconf 75' lang='lat' dir='ltr'><strong>Respon-</strong></span> 
     </span>
    </p>
   </div>
   <div class='ocr_carea' id='block_1_81' title="bbox 982 1747 1768 1783">
    <p class='ocr_par' dir='ltr' id='par_1_81' title="bbox 982 1747 1768 1783">
     <span class='ocr_line' id='line_1_81' title="bbox 982 1747 1768 1783; baseline 0.003 -9"><span class='ocrx_word' id='word_1_567' title='bbox 982 1747 1022 1775; x_wconf 89' lang='lat' dir='ltr'><strong>dit</strong></span> <span class='ocrx_word' id='word_1_568' title='bbox 1035 1747 1198 1782; x_wconf 87' lang='lat' dir='ltr'><strong>imperator,</strong></span> <span class='ocrx_word' id='word_1_569' title='bbox 1214 1755 1266 1775; x_wconf 92' lang='lat' dir='ltr'><strong>nec</strong></span> <span class='ocrx_word' id='word_1_570' title='bbox 1281 1755 1310 1775; x_wconf 87' lang='lat' dir='ltr'><strong>se</strong></span> <span class='ocrx_word' id='word_1_571' title='bbox 1326 1748 1452 1783; x_wconf 77' lang='lat' dir='ltr'><strong>ignorare</strong></span> <span class='ocrx_word' id='word_1_572' title='bbox 1465 1754 1583 1783; x_wconf 86' lang='lat' dir='ltr'><strong>quantos</strong></span> <span class='ocrx_word' id='word_1_573' title='bbox 1599 1749 1645 1776; x_wconf 81' lang='lat' dir='ltr'><strong>il&#39;e</strong></span> <span class='ocrx_word' id='word_1_574' title='bbox 1658 1749 1768 1777; x_wconf 88' lang='lat' dir='ltr'><strong>labores</strong></span> 
     </span>
    </p>
   </div>
   <div class='ocr_carea' id='block_1_82' title="bbox 983 1796 1768 1834">
    <p class='ocr_par' dir='ltr' id='par_1_82' title="bbox 983 1796 1768 1834">
     <span class='ocr_line' id='line_1_82' title="bbox 983 1796 1768 1834; baseline 0.004 -10"><span class='ocrx_word' id='word_1_575' title='bbox 983 1797 1117 1830; x_wconf 74' lang='lat' dir='ltr'><strong>hactenus</strong></span> <span class='ocrx_word' id='word_1_576' title='bbox 1141 1796 1282 1830; x_wconf 84' lang='lat' dir='ltr'><strong>subiisset,</strong></span> <span class='ocrx_word' id='word_1_577' title='bbox 1302 1805 1364 1825; x_wconf 91' lang='lat' dir='ltr'><strong>cum</strong></span> <span class='ocrx_word' id='word_1_578' title='bbox 1382 1806 1454 1826; x_wconf 89' lang='lat' dir='ltr'><strong>unus</strong></span> <span class='ocrx_word' id='word_1_579' title='bbox 1475 1799 1605 1827; x_wconf 89' lang='lat' dir='ltr'><strong>omnibus</strong></span> <span class='ocrx_word' id='word_1_580' title='bbox 1621 1803 1768 1834; x_wconf 74' lang='lat' dir='ltr'><strong>praeesset;</strong></span> 
     </span>
    </p>
   </div>
   <div class='ocr_carea' id='block_1_83' title="bbox 984 1847 1767 1883">
    <p class='ocr_par' dir='ltr' id='par_1_83' title="bbox 984 1847 1767 1883">
     <span class='ocr_line' id='line_1_83' title="bbox 984 1847 1767 1883; baseline 0.004 -10"><span class='ocrx_word' id='word_1_581' title='bbox 984 1847 1033 1874; x_wconf 87' lang='lat' dir='ltr'><strong>sed</strong></span> <span class='ocrx_word' id='word_1_582' title='bbox 1048 1847 1135 1881; x_wconf 89' lang='lat' dir='ltr'><strong>probe</strong></span> <span class='ocrx_word' id='word_1_583' title='bbox 1150 1854 1242 1880; x_wconf 84' lang='lat' dir='ltr'><strong>nosse,</strong></span> <span class='ocrx_word' id='word_1_584' title='bbox 1255 1851 1283 1874; x_wconf 86' lang='lat' dir='ltr'><strong>et</strong></span> <span class='ocrx_word' id='word_1_585' title='bbox 1301 1855 1474 1883; x_wconf 89' lang='lat' dir='ltr'><strong>summopere</strong></span> <span class='ocrx_word' id='word_1_586' title='bbox 1489 1849 1664 1882; x_wconf 84' lang='lat' dir='ltr'><strong>admiratum,</strong></span> <span class='ocrx_word' id='word_1_587' title='bbox 1679 1850 1767 1878; x_wconf 90' lang='lat' dir='ltr'><strong>solum</strong></span> 
     </span>
    </p>
   </div>
   <div class='ocr_carea' id='block_1_84' title="bbox 984 1897 1770 1934">
    <p class='ocr_par' dir='ltr' id='par_1_84' title="bbox 984 1897 1770 1934">
     <span class='ocr_line' id='line_1_84' title="bbox 984 1897 1770 1934; baseline 0.003 -10"><span class='ocrx_word' id='word_1_588' title='bbox 984 1902 1066 1924; x_wconf 75' lang='lat' dir='ltr'><strong>tantae</strong></span> <span class='ocrx_word' id='word_1_589' title='bbox 1087 1897 1259 1931; x_wconf 75' lang='lat' dir='ltr'><strong>negotiorum</strong></span> <span class='ocrx_word' id='word_1_590' title='bbox 1277 1898 1341 1925; x_wconf 93' lang='lat' dir='ltr'><strong>moli</strong></span> <span class='ocrx_word' id='word_1_591' title='bbox 1357 1898 1525 1926; x_wconf 64' lang='lat' dir='ltr'><strong>sustinenda;</strong></span> <span class='ocrx_word' id='word_1_592' title='bbox 1539 1907 1632 1933; x_wconf 79' lang='lat' dir='ltr'><strong>parem</strong></span> <span class='ocrx_word' id='word_1_593' title='bbox 1647 1907 1708 1927; x_wconf 89' lang='lat' dir='ltr'><strong>esse</strong></span> <span class='ocrx_word' id='word_1_594' title='bbox 1724 1907 1770 1934; x_wconf 88' lang='lat' dir='ltr'><strong>po-</strong></span> 
     </span>
    </p>
   </div>
   <div class='ocr_carea' id='block_1_85' title="bbox 986 1943 1768 1979">
    <p class='ocr_par' dir='ltr' id='par_1_85' title="bbox 986 1943 1768 1979">
     <span class='ocr_line' id='line_1_85' title="bbox 986 1943 1768 1979; baseline 0.005 -11"><span class='ocrx_word' id='word_1_595' title='bbox 986 1943 1080 1970; x_wconf 88' lang='lat' dir='ltr'><strong>tuisse.</strong></span> <span class='ocrx_word' id='word_1_596' title='bbox 1098 1943 1234 1969; x_wconf 70' lang='lat' dir='ltr'><strong>Prazterea</strong></span> <span class='ocrx_word' id='word_1_597' title='bbox 1252 1943 1374 1970; x_wconf 87' lang='lat' dir='ltr'><strong>doluisse</strong></span> <span class='ocrx_word' id='word_1_598' title='bbox 1394 1943 1533 1971; x_wconf 79' lang='lat' dir='ltr'><strong>fortunam</strong></span> <span class='ocrx_word' id='word_1_599' title='bbox 1545 1945 1614 1979; x_wconf 84' lang='lat' dir='ltr'><strong>ejus,</strong></span> <span class='ocrx_word' id='word_1_600' title='bbox 1629 1952 1691 1971; x_wconf 95' lang='lat' dir='ltr'><strong>cum</strong></span> <span class='ocrx_word' id='word_1_601' title='bbox 1705 1947 1768 1979; x_wconf 86' lang='lat' dir='ltr'><strong>qui-</strong></span> 
     </span>
    </p>
   </div>
   <div class='ocr_carea' id='block_1_86' title="bbox 985 1986 1768 2022">
    <p class='ocr_par' dir='ltr' id='par_1_86' title="bbox 985 1986 1768 2022">
     <span class='ocr_line' id='line_1_86' title="bbox 985 1986 1768 2022; baseline 0.004 -10"><span class='ocrx_word' id='word_1_602' title='bbox 985 1986 1037 2013; x_wconf 91' lang='lat' dir='ltr'><strong>bus</strong></span> <span class='ocrx_word' id='word_1_603' title='bbox 1067 1990 1238 2021; x_wconf 88' lang='lat' dir='ltr'><strong>premeretur</strong></span> <span class='ocrx_word' id='word_1_604' title='bbox 1263 1987 1405 2019; x_wconf 74' lang='lat' dir='ltr'><strong>oneribus,</strong></span> <span class='ocrx_word' id='word_1_605' title='bbox 1429 1994 1523 2014; x_wconf 84' lang='lat' dir='ltr'><strong>secum</strong></span> <span class='ocrx_word' id='word_1_606' title='bbox 1549 1988 1691 2022; x_wconf 81' lang='lat' dir='ltr'><strong>cogitaret.</strong></span> <span class='ocrx_word' id='word_1_607' title='bbox 1714 1988 1768 2015; x_wconf 88' lang='lat' dir='ltr'><strong>Sed</strong></span> 
     </span>
    </p>
   </div>
   <div class='ocr_carea' id='block_1_87' title="bbox 984 2031 1770 2068">
    <p class='ocr_par' dir='ltr' id='par_1_87' title="bbox 984 2031 1770 2068">
     <span class='ocr_line' id='line_1_87' title="bbox 984 2031 1770 2068; baseline 0.003 -10"><span class='ocrx_word' id='word_1_608' title='bbox 984 2038 1047 2058; x_wconf 86' lang='lat' dir='ltr'><strong>cum</strong></span> <span class='ocrx_word' id='word_1_609' title='bbox 1071 2031 1130 2066; x_wconf 89' lang='lat' dir='ltr'><strong>ipse</strong></span> <span class='ocrx_word' id='word_1_610' title='bbox 1147 2038 1256 2066; x_wconf 90' lang='lat' dir='ltr'><strong>quoque</strong></span> <span class='ocrx_word' id='word_1_611' title='bbox 1275 2031 1472 2063; x_wconf 88' lang='lat' dir='ltr'><strong>consideraret,</strong></span> <span class='ocrx_word' id='word_1_612' title='bbox 1487 2033 1559 2067; x_wconf 90' lang='lat' dir='ltr'><strong>quod</strong></span> <span class='ocrx_word' id='word_1_613' title='bbox 1573 2033 1688 2066; x_wconf 78' lang='lat' dir='ltr'><strong>dixerat,</strong></span> <span class='ocrx_word' id='word_1_614' title='bbox 1701 2041 1770 2068; x_wconf 89' lang='lat' dir='ltr'><strong>quo-</strong></span> 
     </span>
    </p>
   </div>
   <div class='ocr_carea' id='block_1_88' title="bbox 986 2077 1769 2112">
    <p class='ocr_par' dir='ltr' id='par_1_88' title="bbox 986 2077 1769 2112">
     <span class='ocr_line' id='line_1_88' title="bbox 986 2077 1769 2112; baseline 0.003 -8"><span class='ocrx_word' id='word_1_615' title='bbox 986 2077 1068 2104; x_wconf 89' lang='lat' dir='ltr'><strong>modo</strong></span> <span class='ocrx_word' id='word_1_616' title='bbox 1090 2081 1202 2112; x_wconf 86' lang='lat' dir='ltr'><strong>propter</strong></span> <span class='ocrx_word' id='word_1_617' title='bbox 1224 2077 1293 2104; x_wconf 88' lang='lat' dir='ltr'><strong>bella</strong></span> <span class='ocrx_word' id='word_1_618' title='bbox 1308 2077 1399 2104; x_wconf 88' lang='lat' dir='ltr'><strong>civilia</strong></span> <span class='ocrx_word' id='word_1_619' title='bbox 1415 2081 1443 2104; x_wconf 92' lang='lat' dir='ltr'><strong>et</strong></span> <span class='ocrx_word' id='word_1_620' title='bbox 1470 2077 1584 2106; x_wconf 89' lang='lat' dir='ltr'><strong>insidias</strong></span> <span class='ocrx_word' id='word_1_621' title='bbox 1596 2085 1659 2106; x_wconf 89' lang='lat' dir='ltr'><strong>eum</strong></span> <span class='ocrx_word' id='word_1_622' title='bbox 1672 2078 1769 2107; x_wconf 86' lang='lat' dir='ltr'><strong>adesse</strong></span> 
     </span>
    </p>
   </div>
   <div class='ocr_carea' id='block_1_89' title="bbox 986 2123 1768 2158">
    <p class='ocr_par' dir='ltr' id='par_1_89' title="bbox 986 2123 1768 2158">
     <span class='ocr_line' id='line_1_89' title="bbox 986 2123 1768 2158; baseline 0.001 -8"><span class='ocrx_word' id='word_1_623' title='bbox 986 2123 1125 2156; x_wconf 88' lang='lat' dir='ltr'><strong>omnibus,</strong></span> <span class='ocrx_word' id='word_1_624' title='bbox 1139 2127 1176 2153; x_wconf 77' lang='grc' dir='ltr'>,ει</span> <span class='ocrx_word' id='word_1_625' title='bbox 1197 2131 1245 2158; x_wconf 89' lang='lat' dir='ltr'><strong>per</strong></span> <span class='ocrx_word' id='word_1_626' title='bbox 1261 2131 1325 2151; x_wconf 92' lang='lat' dir='ltr'><strong>eum</strong></span> <span class='ocrx_word' id='word_1_627' title='bbox 1342 2123 1399 2150; x_wconf 87' lang='lat' dir='ltr'><strong>fieri</strong></span> <span class='ocrx_word' id='word_1_628' title='bbox 1416 2123 1508 2150; x_wconf 92' lang='lat' dir='ltr'><strong>omnia</strong></span> <span class='ocrx_word' id='word_1_629' title='bbox 1519 2128 1668 2158; x_wconf 86' lang='lat' dir='ltr'><strong>oporteret,</strong></span> <span class='ocrx_word' id='word_1_630' title='bbox 1686 2125 1768 2152; x_wconf 83' lang='lat' dir='ltr'><strong>etiam</strong></span> 
     </span>
    </p>
   </div>
   <div class='ocr_carea' id='block_1_90' title="bbox 986 2169 1770 2204">
    <p class='ocr_par' dir='ltr' id='par_1_90' title="bbox 986 2169 1770 2204">
     <span class='ocr_line' id='line_1_90' title="bbox 986 2169 1770 2204; baseline 0.001 -8"><span class='ocrx_word' id='word_1_631' title='bbox 986 2169 1124 2197; x_wconf 90' lang='lat' dir='ltr'><strong>nolentem</strong></span> <span class='ocrx_word' id='word_1_632' title='bbox 1152 2174 1261 2204; x_wconf 89' lang='lat' dir='ltr'><strong>tempus</strong></span> <span class='ocrx_word' id='word_1_633' title='bbox 1283 2169 1442 2197; x_wconf 65' lang='lat' dir='ltr'><strong>extraxisse.</strong></span> <span class='ocrx_word' id='word_1_634' title='bbox 1459 2169 1538 2197; x_wconf 88' lang='lat' dir='ltr'><strong>Nunc</strong></span> <span class='ocrx_word' id='word_1_635' title='bbox 1551 2170 1679 2204; x_wconf 84' lang='lat' dir='ltr'><strong>quoniam</strong></span> <span class='ocrx_word' id='word_1_636' title='bbox 1698 2170 1770 2198; x_wconf 90' lang='lat' dir='ltr'><strong>Deus</strong></span> 
     </span>
    </p>
   </div>
   <div class='ocr_carea' id='block_1_91' title="bbox 988 2215 1770 2251">
    <p class='ocr_par' dir='ltr' id='par_1_91' title="bbox 988 2215 1770 2251">
     <span class='ocr_line' id='line_1_91' title="bbox 988 2215 1770 2251; baseline 0.003 -9"><span class='ocrx_word' id='word_1_637' title='bbox 988 2215 1183 2250; x_wconf 88' lang='lat' dir='ltr'><strong>rempublicam</strong></span> <span class='ocrx_word' id='word_1_638' title='bbox 1210 2216 1365 2243; x_wconf 88' lang='lat' dir='ltr'><strong>ordinasset</strong></span> <span class='ocrx_word' id='word_1_639' title='bbox 1385 2221 1468 2250; x_wconf 81' lang='lat' dir='ltr'><strong>atque</strong></span> <span class='ocrx_word' id='word_1_640' title='bbox 1491 2216 1689 2249; x_wconf 87' lang='lat' dir='ltr'><strong>constituisset,</strong></span> <span class='ocrx_word' id='word_1_641' title='bbox 1712 2218 1770 2251; x_wconf 83' lang='lat' dir='ltr'><strong>ipse</strong></span> 
     </span>
    </p>
   </div>
   <div class='ocr_carea' id='block_1_92' title="bbox 148 2260 934 2296">
    <p class='ocr_par' dir='ltr' id='par_1_92' title="bbox 148 2260 934 2296">
     <span class='ocr_line' id='line_1_92' title="bbox 148 2260 934 2296; baseline -0.003 -8"><span class='ocrx_word' id='word_1_642' title='bbox 148 2262 221 2296; x_wconf 76' lang='grc' dir='ltr'>ὑπὲρ</span> <span class='ocrx_word' id='word_1_643' title='bbox 239 2261 324 2288; x_wconf 79' lang='grc' dir='ltr'>αὑτοῦ</span> <span class='ocrx_word' id='word_1_644' title='bbox 342 2262 388 2288; x_wconf 83' lang='grc' dir='ltr'><strong>τδν</strong></span> <span class='ocrx_word' id='word_1_645' title='bbox 400 2261 524 2296; x_wconf 80' lang='grc' dir='ltr'>κάματον</span> <span class='ocrx_word' id='word_1_646' title='bbox 538 2261 568 2287; x_wconf 79' lang='grc' dir='ltr'><strong>ὃν</strong></span> <span class='ocrx_word' id='word_1_647' title='bbox 589 2260 726 2296; x_wconf 81' lang='grc' dir='ltr'>ὑπέμενεν</span> <span class='ocrx_word' id='word_1_648' title='bbox 737 2260 934 2295; x_wconf 71' lang='grc' dir='ltr'>έννοῶν.”οπερ</span> 
     </span>
    </p>
   </div>
   <div class='ocr_carea' id='block_1_93' title="bbox 986 2260 1770 2296">
    <p class='ocr_par' dir='ltr' id='par_1_93' title="bbox 989 2260 1770 2296">
     <span class='ocr_line' id='line_1_93' title="bbox 989 2260 1770 2296; baseline 0.003 -9"><span class='ocrx_word' id='word_1_649' title='bbox 989 2260 1079 2295; x_wconf 90' lang='lat' dir='ltr'><strong>potius</strong></span> <span class='ocrx_word' id='word_1_650' title='bbox 1088 2260 1121 2287; x_wconf 85' lang='lat' dir='ltr'><strong>ad</strong></span> <span class='ocrx_word' id='word_1_651' title='bbox 1133 2267 1166 2287; x_wconf 83' lang='lat' dir='ltr'><strong>ea</strong></span> <span class='ocrx_word' id='word_1_652' title='bbox 1176 2268 1237 2295; x_wconf 71' lang='lat' dir='ltr'><strong>quae</strong></span> <span class='ocrx_word' id='word_1_653' title='bbox 1247 2261 1415 2288; x_wconf 89' lang='lat' dir='ltr'><strong>nominasset</strong></span> <span class='ocrx_word' id='word_1_654' title='bbox 1424 2269 1536 2289; x_wconf 87' lang='lat' dir='ltr'><strong>munera</strong></span> <span class='ocrx_word' id='word_1_655' title='bbox 1549 2262 1675 2289; x_wconf 84' lang='lat' dir='ltr'><strong>obeunda</strong></span> <span class='ocrx_word' id='word_1_656' title='bbox 1687 2270 1770 2296; x_wconf 88' lang='lat' dir='ltr'><strong>quem</strong></span> 
     </span>
    </p>
   </div>
   <div class='ocr_carea' id='block_1_94' title="bbox 147 2305 933 2341">
    <p class='ocr_par' dir='ltr' id='par_1_94' title="bbox 147 2305 933 2341">
     <span class='ocr_line' id='line_1_94' title="bbox 147 2305 933 2341; baseline -0.003 -8"><span class='ocrx_word' id='word_1_657' title='bbox 147 2307 177 2333; x_wconf 81' lang='grc' dir='ltr'>δὲ</span> <span class='ocrx_word' id='word_1_658' title='bbox 187 2306 268 2338; x_wconf 77' lang='grc' dir='ltr'>αὺτδς</span> <span class='ocrx_word' id='word_1_659' title='bbox 283 2305 351 2341; x_wconf 84' lang='grc' dir='ltr'>ιφης</span> <span class='ocrx_word' id='word_1_660' title='bbox 360 2306 535 2340; x_wconf 77' lang='grc' dir='ltr'>λογιζόμενος</span> <span class='ocrx_word' id='word_1_661' title='bbox 552 2306 600 2332; x_wconf 79' lang='grc' dir='ltr'>καὶ</span> <span class='ocrx_word' id='word_1_662' title='bbox 613 2305 706 2336; x_wconf 83' lang='grc' dir='ltr'>αὐτὸς,</span> <span class='ocrx_word' id='word_1_663' title='bbox 722 2305 759 2336; x_wconf 78' lang='grc' dir='ltr'>ὡς</span> <span class='ocrx_word' id='word_1_664' title='bbox 775 2305 829 2331; x_wconf 87' lang='grc' dir='ltr'>τῶν</span> <span class='ocrx_word' id='word_1_665' title='bbox 841 2306 933 2340; x_wconf 73' lang='grc' dir='ltr'>ἐμφυ-</span> 
     </span>
    </p>
   </div>
   <div class='ocr_carea' id='block_1_95' title="bbox 148 2350 933 2386">
    <p class='ocr_par' dir='ltr' id='par_1_95' title="bbox 148 2350 933 2386">
     <span class='ocr_line' id='line_1_95' title="bbox 148 2350 933 2386; baseline -0.003 -8"><span class='ocrx_word' id='word_1_666' title='bbox 148 2352 214 2378; x_wconf 85' lang='grc' dir='ltr'>λίων</span> <span class='ocrx_word' id='word_1_667' title='bbox 231 2351 316 2378; x_wconf 71' lang='grc' dir='ltr'>ἕνεκα</span> <span class='ocrx_word' id='word_1_668' title='bbox 333 2351 461 2386; x_wconf 85' lang='grc' dir='ltr'>πολέμων</span> <span class='ocrx_word' id='word_1_669' title='bbox 475 2351 590 2378; x_wconf 75' lang='grc' dir='ltr'>καὶτῶν</span> <span class='ocrx_word' id='word_1_670' title='bbox 615 2351 767 2377; x_wconf 76' lang='grc' dir='ltr'>ὲπιὸουλῶν</span> <span class='ocrx_word' id='word_1_671' title='bbox 782 2350 933 2384; x_wconf 79' lang='grc' dir='ltr'>ἀναγκαῖον</span> 
     </span>
    </p>
   </div>
   <div class='ocr_carea' id='block_1_96' title="bbox 148 2394 934 2430">
    <p class='ocr_par' dir='ltr' id='par_1_96' title="bbox 148 2394 934 2430">
     <span class='ocr_line' id='line_1_96' title="bbox 148 2394 934 2430; baseline -0.001 -7"><span class='ocrx_word' id='word_1_672' title='bbox 148 2395 192 2430; x_wconf 78' lang='grc' dir='ltr'><strong>ἐφ’</strong></span> <span class='ocrx_word' id='word_1_673' title='bbox 208 2395 295 2422; x_wconf 69' lang='grc' dir='ltr'>ἅπασί</span> <span class='ocrx_word' id='word_1_674' title='bbox 321 2404 351 2421; x_wconf 87' lang='grc' dir='ltr'><strong>σε</strong></span> <span class='ocrx_word' id='word_1_675' title='bbox 372 2396 514 2430; x_wconf 69' lang='grc' dir='ltr'>παρεῖναι,</span> <span class='ocrx_word' id='word_1_676' title='bbox 529 2396 576 2421; x_wconf 85' lang='grc' dir='ltr'><strong>καὶ</strong></span> <span class='ocrx_word' id='word_1_677' title='bbox 593 2395 683 2422; x_wconf 87' lang='grc' dir='ltr'>πάντα</span> <span class='ocrx_word' id='word_1_678' title='bbox 699 2394 875 2429; x_wconf 79' lang='grc' dir='ltr'>πράττεσθαι</span> <span class='ocrx_word' id='word_1_679' title='bbox 890 2395 934 2422; x_wconf 79' lang='grc' dir='ltr'>διὰ</span> 
     </span>
    </p>
   </div>
   <div class='ocr_carea' id='block_1_97' title="bbox 150 2437 933 2477">
    <p class='ocr_par' dir='ltr' id='par_1_97' title="bbox 150 2437 933 2477">
     <span class='ocr_line' id='line_1_97' title="bbox 150 2437 933 2477; baseline -0.003 -9"><span class='ocrx_word' id='word_1_680' title='bbox 150 2441 210 2473; x_wconf 82' lang='grc' dir='ltr'>σοῦ,</span> <span class='ocrx_word' id='word_1_681' title='bbox 223 2442 269 2468; x_wconf 82' lang='grc' dir='ltr'><strong>καὶ</strong></span> <span class='ocrx_word' id='word_1_682' title='bbox 280 2441 355 2468; x_wconf 80' lang='grc' dir='ltr'>ἄκων</span> <span class='ocrx_word' id='word_1_683' title='bbox 367 2440 484 2476; x_wconf 81' lang='grc' dir='ltr'>παρῄειν</span> <span class='ocrx_word' id='word_1_684' title='bbox 511 2439 575 2476; x_wconf 86' lang='grc' dir='ltr'>σιγῇ</span> <span class='ocrx_word' id='word_1_685' title='bbox 591 2440 636 2467; x_wconf 74' lang='grc' dir='ltr'>τὸν</span> <span class='ocrx_word' id='word_1_686' title='bbox 657 2441 764 2476; x_wconf 70' lang='grc' dir='ltr'>χρόνον.</span> <span class='ocrx_word' id='word_1_687' title='bbox 781 2440 852 2467; x_wconf 76' lang='grc' dir='ltr'>Νυνὶ</span> <span class='ocrx_word' id='word_1_688' title='bbox 875 2440 902 2466; x_wconf 87' lang='grc' dir='ltr'>δὲ</span> 
     </span>
    </p>
   </div>
   <div class='ocr_carea' id='block_1_98' title="bbox 149 2485 933 2521">
    <p class='ocr_par' dir='ltr' id='par_1_98' title="bbox 149 2485 933 2521">
     <span class='ocr_line' id='line_1_98' title="bbox 149 2485 933 2521; baseline -0.001 -8"><span class='ocrx_word' id='word_1_689' title='bbox 149 2486 276 2513; x_wconf 64' lang='grc' dir='ltr'>ἐϐούλετο</span> <span class='ocrx_word' id='word_1_690' title='bbox 290 2485 338 2512; x_wconf 88' lang='grc' dir='ltr'>τοῦ</span> <span class='ocrx_word' id='word_1_691' title='bbox 349 2485 418 2512; x_wconf 79' lang='grc' dir='ltr'>Θεοῦ</span> <span class='ocrx_word' id='word_1_692' title='bbox 432 2486 468 2512; x_wconf 81' lang='grc' dir='ltr'><strong>τὰ</strong></span> <span class='ocrx_word' id='word_1_693' title='bbox 483 2486 635 2521; x_wconf 84' lang='grc' dir='ltr'>πράγματα</span> <span class='ocrx_word' id='word_1_694' title='bbox 650 2487 884 2521; x_wconf 82' lang='grc' dir='ltr'>καταστήσαντος,</span> <span class='ocrx_word' id='word_1_695' title='bbox 901 2486 933 2513; x_wconf 83' lang='grc' dir='ltr'><strong>ὃν</strong></span> 
     </span>
    </p>
   </div>
   <div class='ocr_carea' id='block_1_99' title="bbox 150 2529 934 2567">
    <p class='ocr_par' dir='ltr' id='par_1_99' title="bbox 150 2529 934 2567">
     <span class='ocr_line' id='line_1_99' title="bbox 150 2529 934 2567; baseline 0 -9"><span class='ocrx_word' id='word_1_696' title='bbox 150 2533 184 2558; x_wconf 81' lang='grc' dir='ltr'>ἂν</span> <span class='ocrx_word' id='word_1_697' title='bbox 201 2532 280 2563; x_wconf 78' lang='grc' dir='ltr'>αὐτὸς</span> <span class='ocrx_word' id='word_1_698' title='bbox 294 2531 390 2566; x_wconf 77' lang='grc' dir='ltr'>ὲοέλῃς</span> <span class='ocrx_word' id='word_1_699' title='bbox 405 2530 506 2566; x_wconf 75' lang='grc' dir='ltr'>μᾶλλον</span> <span class='ocrx_word' id='word_1_700' title='bbox 521 2531 589 2566; x_wconf 81' lang='grc' dir='ltr'>πρὸς</span> <span class='ocrx_word' id='word_1_701' title='bbox 602 2531 652 2565; x_wconf 84' lang='grc' dir='ltr'><strong>τὴν</strong></span> <span class='ocrx_word' id='word_1_702' title='bbox 665 2532 798 2567; x_wconf 79' lang='grc' dir='ltr'>διοίκησιν</span> <span class='ocrx_word' id='word_1_703' title='bbox 811 2529 848 2559; x_wconf 79' lang='grc' dir='ltr'>ὢν</span> <span class='ocrx_word' id='word_1_704' title='bbox 866 2532 934 2566; x_wconf 79' lang='grc' dir='ltr'>ἔφης</span> 
     </span>
    </p>
   </div>
   <div class='ocr_carea' id='block_1_100' title="bbox 149 2577 936 2614">
    <p class='ocr_par' dir='ltr' id='par_1_100' title="bbox 149 2577 936 2614">
     <span class='ocr_line' id='line_1_100' title="bbox 149 2577 936 2614; baseline 0 -10"><span class='ocrx_word' id='word_1_705' title='bbox 149 2577 324 2614; x_wconf 82' lang='grc' dir='ltr'>πραγμάτων</span> <span class='ocrx_word' id='word_1_706' title='bbox 340 2577 401 2606; x_wconf 77' lang='grc' dir='ltr'>ἑλοῦ</span> <span class='ocrx_word' id='word_1_707' title='bbox 414 2585 422 2592; x_wconf 86' lang='grc'><strong>·</strong></span> <span class='ocrx_word' id='word_1_708' title='bbox 445 2577 476 2603; x_wconf 86' lang='grc' dir='ltr'><strong>οὑ</strong></span> <span class='ocrx_word' id='word_1_709' title='bbox 493 2577 543 2611; x_wconf 80' lang='grc' dir='ltr'>μὲν</span> <span class='ocrx_word' id='word_1_710' title='bbox 557 2577 654 2612; x_wconf 69' lang='grc' dir='ltr'>ὲκείνῳ</span> <span class='ocrx_word' id='word_1_711' title='bbox 674 2578 847 2604; x_wconf 83' lang='grc' dir='ltr'>παντάπασιν</span> <span class='ocrx_word' id='word_1_712' title='bbox 875 2579 936 2604; x_wconf 83' lang='grc' dir='ltr'>ὲπι-</span> 
     </span>
    </p>
   </div>
   <div class='ocr_carea' id='block_1_101' title="bbox 152 2622 933 2657">
    <p class='ocr_par' dir='ltr' id='par_1_101' title="bbox 152 2622 933 2657">
     <span class='ocr_line' id='line_1_101' title="bbox 152 2622 933 2657; baseline 0 -9"><span class='ocrx_word' id='word_1_713' title='bbox 152 2622 254 2657; x_wconf 72' lang='grc' dir='ltr'>τρέψαι</span> <span class='ocrx_word' id='word_1_714' title='bbox 270 2622 306 2648; x_wconf 74' lang='grc' dir='ltr'>τὰ</span> <span class='ocrx_word' id='word_1_715' title='bbox 326 2622 477 2656; x_wconf 70' lang='grc' dir='ltr'>πράγματα</span> <span class='ocrx_word' id='word_1_716' title='bbox 490 2622 542 2656; x_wconf 87' lang='grc' dir='ltr'>χρή</span> <span class='ocrx_word' id='word_1_717' title='bbox 558 2631 565 2637; x_wconf 90' lang='grc'>·</span> <span class='ocrx_word' id='word_1_718' title='bbox 582 2622 652 2649; x_wconf 76' lang='grc' dir='ltr'>ἀλλὰ</span> <span class='ocrx_word' id='word_1_719' title='bbox 669 2623 715 2649; x_wconf 78' lang='grc' dir='ltr'><strong>καὶ</strong></span> <span class='ocrx_word' id='word_1_720' title='bbox 743 2622 820 2652; x_wconf 81' lang='grc' dir='ltr'>αὖθις</span> <span class='ocrx_word' id='word_1_721' title='bbox 850 2622 933 2649; x_wconf 77' lang='grc' dir='ltr'>αὑτὸν</span> 
     </span>
    </p>
   </div>
   <div class='ocr_carea' id='block_1_102' title="bbox 152 2668 938 2703">
    <p class='ocr_par' dir='ltr' id='par_1_102' title="bbox 152 2668 938 2703">
     <span class='ocr_line' id='line_1_102' title="bbox 152 2668 938 2703; baseline 0.001 -9"><span class='ocrx_word' id='word_1_722' title='bbox 152 2668 319 2702; x_wconf 65' lang='grc' dir='ltr'>ἐφίπτασθαι</span> <span class='ocrx_word' id='word_1_723' title='bbox 335 2669 391 2698; x_wconf 74' lang='grc' dir='ltr'>τοῖς</span> <span class='ocrx_word' id='word_1_724' title='bbox 411 2668 585 2701; x_wconf 83' lang='grc' dir='ltr'>ἀναγκαίοις,</span> <span class='ocrx_word' id='word_1_725' title='bbox 604 2669 652 2694; x_wconf 70' lang='grc' dir='ltr'><strong>καὶ</strong></span> <span class='ocrx_word' id='word_1_726' title='bbox 665 2668 755 2696; x_wconf 82' lang='grc' dir='ltr'>πάντα</span> <span class='ocrx_word' id='word_1_727' title='bbox 769 2668 938 2703; x_wconf 84' lang='grc' dir='ltr'>πράττεσθαί</span> 
     </span>
    </p>
   </div>
   <div class='ocr_carea' id='block_1_103' title="bbox 155 2714 937 2750">
    <p class='ocr_par' dir='ltr' id='par_1_103' title="bbox 155 2714 937 2750">
     <span class='ocr_line' id='line_1_103' title="bbox 155 2714 937 2750; baseline 0 -9"><span class='ocrx_word' id='word_1_728' title='bbox 155 2724 197 2742; x_wconf 82' lang='grc' dir='ltr'><strong>σοι</strong></span> <span class='ocrx_word' id='word_1_729' title='bbox 224 2715 294 2741; x_wconf 80' lang='grc' dir='ltr'>κατὰ</span> <span class='ocrx_word' id='word_1_730' title='bbox 314 2714 427 2748; x_wconf 87' lang='grc' dir='ltr'>γνώμην</span> <span class='ocrx_word' id='word_1_731' title='bbox 439 2721 445 2729; x_wconf 82' lang='grc'><em>’</em></span> <span class='ocrx_word' id='word_1_732' title='bbox 461 2714 534 2740; x_wconf 76' lang='grc' dir='ltr'>οὑτω</span> <span class='ocrx_word' id='word_1_733' title='bbox 561 2714 617 2749; x_wconf 85' lang='grc' dir='ltr'><strong>γὰρ</strong></span> <span class='ocrx_word' id='word_1_734' title='bbox 636 2715 668 2741; x_wconf 77' lang='grc' dir='ltr'><strong>ἂν</strong></span> <span class='ocrx_word' id='word_1_735' title='bbox 683 2716 717 2742; x_wconf 83' lang='grc' dir='ltr'><strong>τά</strong></span> <span class='ocrx_word' id='word_1_736' title='bbox 731 2723 760 2740; x_wconf 83' lang='grc' dir='ltr'><strong>τε</strong></span> <span class='ocrx_word' id='word_1_737' title='bbox 783 2715 937 2750; x_wconf 82' lang='grc' dir='ltr'>πράγματα</span> 
     </span>
    </p>
   </div>
   <div class='ocr_carea' id='block_1_104' title="bbox 986 2305 1771 2340">
    <p class='ocr_par' dir='ltr' id='par_1_104' title="bbox 986 2305 1771 2340">
     <span class='ocr_line' id='line_1_104' title="bbox 986 2305 1771 2340; baseline 0.004 -9"><span class='ocrx_word' id='word_1_738' title='bbox 986 2305 1067 2332; x_wconf 89' lang='lat' dir='ltr'><strong>vellet</strong></span> <span class='ocrx_word' id='word_1_739' title='bbox 1091 2305 1237 2340; x_wconf 71' lang='lat' dir='ltr'><strong>deligeret,</strong></span> <span class='ocrx_word' id='word_1_740' title='bbox 1266 2306 1310 2332; x_wconf 90' lang='lat' dir='ltr'><strong>cui</strong></span> <span class='ocrx_word' id='word_1_741' title='bbox 1339 2309 1428 2333; x_wconf 87' lang='lat' dir='ltr'><strong>tamen</strong></span> <span class='ocrx_word' id='word_1_742' title='bbox 1442 2313 1496 2332; x_wconf 92' lang='lat' dir='ltr'><strong>non</strong></span> <span class='ocrx_word' id='word_1_743' title='bbox 1515 2306 1679 2333; x_wconf 89' lang='lat' dir='ltr'><strong>omnimodis</strong></span> <span class='ocrx_word' id='word_1_744' title='bbox 1692 2307 1771 2334; x_wconf 88' lang='lat' dir='ltr'><strong>abso-</strong></span> 
     </span>
    </p>
   </div>
   <div class='ocr_carea' id='block_1_105' title="bbox 984 2348 1770 2383">
    <p class='ocr_par' dir='ltr' id='par_1_105' title="bbox 984 2348 1770 2383">
     <span class='ocr_line' id='line_1_105' title="bbox 984 2348 1770 2383; baseline 0.003 -8"><span class='ocrx_word' id='word_1_745' title='bbox 984 2348 1097 2383; x_wconf 78' lang='lat' dir='ltr'><strong>lutoque</strong></span> <span class='ocrx_word' id='word_1_746' title='bbox 1112 2356 1157 2376; x_wconf 90' lang='lat' dir='ltr'><strong>res</strong></span> <span class='ocrx_word' id='word_1_747' title='bbox 1175 2349 1376 2376; x_wconf 69' lang='lat' dir='ltr'><strong>committenda:</strong></span> <span class='ocrx_word' id='word_1_748' title='bbox 1387 2350 1442 2376; x_wconf 89' lang='lat' dir='ltr'><strong>sint</strong></span> <span class='ocrx_word' id='word_1_749' title='bbox 1455 2357 1462 2379; x_wconf 82' lang='lat'>;</span> <span class='ocrx_word' id='word_1_750' title='bbox 1474 2350 1520 2376; x_wconf 73' lang='lat' dir='ltr'><strong>Sed</strong></span> <span class='ocrx_word' id='word_1_751' title='bbox 1533 2358 1595 2376; x_wconf 84' lang='lat' dir='ltr'><strong>cum</strong></span> <span class='ocrx_word' id='word_1_752' title='bbox 1609 2358 1705 2377; x_wconf 85' lang='lat' dir='ltr'><strong>rursus</strong></span> <span class='ocrx_word' id='word_1_753' title='bbox 1720 2359 1770 2378; x_wconf 86' lang='lat' dir='ltr'><strong>ne-</strong></span> 
     </span>
    </p>
   </div>
   <div class='ocr_carea' id='block_1_106' title="bbox 985 2394 1789 2431">
    <p class='ocr_par' dir='ltr' id='par_1_106' title="bbox 985 2394 1789 2431">
     <span class='ocr_line' id='line_1_106' title="bbox 985 2394 1789 2431; baseline 0.006 -11"><span class='ocrx_word' id='word_1_754' title='bbox 985 2394 1113 2421; x_wconf 88' lang='lat' dir='ltr'><strong>cessariis</strong></span> <span class='ocrx_word' id='word_1_755' title='bbox 1138 2402 1254 2429; x_wconf 67' lang='lat' dir='ltr'><strong>pratesse</strong></span> <span class='ocrx_word' id='word_1_756' title='bbox 1265 2415 1272 2427; x_wconf 88' lang='lat'><strong>,</strong></span> <span class='ocrx_word' id='word_1_757' title='bbox 1299 2399 1325 2422; x_wconf 93' lang='lat' dir='ltr'><strong>et</strong></span> <span class='ocrx_word' id='word_1_758' title='bbox 1339 2395 1431 2422; x_wconf 88' lang='lat' dir='ltr'><strong>omnia</strong></span> <span class='ocrx_word' id='word_1_759' title='bbox 1446 2403 1479 2422; x_wconf 83' lang='lat' dir='ltr'><strong>ex</strong></span> <span class='ocrx_word' id='word_1_760' title='bbox 1491 2395 1550 2430; x_wconf 82' lang='lat' dir='ltr'><strong>ejus</strong></span> <span class='ocrx_word' id='word_1_761' title='bbox 1564 2396 1668 2431; x_wconf 89' lang='lat' dir='ltr'><strong>judicio</strong></span> <span class='ocrx_word' id='word_1_762' title='bbox 1681 2398 1770 2424; x_wconf 87' lang='lat' dir='ltr'><strong>admi-</strong></span> <span class='ocrx_word' id='word_1_763' title='bbox 1784 2419 1789 2421; x_wconf 72' lang='lat'><strong>.</strong></span> 
     </span>
    </p>
   </div>
   <div class='ocr_carea' id='block_1_107' title="bbox 986 2439 1788 2475">
    <p class='ocr_par' dir='ltr' id='par_1_107' title="bbox 986 2439 1788 2475">
     <span class='ocr_line' id='line_1_107' title="bbox 986 2439 1788 2475; baseline 0.005 -9"><span class='ocrx_word' id='word_1_764' title='bbox 986 2439 1097 2466; x_wconf 89' lang='lat' dir='ltr'><strong>nistrari</strong></span> <span class='ocrx_word' id='word_1_765' title='bbox 1114 2439 1226 2467; x_wconf 86' lang='lat' dir='ltr'><strong>debere.</strong></span> <span class='ocrx_word' id='word_1_766' title='bbox 1241 2440 1285 2467; x_wconf 86' lang='lat' dir='ltr'><strong>Sic</strong></span> <span class='ocrx_word' id='word_1_767' title='bbox 1297 2441 1370 2467; x_wconf 91' lang='lat' dir='ltr'><strong>enim</strong></span> <span class='ocrx_word' id='word_1_768' title='bbox 1385 2441 1491 2474; x_wconf 73' lang='lat' dir='ltr'><strong>negotia</strong></span> <span class='ocrx_word' id='word_1_769' title='bbox 1502 2442 1631 2475; x_wconf 69' lang='lat' dir='ltr'><strong>protelare</strong></span> <span class='ocrx_word' id='word_1_770' title='bbox 1642 2448 1767 2470; x_wconf 85' lang='lat' dir='ltr'><strong>curatqu</strong></span> <span class='ocrx_word' id='word_1_771' title='bbox 1784 2464 1788 2467; x_wconf 85' lang='lat'><strong>.</strong></span> 
     </span>
    </p>
   </div>
   <div class='ocr_carea' id='block_1_108' title="bbox 987 2485 1774 2520">
    <p class='ocr_par' dir='ltr' id='par_1_108' title="bbox 987 2485 1774 2520">
     <span class='ocr_line' id='line_1_108' title="bbox 987 2485 1774 2520; baseline 0.006 -9"><span class='ocrx_word' id='word_1_772' title='bbox 987 2485 1032 2516; x_wconf 90' lang='lat' dir='ltr'><strong>iri,</strong></span> <span class='ocrx_word' id='word_1_773' title='bbox 1053 2491 1082 2512; x_wconf 87' lang='lat' dir='ltr'><strong>et</strong></span> <span class='ocrx_word' id='word_1_774' title='bbox 1101 2486 1189 2520; x_wconf 86' lang='lat' dir='ltr'><strong>ipsum</strong></span> <span class='ocrx_word' id='word_1_775' title='bbox 1204 2490 1246 2512; x_wconf 90' lang='lat' dir='ltr'><strong>sat</strong></span> <span class='ocrx_word' id='word_1_776' title='bbox 1260 2486 1360 2520; x_wconf 83' lang='lat' dir='ltr'><strong>quietis</strong></span> <span class='ocrx_word' id='word_1_777' title='bbox 1377 2490 1598 2514; x_wconf 85' lang='lat' dir='ltr'><strong>consecuturum.</strong></span> <span class='ocrx_word' id='word_1_778' title='bbox 1613 2488 1774 2516; x_wconf 77' lang='lat' dir='ltr'><strong>Assentituc</strong></span> 
     </span>
    </p>
   </div>
   <div class='ocr_carea' id='block_1_109' title="bbox 988 2531 1768 2566">
    <p class='ocr_par' dir='ltr' id='par_1_109' title="bbox 988 2531 1768 2566">
     <span class='ocr_line' id='line_1_109' title="bbox 988 2531 1768 2566; baseline 0.006 -9"><span class='ocrx_word' id='word_1_779' title='bbox 988 2538 1102 2564; x_wconf 71' lang='lat' dir='ltr'><strong>magnus</strong></span> <span class='ocrx_word' id='word_1_780' title='bbox 1123 2531 1302 2562; x_wconf 83' lang='lat' dir='ltr'><strong>domesticus,</strong></span> <span class='ocrx_word' id='word_1_781' title='bbox 1317 2535 1345 2558; x_wconf 89' lang='lat' dir='ltr'><strong>et</strong></span> <span class='ocrx_word' id='word_1_782' title='bbox 1356 2531 1552 2566; x_wconf 83' lang='lat' dir='ltr'><strong>Apocauchum</strong></span> <span class='ocrx_word' id='word_1_783' title='bbox 1564 2534 1633 2560; x_wconf 88' lang='lat' dir='ltr'><strong>sacri</strong></span> <span class='ocrx_word' id='word_1_784' title='bbox 1648 2534 1768 2562; x_wconf 71' lang='lat' dir='ltr'><strong>cubiculi</strong></span> 
     </span>
    </p>
   </div>
   <div class='ocr_carea' id='block_1_110' title="bbox 986 2576 1769 2614">
    <p class='ocr_par' dir='ltr' id='par_1_110' title="bbox 986 2576 1769 2614">
     <span class='ocr_line' id='line_1_110' title="bbox 986 2576 1769 2614; baseline 0.006 -12"><span class='ocrx_word' id='word_1_785' title='bbox 986 2576 1143 2610; x_wconf 66' lang='lat' dir='ltr'><strong>praefectum</strong></span> <span class='ocrx_word' id='word_1_786' title='bbox 1169 2576 1212 2603; x_wconf 89' lang='lat' dir='ltr'><strong>his</strong></span> <span class='ocrx_word' id='word_1_787' title='bbox 1226 2576 1415 2604; x_wconf 87' lang='lat' dir='ltr'><strong>functionibus</strong></span> <span class='ocrx_word' id='word_1_788' title='bbox 1446 2577 1559 2612; x_wconf 77' lang='lat' dir='ltr'><strong>deligit,</strong></span> <span class='ocrx_word' id='word_1_789' title='bbox 1577 2584 1604 2605; x_wconf 88' lang='lat' dir='ltr'><strong>et</strong></span> <span class='ocrx_word' id='word_1_790' title='bbox 1617 2579 1769 2614; x_wconf 82' lang='lat' dir='ltr'><strong>imperator.</strong></span> 
     </span>
    </p>
   </div>
   <div class='ocr_carea' id='block_1_111' title="bbox 986 2622 1766 2656">
    <p class='ocr_par' dir='ltr' id='par_1_111' title="bbox 986 2622 1766 2656">
     <span class='ocr_line' id='line_1_111' title="bbox 986 2622 1766 2656; baseline 0.005 -8"><span class='ocrx_word' id='word_1_791' title='bbox 986 2622 1144 2649; x_wconf 85' lang='lat' dir='ltr'><strong>assentitur.</strong></span> <span class='ocrx_word' id='word_1_792' title='bbox 1155 2622 1337 2656; x_wconf 84' lang='lat' dir='ltr'><strong>Apocauehus</strong></span> <span class='ocrx_word' id='word_1_793' title='bbox 1353 2627 1461 2649; x_wconf 88' lang='lat' dir='ltr'><strong>creatus</strong></span> <span class='ocrx_word' id='word_1_794' title='bbox 1473 2631 1565 2650; x_wconf 90' lang='lat' dir='ltr'><strong>rerum</strong></span> <span class='ocrx_word' id='word_1_795' title='bbox 1580 2625 1766 2653; x_wconf 87' lang='lat' dir='ltr'><strong>communium</strong></span> 
     </span>
    </p>
   </div>
   <div class='ocr_carea' id='block_1_112' title="bbox 986 2667 1766 2703">
    <p class='ocr_par' dir='ltr' id='par_1_112' title="bbox 986 2667 1766 2703">
     <span class='ocr_line' id='line_1_112' title="bbox 986 2667 1766 2703; baseline 0.004 -10"><span class='ocrx_word' id='word_1_796' title='bbox 986 2667 1190 2694; x_wconf 83' lang='lat' dir='ltr'><strong>administrator</strong></span> <span class='ocrx_word' id='word_1_797' title='bbox 1209 2667 1291 2702; x_wconf 82' lang='lat'><strong>(50),</strong></span> <span class='ocrx_word' id='word_1_798' title='bbox 1317 2675 1486 2703; x_wconf 67' lang='lat' dir='ltr'><strong>quaecunque</strong></span> <span class='ocrx_word' id='word_1_799' title='bbox 1510 2672 1587 2696; x_wconf 85' lang='lat' dir='ltr'><strong>erant</strong></span> <span class='ocrx_word' id='word_1_800' title='bbox 1611 2671 1766 2697; x_wconf 80' lang='lat' dir='ltr'><strong>necessaria</strong></span> 
     </span>
    </p>
   </div>
   <div class='ocr_carea' id='block_1_113' title="bbox 987 2713 1766 2751">
    <p class='ocr_par' dir='ltr' id='par_1_113' title="bbox 987 2713 1766 2751">
     <span class='ocr_line' id='line_1_113' title="bbox 987 2713 1766 2751; baseline 0.001 -11"><span class='ocrx_word' id='word_1_801' title='bbox 987 2720 1035 2740; x_wconf 82' lang='lat' dir='ltr'><strong>seu</strong></span> <span class='ocrx_word' id='word_1_802' title='bbox 1054 2713 1168 2748; x_wconf 84' lang='lat' dir='ltr'><strong>majoris</strong></span> <span class='ocrx_word' id='word_1_803' title='bbox 1184 2713 1316 2740; x_wconf 92' lang='lat' dir='ltr'><strong>momenti</strong></span> <span class='ocrx_word' id='word_1_804' title='bbox 1330 2732 1337 2746; x_wconf 91' lang='lat'><strong>,</strong></span> <span class='ocrx_word' id='word_1_805' title='bbox 1352 2719 1380 2741; x_wconf 90' lang='lat' dir='ltr'><strong>et</strong></span> <span class='ocrx_word' id='word_1_806' title='bbox 1392 2714 1511 2749; x_wconf 75' lang='lat' dir='ltr'><strong>iudicem</strong></span> <span class='ocrx_word' id='word_1_807' title='bbox 1531 2723 1657 2751; x_wconf 75' lang='lat' dir='ltr'><strong>magnum</strong></span> <span class='ocrx_word' id='word_1_808' title='bbox 1672 2715 1766 2742; x_wconf 90' lang='lat' dir='ltr'><strong>dome-</strong></span> 
     </span>
    </p>
   </div>
   <div class='ocr_carea' id='block_1_114' title="bbox 770 2771 1130 2803">
    <p class='ocr_par' dir='ltr' id='par_1_114' title="bbox 770 2771 1130 2803">
     <span class='ocr_line' id='line_1_114' title="bbox 770 2771 1130 2803; baseline -0.006 0"><span class='ocrx_word' id='word_1_809' title='bbox 770 2772 877 2803; x_wconf 83' lang='lat' dir='ltr'><strong>Jacobi</strong></span> <span class='ocrx_word' id='word_1_810' title='bbox 893 2771 1026 2803; x_wconf 82' lang='lat' dir='ltr'><strong>Pontani</strong></span> <span class='ocrx_word' id='word_1_811' title='bbox 1038 2775 1130 2802; x_wconf 70' lang='lat' dir='ltr'><strong>notua.</strong></span> 
     </span>
    </p>
   </div>
   <div class='ocr_carea' id='block_1_115' title="bbox 189 2807 932 2864">
    <p class='ocr_par' dir='ltr' id='par_1_115' title="bbox 189 2807 932 2864">
     <span class='ocr_line' id='line_1_115' title="bbox 189 2807 932 2864; baseline 0 -14"><span class='ocrx_word' id='word_1_812' title='bbox 189 2823 247 2864; x_wconf 65' lang='lat'><strong>(59)</strong></span> <span class='ocrx_word' id='word_1_813' title='bbox 263 2822 327 2864; x_wconf 58' lang='grc' dir='ltr'><strong>Τῶν</strong></span> <span class='ocrx_word' id='word_1_814' title='bbox 341 2807 623 2864; x_wconf 57' lang='grc' dir='ltr'>κοινῶγπραγμάτων</span> <span class='ocrx_word' id='word_1_815' title='bbox 637 2823 785 2864; x_wconf 69' lang='grc' dir='ltr'>διοικητὴε.</span> <span class='ocrx_word' id='word_1_816' title='bbox 800 2827 844 2850; x_wconf 88' lang='lat' dir='ltr'><strong>est</strong></span> <span class='ocrx_word' id='word_1_817' title='bbox 861 2823 932 2858; x_wconf 88' lang='lat' dir='ltr'><strong>apud</strong></span> 
     </span>
    </p>
   </div>
   <div class='ocr_carea' id='block_1_116' title="bbox 156 2856 934 2898">
    <p class='ocr_par' dir='ltr' id='par_1_116' title="bbox 156 2856 934 2898">
     <span class='ocr_line' id='line_1_116' title="bbox 156 2856 934 2898; baseline 0.001 -14"><span class='ocrx_word' id='word_1_818' title='bbox 156 2865 209 2898; x_wconf 75' lang='lat' dir='ltr'><strong>nos</strong></span> <span class='ocrx_word' id='word_1_819' title='bbox 218 2856 417 2898; x_wconf 65' lang='lat' dir='ltr'><strong>Cancellarius,</strong></span> <span class='ocrx_word' id='word_1_820' title='bbox 431 2856 526 2898; x_wconf 68' lang='lat' dir='ltr'><strong>itaque</strong></span> <span class='ocrx_word' id='word_1_821' title='bbox 549 2856 738 2898; x_wconf 50' lang='lat' dir='ltr'><strong>explicatiorﬁs</strong></span> <span class='ocrx_word' id='word_1_822' title='bbox 752 2856 844 2898; x_wconf 50' lang='lat' dir='ltr'><strong>causa</strong></span> <span class='ocrx_word' id='word_1_823' title='bbox 864 2856 934 2892; x_wconf 70' lang='lat' dir='ltr'><strong>p&#39;ene</strong></span> 
     </span>
    </p>
   </div>
   <div class='ocr_carea' id='block_1_117' title="bbox 160 2890 935 2928">
    <p class='ocr_par' dir='ltr' id='par_1_117' title="bbox 160 2890 935 2928">
     <span class='ocr_line' id='line_1_117' title="bbox 160 2890 935 2928; baseline -0.001 -8"><span class='ocrx_word' id='word_1_824' title='bbox 160 2892 214 2920; x_wconf 84' lang='lat' dir='ltr'><strong>hoc</strong></span> <span class='ocrx_word' id='word_1_825' title='bbox 231 2891 348 2920; x_wconf 85' lang='lat' dir='ltr'><strong>verbum</strong></span> <span class='ocrx_word' id='word_1_826' title='bbox 362 2890 460 2925; x_wconf 79' lang='lat' dir='ltr'><strong>adjeci.</strong></span> <span class='ocrx_word' id='word_1_827' title='bbox 476 2891 526 2924; x_wconf 80' lang='lat' dir='ltr'><strong>Qui</strong></span> <span class='ocrx_word' id='word_1_828' title='bbox 549 2890 652 2920; x_wconf 79' lang='lat' dir='ltr'><strong>fuerint</strong></span> <span class='ocrx_word' id='word_1_829' title='bbox 673 2890 872 2928; x_wconf 67' lang='grc' dir='ltr'>μιῖιτεύοντεςξ</span> <span class='ocrx_word' id='word_1_830' title='bbox 885 2900 935 2928; x_wconf 83' lang='grc' dir='ltr'>με-</span> 
     </span>
    </p>
   </div>
   <div class='ocr_carea' id='block_1_118' title="bbox 987 2821 1766 2857">
    <p class='ocr_par' dir='ltr' id='par_1_118' title="bbox 987 2821 1766 2857">
     <span class='ocr_line' id='line_1_118' title="bbox 987 2821 1766 2857; baseline 0 -9"><span class='ocrx_word' id='word_1_831' title='bbox 987 2822 1114 2854; x_wconf 78' lang='grc' dir='ltr'>σάζοντες</span> <span class='ocrx_word' id='word_1_832' title='bbox 1128 2823 1185 2853; x_wconf 78' lang='grc' dir='ltr'>τοῖς</span> <span class='ocrx_word' id='word_1_833' title='bbox 1201 2821 1355 2856; x_wconf 78' lang='grc' dir='ltr'>πράγμασι,</span> <span class='ocrx_word' id='word_1_834' title='bbox 1372 2823 1426 2850; x_wconf 84' lang='grc' dir='ltr'>τῶν</span> <span class='ocrx_word' id='word_1_835' title='bbox 1442 2822 1610 2857; x_wconf 82' lang='grc' dir='ltr'>πραγμάτων</span> <span class='ocrx_word' id='word_1_836' title='bbox 1626 2821 1673 2857; x_wconf 68' lang='grc' dir='ltr'><strong>τοῦ</strong></span> <span class='ocrx_word' id='word_1_837' title='bbox 1686 2821 1766 2857; x_wconf 84' lang='grc' dir='ltr'>βασι-</span> 
     </span>
    </p>
   </div>
   <div class='ocr_carea' id='block_1_119' title="bbox 987 2856 1766 2920">
    <p class='ocr_par' dir='ltr' id='par_1_119' title="bbox 987 2856 1766 2920">
     <span class='ocr_line' id='line_1_119' title="bbox 987 2856 1766 2919; baseline 0.004 -36"><span class='ocrx_word' id='word_1_838' title='bbox 987 2857 1067 2919; x_wconf 36' lang='lat' dir='ltr'><strong>ita»;</strong></span> <span class='ocrx_word' id='word_1_839' title='bbox 1091 2861 1120 2884; x_wconf 89' lang='lat' dir='ltr'><strong>ut</strong></span> <span class='ocrx_word' id='word_1_840' title='bbox 1144 2857 1187 2884; x_wconf 86' lang='lat' dir='ltr'><strong>his</strong></span> <span class='ocrx_word' id='word_1_841' title='bbox 1210 2856 1273 2884; x_wconf 85' lang='lat' dir='ltr'><strong>libri</strong></span> <span class='ocrx_word' id='word_1_842' title='bbox 1290 2864 1412 2892; x_wconf 65' lang='lat' dir='ltr'><strong>persmpe</strong></span> <span class='ocrx_word' id='word_1_843' title='bbox 1429 2857 1613 2890; x_wconf 74' lang='lat' dir='ltr'><strong>nominantur,</strong></span> <span class='ocrx_word' id='word_1_844' title='bbox 1628 2856 1698 2885; x_wconf 83' lang='lat' dir='ltr'><strong>infra</strong></span> <span class='ocrx_word' id='word_1_845' title='bbox 1720 2856 1766 2886; x_wconf 66' lang='lat' dir='ltr'><strong>die</strong></span> 
     </span>
     <span class='ocr_line' id='line_1_120' title="bbox 988 2899 1076 2920; baseline 0.011 -1"><span class='ocrx_word' id='word_1_846' title='bbox 988 2899 1018 2919; x_wconf 88' lang='lat' dir='ltr'><strong>ce</strong></span> <span class='ocrx_word' id='word_1_847' title='bbox 1033 2899 1076 2920; x_wconf 85' lang='lat' dir='ltr'><strong>ur.</strong></span> 
     </span>
    </p>
   </div>
  </div>
