1922 3082
171 148 226 180 4ι3

761 147 923 178 JOANNIS
942 148 1204 179 CANTACUZENI

1743 146 1799 178 444

172 196 327 240 conspexit,
364 205 530 240 paulumque
556 205 627 232 ultra
652 212 825 239 progressus,
850 210 877 232 et
904 205 961 240 ipse

1015 207 1081 238 ὅδοις
1107 206 1284 241 ἑγκαθίδρυσε
1312 209 1361 240 τὴν
1383 205 1521 240 στρατιάν.
1551 204 1682 236 Βασιλεὺς
1701 204 1730 231 δὲ
1742 204 1799 231 ἀπὸ

173 252 201 278 in
226 251 296 280 loco.
324 251 367 278 cui
395 251 529 278 Pelecano
555 257 656 277 nomen
679 255 730 283 est,
758 254 847 277 castra
877 250 959 282 fecit,

173 297 331 330 coactisque
349 295 528 330 primoribus.
552 295 617 330 quid
633 295 704 322 facto
719 303 788 330 opus
803 295 960 329 exquisivit.

173 341 315 369 Sententia
342 341 391 368 fuit
412 349 466 368 nou
490 349 550 368 esse
574 341 690 380 ulterius
711 341 960 375 progrediendum,

175 392 231 413 tum
247 387 319 421 quod
334 387 422 414 Persa:
441 387 573 414 nomades
586 387 612 413 in
626 394 695 421 quos
713 386 871 418 tendebant,
885 385 961 412 Velut

174 431 201 457 in
228 431 360 457 servitute
384 431 544 465 abrepturi,
572 431 598 458 id
623 431 774 458 sentientes
805 431 958 466 fugerent:

174 477 252 510 211
278 481 334 503 tum
350 477 414 511 quia
435 477 512 508 locis,
540 485 589 512 per
608 485 669 511 qua:
691 482 784 505 essent
804 477 959 509 transituri,

174 523 255 549 inviis
277 527 304 548 et
325 524 457 557 angustis.
474 523 649 558 pedestriquc
673 528 701 550 et
722 523 843 558 equestri
879 530 959 550 exer-

173 568 228 595 citu
245 573 341 596 contra
357 576 517 601 occursuro,
543 576 596 596 non
614 569 760 596 videbatur
772 569 960 596 necessarium

174 614 252 640 nullo
267 622 329 641 cum
347 614 438 641 fructu
457 614 533 641 adire
547 615 713 649 periculum.
729 615 769 642 Ne
782 619 872 641 tamen
886 619 959 642 metu

175 658 359 686 Barbarorum
373 659 476 693 regredi
491 663 667 693 putarentur,
680 660 815 694 postridie
831 659 959 687 matutini

175 705 203 730 iu
222 704 343 737 planitie,
359 705 433 732 vclut
448 705 479 732 ad
493 713 610 740 pugnam
626 705 763 740 dispertiti
774 705 837 738 viri,
852 705 959 740 disper-

175 749 218 776 titi
234 750 356 782 ordines,
372 758 387 777 e
410 751 524 785 regione
538 751 733 778 consisterent.
758 751 792 778 Et
811 751 832 778 si
847 751 958 785 quidem

175 795 270 823 hostes
288 803 303 822 e
321 796 390 822 locis
412 796 505 823 arduis
528 796 653 830 digressi,
679 804 758 831 atquo
784 804 881 831 campo
896 804 957 823 cum

175 841 242 874 ipsis
267 841 368 868 vellent
394 849 574 873 concurrere,
602 842 732 869 virtutem
759 849 835 869 suam
863 846 958 868 contra

176 890 367 919 ostentarent;
383 888 424 914 sin
439 891 540 916 autem.
558 887 716 922 Byzantium
730 887 801 914 viam
812 887 958 914 ordinatim

175 936 362 965 capesserent,
381 940 410 959 re
427 932 566 964 docentes,
590 940 645 960 non
663 933 726 968 quia
749 933 890 964 timerent,
911 933 960 960 sed

174 978 240 1011 quia
256 978 418 1012 quibuscum
438 983 591 1013 pugnarent
608 986 663 1006 non
687 979 830 1011 baberent,
849 979 960 1006 domum

176 1030 314 1050 rcwrsos.
333 1023 389 1050 lloc
403 1023 442 1050 illi
456 1024 650 1056 decreverunt,
664 1029 693 1052 et
707 1024 780 1059 apud
796 1024 960 1052 Pelecanum

176 1073 387 1102 pernoctarunt.
408 1069 588 1104 Posteaquam
607 1070 693 1104 pulsis
721 1070 842 1098 tenebris
864 1069 961 1097 diurna

176 1114 223 1141 lux
241 1115 354 1147 affulsit,
374 1115 502 1143 laudibus
522 1116 577 1143 Deo
592 1115 626 1143 de
641 1123 718 1144 more
733 1115 824 1148 dictis,
841 1116 961 1150 impera-

177 1163 221 1186 tor
237 1160 369 1187 militibus
387 1160 452 1187 tuba
466 1161 573 1195 signum
597 1161 630 1188 ad
654 1169 729 1188 artna
754 1161 886 1196 capienda
902 1161 961 1189 dari

175 1205 269 1238 jussit.
292 1205 396 1232 Armati
423 1205 517 1240 igitur,
535 1207 613 1241 juxta
636 1206 796 1233 hesternum
821 1207 961 1235 decretum

177 1254 273 1276 contra
296 1249 432 1276 Barbaros
461 1249 490 1277 in
521 1250 595 1278 acies
616 1250 752 1285 dispositi;
777 1257 905 1284 tauquam
928 1252 962 1280 ad

178 1295 301 1330 praelium
311 1294 511 1323 conserendum
527 1296 691 1330 procedunt.
705 1297 744 1324 Eo
754 1296 814 1324 viso
825 1297 962 1326 Orehanes

179 1347 245 1367 suos
263 1341 328 1367 item
341 1340 464 1373 instruit,
479 1345 640 1375 partemque
655 1341 681 1368 in
694 1341 805 1369 insidiis
820 1343 939 1370 occultat
954 1352 961 1370 :

179 1391 210 1412 ιιι
227 1387 247 1412 si
276 1386 390 1413 Romani
406 1386 442 1420 fin
470 1387 522 1414 hos
543 1387 724 1422 praevalentes
751 1389 899 1422 irruerent,
925 1389 963 1417 illi

179 1431 328 1466 derepente
340 1432 526 1467 prosilientcs,
543 1441 591 1461 eos
602 1434 860 1468 perterrefacerent,
881 1440 963 1470 atque

179 1477 207 1503 iu
234 1477 324 1513 fugam
344 1478 558 1512 compellereut:
575 1479 699 1514 Reliquis
725 1480 818 1515 itaque
841 1481 892 1508 sibi
912 1481 962 1508 ad~

1014 252 1180 287 Σκουταρίου
1203 251 1276 278 δυεῖν
1302 251 1414 287 ἡμερῶν
1437 251 1495 278 ὁδὸν
1517 250 1631 282 ἀνύσας,
1654 251 1688 285 τῇ
1715 250 1798 285 τρίτῃ

1013 297 1069 332 ᾶμα
1084 298 1121 331 ἓῳ
1137 298 1199 324 ἐπεὶ
1219 297 1301 324 πάλιν
1323 298 1373 331 τῆς
1389 296 1475 331 αὐτῆς
1495 297 1599 331 εἴχοντο
1614 295 1687 328 ὀδοῦ,
1714 296 1759 322 καὶ
1778 296 1797 330 ἡ

1012 341 1135 377 Περσικὴ
1155 342 1269 376 στρατιὰ
1283 340 1369 376 ὲφάῖιη
1385 339 1495 368 ἄπωθεν
1513 340 1542 366 ὲν
1557 339 1668 374 χωρίοις
1684 338 1798 373 ὑψηλοῖς

1014 388 1244 422 έγκαθιδρυμένη.
1265 386 1370 420 Ὀλίγον
1394 386 1423 413 δὲ
1448 385 1589 421 προελθὼν
1610 385 1625 411 ὁ
1648 384 1775 418 βασιλεὺς
1788 403 1797 417 ,

1012 433 1241 468 ἐστρατοπέδευσε
1256 433 1302 459 καὶ
1313 432 1394 464 αὐτὸς
1406 433 1438 464 ὲν
1451 431 1544 467 χωρίῳ
1558 429 1704 463 Πελεκάνῳ
1713 438 1799 464 προσ-

1011 480 1214 514 αγορευομένῳ·
1230 479 1277 504 καὶ
1298 479 1362 509 τοὺς
1385 479 1415 505 ὲν
1431 477 1503 504 τέλει
1528 476 1701 510 συναγαγὼν,
1717 475 1799 501 ἐϐου-

1013 524 1122 551 λεύοντο
1151 525 1166 551 ὅ
1184 533 1209 551 τι
1229 525 1282 551 δέοι
1302 525 1400 552 ποιεῖν.
1421 523 1522 550 Ἐδόκει
1536 523 1568 558 δὴ
1585 522 1741 558 περαιτέρω
1759 521 1797 555 μὴ

1011 570 1181 605 προϐαίνειν,
1199 571 1258 604 ἅμα
1277 570 1327 605 μὲν
1349 570 1396 597 καὶ
1410 570 1455 597 διὰ
1471 570 1502 595 τδ
1518 570 1581 600 τοὺς
1594 568 1712 602 νομάδας
1727 567 1800 601 Πέρ-

1011 622 1060 645 σας
1075 611 1115 645 οἷς
1129 614 1246 649 ἐπῄεσαν
1260 613 1298 645 ὡς
1313 613 1611 648 έξανδραποδισόμενοι,
1629 611 1677 647 τὴν
1700 611 1798 645 ἔφοδον

1010 659 1360 694 αίσθομένουςδιαδράναι·
1380 659 1438 694 ἅμα
1463 659 1485 685 δ’
1500 659 1541 685 ὅτι
1563 658 1665 686 τῶν,τε
1682 657 1796 692 χωρίων

1010 705 1149 732 δυσϐάτων
1169 705 1215 732 καὶ
1230 705 1330 732 στενῶν
1345 705 1431 732 ὅντων
1450 705 1485 731 δι¹
1500 701 1537 731 ὦν
1554 703 1666 738 ἔμελλον
1685 703 1795 733 διῖέναι,

1010 751 1057 778 καὶ
1074 752 1204 786 στρατιᾶς
1222 750 1570 785 ἀντιστρατοπεδευομένης
1595 749 1680 782 πεζῆς
1699 757 1728 774 τε
1747 748 1797 774 καὶ

1012 798 1138 833 ἱππικῆς,
1163 797 1213 824 οὐκ
1234 797 1384 830 ἀναγκαῖον
1401 795 1613 822 διακινδυνεύειν
1633 794 1680 820 ἐπὶ
1702 793 1795 828 κέρδει

1009 843 1108 870 οὐδενί.
1128 843 1185 869 Ἵνα
1200 842 1228 869 δὲ
1246 842 1283 877 μὴ
1310 842 1413 868 δοκοῖεν
1438 841 1477 876 τῷ
1496 841 1550 867 δέει
1575 840 1630 867 τῶν
1647 839 1795 875 βαρϐάρων

1010 889 1202 924 ἀναστρέφειν,
1220 889 1260 920 είς
1274 888 1324 922 τὴν
1344 887 1493 922 ὑστεραίαν
1510 887 1567 921 ἅμα
1581 886 1619 920 ἓῳ
1640 885 1795 920 ὁπλισαμέ-

1011 942 1073 965 νους
1089 934 1135 960 ἐπὶ
1149 933 1197 960 τοῦ
1213 933 1305 960 πεδίου
1318 932 1461 959 κατέναντι
1473 931 1528 958 τῶν
1545 930 1690 966 βαρϐάρων
1703 938 1796 964 παρα-

1011 978 1143 1012 τάξασθαι
1157 979 1194 1010 ὼς
1215 979 1255 1010 είς
1277 978 1377 1013 μάχην.
1393 977 1453 1005 Κᾶν
1467 977 1516 1011 μὲν
1535 977 1613 1003 αὐτοὶ
1628 976 1677 1011 τῆς
1692 975 1796 1010 δυσχω-

1013 1023 1074 1058 ρίας
1085 1023 1264 1054 ἀποστάντες,
1283 1022 1331 1049 ἐπὶ
1353 1021 1400 1048 τοῦ
1422 1021 1524 1056 ὁμαλοῦ
1546 1021 1681 1056 θελήσωσι
1695 1020 1797 1054 διαγω-

1012 1068 1137 1095 νίσασθαι
1153 1069 1257 1101 αὐτοῖς,
1275 1068 1322 1094 καὶ
1334 1068 1411 1094 αὐτοὶ
1430 1066 1613 1100 ἔπιδείξεσθαι
1627 1067 1676 1102 τὴν
1691 1065 1797 1092 οἰκείαν

1012 1115 1123 1150 ἀρετήν’
1139 1114 1186 1141 ἰὰν
1199 1114 1227 1140 δὲ
1245 1114 1282 1150 μὴ
1298 1114 1375 1140 αὐτοὶ
1386 1114 1433 1148 τῆς
1447 1112 1599 1148 δυσχωρίας
1613 1112 1796 1146 ἀφιστῶνται,

1012 1160 1061 1194 τῆς
1081 1160 1119 1191 είς
1140 1159 1285 1191 Βυζάντιον
1310 1159 1420 1194 ἔχεσθαι
1444 1158 1581 1193 φερούσης
1608 1157 1795 1192 τεταγμένως·

1014 1205 1086 1240 ἔργῳ
1102 1205 1241 1237 δείξαντας
1255 1204 1293 1236 ὡς
1304 1205 1334 1231 οὐ
1349 1203 1394 1230 διὰ
1405 1203 1520 1236 δειλίαν,
1537 1203 1606 1230 ἀλλὰ
1621 1203 1652 1229 τὺ
1672 1202 1708 1237 μὴ
1722 1201 1797 1236 ἔχειν

1014 1248 1113 1278 οἷστισι
1143 1251 1338 1285 συμϐαλοῦσιν,
1372 1249 1520 1282 ἀνέζευξαν
1554 1249 1594 1280 είς
1620 1248 1669 1284 τὴν
1694 1248 1796 1275 οίκίαν.

1014 1297 1093 1324 οὕτω
1119 1297 1168 1332 μὲν
1192 1297 1223 1331 δὴ
1247 1297 1385 1323 ἐδέδοκτο·
1408 1296 1455 1322 καὶ
1477 1295 1623 1330 ηὐλίσαντο
1636 1293 1685 1329 τὴν
1711 1293 1798 1320 νύκτα

1015 1342 1124 1378 ἐκείνην
1137 1342 1206 1369 κατά
1219 1342 1263 1369 τὸν
1277 1342 1441 1369 Πελεκάνον.
1459 1340 1535 1375 Ἀμα
1549 1341 1578 1368 δὲ
1597 1340 1634 1375 ἕῳ
1651 1340 1720 1374 μετὰ
1733 1340 1798 1370 τοὺς

1015 1389 1142 1420 εἰωθότας
1158 1388 1260 1422 ὕμνους
1274 1387 1342 1424 πρὸς
1354 1388 1433 1420 Θεὸν,
1446 1389 1479 1422 τῇ
1493 1387 1625 1420 σάλπιγγι
1637 1385 1764 1412 ἐκέλευεν
1784 1387 1798 1411 ὁ

1017 1435 1144 1471 βασιλεὺς
1161 1436 1195 1470 τῇ
1209 1436 1322 1470 στρατιᾷ
1336 1435 1386 1470 τὴν
1399 1434 1543 1469 έφόπλισιν
1552 1433 1705 1469 σημαίνειν.
1721 1433 1798 1459 Ἐπεὶ

1016 1481 1044 1508 δὲ
1060 1481 1226 1513 ὡπλίσαντο,
1243 1480 1387 1507 κατέναντι
1403 1481 1457 1506 τῶν
1478 1479 1625 1515 βαρϐάρων
1639 1476 1731 1514 ἦλθον,
1746 1487 1800 1505 πα-

130 1555 138 1560 λ
178 1522 292 1557 junctis,
326 1523 353 1550 in
366 1544 373 1550 ..
390 1523 500 1551 sublimi
538 1524 638 1553 stabat.
665 1525 786 1553 Secretis
809 1533 892 1561 porro
909 1531 963 1554 tre-

1017 1526 1213 1562 ρατεταγμένοι
1222 1525 1259 1556 ὡς
1270 1526 1298 1557 ἐς
1312 1523 1440 1562 μάχην,ᾖ
1453 1526 1575 1552 ἐδέδοκτο
1586 1526 1618 1560 τῇ
1632 1524 1797 1559 προτεραίᾳ.

180 1570 267 1596 centis
280 1569 420 1604 equitibus
434 1570 583 1605 sagittariis
601 1571 822 1606 pugnacissimis,
845 1572 873 1598 iu
887 1573 966 1607 equis

180 1615 372 1647 velocissimis,
391 1615 536 1650 imperavit
557 1616 598 1644 eis
611 1636 619 1649 ,
639 1624 673 1644 ne
705 1618 830 1644 cominus
857 1623 885 1645 et
909 1622 966 1645 sta-

182 1661 252 1688 taria
275 1668 376 1696 pugna,
390 1661 439 1688 sed
456 1669 490 1689 ex
503 1662 617 1689 incursu
641 1662 802 1690 invadentes
820 1664 887 1699 (55),
904 1671 966 1691 cum

182 1706 313 1733 Romanis
335 1706 534 1741 depugnarent,
549 1715 713 1742 rursumque
726 1709 862 1743 fugerent,
874 1715 900 1737 et
916 1710 967 1737 tela

183 1750 210 1777 in
234 1755 341 1785 tergum
361 1755 523 1785 torquerent
538 1751 612 1786 (56);
642 1751 741 1779 deinde
768 1753 904 1786 conversi,
925 1761 969 1780 re-

183 1797 284 1828 dirent,
311 1797 475 1831 hostemque
513 1797 605 1825 denuo
628 1797 810 1826 lacesserent.
847 1799 968 1835 Contigit

184 1850 287 1876 autem,
297 1847 326 1870 ut
339 1843 457 1878 spatium
468 1844 588 1871 medium
599 1851 697 1872 versus
707 1844 843 1872 Romanos
852 1846 967 1880 aequale,

183 1894 212 1916 ct
227 1889 314 1924 equiti
337 1890 485 1922 idoneum;
502 1897 601 1918 versus
618 1889 714 1918 Persas
729 1898 783 1917 non
807 1891 908 1918 acclive
922 1898 968 1919 so-

183 1936 254 1966 lum,
270 1943 438 1970 accessuque
455 1935 636 1967 laboriosum,
654 1935 702 1963 scd
722 1941 749 1963 et
770 1936 851 1964 fossis
868 1937 969 1965 nativis

184 1981 366 2016 undequaque
384 1981 571 2015 interceptum
589 1985 673 2008 esset.
697 1980 756 2013 Qua
773 1981 968 2008 commoditate

184 2027 297 2054 Barbari
316 2027 491 2060 potissimum
506 2026 631 2059 fidentes,
645 2026 672 2054 in
687 2027 825 2054 Romanos
837 2027 969 2055 audacius

185 2081 214 2100 se
230 2073 394 2100 inferebant.
417 2072 466 2099 His
491 2072 575 2106 igitur
596 2071 737 2106 trecentis,
757 2077 787 2100 ut
810 2072 863 2100 hoc
888 2073 969 2100 modo

185 2127 246 2146 cum
266 2119 396 2145 Romanis
412 2117 586 2150 dimicarent,
611 2118 761 2151 mandavit,
779 2118 847 2146 alios
864 2119 938 2146 mille
953 2127 969 2146 a

187 2171 265 2198 tergo
280 2172 375 2192 eorum
393 2164 426 2190 ad
440 2164 527 2191 fossas
550 2169 579 2192 et
593 2164 745 2199 angustias,
766 2164 812 2199 qui
831 2165 969 2192 Romanos

185 2211 362 2244 insequentes
375 2210 544 2243 exciperent,
570 2214 598 2237 et
613 2210 710 2237 eadem
727 2209 761 2236 de
784 2202 876 2237 causa
894 2210 968 2238 mille

186 2256 214 2282 in
234 2260 352 2289 utroque
368 2255 455 2282 latere
471 2255 580 2282 locavit.
597 2255 749 2289 Imperator
763 2254 808 2282 ubi
825 2255 921 2282 Persas
935 2255 969 2283 de

186 2301 255 2328 colle
278 2300 451 2328 descendisse
470 2301 626 2334 conspexit,
651 2301 734 2328 etiam
756 2300 815 2335 ipse
834 2304 970 2328 trecentos

186 2347 221 2374 de
237 2346 295 2374 suis
308 2347 400 2381 elegit,
417 2354 430 2374 a
445 2347 545 2381 quibus
561 2346 721 2381 stiparetur,
745 2354 847 2381 eosque
871 2346 971 2374 talibus

186 2392 280 2419 verbis
304 2391 431 2419 accendit
452 2399 460 2418 :
488 2390 574 2424 Quam
605 2391 731 2426 gloriam,
760 2391 873 2421 milites.
897 2391 971 2425 quod

188 2437 272 2464 decus
291 2437 406 2464 Romani
432 2437 496 2465 inde
514 2437 547 2464 ah
568 2437 647 2464 initio
670 2444 704 2464 ex
728 2444 761 2464 eo
786 2437 837 2464 sibi
859 2443 971 2471 compa-

187 2483 285 2514 rarint,
309 2482 381 2517 quod
403 2481 528 2509 hostibus
556 2481 743 2509 formidabiles
771 2481 892 2513 fuerunt,
921 2489 973 2509 nec

187 2528 266 2555 vobis
283 2533 324 2555 est
337 2528 471 2563 ignotum.
487 2527 519 2554 lli
539 2527 613 2555 enim
640 2532 715 2559 sunt,
737 2527 784 2562 qui
801 2532 887 2554 totum
902 2535 972 2562 pene

1021 1573 1156 1607 ὀρχάνης
1171 1573 1201 1599 δὲ
1226 1574 1272 1599 καὶ
1292 1572 1374 1603 αὐτὸς
1398 1572 1460 1599 ἰδὼν
1474 1574 1520 1599 τδν
1538 1571 1651 1607 βασιλέα
1673 1571 1798 1600 ἐπιόντα,

1015 1618 1231 1652 ἀντιπαρέταττε
1254 1617 1301 1644 καὶ
1318 1617 1400 1650 αὐτὸς
1412 1619 1463 1653 τὴν
1478 1617 1619 1653 στρατιάν.
1641 1617 1695 1643 Καὶ
1715 1617 1800 1651 μέρος

1018 1665 1066 1698 μέν
1082 1672 1107 1690 τι
1127 1663 1301 1699 κατέκρυψεν
1317 1664 1345 1689 έν
1356 1663 1446 1698 λόχοις
1456 1670 1463 1678 ·
1487 1663 1525 1694 ὼς
1539 1662 1572 1689 ἂν
1588 1663 1612 1689 ει
1625 1662 1650 1688 οἱ
1668 1661 1800 1695 Ῥωμαῖοι

1016 1708 1200 1745 ὐπερσχόντες
1216 1709 1329 1736 ἐπίωσιν
1342 1709 1451 1741 αὐτοῖς,
1467 1709 1491 1735 οἱ
1507 1710 1536 1735 έν
1553 1709 1612 1740 ταῖς
1628 1708 1749 1742 ἐνέδραις
1767 1708 1801 1734 ὲκ

1016 1755 1063 1782 τοῦ
1078 1755 1214 1789 αἰφνιδίου
1225 1754 1383 1786 ἐπελθόντες
1394 1755 1552 1790 ἐκπλήξωσί
1564 1763 1594 1781 τε
1602 1755 1646 1781 διὰ
1657 1754 1687 1780 τὸ
1695 1755 1802 1788 ἀπροσ-

1016 1800 1140 1836 δόκητον,
1159 1800 1207 1827 καὶ
1220 1800 1374 1835 τρέψωνται
1389 1800 1498 1832 αὐτούς.
1512 1800 1568 1835 Τὴν
1584 1799 1607 1826 δ’
1627 1799 1711 1833 ἄλλην
1727 1799 1801 1826 άπα-

1018 1855 1068 1874 σαν
1082 1847 1197 1882 δύναμιν
1215 1846 1369 1878 ἀναλαϐὼν,
1394 1846 1461 1880 ἔστη
1476 1846 1523 1871 ἐπὶ
1549 1845 1699 1880 μετεώρου.
1716 1845 1803 1889 Τρια-

1017 1893 1126 1923 κοσίους
1147 1892 1176 1918 δὲ
1190 1891 1394 1925 ἀπολεξάμενος
1417 1891 1480 1921 τοὺς
1498 1889 1563 1925 παρ’
1579 1889 1653 1923 αὐτῷ
1669 1897 1801 1924 μαχιμωο

1017 1938 1114 1969 τάτους
1141 1937 1330 1970 ἱπποτοξότας,
1348 1937 1449 1967 ἵππους
1465 1935 1576 1971 ἔχοντας
1600 1935 1655 1961 τῶν
1683 1935 1802 1969 μάλιστα

1018 1984 1091 2010 θέειν
1103 1983 1224 2017 ἀγαθῶν,
1247 1983 1391 2010 ἐκέλευσεν
1411 1983 1503 2014 αὐτοῖς
1520 1982 1551 2008 οὺ
1562 1981 1641 2018 κατὰ
1656 1980 1802 2015 συστάδην,

1018 2029 1076 2056 ἀλλ’
1089 2029 1119 2062 ἐξ
1132 2029 1232 2063 ἐφόδων
1245 2028 1453 2064 συμπλέκεσθαι
1471 2029 1505 2063 τῇ
1524 2027 1658 2063 βασιλέως
1671 2026 1800 2061 στρατιᾷ·

1019 2075 1066 2101 καὶ
1085 2075 1212 2106 ἐπιόντας
1236 2075 1286 2108 μὲν
1305 2074 1343 2109 μὴ
1365 2073 1525 2108 ὑπομένειν,
1552 2071 1621 2098 ἀλλὰ
1647 2070 1799 2105 φεύγοντας

1018 2121 1135 2153 τοξείαις
1147 2121 1277 2156 χρῆσθαι,
1293 2119 1468 2155 ἀναχωροῦσι
1481 2119 1510 2146 δὲ
1524 2117 1603 2149 αὖθις
1618 2117 1801 2144 ἐπιτίθεσθαι.

1019 2165 1181 2200 Συμϐέϐηκε
1197 2165 1226 2192 δὲ
1245 2165 1276 2191 τὸ
1297 2164 1399 2199 μεταξὺ
1411 2163 1467 2190 τῶν
1480 2162 1693 2197 στρατευμάτων
1713 2160 1803 2194 ἀμφο-

1020 2212 1119 2246 τέρων,
1133 2211 1196 2237 ὅσον
1209 2210 1259 2246 μὲν
1271 2208 1305 2246 ἦν
1322 2210 1393 2251 κατά
1407 2210 1470 2240 τοὺς
1491 2207 1643 2242 Ῥωμαίους
1657 2205 1759 2239 ὁμαλόν
1773 2213 1802 2251 τε

1022 2254 1101 2287 εἶναι,
1119 2257 1167 2283 καὶ
1184 2256 1276 2292 ῥᾴδιον
1293 2255 1361 2290 πρὸς
1377 2255 1427 2286 τὰς
1444 2251 1668 2288 ἱππηλασίαςιτδ
1682 2251 1710 2276 δὲ
1732 2250 1803 2277 κατὰ

1021 2303 1084 2334 τοὺς
1102 2302 1226 2336 Πέρσας,
1248 2301 1277 2328 οὐ
1297 2301 1377 2336 μόνον
1403 2301 1519 2330 ἄναντες
1543 2298 1591 2325 καὶ
1609 2295 1802 2331 δυσπρόσοδον,

1021 2348 1090 2374 ἀλλὰ
1105 2349 1152 2374 καὶ
1176 2347 1292 2383 τάφροις
1316 2346 1463 2380 αὐτοφυέσι
1490 2344 1644 2379 πανταχόσε
1659 2343 1805 2375 διατετμη-

1023 2393 1115 2428 μένον·
1132 2390 1153 2427 ᾧ
1169 2394 1217 2420 καὶ
1233 2392 1333 2428 μᾶλλον
1345 2393 1369 2418 οἱ
1383 2391 1516 2427 βάρϐαροι
1537 2388 1697 2419 πεποιθότες
1720 2387 1804 2422 ἐπῄε-

1023 2447 1074 2466 σαν
1100 2438 1260 2473 Ῥωμαίοις.
1278 2438 1389 2469 Τούτοις
1409 2437 1457 2472 μὲν
1479 2436 1526 2463 οὖν
1552 2436 1609 2466 τοῖς
1636 2433 1804 2468 τριακοσίοις

1024 2484 1228 2518 προσετέτακτο
1237 2482 1283 2509 τὸν
1296 2482 1396 2516 τρόπον
1409 2481 1502 2507 τοῦτον
1514 2478 1719 2515 συμπλέκεσθαι
1737 2476 1804 2503 Ῥωη

1025 2527 1126 2563 μαίοις.
1149 2527 1275 2562 Ἑτέρους
1289 2527 1317 2553 δὲ
1331 2526 1433 2561 χιλίους
1446 2525 1558 2552 ὄπισθεν
1571 2523 1660 2550 αὐτῶν
1671 2522 1803 2556 ἐπέστησε

814 2595 922 2627 Jacobi
940 2597 1074 2628 Pontani
1092 2601 1184 2627 notae.

202 2661 280 2701 “(55)
301 2662 367 2689 Tale
393 2669 480 2697 genus
509 2649 607 2696 pugnae
628 2659 714 2686 habes
738 2663 809 2695 apud
835 2659 971 2686 Maronem

221 2707 238 2724 ι.
275 2718 282 2725 .

188 2697 270 2759 IllBilsl
286 2732 378 2759 Tltusri
394 2731 505 2758 Rutulos
515 2738 592 2765 egere
602 2730 637 2756 ad
652 2731 748 2756 moenia
764 2737 861 2761 versos,

226 2767 270 2794 liis
286 2767 376 2802 rejecti
390 2767 472 2794 armis
492 2768 641 2799 respectant
658 2769 731 2802 terga
745 2769 857 2802 legentes
873 2772 880 2790 :

229 2798 319 2829 Tertid
334 2803 378 2828 sed
391 2806 530 2837 postquam
545 2800 677 2835 congressi
691 2801 718 2826 in
738 2798 842 2834 pra'lia.
853 2804 905 2825 etc.

190 2843 210 2865 θ
230 2846 286 2882 (δῦ)
299 2847 344 2874 Sic
356 2846 449 2874 Parthi
465 2853 585 2882 pugnare
600 2848 811 2872 consueverant.
828 2843 905 2871 Unde
921 2842 975 2869 llo-

1023 2663 1077 2687 rat.
1092 2658 1149 2687 Ode
1165 2660 1211 2692 19,
1225 2659 1276 2686 lib.
1289 2667 1308 2685 ι.

1063 2704 1098 2731 Et
1118 2705 1199 2731 uersis
1218 2704 1368 2731 animosum
1383 2701 1456 2736 equis
1475 2699 1614 2727 Parthum.

1015 2761 1181 2796 ‘Fugientes.
1212 2760 1335 2795 inquam.
1363 2767 1396 2786 ex
1417 2757 1495 2792 equis
1524 2755 1695 2791 pugnabant.
1719 2754 1806 2788 Virgi-

1025 2795 1078 2823 lius
1094 2797 1121 2823 5.
1131 2795 1229 2830 Georg.
1734 2834 1737 2836 _

1064 2841 1251 2876 Fidenlcmque
1265 2841 1326 2876 fuga
1341 2839 1479 2871 Parthum,
1498 2839 1629 2873 versisque
1637 2838 1752 2872 sagittis.
