1922 3082
79 202 139 236 445

663 197 934 232 HISTOIHARUM
955 197 1067 227 LIBER
1090 198 1130 228 ll.

1655 196 1668 224 ί
1674 197 1706 227 46

86 262 160 288 κατὰ
173 260 226 292 τὰς
247 261 367 294 τάφρους
394 259 443 286 καὶ
468 259 518 289 τὰς
543 257 706 292 δυσχωρίας,
724 257 762 287 ὡς
784 255 816 282 ἂν
843 254 868 279 ιι

935 253 1027 286 rbem,
1042 254 1122 288 212
1136 261 1287 290 omnesque
1305 258 1401 288 gemes
1414 253 1582 288 subegerunt
1595 251 1663 288 (57),
1676 257 1705 280 et

85 307 230 334 διώκοιντο
249 306 273 332 οἱ
289 305 442 341 τριακόσιοι
459 304 527 339 προς
550 303 603 330 τῶν
623 302 777 335 Ῥωμαίων,
795 299 874 325 αὐτοὶ

85 353 158 388 πρὸς
172 353 207 379 τὰ
222 339 438 382 πενὰἺέστῶτες
461 343 602 385 ἀμύνωςίν
621 339 723 379 αὐτοῖς·
738 347 875 381 ἑκατέρω-

87 398 135 424 θέν
152 407 181 424 τε
197 398 288 424 αὐτῶν
308 397 410 432 χιλίους
433 397 474 430 ἐφ’
493 396 602 430 ἑκάστῳ
620 395 698 430 μέρει
722 393 773 427 τῆς
790 393 875 423 αὐτῆς

86 443 174 469 ἓνεκα
188 442 289 473 αίτίας.
310 442 440 472 Βασιλεὺς
457 441 485 468 δὲ
505 441 566 467 ἐπεὶ
587 441 659 475 ἐώρα
683 439 746 470 τοὺς
766 438 874 473 Πέρσας

87 487 144 513 ἀπὸ
174 487 222 513 τοῦ
248 486 330 520 λόφου
360 486 515 517 κατιόντας,
536 484 710 519 τριακοσίους
731 483 779 510 καὶ
794 482 876 514 αὐτὸς

88 531 289 565 ἐπιλεξάμενος
313 532 346 558 ἐκ
375 531 430 558 τῶν
460 531 543 563 ἰδίων,
570 530 617 557 καὶ
636 527 876 563 περιστησάμενος

88 578 192 612 ἐαυτῷ,
214 577 343 612 τοιαύτην
365 577 426 603 τινὰ
452 577 615 611 παραίνεσιν
640 575 789 609 ἐποιήσατο
806 574 875 608 πρὸς

89 624 201 654 αὐτούς’
217 623 330 657 Ἂνόρες
347 623 526 657 στρατιῶται,
553 622 603 656 τὴν
618 622 666 657 μὲν
685 620 811 648 εὔκλειαν
823 619 876 646 τῶν

97 667 247 702 Ῥωμαίων
264 669 311 694 καὶ
326 669 375 702 τὴν
394 668 484 700 δόξαν,
504 668 539 702 ἣν
555 667 608 694 ἀπὸ
622 667 669 693 τοῦ
692 666 805 701 φοϐεροὶ
820 666 877 696 τοῖς

89 713 235 748 πολεμίοις
261 711 330 740 εἶναι
354 714 506 748 ἐκτήσαντο
535 713 566 745 ἐξ
587 713 694 748 ἀρχῆς,
718 713 776 739 οὔδ’
800 712 878 738 αὐτοὶ

89 759 227 792 ἀγνοεῖτεθ
238 757 311 786 οὗτοι
322 759 376 794 γάρ
389 761 458 785 εἰσιν
469 759 495 785 οἱ
506 759 605 794 μικροῦ
616 759 671 785 δεῖν
683 759 774 784 πᾶσαν
789 766 878 793 παρα-

90 805 262 839 στησάμενοι
288 804 337 839 τὴν
354 805 530 840 οἰκουμένην,
548 805 594 831 καὶ
621 805 709 831 πάντα
736 805 802 838 γένη
831 804 879 830 καὶ

91 850 246 884 Εὑρωπαῖα
270 850 318 876 καὶ
344 849 379 876 τὰ
405 850 452 876 ἐπὶ
473 850 522 884 τῆς
551 849 645 880 Ἀσίας
673 849 879 882 ἀναγκάσαντες

92 895 187 926 αὐτοῖς
201 894 350 922 δουὶεύειψ
371 895 412 921 ὅτι
439 895 467 921 δὲ
484 895 558 930 ἡμᾶς
574 895 624 921 οὐκ
641 895 688 921 ὲπὶ
709 895 793 921 πολύν
817 903 878 921 τινα

92 940 191 973 χρόνον
210 940 259 966 οὐκ
284 940 362 973 ὀλίγα
378 940 440 967 τινὰ
462 940 517 966 τῶν
538 940 683 975 βαρῦάρων
703 940 879 974 συμϐέϐηκεν

91 985 287 1019 ἐλαττωθῆναι,
298 985 329 1011 οὐ
340 985 393 1020 χρὴ
406 986 450 1012 διὰ
461 985 547 1012 ταῦτα
560 986 608 1012 καὶ
621 986 689 1020 προς
697 986 730 1012 τὰ
743 985 880 1011 ὑπόλοιπα

92 1029 290 1064 ἀπαγορεύειν.
306 1030 375 1056 Οὐδὲ
398 1030 452 1065 γὰρ
476 1032 548 1057 κατὰ
563 1031 612 1066 τὴν
626 1031 768 1065 ἡμετέραν
782 1031 880 1057 κακίαν

91 1073 124 1099 τδ
141 1073 275 1107 ἡσσῆσθαι
293 1075 473 1109 προσεγένετο
484 1084 490 1090 ’
512 1075 581 1102 ἀλλά
602 1076 649 1102 τοῦ
664 1076 733 1102 Θεοῦ
751 1076 820 1111 πρὸς
836 1075 881 1102 ἔκ-

93 1126 167 1144 τισιν
183 1115 220 1144 ὦν
234 1119 500 1154 προσκεκρούκαμεν
515 1120 599 1155 αὐτῷ,
613 1121 656 1147 διὰ
669 1121 724 1147 τῶν
735 1120 880 1155 βαρϐάρων

94 1164 320 1197 τιμωρουμένου·
336 1164 414 1200 οίΓδὴ
432 1165 537 1192 δίκαιον
559 1166 624 1197 τοὺς
641 1166 690 1201 τήν
714 1166 826 1201 γνώμην
843 1166 881 1202 μὴ

95 1207 168 1233 κατὰ
193 1208 295 1240 κράτος
324 1209 498 1244 νικηθέντας,
532 1210 644 1245 ἔχοντας
674 1211 703 1237 δέ
729 1220 790 1238 τινα
803 1203 888 1243 αὖθις·

94 1251 240 1285 κρείττονα
265 1252 360 1279 ἐλπίδα
385 1255 435 1288 τῆς
451 1256 596 1289 συμφορᾶς
613 1257 645 1290 τῇ
666 1255 799 1282 ἀποϐάσει
825 1257 880 1291 ἀμ-

98 1296 264 1324 ῦλύνεσθαιο
281 1299 390 1333 νομίσαι
406 1299 433 1326 δὲ
451 1301 479 1327 ὲν
505 1302 555 1333 μὲν
581 1302 640 1332 ταῖς
665 1302 796 1337 πράξεσιν
811 1302 882 1329 ἑνδέ-

94 1342 192 1376 χεσθαι
202 1343 366 1376 σφάλλεσθαι
378 1346 441 1384 τοὺς
454 1346 625 1381 ἀνθρώπους·
639 1348 698 1379 ταῖς
713 1348 740 1374 δὲ
752 1347 882 1382 γνώμαις

96 1390 142 1415 ἀεὶ
161 1391 223 1421 τοὺς
241 1392 341 1423 αὐτοὺς
358 1393 499 1428 ἀνδρείους
514 1394 602 1426 ὀρθῶς
614 1392 696 1426 εἶναι,
714 1395 762 1421 καὶ
787 1394 825 1429 μὴ
839 1395 883 1421 διὰ

96 1436 149 1471 τὴν
164 1437 301 1471 προτέραν
312 1435 395 1473 ἧτταν
406 1438 454 1465 τοῦ
468 1439 594 1474 ἀνδρείου
612 1441 757 1474 παρόντος,
769 1441 883 1472 εἰκότως

97 1481 131 1508 ἂν
147 1481 176 1507 ἔν
188 1491 242 1509 τινι
255 1483 357 1514 κακοὺς
374 1482 501 1518 ὀφθῆναι.
522 1485 618 1519 ’Υμετς
634 1486 662 1512 δὲ
677 1485 737 1512 οὔτε
752 1487 884 1521 ἐμπειρίᾳ

97 1529 131 1562 τῇ
147 1527 215 1562 πρὸς
237 1529 286 1561 τὰς
305 1529 397 1564 μάχας
421 1530 548 1557 λείπεσθε
563 1532 617 1558 τῶν
636 1531 793 1567 βαρῦἀρων,
816 1532 883 1558 ἀλλά

98 1575 148 1626 καὶ
162 1576 194 1610 τῇ
207 1574 294 1610 τόλμῃ
306 1575 374 1626 πρλὺ
391 1576 523 1611 προέχετε
539 1577 639 1604 αὐτῶν.
655 1577 752 1620 Ὀρᾷτε
769 1578 823 1613 γὰρ
836 1578 883 1605 αὐ-
896 1595 918 1626 ε

97 1619 163 1650 τοὺς
177 1620 384 1655 κατεπτηχότας
393 1621 440 1647 καὶ
449 1622 670 1657 καταδυομένους
684 1623 751 1658 πρὸς
762 1624 797 1649 τὰ
806 1623 883 1650 κοῖλα

98 1665 155 1691 τῶν
167 1665 249 1700 ὀρῶν,
266 1667 313 1692 καὶ
333 1666 462 1701 μηδαμοῦ
482 1667 530 1702 τῆς
554 1668 709 1703 δυσχωρίας
731 1670 884 1704 ἀποστῆναι

99 1709 292 1744 βουλομένους,
312 1712 380 1747 μηδὲ
396 1713 428 1738 ἐκ
443 1712 489 1739 τοῦ
506 1713 564 1739 [σου
586 1713 802 1747 διαγωνίσασθαι
819 1715 885 1749 ἡμῖν

98 1755 272 1789 τολμῶντας.
287 1756 398 1783 Γίνεσθε
413 1757 444 1792 δὴ
468 1758 565 1792 ἄνδρες
588 1759 696 1793 ἀγαθοὶ,
714 1760 760 1786 καὶ
774 1760 824 1793 τὴν
836 1768 885 1786 κα-

99 1801 276 1835 ταπεσοῦσαν
290 1802 340 1838 ήδη
363 1803 442 1835 δόξαν
467 1804 522 1830 τῶν
546 1805 689 1839 προγόνων
710 1805 885 1839 ἀνορθώσατε

99 1846 188 1872 αὐτοί·
206 1848 253 1874 καὶ
272 1848 309 1883 μὴ
334 1850 465 1884 νομίσητε
495 1850 564 1884 ὑπὲρ
592 1851 676 1885 μηδὲν
693 1852 887 1887 προσηκούσης

99 1893 154 1934 γῆς
170 1892 236 1925 ὑμῖν
252 1893 461 1927 διαγωνίζεσθαι
472 1896 540 1930 πρὸς
555 1896 618 1927 τοὺς
636 1896 809 1931 βαρϐάρους“,
827 1897 885 1922 ἀλλ’

102 1937 173 1972 ὑπὲρ
191 1937 348 1972 ἐλευθερίας
365 1940 496 1973 μάλιστα,
520 1942 566 1968 καὶ
583 1941 632 1976 τῆς
650 1942 755 1972 οἰκείας
770 1942 887 1973 ἕκαστος

101 1982 244 2016 πατρίδος.
267 1984 330 2010 Ἐὰν
345 1984 399 2019 γὰρ
421 1984 537 2012 ἐνταῦθα
565 1985 647 2018 ἀξίως
663 1986 769 2012 ἑαυτῶν
785 1987 887 2019 ἀγωνι-

101 2029 212 2064 ζόμενοι
237 2031 396 2065 νικήσωμεν
419 2032 536 2063 αὐτοὺς,
563 2032 630 2066 προς
654 2029 695 2063 οἷς
720 2033 888 2066 ἀφῃρήμεθα

103 2075 240 2109 πρότερον
257 2074 302 2100 ὑπ’
319 2074 419 2107 αὐτῶν,
444 2076 492 2101 καὶ
511 2075 560 2110 τὴν
583 2075 666 2102 οὖσαν
684 2075 889 2109 καρπωσόμεθα

101 2119 202 2150 ἀδεῶς.
219 2120 290 2153 Πρὸς
302 2120 408 2151 τούτοις
422 2121 462 2153 δὲ,
487 2121 511 2146 εί
537 2120 586 2154 μὲν
601 2121 650 2147 καὶ
664 2121 746 2152 αὐτος
762 2129 887 2154 συνηγω-

101 2167 219 2200 νιζομην
231 2166 295 2200 ὑμῖν
314 2166 343 2192 ὲν
367 2165 407 2200 τῷ
421 2166 547 2201 παρόντι,
566 2167 702 2201 πρόφασις
722 2166 754 2192 ἂν
778 2164 811 2200 ἦν
834 2175 888 2192 τινι

102 2211 183 2246 κακῷ
197 2211 325 2244 γενέσθαι
340 2212 434 2246 λήσειν
452 2212 578 2246 οἰομένῳ·
600 2212 661 2237 ἐπεὶ
684 2211 712 2237 δὲ
739 2211 819 2242 αὐτὸς
836 2211 889 2244 ἔξω

102 2256 208 2291 {nam
216 2256 270 2282 τῶν
281 2256 368 2283 ἄλλων
379 2256 544 2291 βραδευτὴς,
556 2256 644 2289 ἔξεστι
655 2258 767 2283 σκοπεῖν
778 2257 887 2290 ἑκάστῳ

926 300 1043 334 Europae
1066 299 1190 333 Asiaque
1204 299 1299 334 iugum
1313 299 1512 332 imposuerunt.
1525 297 1602 330 Quod
1614 301 1708 324 autem

925 352 976 371 nos
993 343 1070 371 brevi
1096 348 1219 377 tempore
1233 351 1287 370 non
1311 350 1397 378 pauca
1425 351 1439 369 a
1467 342 1593 368 Barbaris
1619 342 1708 368 detri-

926 394 1017 417 menta
1035 389 1202 422 accepimus,
1218 395 1273 414 non
1290 392 1435 422 propterea
1448 387 1480 413 de
1495 391 1594 413 ca-tero
1607 385 1709 412 animis

926 434 1012 468 frangi
1029 434 1172 460 debemus.
1197 432 1273 459 Haud
1286 433 1358 459 enim
1387 432 1504 466 ignavia,
1526 431 1573 458 sed
1589 431 1708 466 peccatis

926 479 1039 517 nostris,
1064 479 1121 506 Deo
1144 485 1194 504 nos
1222 485 1271 512 per
1295 477 1429 504 Barbaros
1456 475 1622 507 ulciscente,‘
1640 475 1706 503 victi

926 533 1031 553 sumus.
1049 525 1107 552 Non
1128 524 1209 558 igitur
1225 523 1266 550 fas
1287 527 1338 554 est,
1354 529 1470 557 quorum
1495 522 1608 556 spiritus
1632 521 1708 548 nulla

926 573 969 600 vis
984 572 1094 600 devicit.
1109 576 1136 597 et
1153 577 1222 604 quos
1245 577 1354 597 rursum
1379 569 1476 595 melior
1497 575 1560 601 spes
1587 567 1645 598 alit,
1661 574 1709 594 eos

907 621 1026 644 'eventu
1055 615 1217 643 calamitatis
1248 613 1371 641 hebetari
1408 616 1489 647 atque
1514 613 1708 647 languescere;

927 670 989 689 cum
1015 662 1116 688 rectius
1141 661 1177 687 sit
1199 658 1337 691 arbitrari,
1355 658 1381 684 in
1403 657 1559 684 actionibus
1585 657 1710 683 homines

928 706 1053 734 frustrari
1077 713 1108 733 ac
1121 705 1209 739 decipi
1223 725 1231 737 ,
1245 703 1345 731 animis
1362 710 1430 730 vero
1444 709 1552 737 semper
1573 709 1650 736 aeque
1679 708 1711 728 ac

927 760 992 780 vere
1005 758 1153 786 generosos
1166 757 1226 778 esse
1242 757 1340 784 posse;
1359 755 1410 775 nec
1424 747 1488 783 quia
1512 746 1587 781 prius
1613 752 1711 772 manus

928 796 1064 828 dederint,
1083 795 1147 822 ideo
1172 794 1199 821 in
1215 800 1334 827 praesens
1350 792 1449 819 merito
1477 789 1602 817 imbelles
1623 787 1710 815 videri

928 843 1039 870 debere.
1057 842 1128 874 Quin
1152 847 1200 866 vos
1224 839 1350 866 Barbaris
1375 845 1427 865 nec
1460 844 1509 863 usu
1530 834 1640 862 militari
1665 841 1712 861 ce—

930 889 1005 919 ditis.
1028 892 1054 914 et
1069 885 1195 913 audendo
1221 885 1336 911 multum
1372 881 1546 909 anlecellitis.
1576 880 1708 909 Cernit‘s.

894 930 1157 970 Hquemadmodum
1192 929 1360 964 trepidantes
1386 929 1414 955 in
1439 934 1504 954 cava
1530 925 1665 952 montium
1682 931 1711 950 se

930 981 1041 1011 abdam,
1057 983 1084 1006 et
1105 977 1140 1004 ab
1157 977 1210 1003 illis
1228 974 1395 1002 anfractibus
1411 978 1493 1007 atque
1515 971 1649 1006 angustiis
1671 970 1713 996 lo-

930 1033 1024 1054 corum
1039 1025 1181 1059 sejungere
1199 1029 1228 1049 se
1253 1027 1388 1054 nusquam
1406 1018 1534 1049 audeant,
1564 1024 1614 1042 m-c
1636 1022 1712 1049 a-quo

931 1078 1027 1105 campo
1063 1069 1207 1096 uobiscum
1240 1064 1381 1100 congredi.
1410 1062 1606 1096 Quamobrem
1624 1064 1713 1088 estolc

930 1115 981 1142 viri
1017 1114 1121 1143 fortes.
1154 1118 1182 1139 et
1212 1111 1358 1144 collapsam
1389 1109 1522 1143 majorum
1558 1110 1712 1134 vestrorum

930 1161 1044 1197 gloriam
1070 1159 1220 1186 instaurate
1242 1167 1247 1183 :
1266 1163 1335 1183 neve
1362 1163 1423 1182 cum
1449 1153 1576 1181 Barbaris
1601 1160 1650 1187 pro
1668 1159 1712 1178 re-

931 1196 1011 1240 gione
1027 1204 1060 1230 ad
1078 1210 1127 1229 vos
1143 1201 1212 1228 nihil
1230 1200 1375 1232 attinente.
1399 1200 1446 1227 sed
1475 1205 1524 1232 pro
1544 1198 1669 1224 libertate
1685 1196 1713 1223 in

932 1249 1039 1285 primis,
1055 1251 1084 1274 et
1108 1252 1335 1280 unumquemque
1350 1251 1399 1279 pro
1421 1243 1507 1278 patria
1531 1250 1579 1269 sua
1599 1240 1714 1268 dimica-

933 1301 1024 1324 turutn
1041 1294 1236 1323 existimatote.
1252 1292 1279 1319 Si
1296 1292 1369 1319 enim
1388 1291 1444 1321 hic.
1464 1295 1494 1316 ut
1506 1289 1586 1316 nobis
1601 1288 1714 1322 dignum

932 1347 984 1373 est,
1005 1344 1160 1377 pugnantes
1174 1346 1221 1366 eos
1240 1336 1480 1367 debellaverimus,
1495 1341 1594 1369 praeter
1609 1341 1640 1360 ca
1654 1339 1714 1367 quze

934 1388 1010 1421 prius
1031 1386 1082 1420 ipsi
1111 1384 1190 1411 nobis
1219 1383 1394 1410 abstulerunt
1421 1383 1600 1415 recuperata,
1632 1379 1715 1406 etiam

933 1437 1025 1460 nostra
1057 1430 1171 1465 regione
1196 1433 1254 1455 tuto
1283 1427 1408 1454 fruemur
1437 1426 1506 1461 (58).
1532 1425 1571 1451 Ad
1588 1424 1662 1456 haec,
1691 1422 1714 1449 si

934 1477 1043 1512 quidem
1058 1484 1109 1510 ego
1125 1482 1198 1501 nunc
1210 1473 1351 1501 vobiscum
1369 1480 1421 1499 una
1442 1471 1468 1498 in
1492 1471 1598 1497 hostem
1615 1476 1716 1504 pugna-

934 1531 1003 1556 rem,
1019 1523 1131 1550 daretur
1145 1520 1248 1548 imbelli
1273 1519 1356 1546 alicui
1384 1517 1502 1549 occasio,
1515 1517 1578 1543 dum
1597 1523 1626 1542 se
1637 1521 1716 1548 posse

935 1570 1019 1597 latere
1043 1567 1222 1595 existimaret.
1248 1564 1302 1591 Sed
1326 1563 1458 1598 quoniam
1489 1565 1567 1588 extra
1593 1559 1716 1594 pra-lium

935 1615 1039 1642 arbiter
1066 1618 1093 1640 et
1114 1611 1199 1647 judex
1227 1609 1386 1638 certaminis
1414 1615 1475 1635 sum
1492 1627 1498 1638 ,
1516 1606 1581 1633 licet
1602 1604 1718 1639 quisque

935 1667 1028 1688 secum
1045 1659 1158 1693 cogitet,
1187 1656 1208 1684 si
1236 1656 1350 1690 ignavus
1377 1654 1470 1685 fuerit,
1491 1660 1586 1687 poenas
1611 1651 1719 1677 debitas

935 1708 1088 1738 luiturum,
1107 1709 1236 1731 strenuos
1275 1706 1365 1728 autem
1395 1700 1507 1734 paribus
1544 1698 1635 1724 virtuti
1663 1705 1719 1723 sua:

936 1753 1056 1789 praemiis
1071 1752 1234 1778 honoratum
1250 1748 1293 1775 iri.
1308 1747 1361 1775 Sed
1375 1755 1428 1781 qua
1449 1746 1554 1773 ratione
1569 1753 1629 1772 cum
1655 1744 1720 1770 Bar-

936 1799 1011 1827 baris
1035 1805 1123 1833 pugna
1153 1795 1297 1831 pugnanda
1324 1794 1371 1825 sit,
1392 1793 1444 1828 ipsi
1462 1793 1543 1819 etiam
1563 1799 1577 1818 a
1601 1789 1719 1825 purritia

936 1843 1042 1871 bellicis
1055 1840 1200 1869 assuefacti
1226 1839 1356 1874 operibus
1379 1846 1432 1865 nou
1455 1837 1608 1870 ignoratis:
1629 1841 1720 1862 tamen

937 1888 1100 1916 admonebo.
1117 1886 1145 1914 Si
1163 1886 1214 1920 ipsi
1229 1886 1256 1912 in
1272 1885 1346 1911 acies
1364 1883 1505 1910 distributi
1525 1882 1648 1916 prmlium
1667 1881 1721 1907 ini-

938 1937 1015 1967 bunt,
1035 1941 1084 1961 nos
1104 1939 1212 1967 quoque
1237 1931 1295 1958 acie
1317 1929 1443 1956 ordinata
1467 1927 1521 1954 illis
1542 1933 1721 1954 occurramus

937 1987 1050 2008 necesse
1073 1983 1124 2005 est.
1147 1977 1215 2009 Quia
1233 1984 1308 2007 vero,
1325 1979 1456 2015 quaptum
1482 1972 1641 2007 conjectura
1658 1978 1722 2006 pro-

938 2027 1029 2057 video.
1049 2032 1102 2051 non
1116 2024 1226 2050 dextras
1249 2027 1405 2052 conserere,
1430 2019 1475 2046 sed
1498 2018 1588 2052 jacula
1612 2017 1721 2044 eminus

939 2078 1079 2107 spargere.
1094 2073 1122 2096 et
1135 2068 1180 2095 ubi
1195 2067 1222 2094 in
1239 2074 1288 2093 nos
1300 2064 1476 2095 incursarint.
1490 2066 1544 2090 non
1556 2062 1720 2093 subsistere.

939 2117 986 2145 sed
1001 2115 1034 2142 ad
1053 2115 1111 2141 loca
1126 2112 1269 2146 impedita.
1293 2107 1450 2144 ibidemque
1467 2109 1493 2136 iu
1506 2107 1615 2135 insidiis
1630 2106 1722 2133 subsi-

939 2164 1035 2191 dentes
1048 2160 1175 2194 refugere
1193 2158 1370 2186 meditantur.
1384 2161 1412 2183 et
1427 2163 1474 2182 vos
1490 2160 1565 2181 extra
1589 2153 1635 2180 teli
1655 2160 1722 2179 con-

937 2211 1039 2245 jectum
1052 2205 1122 2235 sitis.
1141 2204 1272 2238 lenteque
1293 2202 1409 2229 servatis
1425 2200 1572 2228 ordinibus
1589 2198 1722 2227 incedatis

942 2257 1060 2289 oportet.
1085 2250 1137 2278 Ubi
1166 2254 1256 2277 autem
1280 2248 1423 2283 propiores
1451 2246 1580 2279 fueritis,
1612 2252 1721 2273 clunem

726 2328 834 2359 Jacobi
852 2327 985 2358 Pontani
1004 2328 1103 2367 notae:

144 2390 200 2427 (ὕῖ)
217 2390 311 2418 Jovem
331 2390 483 2425 pollicitum
504 2396 576 2421 esse.
589 2396 605 2416 e
626 2389 753 2425 Trojanis
770 2388 891 2415 nascitu-

105 2435 154 2454 ros
174 2426 322 2456 Romanos.
759 2427 766 2431 ‘

142 2461 194 2493 Qui
211 2469 294 2492 mare,
315 2460 359 2494 qui
378 2465 463 2487 terras
476 2459 548 2485 omni
561 2459 660 2485 ditione
677 2462 805 2489 tenerent,

105 2507 146 2534 ait
164 2507 256 2534 Venus
272 2514 279 2533 ι
297 2506 405 2534 Αῖηείά.
417 2507 512 2533 Postea
524 2505 631 2539 Jupiter
644 2504 678 2531 de
689 2504 831 2537 Romanis,

108 2553 158 2580 llis
172 2561 218 2588 ego
236 2561 281 2579 nec
297 2557 379 2588 metas
391 2559 550 2588 rerumque
565 2555 786 2588 Iempora_pano:

107 2584 253 2619 Imperium
261 2589 317 2614 sine
329 2587 382 2621 fine
397 2587 466 2614 dedi.
489 2586 557 2618 Quin
569 2593 663 2619 aspera
675 2584 756 2616 Juno,

107 2622 174 2655 ραω
188 2631 261 2649 mare
272 2619 340 2649 nunc
367 2627 503 2656 terrasque
525 2625 605 2651 metu.
621 2622 765 2656 emittant/ae
782 2619 890 2654 fatigat,

107 2654 228 2684 Consilia
242 2659 269 2684 in
284 2657 378 2683 melius
397 2654 500 2690 referet;
516 2663 666 2689 mecumque
681 2654 776 2689 fovebit

108 2692 243 2718 Romanos
256 2700 344 2718 rerum
356 2692 485 2721 dominos,
497 2694 650 2724 gentemque
660 2695 790 2724 togatam.

107 2727 154 2754 Sic
166 2727 295 2761 placitum
309 2735 316 2753 :
333 2728 416 2753 ueniet
430 2725 521 2761 [nstris
539 2724 685 2761 labentibus
702 2729 766 2761 mtas
779 2744 784 2753 .

108 2759 175 2789 Cum
190 2763 281 2789 domus
294 2761 420 2788 Assaraci
435 2760 551 2792 Pthiam,
571 2760 709 2792 clarasque
721 2759 845 2793 Mycenas

108 2797 222 2824 Servilio
237 2801 348 2831 premet,
366 2804 397 2822 ac
414 2796 487 2821 victis
503 2795 680 2821 dominabitur
695 2796 782 2828 Argis.

108 2843 176 2869 Vide
194 2850 256 2875 quae
267 2841 294 2867 in
311 2840 442 2875 symbolis
456 2840 556 2867 nostris
567 2840 600 2866 ad
615 2840 688 2866 hunc
701 2839 790 2875 lorum
807 2839 892 2875 adno-

108 2873 240 2908 tavimus,
263 2877 290 2902 in
322 2873 424 2908 quibus
444 2875 486 2902 illa
500 2883 531 2902 ex
553 2875 684 2902 Cicerone
708 2873 826 2908 Philipp.
852 2874 889 2900 ὅτ

109 2912 163 2942 Nos
175 2912 309 2947 prim-ipes
329 2914 470 2942 terrarum,
492 2910 659 2945 tmniumque
682 2909 809 2944 gentium.
825 2909 890 2936 Phi-

907 2388 931 2418 D

945 2387 1009 2421 lipp.
1025 2385 1041 2412 6
1058 2393 1066 2413 z
1081 2383 1176 2421 Populi
1190 2382 1301 2421 [inmani
1314 2381 1723 2421 t-ictoris,.dont1'_aiqueomnium

943 2415 1076 2457 géiitiitm._
1086 2415 1148 2453 Ag'it
1159 2418 1242 2446 etiam
1257 2416 1497 2457 deluagui‘tudiue
1509 2415 1621 2456 liomani
1635 2415 1723 2457 impe-

943 2450 974 2483 rii
1008 2450 1167 2489 Appiaiius,
1199 2450 1359 2486 praafatione
1379 2450 1524 2489 Strategici
1562 2450 1722 2489 prmclare__:

941 2485 1075 2517 Romanos
1090 2496 1172 2522 neque
1187 2485 1244 2518 rex,
1263 2494 1347 2520 neque
1360 2487 1464 2516 rit-itas.
1481 2494 1563 2520 neque
1585 2493 1647 2519 gens
1667 2485 1722 2511 ulla

940 2525 1046 2557 imperii
1068 2522 1244 2557 amplitudine
1268 2522 1412 2556 superavit.
1430 2522 1486 2547 lmo
1499 2529 1544 2557 nec
1565 2524 1667 2546 tantum
1683 2525 1724 2546 al—

941 2555 1039 2594 (ἔπρεπε
1066 2555 1181 2594 unquam
1207 2557 1301 2591 patuit,
1326 2565 1373 2594 nec
1396 2561 1432 2582 tot
1449 2555 1605 2583 awcularum
1633 2560 1723 2582 relatu

941 2592 1096 2621 mansuram
1110 2592 1219 2625 ﬁrmare
1231 2592 1388 2626 potentiam.
1403 2598 1456 2617 etc.

981 2630 1037 2664 (58)
1060 2624 1266 2664 Detitostllcuica
1284 2627 1360 2664 plane
1381 2627 1531 2664 sententia.
1547 2633 1580 2664 ex
1595 2632 1611 2664 _I
1641 2624 1725 2664 ριξη-

948 2659 1047 2691 ιὴῖαετὶ.
1065 2662 1136 2696 Πρὸς
1161 2659 1201 2692 οἷς
1221 2659 1388 2695 ἀφῃρήμεθα
1403 2661 1534 2696 πρότερον
1556 2659 1601 2686 ὑπ’
1622 2659 1723 2696 αὐτῶν.

947 2700 992 2725 καὶ
1004 2699 1059 2732 ίτὴν
1074 2694 1156 2732 οὖσαν
1169 2694 1371 2732 καρπωσόμεθα
1385 2694 1596 2732 ῥιδεὼςξγειιοξιι
1626 2694 1722 2732 eadem

944 2728 1091 2765 sententia,
1121 2731 1175 2758 imo
1191 2728 1245 2758 tota
1267 2728 1354 2758 oratio
1380 2729 1539 2765 Olynthiaca
1561 2729 1614 2765 Villa
1637 2728 1723 2765 hodie

944 2739 1091 2765 sententia,
1121 2739 1175 2758 imo
1191 2739 1245 2758 tota
1267 2739 1354 2758 oratio
1380 2739 1410 2758 Ul
1424 2739 1539 2757 'ntmaca
1571 2739 1614 2756 ma
1637 2739 1720 2755 nocte

944 2776 1109 2803 magnopere
1127 2767 1160 2792 ad
1173 2766 1345 2803 Christianos
1357 2764 1384 2803 in
1397 2739 1513 2803 'I’urcam
1525 2763 1720 2803 exhortandus,

941 2810 968 2830 et
985 2799 1016 2830 ea
1042 2799 1106 2829 usus
1129 2805 1171 2827 est
1184 2801 1247 2827 olim
1271 2801 1305 2827 ad
1322 2800 1458 2832 verbum,
1481 2800 1507 2826 in
1529 2799 1625 2826 eodem
1642 2804 1722 2830 argu-

942 2837 1049 2868 mento'.
1066 2836 1189 2872 pauculis
1210 2842 1404 2872 nonnunquam
1428 2831 1460 2872 de
1488 2842 1538 2861 suo
1561 2831 1721 2872 ittterjcctiz,

940 2865 1086 2912 Bessarioh
1113 2870 1263 2900 cardiualis
1300 2865 1504 2898 eraditissimus
1542 2875 1573 2901 ac
1596 2865 1720 2895 celeber-

940 2916 1035 2935 rimus.
1162 2913 1166 2916 ”
