1922 3082
191 169 245 200 M7

770 166 935 197 JOANNIS
951 166 1214 197 CANTACUZENI

1774 163 1838 194 ita

192 223 371 251 acrimoniam
389 229 417 251 et
432 222 561 250 virtutem
587 221 671 250 animi
688 223 868 258 expromatis,
892 223 974 251 simul

1039 222 1064 253 υς
1080 222 1104 248 εἰ
1119 222 1169 255 μὲν
1184 221 1270 252 κακὸς
1280 219 1389 254 ὀφθείη,
1405 218 1610 254 κολασθήσεται
1624 220 1657 254 τῇ
1676 219 1838 254 πρεπούσῃ

193 269 311 303 spatium
340 269 367 295 in
395 267 486 295 medio
513 268 719 299 contrahentes.
745 276 779 295 ne
802 276 851 303 per
875 276 977 296 moram

193 314 255 340 telis
279 313 386 340 crebris
409 311 547 339 feriamini
566 320 573 339 :
595 312 677 339 simul
704 312 836 340 Barbaros
866 318 978 347 receptu

192 359 380 393 prohibentes,
407 358 488 393 213
506 363 531 384 et
556 358 631 392 ipsos
654 359 725 385 male
755 359 913 387 multantes.
938 359 979 387 Ne

191 411 272 439 porro
297 404 349 430 illis
381 403 549 438 fugientibus
582 404 662 431 valde
688 405 787 432 instate
821 404 889 440 (59),
910 413 979 433 neve

190 448 358 475 confidentia
383 449 459 480 elati,
483 449 510 475 in
533 449 681 477 discrimen
707 457 755 477 vos
775 450 914 485 conjicite,
931 451 978 478 sed

191 499 336 528 postquam
353 494 387 521 ad
402 493 511 522 triarios
528 502 576 521 seu
594 495 773 523 subsidiarios
785 503 882 523 eorum
898 505 979 525 vene-

191 539 262 571 ritis,
278 541 304 566 in
318 547 445 574 campum
473 541 655 572 revertimini,
675 542 847 577 servatisque
873 543 980 570 ordini-

190 587 252 616 bus,
282 592 330 612 cos
354 586 526 613 incursantes
556 587 728 621 propulsate.
753 586 801 614 llis
830 587 980 622 imperator

191 639 257 658 suos
273 632 409 663 hortatus.
425 637 454 659 et
468 640 482 659 a
499 633 554 660 Deo
570 633 701 660 auxilium
727 634 794 669 ipsis
821 635 980 662 victoriam-

191 684 244 710 quc
270 681 399 710 precatus
415 682 465 704 est.
491 677 542 710 Qui
564 678 684 705 vicissim
706 686 770 706 eum
791 678 926 712 venerati,
953 685 981 708 et

191 729 220 747 se
236 726 284 748 aut
300 722 416 749 honeste
439 722 562 750 victuros
578 729 625 750 aut
642 731 704 750 cum
729 724 810 752 laude
834 726 980 752 accubitu-

193 773 237 792 ros
259 766 315 799 (60)
337 767 464 801 professi,
490 767 621 802 signoque
642 767 731 794 crucis
757 768 892 795 obarmati
912 768 979 803 (61),

192 811 218 837 ἰιι
237 811 343 838 hostem
360 811 435 839 lento
450 819 531 846 passu
544 817 572 839 et
589 813 696 845 ordine,
714 813 870 841 Exotrocho
883 822 980 849 magno

193 859 375 886 hctaeriarcha
387 859 516 892 ducente,
544 859 741 894 procedebant.
766 859 897 887 Similiter
913 860 980 887 Bar-

194 904 251 930 bari
265 904 382 939 gradum
399 904 565 932 inferebant.
578 904 645 932 Cum
662 905 752 940 spatio
762 905 816 940 jam
832 902 978 939 distarent,

193 957 249 983 quo
274 950 358 977 telum
387 951 467 986 adjici
496 956 596 985 potest.
617 951 731 978 Romani
757 956 786 979 ut
815 953 979 987 imperatum

192 998 263 1026 erat,
281 994 412 1022 immissis
434 996 545 1030 penitus
570 995 686 1023 habenis
706 1003 787 1030 quam
805 998 939 1024 acerrime
954 998 981 1025 in

193 1040 289 1068 Pwrsas
304 1040 493 1070 incurrebant.
518 1040 560 1069 Illi
594 1042 755 1077 aliquandiu
790 1045 982 1078 persistentes,

194 1086 246 1114 tela
263 1087 290 1113 in
308 1087 448 1115 Romanos
462 1088 695 1123 contorquebant,
711 1094 854 1123 sperantes
879 1098 908 1117 se
924 1091 984 1118 illo-

194 1139 255 1157 rum
270 1132 411 1159 incursum
434 1133 471 1160 ita
500 1140 686 1168 reprcssuros.
713 1134 766 1162 Sed
784 1134 830 1162 ubi
847 1142 895 1162 eos
918 1143 983 1163 con-

194 1173 299 1203 stanter
315 1185 452 1211 premere,
470 1178 690 1214 sagittarumque
714 1186 829 1206 securos
841 1180 983 1214 viderunt,

183 1227 253 1255 ltum
269 1223 296 1249 in
313 1223 404 1258 fugam
420 1231 449 1251 se
461 1229 651 1259 penetrarunt,
670 1225 697 1252 in
713 1233 765 1260 qua
791 1225 903 1252 circiter
916 1234 984 1261 qua-

194 1267 320 1303 draginta
335 1269 515 1297 ceciderunt:
535 1270 631 1305 reliqui
649 1271 683 1298 ad
697 1263 841 1306 angustias
854 1272 981 1300 locorum

196 1319 224 1340 ct
239 1313 423 1342 subsidiarios
439 1320 514 1342 retro
538 1316 687 1343 collocatos
707 1321 908 1350 pervenerunt;
927 1317 983 1344 Ro-

196 1367 342 1386 manorum
365 1368 446 1388 nemo
472 1369 563 1396 neque
586 1362 734 1396 occubuit,
760 1368 850 1398 neque
885 1365 984 1392 vulnus

195 1405 317 1440 accepit;
334 1407 414 1440 pauci
431 1407 495 1441 equi
519 1408 700 1435 consauciati.
715 1408 854 1444 Regressi,
882 1409 909 1436 in
925 1410 983 1444 pla—

199 1451 266 1478 nitie
284 1459 393 1479 rursum
420 1453 537 1484 hostem,
551 1454 628 1488 quasi
648 1454 717 1481 intra
743 1462 869 1482 carceres
887 1461 985 1490 exspe-

195 1499 303 1523 ctantes
311 1497 504 1525 constiterunt.
518 1498 609 1526 Persae
619 1499 821 1534 aliquantisper
836 1501 906 1529 inter
918 1509 985 1530 suos

197 1542 305 1586 morati,
318 1542 443 1576 pluribus
458 1552 540 1578 quam
568 1546 745 1579 oppetierant
774 1547 931 1582 assumptis,
956 1549 984 1576 in
998 1556 1022 1586 ε

198 1585 335 1613 ltomanos
355 1587 447 1614 denuo
461 1588 574 1616 vadunt.
586 1589 639 1616 Sed
656 1586 708 1618 illis
725 1598 818 1624 parem
836 1593 920 1626 priori
936 1594 985 1620 im-

197 1636 290 1664 petum
316 1633 541 1668 alacritatemque
557 1635 762 1669 adhibentibus,
778 1637 874 1664 iterum
892 1639 982 1672 fugam

196 1677 343 1711 arripiunt,
367 1678 392 1705 in
412 1686 465 1713 qua
491 1679 601 1706 circiter
617 1681 726 1714 triginta
751 1682 870 1715 cadunt;
886 1683 986 1711 Roma-

198 1730 295 1749 norum
321 1723 413 1751 nullus
440 1724 622 1757 desideratus,
651 1733 701 1753 nec
735 1727 894 1755 vulneratus
919 1734 982 1761 est,

197 1769 334 1797 vulnerati
353 1774 442 1798 tamen
459 1771 522 1805 equi
543 1771 659 1806 aliquot.
684 1771 823 1800 Orchanes
838 1781 853 1801 e
875 1775 982 1802 tumulo

198 1821 263 1841 suos
273 1815 329 1850 jam
347 1815 390 1843 bis
404 1816 490 1844 vietos
504 1817 687 1852 conspiciens,
698 1818 806 1846 animos
820 1820 906 1852 addit,
925 1829 984 1849 ma-

199 1869 320 1895 numque
340 1862 510 1889 auxiliarium
528 1863 674 1890 submittit.
700 1864 851 1900 Imperator
877 1874 985 1902 quoque

198 1914 264 1934 suos
279 1907 313 1934 de
331 1908 553 1943 magnanimitate
568 1916 600 1937 ac
617 1909 779 1938 fortitudine
795 1913 987 1946 commendat;

198 1951 379 1987 hortaturque
392 1961 426 1981 ne
438 1954 503 1988 quid
519 1953 553 1981 de
570 1962 612 1988 ea,
627 1959 721 1990 utpote
735 1964 841 1991 semper
861 1957 989 1986 Barbaris

198 1998 358 2032 superiores
387 1999 486 2032 futuri,
513 1999 694 2034 deminuunt;
726 2002 865 2038 mittitque
894 2011 989 2031 contra

199 2043 260 2071 illot
299 2052 392 2078 parem
429 2045 548 2079 copiam.
573 2046 608 2074 Ut
638 2047 689 2074 sibi
720 2049 988 2084 appropinquarunt,

199 2090 291 2119 Persae
318 2090 410 2118 denuo
439 2091 533 2119 acrius
560 2093 708 2126 resistunt;
727 2094 774 2121 sed
801 2095 988 2122 Romanorum

1031 267 1129 302 ζημίᾳ.-
1143 268 1168 293 οἱ
1184 266 1212 293 δέ
1228 266 1328 299 ἀγαθοὶ
1346 265 1549 300 τιμηθήσονται
1560 265 1618 296 τοῖς
1633 266 1837 300 προσήκουσιν

1029 313 1121 344 ἄθλοις
1138 313 1188 347 τῆς
1202 314 1313 348 ἀρετῆς.
1330 311 1386 346 Τὴν
1403 311 1430 338 δὲ
1447 310 1614 346 συμπλοκὴν
1641 310 1740 337 ὁποίαν
1765 311 1837 338 τινὰ

1031 358 1084 393 χρὴ
1101 359 1239 384 ποιεῖσθαι
1256 357 1326 393 πρὸς
1337 357 1400 389 τοὺς
1422 356 1594 392 βαρϐάρους,
1609 356 1658 383 καὶ
1676 356 1759 383 αὐτοὶ
1777 357 1836 390 μὲν

1031 406 1087 431 (at:
1113 405 1146 432 ἐκ
1176 404 1281 435 παιδὸς,
1301 404 1443 438 πολεμίοις
1466 402 1561 437 ἔργοις
1584 402 1832 437 ἐντεθραμμένοι·

1030 450 1190 484 παραινέσω
1211 450 1241 477 δί
1263 450 1309 476 καὶ
1330 450 1422 480 αὑτός.
1447 449 1480 475 El
1509 448 1560 484 μὲν
1581 448 1636 482 γὰρ
1658 448 1835 482 τιταγμὲνοι

1031 498 1102 523 κατὰ
1121 496 1263 530 φάλαγγας
1281 496 1313 522 ἐκ
1329 496 1377 522 τοῦ
1390 495 1488 530 ὁμοίου
1510 494 1559 520 καὶ
1583 494 1660 520 αὐτοὶ
1686 494 1835 528 ἐμάχοντο

1032 543 1108 576 ἡμῖν,
1125 539 1159 576 ἦν
1168 542 1318 576 ἀναγκαῖον
1325 541 1373 568 καὶ
1389 541 1465 576 ἡμᾶς
1479 539 1531 575 τὴν
1541 539 1619 572 τάξιν
1633 539 1834 572 φυλάττοντας

1031 574 1124 617 αὺτοῖς
1137 574 1259 614 ἐπιέναι·
1281 574 1348 613 ’ἐπεὶ
1363 574 1405 618 δέξ
1432 585 1497 612 ὅσον
1515 584 1569 610 ἀπὸ
1590 584 1646 611 τῶν
1668 584 1834 618 γινομένων

1032 633 1106 659 ἐστιν
1120 633 1252 664 εἰκάζειν,
1261 633 1311 658 οὐκ
1324 632 1364 663 εἰς
1373 632 1469 666 χεῖρας
1479 631 1545 665 ὑμῖν
1561 629 1627 656 ἰέναι
1636 630 1832 662 διανοοῦνται,

1031 678 1088 706 ἀλλ’
1101 677 1213 705 ἄπωθέν
1227 685 1257 704 τε
1276 677 1396 712 βάλλειν,
1421 677 1470 703 καὶ
1488 676 1618 708 ἐπιόντας
1635 676 1686 710 οὺχ
1703 676 1831 710 ὑφίστα-

1033 723 1106 756 σθαι,
1125 724 1184 750 ἀλλ’
1201 724 1396 758 ύπαναχωρεῖν
1421 723 1492 756 πρὸς
1515 722 1566 753 τὰς
1586 722 1742 756 δυσχωρίας
1775 722 1832 748 καὶ

1032 771 1094 801 τοὺς
1106 772 1292 803 τεταγμένους
1317 770 1346 795 ἐν
1368 768 1475 800 αὑταῖς,
1491 768 1552 794 δέον
1565 768 1612 794 καὶ
1635 768 1719 802 ὑμᾶς,
1738 769 1830 802 μέχρι

1033 816 1082 849 μὲν
1101 814 1148 841 τοῦ
1162 817 1190 842 ἐν
1204 814 1308 849 ἐφικτῷ
1324 815 1378 841 τῶν
1391 814 1572 848 τοξευμάτων
1582 815 1718 848 γίνεσθαι.
1736 815 1828 848 σχολῇ

1033 860 1154 895 βαδίζειν
1164 861 1210 886 καὶ
1225 861 1413 894 τεταγμένως·
1429 859 1541 886 ἐπειδὰν
1552 859 1581 886 δέ
1592 859 1707 893 γένησθε
1724 860 1827 893 ἐγγὺς,

1031 906 1143 941 ὀξύτητι
1162 907 1236 942 πάσῃ
1260 905 1378 942 χρῆσθαι
1402 906 1449 932 καὶ
1469 904 1594 941 εὐψυχίᾳ.
1623 905 1702 939 ’Δμα
1723 905 1774 940 μὲν
1792 905 1830 931 τὸ

1034 952 1199 987 μεταίχμιον
1226 951 1425 987 συναιροῦντας
1452 951 1490 983 ὡς
1518 950 1551 978 ἂν
1579 951 1618 986 μὴ
1635 950 1705 977 κατὰ
1722 950 1830 985 σχολὴν
1860 962 1868 973 ι

1034 997 1167 1033 βάλλησθε
1187 999 1244 1029 τοῖς
1257 998 1350 1032 βέλεσι
1374 999 1491 1032 συχνοῖς,
1510 997 1569 1032 ἅμα
1593 995 1616 1023 δ’
1639 997 1683 1023 ἵνα
1699 997 1746 1023 καὶ
1771 997 1830 1031 τὴν

1033 1044 1210 1079 ἀναχώρησιν
1226 1044 1281 1071 τῶν
1292 1043 1437 1079 βαρϐάρων
1448 1044 1598 1077 φθάνοντες
1612 1043 1712 1074 αὐτοὺς
1725 1043 1828 1074 κακῶς

1034 1091 1141 1125 ποιῆτε.
1162 1091 1218 1125 Τὴν
1232 1089 1324 1122 δίωξιν
1341 1090 1369 1116 δὲ
1387 1089 1424 1124 μὴ
1438 1089 1553 1115 ἐπιπολὺ
1581 1089 1730 1116 ποιεῖσθαι·
1749 1089 1826 1125 μηδέ

1034 1135 1186 1171 θρασύτητι
1195 1136 1407 1172 ἐπαιρομένους,
1425 1136 1540 1167 ἑαυτοὺς
1550 1136 1590 1167 εις
1604 1136 1667 1166 τοὺς
1678 1136 1825 1168 κινδύνους

1035 1182 1170 1209 εἰσωθεῖψ
1188 1182 1248 1209 ἀλλ’
1263 1182 1374 1209 ἐπειδὰν
1391 1182 1422 1208 ἐν
1439 1182 1495 1213 τοῖς
1525 1182 1685 1212 ἐπιτάκτοις
1703 1180 1826 1216 γένησθε

1034 1227 1160 1258 ἐκείνοις,
1175 1227 1258 1253 πάλιν
1280 1226 1474 1260 ὑπαναχωρεῖν
1499 1224 1569 1259 πρὸς
1590 1224 1620 1250 τδ
1645 1224 1753 1257 πεδίον,
1770 1225 1826 1260 τὴν

1034 1271 1112 1303 τάξιν
1129 1279 1158 1297 τε
1180 1270 1339 1305 φυλάττειν,
1367 1270 1413 1296 καὶ
1431 1269 1558 1301 ἐπιόντας
1576 1269 1730 1303 ἀμύνεσθαι
1757 1270 1826 1302 τοὺς

1036 1316 1201 1351 βαρϐάρους.
1219 1315 1340 1342 Τοιαῦτα
1357 1315 1405 1350 μὲν
1422 1315 1436 1341 ὁ
1451 1315 1578 1350 βασιλεὺς
1595 1315 1824 1350 παρεκελεύσατο

1033 1361 1091 1390 τοῖς
1109 1359 1305 1394 στρατιώταις,
1322 1359 1380 1394 ἅμα
1412 1359 1459 1385 καὶ
1487 1358 1619 1394 βοήθειαν
1641 1359 1691 1394 τὴν
1715 1360 1746 1386 ἐκ
1770 1359 1822 1386 τοῦ

1034 1407 1201 1442 κρείττονος,
1228 1408 1276 1432 καὶ
1300 1405 1379 1440 νίκην
1401 1405 1587 1439 ἐπευξάμενος
1606 1405 1710 1436 αὐτοῖς.
1739 1405 1771 1432 Οἱ
1795 1406 1825 1433 δὲ

1036 1450 1278 1486 προσκυνήσαντές
1297 1456 1326 1476 τε
1340 1449 1464 1484 βασιλέα,
1483 1450 1530 1475 καὶ
1538 1448 1559 1483 ’ἦ
1578 1448 1670 1479 καλῶς
1687 1448 1822 1483 νικήσειν,

1036 1498 1053 1533 ἢ
1070 1496 1189 1528 εὐκλεῶς
1211 1496 1390 1531 τεθνήξεσθαι
1405 1494 1539 1527 εἰπόντες,
1558 1496 1668 1530 σταυρῷ
1692 1503 1722 1520 τε
1739 1495 1824 1521 καθο-

1037 1544 1182 1575 πλίσαντες
1199 1544 1325 1575 ἐαυτοὶς,
1352 1541 1474 1577 ἐχώρουν
1498 1541 1569 1567 κατὰ
1591 1540 1646 1567 τῶν
1676 1540 1824 1576 βαρϐάρων

1039 1591 1212 1625 τεταγμένως
1224 1589 1353 1616 καὶκατὰ
1369 1588 1479 1623 σχολήν.
1498 1587 1680 1622 Ἐστρατήγει
1691 1587 1719 1612 δέ
1733 1587 1825 1613 αὐτῶν

1044 1638 1209 1672 Ἐξώτροχος
1232 1638 1245 1663 6
1265 1635 1351 1670 μέγας
1377 1634 1582 1669 ὲταιρειάρχηςί
1601 1632 1775 1669 ἀντεπῄεσαν
1795 1633 1831 1671 δὲ,

1038 1684 1085 1710 καὶ
1099 1684 1124 1709 οἱ
1148 1683 1279 1718 βάρϐαροι
1307 1682 1399 1713 αὐτοῖς
1424 1680 1536 1716 ὁμοίως.
1569 1679 1679 1714 Ἐπειδή
1704 1679 1732 1706 δὲ
1754 1678 1825 1715 ἦσαν

1038 1729 1122 1762 ἐγγὺς
1136 1728 1261 1763 ἀλλήλων
1274 1728 1338 1754 ὅσον
1352 1726 1525 1762 ἐφικνεῖσθαι
1536 1726 1593 1756 τοῖς
1605 1725 1782 1760 τοξεύμασιν,
1800 1726 1825 1752 οι

1043 1775 1176 1809 Ῥωμαῖοι
1203 1774 1254 1808 μὲν
1318 1773 1412 1804 αὐτοῖς
1428 1772 1631 1806 προσετέτακτο
1652 1771 1720 1806 πρὸς
1746 1771 1825 1806 βασι-

1039 1819 1118 1852 λέως,
1144 1819 1222 1850 ὅλους
1244 1818 1355 1849 ἀνέντες
1385 1816 1524 1852 χαλινοὺς,
1554 1816 1616 1842 ὅσον
1646 1816 1711 1849 ἐνῆν
1741 1815 1825 1847 ὀξέως

1040 1866 1207 1900 ἐπεφέροντο
1223 1865 1279 1896 τοῖς
1297 1864 1428 1898 Πέρσαιςο
1443 1863 1468 1889 oi
1495 1861 1627 1898 βὰρὸαροι
1643 1862 1670 1888 δὲ
1687 1862 1824 1896 καρτερή-

1039 1920 1136 1942 σαντες
1153 1911 1203 1946 μέν
1220 1911 1267 1937 ἐπὶ
1296 1909 1404 1944 μικρὸν,
1427 1909 1475 1935 καὶ
1500 1908 1565 1944 βέλη
1589 1908 1661 1934 κατὰ
1686 1907 1740 1933 τῶν
1760 1907 1826 1934 Ῥω-

1039 1959 1128 1994 μαίων
1143 1957 1260 1992 ἀφέντες
1290 1956 1411 1992 οἰόμενοι
1436 1955 1522 1986 οὕτως
1547 1954 1582 1981 ἂν
1608 1953 1760 1989 ἀποτρέψαι
1775 1955 1824 1988 τῆς

1037 2004 1138 2039 ὁρμῆς,
1158 2003 1221 2030 ἐπεὶ
1238 2002 1332 2038 ἐώρων
1349 2002 1449 2033 αὐτοὺς
1465 2001 1608 2036 ἀτρέπτως
1626 2000 1754 2031 ἐπιόντας
1776 1999 1824 2025 καὶ

1038 2049 1098 2076 οὐδὲ
1123 2049 1202 2083 ὀλίγα
1231 2048 1428 2083 φροντίζοντας
1453 2047 1507 2073 τῶν
1534 2046 1645 2077 οἰστῶν,
1670 2046 1709 2077 εις
1737 2044 1824 2080 φυγὴν

1039 2096 1190 2131 ἐτράποντο
1207 2094 1299 2130 εὐθύς,
1331 2094 1376 2120 Ἑν
1404 2093 1433 2119 δὲ
1460 2093 1494 2128 τῇ
1522 2093 1595 2127 φυγῇ
1612 2091 1748 2119 ἀπέθανον
1762 2090 1824 2125 περὶ

835 2188 941 2218 Jacobi
962 2189 1093 2219 Pontani
1108 2191 1202 2220 nota).

238 2275 294 2309 (59)
314 2273 475 2301 Onosauder
501 2281 562 2308 cap.
591 2281 621 2306 ιι,
650 2273 771 2301 Hostium
803 2275 981 2308 discessiones,
1001 2277 1024 2305 ι)
1037 2282 1092 2302 non
1108 2274 1177 2309 vivit
1194 2273 1310 2301 honeste
1323 2294 1330 2304 .
1347 2281 1400 2301 nec
1419 2273 1464 2309 qui
1481 2281 1510 2300 se
1529 2273 1742 2309 timorerfractus
1754 2272 1820 2300 hosti

200 2310 303 2344 inquit,
319 2317 420 2341 semper
434 2313 562 2343 suspecta:
574 2329 580 2340 ,
598 2317 644 2335 nec
661 2317 777 2343 unquam
793 2318 890 2344 susque
902 2311 985 2344 deque

201 2345 339 2372 habenda'.
368 2344 399 2370 Et
429 2344 611 2379 considerandi
641 2345 726 2377 potius
750 2344 880 2373 locorum.
907 2353 985 2379 quam

202 2381 315 2407 hostium
336 2379 423 2411 situs;
444 2387 488 2405 nec
503 2378 589 2405 solum
606 2387 657 2414 qua
673 2379 715 2405 uia
730 2379 845 2406 ducatur
858 2381 986 2407 exercitus

204 2414 490 2447 prospiciendunt;sed
516 2414 596 2440 etiam
615 2418 642 2440 ut
666 2414 758 2440 cadent
786 2416 873 2440 reduci
895 2416 988 2447 passit,

203 2450 405 2484 prouidendum.
426 2449 459 2476 Et
474 2448 515 2475 uel
528 2450 614 2482 copias
627 2457 678 2475 non
695 2449 821 2475 immittat
833 2469 840 2479 .
862 2450 906 2475 sed
920 2458 990 2475 coer—

208 2489 269 2512 ceat
285 2493 316 2510 ac
330 2484 471 2517 reprimat,
484 2483 524 2510 uel
541 2485 563 2509 si
581 2484 709 2510 immittat
720 2503 727 2514 ,
744 2489 832 2510 caveat
851 2485 990 2519 diligmtter

202 2525 228 2547 et
243 2519 371 2546 montium
386 2520 525 2547 cacumina
536 2538 542 2547 .
559 2519 795 2553 angustiarumqu
810 2519 908 2552 fauces.
927 2520 991 2545 rtrli~

205 2556 252 2582 clis
268 2553 428 2584 custodibus,
445 2553 572 2587 occupari
587 2562 601 2579 a
618 2554 673 2580 suis
694 2558 779 2586 curet,
796 2559 824 2579 ut
841 2559 927 2580 tutum
942 2555 1004 2580 itar'

205 2590 332 2624 receptui
347 2593 496 2622 prmatetur.
528 2587 573 2614 Sic
588 2588 643 2614 ille.
673 2588 796 2624 Pyrrhus
819 2588 990 2624 Epirotarum

206 2632 254 2651 rex
287 2623 436 2657 praecepit,
458 2631 513 2650 non
539 2630 601 2649 esse
625 2623 804 2656 pertinaciter
835 2623 992 2650 instandum

205 2659 280 2686 busti
296 2658 411 2693 fugienti
424 2667 431 2691 ;
446 2666 501 2685 non
518 2659 608 2684 solum
625 2665 659 2684 nc
672 2659 769 2685 t‘ortius
783 2666 815 2685 ex
830 2658 993 2685 necessitate

206 2695 336 2726 resistat,
353 2693 400 2720 sed
416 2698 446 2720 ut
463 2697 558 2728 postea
574 2699 683 2728 quoque
700 2693 809 2728 facilius
823 2693 881 2719 acie
899 2693 993 2723 cedat,

207 2735 283 2756 ratus
296 2750 303 2762 ,
327 2736 382 2756 non
396 2726 483 2763 usque
498 2728 531 2754 ad
548 2726 696 2762 perniciem
715 2727 884 2762 fugientibus
907 2727 992 2755 iusta-

206 2770 284 2792 turns
300 2764 371 2791 victu
377 2771 430 2790 res.

244 2799 300 2832 (60)
321 2799 399 2832 Quod
414 2798 589 2833 profitentur,
601 2805 629 2824 se
641 2797 757 2824 honeste
774 2798 907 2827 victuros,
923 2796 994 2823 indi-

205 2841 270 2861 cant
281 2855 288 2864 ,
307 2842 360 2861 non
376 2833 522 2869 fugituros,
545 2837 572 2860 ct
588 2833 695 2869 hostem
712 2837 889 2869 superaturos
902 2833 994 2869 potius

207 2877 290 2903 quam
308 2877 336 2897 se
366 2867 574 2897 illi'delituros.
592 2868 658 2896 Nam
683 2868 729 2902 qui
746 2874 758 2894 ι
781 2867 874 2903 ιπωιῐυ
906 2867 993 2902 ίί¹ὃῖιν

1038 2309 1126 2336 dedit.
1153 2308 1281 2336 lnstituto
1300 2309 1413 2342 quidem
1446 2308 1716 2335 Lacedmmoniorum
1729 2327 1737 2340 ,
1755 2309 1822 2341 apud

1037 2351 1107 2378 quos
1135 2347 1182 2370 aut
1217 2344 1327 2370 vincere
1358 2343 1523 2377 oportebat,
1562 2347 1610 2370 aut
1636 2342 1729 2378 mori,
1758 2342 1822 2369 nihil

1037 2377 1154 2406 dabatur
1181 2378 1303 2404 tertium.
1332 2378 1602 2404 Lacedaemoniorum
1635 2377 1718 2412 igitur
1748 2377 1825 2411 spiri-

1038 2419 1082 2442 tus
1106 2419 1134 2440 et
1157 2413 1263 2440 animos
1289 2413 1389 2439 milites
1403 2413 1446 2439 isti
1463 2413 1605 2447 gerebant.

1078 2448 1133 2483 461)
1150 2447 1312 2474 Christianae
1324 2446 1494 2483 pietatisest.
1505 2446 1638 2483 omniain
1650 2446 1761 2473 nomine
1778 2446 1823 2473 Do-

1040 2481 1163 2515 mini,’et
1179 2486 1241 2508 c'um
1261 2483 1361 2509 fiducia
1378 2482 1497 2509 caelestis
1511 2482 1604 2508 auxilii
1619 2481 1709 2508 facere
1723 2489 1730 2507 :
1749 2482 1822 2515 cujus

1041 2518 1190 2545 voluntatis
1207 2525 1239 2544 ac
1261 2517 1318 2551 spei
1335 2517 1443 2550 signum
1453 2521 1504 2547 est,
1518 2516 1664 2543 formatum
1685 2517 1711 2542 in
1723 2515 1820 2546 fronte.

1041 2558 1090 2580 aut
1106 2553 1132 2578 in
1152 2559 1216 2578 aere
1228 2556 1292 2578 ante
1310 2559 1361 2578 nos
1375 2559 1503 2585 expressa
1519 2559 1600 2577 manu
1617 2556 1717 2577 sancta:
1737 2551 1821 2577 crucis

1042 2588 1148 2622 figura:
1165 2595 1214 2621 per
1243 2594 1325 2622 quam
1341 2586 1410 2622 bona
1427 2586 1530 2617 omnia,
1546 2589 1574 2612 et
1596 2585 1672 2622 salus
1687 2585 1766 2622 nobis
1774 2593 1822 2622 per

1042 2620 1146 2649 Filium
1165 2620 1180 2648 a
1208 2622 1261 2649 Deo
1276 2621 1356 2648 Patre
1382 2621 1528 2655 impetrata
1553 2625 1606 2648 cst.
1629 2620 1719 2647 Credo
1743 2620 1820 2647 etiam

1045 2658 1097 2684 hos
1124 2657 1226 2683 milites
1250 2655 1336 2682 fuisse
1362 2663 1498 2682 memores
1516 2655 1608 2685 illius,
1636 2655 1709 2688 quod
1727 2655 1754 2680 io
1773 2655 1820 2681 vita

1044 2691 1215 2720 Constantini
1235 2690 1350 2725 legimus
1363 2710 1371 2723 ,
1395 2690 1425 2717 In
1438 2691 1485 2716 hoc
1504 2698 1579 2724 signa
1602 2691 1699 2725 vinces.
1717 2689 1821 2725 suntet

1044 2727 1097 2754 alia
1113 2727 1247 2759 exempla,
1266 2724 1294 2752 ct
1308 2733 1393 2752 unum
1412 2725 1518 2752 illustre
1534 2724 1621 2751 sancti
1638 2724 1746 2750 Martini
1757 2743 1764 2755 .
1781 2724 1820 2751 cui

1046 2769 1108 2788 cum
1126 2761 1257 2787 timiditas
1281 2761 1459 2794 obiiceretur,
1476 2764 1587 2794 propter
1609 2767 1689 2793 quam
1717 2759 1820 2786 missio-

1047 2804 1109 2823 nem
1125 2800 1240 2828 peteret,
1259 2791 1326 2830 Ego,
1337 2791 1436 2829 inquit
1449 2815 1456 2826 ,
1474 2791 1547 2829 signa
1564 2791 1658 2824 crucia,
1671 2802 1724 2820 non
1739 2794 1820 2830 clypeo

1049 2835 1179 2864 protectus
1194 2851 1201 2860 ,
1236 2828 1291 2856 aut
1310 2828 1399 2864 galea,
1425 2828 1537 2856 hostium
1563 2837 1657 2856 cuneos
1687 2828 1820 2864 penetral»)

1049 2874 1164 2893 securus.
1183 2865 1325 2900 Sulpitius,
1343 2865 1370 2892 in
1387 2865 1446 2900 ejus
1466 2864 1535 2892 Vita.
