1922 3082
95 126 152 157 453

675 127 940 157 HISTORMRUM
963 127 1078 156 LIBER
1100 127 1138 158 ll.

1663 130 1717 162 454

95 189 141 211 τες
154 180 200 206 τοῖ
213 179 318 210 δέοντος
332 180 432 215 μᾶλλον
443 179 619 215 φιλοπόλεμοι
632 181 678 207 καὶ
688 180 881 215 φιλοκερδεῖς).

935 179 978 206 illa
994 180 1053 208 loca
1066 181 1232 213 deserentes,
1246 181 1274 208 in
1287 181 1399 216 planitie
1414 183 1561 218 conﬂigere
1575 174 1718 214 nobisciim

102 225 215 251 Ἐπειδῦ
229 226 256 252 δὲ
272 226 334 252 ὅσον
348 226 425 253 οῠπω
435 226 482 252 καὶ
496 227 509 252 ὁ
523 226 598 261 ἥλιός
613 228 671 253 ἐστι
685 226 753 260 πρδς
768 225 883 260 δυσμάς,

95 271 211 305 ἄριστον
228 269 299 297 εἷναί
316 281 360 307 μοι
373 272 458 304 δοκεῖ,
479 273 519 303 είς
541 273 570 298 τὸ
593 272 773 308 στρατόπεδον
794 272 886 298 ἐλθόν-

96 326 160 349 τας,
185 318 348 344 αὐλίσασθαι
370 318 419 352 τὴν
434 318 530 350 νύκτα,
553 319 600 345 καὶ
623 319 652 350 ὲς
665 318 714 353 τὴν
738 318 884 352 ὑστεραίαν

96 363 159 397 ἅμα
176 363 249 398 πρωῒ
263 365 296 390 τά
311 363 382 390 ὅπλα
397 363 520 399 ἔχοντας,
534 364 709 399 τεταγμένως
721 364 770 399 τὴν
788 366 816 396 ὲς
833 365 885 390 Βυ-

97 409 208 439 ζάντιον
224 409 303 435 ἰέναι.
322 408 382 439 Κᾶν
398 409 449 443 μὲν
465 409 491 436 οἱ
508 409 642 445 βάρϐαροι
663 410 711 444 τῆς
731 410 885 444 δυσχωρίας

97 454 271 485 ἀποστάντες
286 454 334 480 ἐπὶ
344 453 392 480 τοῦ
405 455 497 481 πεδίου
511 455 660 490 ἐθελήσωσι
671 455 884 489 διαγωνίσασθαι

98 499 169 532 πρὸς
192 499 277 532 ἡμᾶς,
303 497 366 533 Θεῷ
382 499 497 534 μελήσει
515 498 564 533 τὴν
589 500 668 535 νίκην
687 501 827 534 ὁποτέροις
852 500 885 526 ἂν

96 543 247 577 παράσχοι.
266 543 316 569 Ἂν
330 543 353 569 δ’
370 543 418 570 ἐπὶ
429 543 476 569 τοῦ
489 543 571 577 λόφου
593 543 731 579 μέιοντες,
745 544 885 578 ἀπόσχων-

96 597 143 614 ται
158 588 207 622 τῆς
224 588 313 623 μάχης
327 585 359 623 (ᾧ
374 588 420 615 καί
444 596 492 623 μοι
508 588 607 622 μᾶλλον
623 582 712 615 ἔπεισι
727 589 884 620 πείθεσθαι,

96 633 136 664 ὡς
152 634 196 660 διὰ
215 633 308 660 πεδίου
334 634 470 669 μέλλομεν
485 635 553 661 ἰέναι
568 634 774 670 ἐνθυμουμένῳ)
789 656 796 667 ,
814 636 884 670 μετὰ

98 679 240 714 βελτίστου
256 679 303 706 τοῦ
325 680 466 715 σχήματος
487 681 504 715 ἡ
519 680 648 712 ἐπάνοδος
669 681 791 708 κείσεται
806 682 884 717 ἡμῖν,

97 725 296 761 ἀμφοτέρωθεν
313 725 406 760 έχουσι
421 726 469 761 τὴν
480 726 573 761 νίκην,
590 727 622 753 ἐκ
634 735 664 753 τε
683 723 720 754 ὧν
738 729 770 762 τῇ
789 736 885 762 προτε-

99 772 167 807 ραίᾳ
180 772 383 806 ἀγωνισάμενοι
398 772 429 798 τδ
450 772 531 799 πλέον
547 773 665 808 ἔσχομεν
678 773 778 804 αὐτῶν,
791 774 839 800 καὶ
854 773 884 806 ἐξ

96 813 136 842 ὦν
153 816 193 846 είς
215 815 265 850 τὴν
278 815 425 850 ὑστεραίαν
450 816 527 842 αὐτοὶ
543 816 593 851 μὲν
617 817 689 852 ἔργῳ
712 818 883 851 προύκαλού-

99 861 172 896 μεθα
198 861 237 892 είς
252 861 353 896 μάχην·
377 862 477 888 ικεῖνοι
496 862 519 888 δ’
542 862 592 888 οὐκ
612 862 762 898 ἀξιόχρεως
784 864 882 896 αὐτοὺς

92 906 269 940 νομίζοντες,
284 905 396 941 ἔμειναν
415 907 532 939 ἑστῶτες
549 907 596 934 ἐπὶ
610 908 664 934 τῶν
684 909 880 944 ὀχυρωμάτων.

97 951 218 978 Τοιαῦτα
232 950 279 977 τοῦ
297 951 416 985 μεγάλου
431 951 590 985 δομεστίκου
614 952 831 988 βουλευσαμένου
845 975 853 988 ,
869 955 882 981 ὃ

97 1005 128 1023 τε
145 996 271 1031 βασιλεὺς
283 996 406 1023 ἐπείθετο
422 997 533 1030 αὐτίκα,
550 999 597 1024 καὶ
612 999 668 1030 τοῖς
681 999 769 1030 ἄλλοις
785 1000 883 1035 ἄριστα

99 1042 200 1068 ἐδόκει.
215 1042 332 1068 Καὶτῶν
346 1043 467 1077 σημείων
479 1043 618 1078 ἀρθέντων
629 1044 686 1079 ἅμα
701 1045 747 1072 καὶ
761 1045 810 1080 τῆς
822 1045 883 1072 σάλ-

99 1095 200 1121 πιγγος
212 1087 355 1119 ἀνάζευξιν
374 1088 548 1124 σημηνάσης,
566 1089 634 1124 πρὸς
654 1090 684 1116 τὸ
703 1091 882 1125 στρατόπεδον

100 1132 235 1168 ιχώρουν,
262 1134 461 1166 παιωνίσαντες
486 1134 524 1166 ὡς
547 1135 594 1161 ἐπὶ
618 1135 692 1170 νίκῃ.
706 1135 836 1171 Ὀρχάνης
853 1136 882 1163 δὲ

100 1180 182 1210 αὐτὸς
198 1180 250 1212 μὲν
264 1180 371 1215 ἔμεινεν
385 1181 431 1207 ἐπὶ
449 1180 494 1207 τοῦ
510 1180 591 1215 λόφου
608 1181 638 1208 τὸ
651 1181 719 1209 πολὺ
736 1182 785 1217 τῆς
802 1191 884 1218 στρα-

100 1225 163 1256 τιᾶς
179 1225 257 1259 ἔχων,
285 1226 368 1260 μέρος
382 1226 411 1252 δέ
431 1235 457 1252 τι
481 1226 604 1262 πέμψας,
628 1227 800 1262 παρέπεσθαι
824 1229 884 1255 ἐκέ-

99 1270 182 1297 λευσε
202 1270 347 1305 Ῥωμαίοις
363 1271 427 1306 ἄχρι
439 1273 631 1307 στρατοπέδου.
651 1273 698 1300 Ἐκ
711 1273 739 1299 δὲ
751 1273 801 1309 τῆς
817 1273 883 1300 Ῥω-

102 1315 193 1350 μαίων
206 1317 335 1351 στρατιᾶς
345 1317 369 1342 oi
384 1317 502 1351 μάλιστα
513 1318 644 1352 ἡϐῶντες,
661 1318 691 1345 οὐ
706 1318 760 1354 τῶν
774 1319 881 1353 εὐγενε-

102 1361 207 1396 στέρων
223 1362 315 1396 μόνον⁹
339 1362 406 1388 ἀλλά
422 1363 469 1389 καὶ
490 1363 542 1398 τῆς
557 1363 641 1397 ἄλλης
664 1366 805 1398 στρατιᾶς,
820 1366 882 1397 τοὺς

101 1407 213 1441 Πέρσας
239 1406 329 1439 αὐτοῖς
354 1408 471 1443 ὁρῶντες
493 1409 657 1444 ἑπομένους,
682 1407 727 1436 οἷα
753 1411 807 1436 νέοι
835 1411 883 1438 καὶ

100 1452 282 1480 δυσκάθεκτοι
298 1455 359 1485 ταῖς
374 1455 484 1489 ὁρμαῖς,
503 1455 558 1481 τῶν
574 1455 678 1488 τάξεων
695 1455 814 1488 ἐξιόντες
828 1458 882 1484 τῶν

102 1498 253 1533 σφετέρων,
279 1499 456 1526 ὑπελείποντο
470 1500 567 1535 ὀπίσω,
584 1502 631 1528 καὶ
658 1503 714 1533 τοῖς
734 1501 882 1538 βαρϐάροις
896 1515 917 1543 C

101 1543 298 1571 συνεπλέκοντο
320 1544 349 1576 ἐξ
373 1545 486 1579 ἐφόδων.
521 1546 550 1572 '0
575 1547 662 1581 μέγας
677 1547 705 1573 δὲ
720 1547 880 1582 δομέστικος

100 1591 151 1625 τήν
173 1599 203 1617 τε
219 1592 348 1626 ἀκαιρίαν
371 1590 543 1623 ὑποπτεύων,
566 1591 617 1627 ’ήδη
632 1591 687 1626 γάρ
712 1591 761 1627 ὀψὲ
775 1589 818 1627 ἦν,
834 1592 882 1618 καὶ

100 1637 196 1668 δεδιὼς
211 1637 275 1672 περὶ
290 1637 345 1669 τοῖς
360 1638 541 1672 στρατιώταις
558 1637 598 1672 μὴ
613 1646 639 1664 τι
655 1639 712 1670 τοῖς
732 1638 881 1673 βαρϐάροις

100 1683 278 1718 κακουργηθῇ
304 1683 368 1718 περὶ
393 1683 503 1716 αὐτοὺς,
519 1682 606 1715 ἄλλως
629 1691 658 1715 τε
680 1684 726 1710 καὶ
747 1683 781 1710 δι’
796 1684 881 1719 ὀργῆς

100 1729 202 1759 αὐτοὺς
224 1728 384 1763 ποιούμενος
399 1729 441 1755 δτι
455 1729 524 1764 μήτε
541 1729 674 1764 βασιλέως
696 1729 880 1765 προστεταχό-

99 1782 157 1806 τος,
172 1773 236 1809 μήτ’
255 1773 350 1806 αὑτοῦ,
371 1775 421 1807 τῆς
432 1773 577 1809 Ῥωμαίων
601 1774 748 1808 συμπάσης
763 1783 882 1809 στρατη-

99 1819 213 1854 γοῦντος
229 1820 369 1854 στρατιᾶς,
390 1819 526 1851 ἀτάκτως,
547 1820 596 1846 καὶ
609 1819 780 1855 συνθήματος
796 1819 881 1854 χωρὶς

99 1867 157 1897 τοῖς
170 1865 320 1899 βαρϐάροις
337 1865 540 1900 συμπλέκονται
553 1865 708 1899 λειπόμενοι
721 1865 820 1897 ὀπίσω,
831 1866 881 1900 τὴν

101 1910 152 1945 μὲν
177 1909 297 1944 σημαίαν
317 1909 364 1935 καὶ
387 1909 417 1935 τὸ
432 1909 526 1944 τάγμα
548 1909 578 1936 τὸ
601 1909 647 1936 ὑπ’
660 1910 742 1936 αὑτδν
764 1910 805 1936 ἐνὶ
826 1911 881 1935 τῶν

100 1948 383 1988 ὑποστρατηγούντων
405 1952 480 1987 αὐτῷ
502 1953 649 1988 παραδοὺς,
666 1953 707 1984 είς
720 1953 750 1980 τὸ
770 1953 881 1989 στρατό-

99 1999 182 2025 πεδον
192 1998 302 2025 ἐκέλευε
318 1999 429 2033 χωρεῑνθ
442 1998 524 2030 αὐτὸς
537 1998 565 2025 δὲ
579 1998 685 2032 ὀλίγους
698 1998 813 2032 λογάδας
829 2003 881 2024 πά-

100 2044 240 2079 ραλαϐὼν,
262 2044 361 2080 ἐχώρει
386 2044 455 2079 πρὸς
475 2045 539 2076 τοὺς
561 2044 731 2080 μαχομένους
745 2045 801 2076 τοῖς
817 2044 882 2079 βαρ-

100 2089 207 2124 ϐἀροις,
223 2089 282 2124 ἅμα
301 2089 350 2123 μὲν
364 2089 413 2124 τῆς
438 2089 527 2124 μάχης
554 2090 727 2124 ἀποστήσων,
743 2090 790 2116 καὶ
810 2088 881 2121 ἄξων

99 2135 163 2169 μεθ’
183 2135 281 2161 ἑαυτοῦ
295 2133 364 2169 πρὸς
389 2135 439 2169 τὴν
464 2135 605 2170 στρατιάν,
622 2135 680 2169 ἃμα
698 2135 725 2161 δὲ
741 2135 790 2162 καὶ
802 2134 880 2169 δίκην

934 223 1082 254 voluerint,
1100 224 1156 251 Deo
1168 233 1239 252 cum-
1251 226 1314 257 erit,
1329 227 1399 254 utris
1410 227 1552 255 violeriam
1571 229 1716 264 largiatur.

934 268 981 295 Sin
1001 273 1133 296 restantes
1152 271 1178 297 in
1205 272 1326 302 tumulis,
1343 280 1459 307 pugnam
1472 273 1715 302 reformidaverint

935 313 1017 348 (quod
1032 315 1116 348 magis
1128 316 1249 343 futurum
1263 317 1358 348 credo,
1372 318 1426 352 jam
1443 319 1579 346 incessum
1594 326 1718 348 nostrum

935 367 983 394 per
1001 367 1127 394 campum
1144 361 1310 396 cogitatione
1334 364 1515 399 concipiens),
1538 366 1620 401 216
1633 367 1718 394 hone-

934 404 1051 432 stissima
1066 406 1145 432 nobis
1161 406 1325 440 relinquitur
1339 409 1471 440 reversio,
1494 410 1624 445 utrinque
1640 413 1716 439 scili-

934 453 978 476 cet
1007 450 1155 477 victoribus
1180 459 1187 477 :
1217 456 1273 478 tum
1293 452 1367 487 quod
1384 453 1512 481 hesterna
1535 455 1594 483 luce
1617 465 1716 485 manus

934 503 996 523 cum
1024 495 1091 530 ipsis
1112 503 1291 525 conserentes
1314 498 1474 533 vicerimus,
1504 505 1560 528 tum
1580 503 1652 536 quod
1670 511 1718 536 po-

935 541 1030 568 stridie
1043 541 1076 568 ad
1092 546 1232 568 certamen
1249 550 1296 569 eos
1311 546 1562 578 provocaverimus,
1587 547 1624 573 illi
1648 555 1712 574 vero

934 594 963 613 se
978 587 1096 621 intpares
1122 587 1288 622 jndicantes,
1311 589 1337 615 in
1361 590 1414 617 illis
1438 590 1559 618 locorum
1587 593 1715 620 claustris

936 631 1042 659 haerere
1056 634 1235 666 perrexerint.
1253 633 1322 661 lluie
1338 635 1608 670 consilioimperatnr
1624 638 1715 665 statim

934 675 1071 708 assensit,
1097 677 1244 711 ceterique
1272 682 1302 704 ut
1325 678 1458 712 optimum
1484 680 1602 714 amplexi
1633 687 1714 715 sunt;

934 720 1106 755 sublatisque
1122 721 1220 756 signis,
1238 729 1299 748 cum
1322 724 1393 750 tub.e
1409 724 1536 759 clangore
1560 726 1587 753 in
1613 732 1714 759 castra,

934 764 1104 798 triumphum
1139 770 1270 793 canentes
1299 767 1450 795 redierunt.
1484 768 1624 798 Orchanes
1653 779 1715 798 eum

934 818 1049 844 corpore
1066 811 1204 838 exercitus
1223 814 1250 838 in
1280 812 1397 840 collibus
1422 815 1584 847 subsistens,
1609 823 1714 850 partem

935 856 1054 890 aliquam
1087 856 1202 888 dimisit,
1229 865 1290 892 quae
1312 858 1451 886 Romanos
1471 868 1557 894 usque
1572 861 1604 888 ad
1625 867 1715 890 castra

935 901 1128 930 insectaretur.
1151 902 1190 929 Ex
1209 903 1340 930 Romanis
1363 909 1453 931 autem
1479 907 1525 940 qui
1540 903 1620 935 actate
1638 909 1715 943 vige-

933 947 996 974 bant
1014 947 1140 980 maxime,
1156 956 1210 975 non
1228 948 1261 975 de
1276 949 1463 977 nobilioribus
1479 951 1569 984 modo,
1587 960 1634 980 seu
1653 962 1714 988 gre-

933 993 1017 1027 gariis
1041 994 1135 1025 etiam,
1151 994 1248 1022 Persas
1263 996 1341 1030 sequi
1359 997 1572 1031 conspicientes.
1589 1005 1619 1026 ut
1632 1000 1712 1035 juve-

934 1045 982 1064 nes
997 1043 1024 1064 et
1041 1038 1205 1073 impotentes
1220 1040 1315 1073 animi,
1334 1040 1479 1069 ordinibus
1493 1043 1620 1075 desertis,
1636 1049 1710 1071 retro

933 1090 966 1109 ex
994 1083 1092 1111 itinere
1115 1092 1179 1111 cum
1204 1085 1238 1113 iis
1254 1087 1465 1113 concurrebant.
1487 1087 1522 1114 At
1535 1096 1647 1123 magnus
1661 1090 1712 1116 do-

934 1129 1074 1161 mesticus,
1090 1130 1126 1157 ob
1153 1134 1259 1164 tempus
1286 1132 1488 1159 incommodum
1512 1133 1615 1168 (serum
1640 1135 1712 1162 enim

935 1173 991 1200 diei
1016 1175 1086 1208 erat)
1105 1175 1268 1207 formidans,
1291 1184 1326 1204 ne
1350 1177 1415 1211 quid
1441 1178 1541 1204 milites
1557 1186 1571 1205 a
1587 1179 1714 1207 Barbaris

933 1219 1089 1253 act-iperent
1115 1220 1193 1253 mali,
1211 1221 1297 1248 iratus
1309 1222 1431 1256 insuper,
1448 1223 1519 1257 quod
1532 1231 1618 1258 neque
1631 1225 1715 1259 impc-

934 1266 1046 1298 ratoris,
1059 1273 1147 1300 neque
1163 1273 1223 1298 sua,
1240 1266 1286 1301 qui
1299 1271 1385 1294 totum
1401 1268 1552 1296 Romanum
1565 1271 1713 1298 exercitum

933 1310 1056 1344 duceret,
1080 1312 1254 1346 auct0ritate,
1271 1313 1385 1342 confuse
1408 1319 1435 1341 et
1451 1315 1632 1351 incomposite
1651 1326 1712 1345 cum

934 1356 1062 1385 Barbaris
1090 1363 1164 1385 retro
1186 1358 1366 1387 subsistentes
1391 1360 1572 1394 dimicarent,
1586 1363 1713 1390 vexillum

933 1408 960 1430 et
986 1411 1082 1439 agmen
1110 1412 1189 1431 suum
1216 1405 1263 1432 uni
1283 1405 1334 1432 sub
1359 1413 1388 1433 se
1414 1406 1515 1434 ducum
1541 1408 1662 1440 tradens,
1686 1409 1713 1436 in

933 1453 1022 1476 castra
1039 1454 1068 1476 ut
1082 1454 1207 1485 pergeret
1222 1450 1379 1482 mandavit;
1404 1451 1463 1486 ipse
1477 1460 1537 1479 eum
1551 1455 1646 1488 paucis
1663 1455 1712 1481 de-

934 1493 1011 1521 lectis
1025 1494 1058 1521 ad
1075 1502 1123 1522 eos
1137 1495 1183 1529 qui
1200 1502 1262 1521 cuin
1286 1495 1414 1523 Barbaris
1437 1497 1594 1531 pugnabunt
1611 1506 1712 1534 prope-

935 1540 1014 1573 ravit,
1042 1546 1068 1568 et
1085 1545 1114 1567 ut
1137 1545 1226 1575 coepto
1250 1546 1392 1569 revocatos
1409 1549 1501 1569 secum
1519 1543 1552 1570 ad
1575 1544 1711 1579 reliquum

934 1586 1084 1613 exercitum
1107 1587 1263 1619 reduceret,
1284 1590 1312 1614 et
1334 1592 1363 1614 ut
1386 1595 1494 1622 pcenam
1518 1589 1645 1617 ordinum
1667 1591 1715 1618 de-

935 1631 1088 1659 sertoribus
1110 1632 1231 1660 debitam
1261 1633 1425 1668 imponeret.
1455 1635 1554 1662 Eadem
1585 1637 1713 1671 cogitatio

934 1675 1109 1711 imperatoris
1129 1677 1190 1710 fuit,
1208 1678 1269 1712 qui,
1287 1686 1353 1706 suas
1363 1679 1490 1707 cohortes
1503 1685 1532 1707 et
1544 1681 1650 1716 signum
1664 1683 1715 1709 im-

934 1721 1037 1756 periale
1064 1722 1181 1750 Manueli
1209 1723 1303 1756 Asani,
1320 1724 1469 1752 Andronici
1497 1726 1573 1760 lilio,
1597 1733 1714 1763 cognato

934 1775 985 1794 suo
995 1767 1050 1802 (65)
1066 1768 1252 1800 committens,
1266 1773 1293 1796 et
1307 1769 1334 1796 in
1352 1775 1440 1798 castra
1457 1771 1712 1808 abducerejubens,

935 1813 993 1847 ipse
1006 1813 1131 1840 similiter
1145 1821 1205 1840 cum
1223 1814 1334 1842 selectis
1352 1815 1458 1850 aliquot
1473 1820 1547 1844 retro
1561 1819 1709 1846 concessit.

935 1859 972 1885 Ita
989 1860 1112 1893 contigit,
1128 1864 1158 1886 ut
1170 1860 1240 1887 alter
1258 1860 1286 1887 in
1304 1860 1420 1888 alterum
1437 1861 1581 1894 incideret,
1597 1868 1625 1891 et
1636 1871 1713 1891 eam-

934 1904 996 1931 dem
1010 1905 1060 1932 sibi
1077 1910 1151 1932 retro
1162 1905 1295 1933 redeundi
1310 1913 1421 1934 causam
1431 1907 1515 1935 fuisse
1529 1908 1713 1942 intelligerent

933 1951 1090 1986 factumque
1116 1952 1273 1986 probarent,
1300 1953 1333 1980 ad
1359 1958 1513 1988 pugnantes
1540 1955 1712 1988 accederent,

933 2003 1035 2030 eosque
1057 1996 1260 2029 abstrahentes,
1284 1997 1337 2032 ipsi
1360 1999 1487 2032 quamvis
1508 1999 1633 2028 nolentes
1649 2008 1711 2028 cum

934 2042 1062 2069 Barbaris
1078 2043 1279 2077 przliarentur.
1301 2043 1368 2070 Nam
1386 2044 1508 2077 Barbari,
1526 2053 1588 2072 cum
1607 2037 1713 2074 exerci-
1729 2048 1734 2054 '

934 2093 991 2116 tum
1005 2089 1157 2116 Romanum
1170 2089 1225 2124 jam
1239 2097 1292 2116 non
1313 2089 1421 2117 modico
1440 2090 1473 2117 ab
1487 2091 1553 2125 ipsis
1571 2091 1713 2120 intervallo

934 2134 1080 2162 distantem
1095 2139 1251 2167 cernerent,
1265 2139 1294 2162 et
1310 2135 1421 2163 relictos
1439 2143 1499 2163 esse
1517 2144 1632 2170 paucos,
1647 2145 1712 2166 een~

97 2181 238 2216 ἐπιθήσων
250 2181 298 2216 τὴν
311 2181 503 2216 προσήκουσαν
514 2182 570 2212 τοῖς
583 2181 720 2212 ἀτάκτοις.
736 2181 798 2212 Τοῖς
814 2181 881 2212 [σοις

934 2186 1079 2216 serentque
1094 2185 1231 2208 maturum
1254 2188 1315 2208 esse
1329 2189 1376 2208 eos
1398 2181 1526 2209 invadere
1539 2188 1567 2209 et
1584 2188 1712 2216 mactare,

97 2227 125 2253 δὲ
157 2227 297 2261 λογισμοῖς
323 2227 498 2262 χρησάμενος
525 2227 573 2253 καὶ
596 2226 734 2262 βασιλεῦς,
758 2226 788 2252 τὺ
814 2226 879 2252 ῐόιον

98 2273 193 2307 τάγμα
214 2273 263 2299 καὶ
284 2273 365 2304 αὐτὸς
380 2273 427 2299 καὶ
448 2272 497 2307 τὴν
522 2272 642 2308 σημαίαν
663 2272 713 2306 τὴν
736 2271 878 2306 βασιλικὴν

107 2319 209 2354 ’Δσάνῃ
229 2318 357 2353 Μανουὴλ
371 2318 410 2352 τῷ
427 2318 594 2352 1Δνδρονίιιου
608 2317 658 2352 υῐῷ
670 2317 807 2353 ὲξαδέλφιρ
823 2317 879 2343 δντι

99 2364 183 2391 αὑτοῦ
205 2363 353 2398 παραδοὺς,
377 2363 424 2389 καὶ
440 2365 539 2399 χωρεῖν
560 2363 627 2398 πρὸς
642 2363 672 2389 τὸ
698 2363 880 2398 στρατόπεδον

99 2410 242 2440 κεῖεύσας,
258 2409 371 2442 λογάδας
385 2410 432 2436 καὶ
443 2410 524 2439 αὐτὸς
539 2409 704 2444 παραλαϐών
716 2417 803 2441 τινας,
819 2408 881 2435 ἐϐά-

98 2457 172 2488 διζεν
187 2455 285 2482 ὀπίσω.
303 2455 380 2482 Οὕτω
394 2456 424 2482 δὲ
447 2455 565 2490 συμϐάν,
591 2456 733 2489 γενόμενοι
754 2454 880 2489 ἀλλήλοις

99 2505 128 2529 ὲν
142 2503 244 2539 ταύτῷ,
257 2501 304 2529 καὶ
316 2501 365 2536 τὴν
377 2501 466 2528 αίτίαν
480 2502 528 2537 τῆς
545 2501 717 2536 ὑποστροφῆς
732 2499 880 2534 πυθόμενοι

98 2548 168 2576 εἶναι
184 2550 234 2586 τὴν
248 2549 343 2583 αὐτὴν,
357 2547 418 2574 ἐπεὶ
439 2547 548 2573 ἐδόκουν
564 2547 680 2580 καιρίως
700 2545 878 2580 πεποιῆσθαι,

933 2227 1005 2261 quod
1018 2233 1046 2253 et
1060 2226 1110 2260 ipsi
1126 2226 1219 2253 selecti
1234 2231 1335 2258 essent,
1348 2231 1376 2253 et
1390 2227 1493 2261 aliquot
1511 2228 1594 2254 tantis
1607 2229 1712 2262 plures,

933 2274 961 2301 in
974 2281 1110 2300 summum
1136 2274 1197 2301 illos
1221 2273 1369 2301 discrimen
1395 2274 1577 2301 adduxerunt.
1603 2275 1714 2309 Magnus

933 2320 1033 2354 quippe
1048 2319 1225 2350 domesticus,
1242 2327 1313 2353 equo
1324 2319 1352 2346 in
1371 2323 1411 2346 tot
1428 2320 1557 2347 cursibus
1574 2325 1603 2347 et
1618 2328 1713 2348 recur-

933 2367 1009 2393 sibus
1023 2366 1219 2403 prmcipitante,
1236 2365 1322 2392 ferme
1334 2366 1470 2400 periisset,
1487 2365 1536 2392 nisi
1549 2366 1584 2393 ab
1599 2366 1715 2400 impera—

933 2415 1001 2442 tore,
1025 2412 1139 2446 aliisque
1154 2411 1288 2446 proximis
1312 2411 1339 2437 in
1355 2410 1438 2437 alium
1459 2418 1559 2445 equum
1578 2411 1712 2438 continuo

931 2457 1054 2484 sublatus
1070 2457 1173 2484 luisset.
1187 2456 1266 2491 217
1282 2457 1316 2483 Et
1342 2456 1518 2491 imperatoris
1543 2457 1652 2491 quidem
1667 2458 1713 2492 ju-

932 2506 1050 2528 mentum
1080 2502 1143 2527 licet
1173 2501 1269 2528 lethali
1301 2500 1458 2527 confossum
1492 2501 1619 2532 vulnere,
1657 2510 1712 2529 non

931 2551 1021 2574 tamen
1037 2546 1148 2579 cecidit,
1164 2545 1255 2581 quoad
1281 2553 1296 2573 a
1312 2545 1442 2573 Barbaris
1456 2553 1485 2573 se
1497 2546 1628 2581 eriperet.
1653 2547 1713 2574 Ac—

728 2615 835 2647 Jacobi
851 2615 983 2646 Ponlani
1003 2621 1098 2646 noue.

133 2681 190 2716 (63)
208 2680 338 2714 Quamvis
351 2679 443 2707 Graece
465 2679 500 2706 sit
515 2677 666 2710 ὲξαδὲλφῳ,
681 2676 753 2716 quod
771 2681 878 2716 patrue-

99 2710 155 2755 lant
166 2710 504 2755 interpretanturhtlamen
529 2710 709 2755 certumestl,
725 2710 876 2755 blatiueiein

98 2745 250 2778 Andronici
272 2749 381 2785 VAsanis
403 2749 505 2785 inium,
521 2746 705 2785 imperatoris
730 2745 812 2779 hujus
828 2753 876 2785 pa-

932 2684 986 2703 non
1005 2676 1065 2704 fu‘t.
1084 2675 1279 2704 Verumtamen
1295 2684 1357 2703 cum
1372 2675 1545 2704 Andronicum
1557 2676 1661 2704 Asancs
1679 2685 1712 2703 ex

930 2719 1026 2738 sorore
1049 2711 1167 2738 senioris
1194 2711 1343 2738 Andronici
1374 2711 1550 2745 imperatoris
1573 2716 1654 2738 natus
1677 2712 1718 2738 sit.

930 2746 1075 2784 (siquidem
1094 2746 1116 2784 is
1138 2747 1209 2784 Oslo,‘
1228 2747 1287 2781 ejus
1313 2746 1553 2784 dicitur),M_anuel
1580 2746 1622 2784 hic
1649 2753 1715 2771 cum

99 2786 213 2812 truelem
240 2784 355 2810 minime
371 2783 472 2815 fuisse;
501 2783 551 2809 nisi
573 2780 632 2815 ipse
655 2781 758 2808 Asanes
785 2781 876 2806 senior
929 2781 1034 2815 minore
1050 2780 1217 2814 Andronico,
1229 2780 1259 2808 ut
1277 2785 1359 2815 patet,
1372 2781 1534 2815 cognatione
1549 2781 1718 2815 coniunctus

99 2819 238 2848 utcliaelis
263 2818 351 2854 patris
374 2818 550 2852 imperatoris
568 2814 653 2843 frater
677 2815 769 2842 luerit.
791 2815 873 2850 Atqui
929 2814 992 2843 fuit.
