1922 3082
198 122 252 152 4ιι3

784 125 946 156 JOANNIS
965 125 1160 156 CANTACUZ
1167 127 1229 157 ΕΝΙ

1773 134 1827 165 ιιι

198 180 283 207 urbes
300 186 369 214 quas
393 178 512 207 diximus
537 179 590 206 iter
613 177 803 214 capessebant.
832 181 893 212 Quo
916 187 974 206 cou-

1036 188 1110 214 μενοι
1131 181 1177 207 καὶ
1201 180 1282 208 αὑτὸν
1307 182 1457 217 ἀναγκαῖον
1484 185 1517 211 τὰ
1541 186 1671 221 γινόμενα
1688 189 1826 224 γνωρῖσαι

199 231 303 260 specto,
320 226 366 253 alii
393 233 427 252 ne
441 226 491 260 ipsi
513 225 624 260 quidem
651 233 762 253 manere
784 230 920 260 poterant,
937 225 984 253 sed

201 272 294 298 cuncti
310 271 365 306 jam
384 271 474 306 fugam
499 270 696 298 moliebantur.
721 271 836 306 Magnus
854 271 985 298 domesti-

198 326 249 345 cus
258 318 296 344 rei
310 317 498 352 indignitatem
511 316 606 352 iniquo
617 324 712 352 passus
725 317 832 348 animo,
845 317 984 353 principes

199 363 331 398 fugitare
353 362 386 389 ad
411 361 573 389 reditionem
601 362 732 390 inducere
753 362 902 389 nitebatur.
915 362 983 390 Cum

198 409 266 436 nihil
283 408 421 435 obtineret
434 409 531 444 (totum
545 408 646 443 quippe
661 416 758 443 agmen
776 408 831 444 jam
845 408 983 436 seditione

199 454 348 486 fervebat),
366 454 471 488 reliqua
489 454 515 480 in
530 454 677 489 postremis
692 462 813 489 ponens,
836 455 911 482 omni
927 459 984 482 stu-

197 500 243 527 dio
261 507 381 535 curaque
410 499 443 527 ad
469 500 585 527 salutem
613 500 790 535 imperatoris
819 508 849 528 se
867 500 930 533 dat;
957 505 984 528 et

198 554 281 581 quam
297 546 444 574 celerrime
460 550 563 580 potest,
578 546 611 574 ad
629 547 689 582 ejus
709 546 915 575 tabernaculum
939 555 984 574 ac-

197 599 315 620 eurrens
327 599 390 618 cum
406 599 461 618 non
474 592 586 626 reperit,
604 592 677 627 quod
688 592 818 623 ministri,
831 593 895 621 dum
906 601 983 622 exer-

196 638 280 664 citum
308 637 341 663 ad
369 636 460 671 fugam
481 637 585 670 efferri,
616 642 707 664 castra
732 637 869 670 deserere,
893 637 982 672 ipsum

196 690 310 718 propter
324 683 429 709 illatum
444 683 541 710 vulnus
552 690 623 717 equo
635 682 753 710 insidere
769 691 822 710 non
833 691 913 718 posse
925 691 983 710 cer-

197 729 377 762 nerent,ejus
388 728 468 754 saluti
485 732 649 760 metuentes,
666 728 749 763 tapeti
766 728 935 763 impositum,
951 736 982 755 ac

195 773 288 800 lembo
303 773 373 800 forte
389 773 498 799 fortuna
512 772 669 800 occurrenti
687 773 834 800 creditum.
849 773 982 802 Constan-

196 819 331 853 tinopolin
347 818 552 852 pervehendum
576 824 749 846 curaverant.
773 820 907 848 Reversus
922 821 981 855 ipse

195 872 306 900 quoque
329 864 512 892 Philocrenen
530 865 676 892 concessit.
699 865 728 892 In
753 871 871 900 quatuor
889 872 980 894 autem

193 912 302 946 agmina
312 911 408 939 divisis
417 911 561 944 militibus,
571 919 655 938 unum
665 911 855 943 Philocrenen.
864 913 980 940 alterum

193 957 373 991 Nicetiatum,
387 958 498 984 tertium
511 957 689 990 Diacibizam,
700 962 828 992 quartum
840 958 980 987 Rliitzium

192 1003 331 1031 discessit.
349 1003 492 1033 Orchanes
514 1003 614 1030 horum
628 1003 749 1030 omnium
763 1003 875 1039 ignarus
889 1005 976 1032 nihilo

192 1049 286 1076 minus
311 1050 452 1077 Parzalum
479 1050 591 1077 fratrem
612 1058 674 1077 cum
696 1049 788 1077 Persis
802 1050 908 1085 aliquot
928 1051 978 1085 ire,

191 1095 400 1129 exercitumque
426 1095 599 1129 imperatoris
626 1095 762 1133 speculari
784 1095 888 1130 jussit;
915 1103 978 1123 nam

190 1148 239 1168 eos
255 1149 290 1169 ne
306 1148 433 1168 somnum
449 1140 562 1176 quidem
588 1141 726 1175 placatum
741 1148 774 1168 ea
803 1145 883 1169 nocte
904 1141 978 1169 visu-

189 1195 250 1219 ros.
269 1187 316 1215 sed
335 1188 369 1214 ad
395 1188 500 1214 cladem
518 1186 641 1221 ipsorum
667 1186 808 1221 quippiam
836 1187 977 1214 machina-

190 1239 266 1260 turos
280 1233 456 1268 opinabatur.
470 1233 518 1260 ille
534 1233 655 1260 tenebris
672 1239 753 1267 quam
765 1233 881 1260 maxime
895 1233 978 1261 daba-

188 1282 235 1305 tur
260 1282 359 1311 tectus,
381 1282 409 1306 ct
435 1278 534 1305 castris
550 1278 667 1310 vicinus,
686 1279 731 1306 ubi
749 1279 848 1306 milites
865 1280 977 1307 turbare

189 1325 289 1358 sensit,
306 1332 322 1352 e
340 1325 454 1359 vestigio
479 1325 605 1352 nuntium
626 1325 659 1351 ad
678 1325 792 1352 fratrem
809 1325 906 1358 mittit;
922 1333 976 1360 quo

189 1370 236 1398 ille
252 1371 350 1397 nuntio
373 1378 531 1406 percussus,
555 1376 646 1398 motus
666 1371 747 1398 hosce
765 1371 834 1398 nihil
856 1371 914 1399 suis
927 1379 976 1406 ap-

188 1419 300 1450 portare
314 1416 380 1443 boni
400 1420 443 1443 est
457 1416 618 1450 auguratus.
635 1416 718 1443 Paulo
733 1422 795 1452 post
817 1424 865 1452 per
876 1424 976 1445 secun-

189 1463 254 1489 dum
275 1462 405 1489 nuntium
423 1469 487 1489 eum
506 1461 587 1490 docet
604 1461 742 1490 Romanos
768 1463 927 1498 perturbate
943 1471 975 1491 ac

187 1509 290 1535 mistim
312 1508 409 1535 castris
427 1508 642 1539 consurrexisse,
661 1515 712 1535 nec
736 1508 908 1543 Byzantium,
926 1509 974 1537 sed

186 1562 286 1583 versus
309 1554 482 1589 supradictas
506 1554 588 1581 urbes
611 1553 760 1590 aufugisse.
773 1554 837 1590 Quo
854 1555 973 1590 cognito,

187 1602 240 1629 sub
256 1609 385 1628 auroram
403 1600 461 1635 ipse
477 1608 587 1635 quoque
608 1601 690 1627 motis
705 1600 815 1633 castris,
833 1600 905 1628 circa
927 1600 976 1629 bo-

187 1655 247 1674 ram
263 1647 298 1674 ab
308 1652 368 1674 orto
391 1647 449 1674 sole
463 1646 622 1679 secundam,
635 1646 814 1674 Pbilocrenen
825 1647 910 1673 venit.
923 1646 976 1674 Ro-

188 1694 273 1724 mani.
289 1693 335 1727 qui
357 1700 390 1719 eo
403 1700 433 1725 se
448 1697 620 1727 receperant,
639 1693 767 1726 quoniam
784 1693 874 1720 claves
891 1697 974 1727 portat

187 1748 250 1767 casu
269 1739 382 1774 perdita:
408 1738 534 1772 fuerant,
552 1739 666 1766 confuse
687 1746 749 1769 cum
777 1740 919 1768 calonibus
947 1744 975 1768 et

186 1786 260 1817 lixis,
277 1793 341 1812 vasa
357 1789 384 1811 et
404 1792 487 1811 onera
504 1784 680 1818 portantibus
705 1789 820 1816 stantes,
836 1793 899 1812 cum
917 1785 973 1820 jam

185 1831 274 1858 Persae
289 1835 365 1858 certo
386 1831 413 1857 in
436 1831 514 1865 ipsos
534 1830 724 1865 graderentur,
741 1829 768 1857 in
783 1830 908 1858 ordinem
929 1838 974 1858 re—

186 1877 242 1912 digi
258 1877 290 1904 ad
305 1876 488 1904 resistendum
506 1884 561 1903 non
577 1880 715 1911 poterant,
737 1883 752 1903 a
770 1876 869 1911 bajulis
884 1876 971 1904 servi-

187 1925 287 1959 tiisque
312 1924 374 1951 aliis
390 1923 553 1951 iutermistis
569 1923 706 1958 impediti.
724 1924 776 1951 Ubi
791 1924 914 1951 clavibus
932 1924 974 1952 in-

184 1971 274 1998 ventis
291 1975 376 2005 portae
397 1970 538 2005 patefactae
558 1974 632 2003 sunt,
651 1970 745 2005 plures
762 1970 905 1999 confertim
931 1970 974 1997 in—

186 2021 228 2043 tro
246 2017 421 2051 rumpebant.
438 2015 562 2050 Cumque
577 2023 606 2043 se
629 2015 657 2042 in
673 2015 733 2050 ipso
757 2015 873 2042 introitu
892 2015 972 2046 vehe-

184 2070 306 2097 mentius
319 2068 527 2099 contrudereut.
556 2075 589 2095 ac
608 2073 733 2096 mutuum
758 2067 972 2102 comprimerent

184 2120 212 2142 et
236 2116 441 2145 conculcarent,
465 2119 522 2142 tres
536 2113 642 2147 obtriti,
658 2114 740 2149 222
756 2113 823 2141 foris
838 2118 930 2142 autem
955 2122 970 2143 a

185 2161 313 2189 Barbaris
337 2160 393 2187 duo
407 2164 435 2186 et
457 2160 569 2194 triginta
596 2159 669 2186 ferro
694 2159 828 2194 perempti
850 2165 931 2193 sunt;
955 2167 970 2188 e

185 2208 288 2242 quibus
304 2206 360 2233 duo
375 2206 508 2234 illustres.
529 2205 636 2232 Manuel
660 2205 855 2240 Tarchaniota,
871 2211 899 2235 et
922 2207 970 2234 Ni—

184 2256 322 2287 ecphorus
342 2252 560 2284 Cantacuzenus,
577 2252 656 2279 ambo
675 2252 784 2287 cognati
804 2253 895 2288 [ιλιιεοὶ
920 2254 968 2282 do-

185 2299 307 2331 mestici;
325 2298 398 2333 capti
414 2297 478 2325 item
492 2302 603 2325 centum
615 2298 823 2334 quinquaginta,
838 2300 972 2335 majorem

185 2348 290 2378 partem
307 2344 380 2370 servi
403 2343 534 2370 militum.
561 2340 631 2377 Equi
655 2344 738 2371 ablati
765 2344 968 2379 quadringenti.

185 2389 292 2424 Reliqui
303 2389 373 2417 facto
389 2389 469 2423 globo
480 2396 542 2416 eum
552 2389 681 2416 Barbaris
693 2389 884 2423 conflixerunt,
899 2396 925 2419 et.
937 2399 969 2419 ex

184 2436 237 2464 illis
255 2437 337 2471 paulo
359 2436 451 2463 minus
476 2435 610 2465 ducentos
635 2436 806 2464 occiderunt.
829 2436 968 2464 Orchanes

183 2489 299 2510 cernens
310 2482 446 2510 Romanos
460 2482 515 2516 jam
533 2490 562 2509 se
576 2482 734 2515 defendere,
751 2490 812 2510 cum
827 2483 899 2510 aliud
913 2491 966 2510 non

183 2533 287 2563 posset,
311 2528 405 2563 copias
430 2535 445 2554 a
471 2530 609 2555 mumibus
623 2528 764 2556 abducens
791 2528 819 2555 in
841 2530 967 2563 proximo

183 2577 271 2601 castra
291 2573 368 2601 fecit.
382 2574 434 2606 Qui
460 2573 543 2608 igitur
559 2573 615 2600 illic
630 2574 728 2608 partim
757 2574 851 2607 occisi,
868 2575 965 2608 partim

183 2620 256 2655 capti
272 2624 347 2653 sunt,
366 2627 481 2646 numero
506 2624 545 2647 tot
561 2619 683 2647 fuerunt.
703 2620 838 2647 Postridie
859 2619 914 2655 (69)
938 2621 965 2647 in

1038 225 1153 260 βασιλεῖ.
1172 228 1226 254 Καὶ
1241 227 1274 263 δὴ
1288 229 1358 262 πρὶς
1372 229 1488 263 βασιλέα
1503 232 1640 264 ἀπελθὼν,
1654 234 1826 270 ἀπήγγειλεν

1035 271 1084 299 ὅσα
1099 271 1124 297 οἱ
1141 273 1169 297 ἐν
1180 272 1251 299 τέλει
1263 271 1340 301 εἷπον
1355 276 1420 309 περὶ
1432 276 1479 302 τοῦ
1495 276 1645 305 λυσιτελεῖν
1665 280 1824 313 δοκοῦντος.

1037 316 1167 349 Βασιλεὺς
1188 318 1215 344 δὲ
1231 319 1468 355 ὰσυμφορὼτατόν
1486 332 1514 349 τε
1529 324 1633 357 ἠγεῖτο,
1649 325 1694 351 καὶ
1711 327 1826 362 ἐδυσχέ-

1036 371 1128 397 ραινεν
1144 364 1175 390 οὐ
1197 366 1326 400 μετρίως.
1355 367 1480 394 Ἐκέλευέ
1504 378 1534 396 τε
1551 370 1592 396 ὅτι
1611 371 1729 406 τάχιστα
1754 374 1825 409 πρὸς

1034 408 1081 435 τοῦ
1100 412 1284 445 στρατοπέδου
1313 413 1362 447 τὴν
1388 414 1515 449 εἰσϐολὴν
1539 416 1663 448 ἐλθόντα,
1681 408 1824 454 ’κατέχειν

1034 456 1085 490 τὴν
1103 456 1244 491 στρατιὰν,
1264 458 1310 484 καὶ
1335 460 1470 495 μηδαμῶς
1491 463 1621 489 ἀτακτεῖν
1639 465 1687 499 ἐᾷν
1704 465 1741 497 ὡς
1757 467 1823 492 ἄνευ

1035 502 1175 536 πολεμίων
1201 504 1301 536 αὐτοὺς
1324 505 1367 539 ἐφ’
1393 507 1507 539 ἑαυτοὺς
1531 508 1823 546 διαφθαρησομένους.

1035 549 1121 575 Τοῦτο
1143 549 1191 584 μὲν
1205 548 1252 577 οὖν
1303 552 1505 586 προσετέτακτο
1531 555 1617 581 ἐποίει
1639 556 1711 582 κατὰ
1728 556 1823 591 τάχος.

1042 593 1142 620 Ἐλθὼν
1167 594 1196 621 δέ
1222 596 1298 630 παρὰ
1323 596 1371 631 τὴν
1387 598 1521 632 εἰσϐολὴν,
1544 598 1593 634 τὴν
1611 601 1743 635 στρατιὰν
1759 593 1824 637 εὗρε

1035 641 1126 666 ’πᾶσαν
1138 641 1188 676 ἤδη
1205 640 1377 678 ὡρμημένην
1392 644 1462 678 πρὸς
1478 645 1526 676 τὰς
1545 645 1636 677 πόλεις
1655 648 1778 681 φεύγειν.
1792 651 1824 675 Οἱ

1035 686 1089 720 γὰρ
1105 687 1136 712 ἐκ
1159 686 1321 719 Βυζαντίου,
1335 689 1402 724 μηδὲ
1418 689 1467 724 τὴν
1482 691 1513 716 ἐκ
1538 691 1670 726 βασιλέως
1690 694 1824 720 ἐπάνοδον

1035 732 1244 767 ’περιμείναντες
1260 734 1355 767 αὑτοῦ,
1374 735 1442 762 ἀλλὰ
1466 739 1629 771 νομίσαντες
1660 739 1824 774 τεθνηκέναι

1035 778 1262 814 βασιλέα,σκηνά;
1272 789 1302 807 τε
1311 782 1358 807 καὶ
1367 782 1435 809 ἄλλα
1442 783 1490 810 ὅσα
1501 782 1666 820 ἐπεφέροντο
1675 787 1821 821 ἀράμενοι,

1034 825 1154 859 ἐχώρουν
1185 828 1253 861 πρὴς
1274 828 1325 859 τὰς
1345 829 1497 864 εἰρημένας
1513 831 1617 864 πόλεις.
1638 832 1773 868 Ὀρῶντες
1793 834 1823 860 δὲ

1034 872 1080 898 καὶ
1090 873 1114 898 οἱ
1129 873 1227 903 λοιποὶ,
1245 873 1338 900 οὐκέτι
1357 876 1451 909 μένειν
1472 873 1532 902 οὗδὲ
1545 877 1624 904 αὐτοὶ
1634 878 1762 906 ἐδύναντο
1775 881 1823 907 ἐπὶ

1032 917 1079 943 τοῦ
1091 919 1285 954 στρατοπέδου,
1297 920 1363 947 ἀλλὰ
1371 922 1500 957 κεκινητο
1509 923 1560 958 ἤδη
1570 925 1645 950 πᾶσα
1656 913 1822 962 πρδίφυγὴν

1032 963 1048 998 ή
1061 965 1187 998 στρατιά.
1196 964 1226 991 '0
1235 966 1320 1000 μέγας
1329 967 1358 993 δέ
1366 967 1526 1001 δομέστικος
1537 970 1565 996 ὲν
1576 971 1656 1006 δεινῷ
1671 971 1721 1006 μὲν
1732 974 1765 1000 τὰ
1778 983 1823 1007 γι-

1031 1009 1132 1045 νόμενα
1141 1011 1268 1043 ἐποιεῖτο,
1281 1014 1327 1039 καὶ
1336 1013 1451 1048 ὥρμητο
1458 1016 1520 1046 τοὺς
1535 1016 1659 1050 πρώτους
1673 1018 1720 1052 τῆς
1729 1019 1820 1054 φυγῆς

1030 1057 1201 1092 ἀρξαμένους
1213 1060 1394 1095 ἀναστρέφειν
1405 1069 1412 1076 ·
1428 1061 1465 1092 ὼς
1475 1062 1503 1088 δὲ
1511 1063 1586 1090 οὐδὲν
1601 1064 1655 1090 τῶν
1666 1067 1821 1100 προσηκόν-

1030 1112 1084 1130 των
1113 1104 1189 1139 τσχυε
1217 1106 1348 1140 πράττειν
1377 1107 1464 1142 (πᾶσα
1484 1109 1538 1144 γὰρ
1564 1109 1614 1145 ἤδη
1643 1111 1770 1146 κεχίνητο
1801 1114 1819 1147 ἡ

1030 1151 1169 1184 στρατιὰ),
1187 1151 1240 1177 τῶν
1256 1152 1344 1178 ἄλλων
1357 1152 1507 1188 ἀμελήσας,
1524 1154 1568 1181 διὰ
1585 1157 1703 1192 σπουδῆς
1718 1159 1822 1185 ἐπτιεῖ-

1028 1203 1058 1220 το
1087 1195 1179 1230 πάσης
1207 1197 1253 1223 καὶ
1275 1197 1418 1232 φροντίδος
1439 1199 1489 1234 τὴν
1506 1199 1639 1234 βασιλέως
1656 1204 1816 1238 σωτηρίαν

1030 1241 1077 1271 καὶ
1102 1239 1248 1278 ᾖτάχιστα
1276 1242 1345 1278 εἶχε,
1377 1245 1453 1280 πρὸς,
1477 1245 1526 1282 τὴν
1557 1247 1692 1280 βασιλέως
1713 1251 1818 1287 σκηνὴν

1028 1287 1124 1319 ἐλθὼν,
1145 1289 1241 1314 τοῦτον
1260 1289 1309 1323 μὲν
1339 1291 1388 1325 οὐχ
1416 1288 1505 1326 εὗρεν.
1525 1292 1557 1319 Ἦ
1573 1294 1628 1328 γὰρ
1643 1295 1777 1330 θεραπεία
1800 1299 1818 1333 ἠ

1028 1333 1093 1368 περὶ
1114 1334 1207 1366 αὑτὸν,
1228 1335 1277 1370 τὴν
1297 1336 1347 1371 μὲν
1362 1338 1494 1372 στρατιὰν
1518 1339 1568 1375 ἤδη
1585 1342 1677 1368 πᾶσαν
1697 1343 1816 1378 ὁρῶντες

1027 1380 1196 1416 ὡρμημένην
1211 1382 1279 1416 πρὸς
1296 1383 1385 1418 φυγὴν
1401 1384 1449 1410 καὶ
1463 1385 1493 1411 τὸ
1511 1388 1695 1422 στρατόπεδον
1711 1390 1816 1425 ἔρημον

1027 1427 1221 1461 καταλειφθὲν,
1234 1429 1283 1455 τόν
1295 1438 1324 1455 τε
1342 1430 1456 1464 βασιλέα
1469 1432 1608 1464 ἀδυνάτως
1620 1435 1717 1470 ἔχοντα
1731 1437 1776 1464 διὰ
1787 1439 1816 1464 τδ

1027 1473 1138 1508 τραῦμα
1157 1474 1232 1509 ἵππῳ
1246 1476 1375 1511 χρῆσθαι,
1391 1477 1529 1511 δείσαντες
1545 1480 1609 1516 περὶ
1623 1481 1710 1517 αὐτῷ,
1728 1484 1815 1518 ἄραν-

990 1521 1010 1551 c
1027 1528 1072 1551 τες
1095 1520 1140 1546 ἐπὶ
1157 1521 1290 1554 τάπητος,
1316 1523 1358 1550 ἐνὶ
1380 1523 1435 1550 τῶν
1458 1527 1672 1562 παρατυχόντων
1686 1529 1814 1557 ἐνέϐαλον

1028 1565 1140 1600 λέμϐῳ·
1160 1568 1206 1592 καὶ
1229 1567 1356 1596 ἐκέλευον
1379 1571 1437 1602 τοῖς
1464 1571 1575 1604 ναύταις
1599 1575 1640 1606 εἰς
1665 1575 1814 1607 Βυζάντιον

1025 1611 1160 1643 ἐλαύνειν.
1184 1613 1372 1650 ’Δναστρέψας
1399 1617 1427 1643 δὲ
1457 1618 1556 1654 ἐχώρει
1593 1623 1640 1648 καὶ
1668 1623 1750 1656 αὐτὸς
1773 1628 1814 1657 εἰς

1025 1657 1205 1695 Φιλοκρήνην.
1228 1660 1274 1689 Εἰς
1289 1662 1409 1697 τέτταρα
1427 1663 1454 1690 δὲ
1467 1665 1483 1699 ὴ
1496 1666 1612 1701 στρατιὰ
1630 1668 1812 1704 διαιρεθεῖσα,

1025 1703 1122 1752 τὸμὲν
1138 1705 1224 1752 αυτῆς
1241 1706 1382 1743 ἐχώρησεν
1402 1710 1441 1741 εἰς
1462 1710 1633 1748 Φιλοκρήνην
1645 1721 1652 1730 υ
1672 1715 1712 1747 εἰς
1726 1716 1816 1752 Νικη-

1025 1749 1119 1798 τιᾴτου
1147 1750 1174 1798 δέ
1203 1751 1232 1777 τὸ
1247 1752 1356 1780 λοιπόν
1374 1755 1416 1786 εἰς
1442 1756 1593 1789 Δακὶὁιζαν
1612 1758 1640 1785 δὲ
1663 1760 1692 1786 τὸ
1706 1749 1812 1798 τρίτον,

1025 1795 1073 1825 καὶ
1093 1797 1123 1844 to
1139 1795 1269 1832 τέταρτον
1294 1799 1334 1830 εὶς
1348 1800 1378 1826 τὸ
1400 1800 1529 1834 Ῥιτζίου.
1549 1804 1684 1844 Ὀρχάνης
1702 1795 1731 1836 δέ
1758 1809 1813 1835 τῶν

1024 1842 1178 1876 γινομένων
1192 1844 1277 1878 μηδὲν
1289 1844 1379 1877 εἰδὼς,
1395 1846 1470 1881 ὅμως
1492 1848 1653 1884 Παρζαλοῦν
1667 1842 1718 1879 ’τὸν
1732 1853 1811 1880 ἀδελ.

1024 1887 1073 1920 φῖιν
1091 1888 1161 1921 μετά
1173 1896 1256 1914 τινων
1278 1890 1392 1925 Περσῶν
1409 1891 1511 1926 ὀλίγων
1538 1896 1682 1925 ἐκέλευσεν
1697 1898 1810 1926 ἐλθόντα

1024 1933 1255 1981 κατασκέψασθαι
1284 1935 1333 1970 τὴν
1350 1936 1487 1971 βασιλέως
1504 1943 1646 1976 στρατιάν.
1664 1944 1743 1979 ᾬετο
1756 1947 1810 1981 γὰρ

1023 1978 1123 2010 αὐτοὺς
1148 1980 1208 2007 οὐδὲ
1238 1981 1286 2016 τὴν
1314 1982 1400 2012 νύκτα
1428 1985 1606 2022 καθευδήσειν
1636 1978 1809 2026 ἀμερίμνως,

1022 2024 1080 2053 ἀλλ’
1096 2026 1287 2064 ἐπιχειρήσειν
1312 2038 1339 2056 τι
1369 2031 1437 2065 πρὸς
1463 2033 1587 2061 κάκωσιν
1613 2024 1767 2065 αὐτῶν-ἾὈ
1785 2039 1808 2066 δ’

1023 2071 1074 2098 ὑπὸ
1090 2071 1120 2098 τὸ
1136 2073 1235 2119 νσκέτος
1253 2074 1289 2106 ὼς
1306 2075 1370 2110 ἐνῆν
1385 2077 1505 2111 μάλιστα
1520 2079 1621 2113 λαϐὼν,
1636 2083 1684 2111 καὶ
1693 2083 1808 2119 γενόμε-

1022 2125 1065 2165 νος
1080 2118 1164 2152 ἐγγὺς
1178 2119 1226 2145 τοῦ
1240 2122 1422 2155 στρατοπέδου
1439 2125 1501 2150 ἐπεὶ
1514 2125 1648 2160 ᾐσθάνετο
1663 2127 1711 2163 τὴν
1725 2137 1809 2165 στρα-

985 2186 1007 2213 D
1021 2163 1082 2213 τιὰν
1097 2165 1296 2213 κεκινημένην,
1309 2168 1414 2201 ταχέως
1435 2169 1553 2205 Ὀρχάνῃ
1570 2170 1608 2206 τῷ
1624 2172 1727 2208 ἀδελφῷ
1743 2163 1807 2209 ἐδή-

1021 2209 1079 2239 λου,
1112 2210 1157 2245 Τῷ
1176 2210 1198 2237 δ’
1225 2211 1313 2238 ἐδόκει
1338 2213 1386 2247 μὲν
1409 2215 1490 2247 εὐθὺς
1507 2217 1556 2242 οὐκ
1583 2217 1626 2243 ἐπ’
1655 2219 1750 2255 ἀγαθῷ
1766 2221 1807 2256 τῷ

1020 2256 1147 2290 σφετέρῳ
1162 2256 1268 2291 κίνησις
1281 2257 1331 2293 τῆς
1346 2261 1488 2294 στρατιᾶς,
1503 2263 1550 2288 καὶ
1565 2263 1730 2291 διεσέσειστο
1740 2266 1805 2298 τοὺς

1019 2299 1179 2335 λογισμοὺς,
1193 2303 1262 2337 μετὰ
1276 2304 1374 2338 μικρὸν
1387 2305 1425 2337 δὲ,
1440 2306 1600 2342 Παρζαλοῦν
1618 2309 1665 2335 καὶ
1675 2310 1805 2346 δεύτερον

1020 2346 1132 2381 πέμψας
1155 2347 1283 2381 ἄγγελον,
1303 2349 1399 2384 ἐδήλου
1429 2352 1478 2386 τὴν
1497 2351 1639 2388 Ῥωμαίων
1672 2357 1804 2391 στρατιὰν

1020 2391 1147 2424 ἀτάκτως
1162 2394 1209 2419 καὶ
1226 2396 1411 2429 περυρμένως
1431 2398 1589 2425 ἀναστᾶσαν
1605 2401 1638 2426 ἐκ
1659 2402 1705 2427 τοῦ
1719 2410 1803 2435 στρα-

1018 2438 1132 2464 τοπέδου
1153 2440 1190 2474 μὴ
1206 2439 1254 2474 τὴν
1269 2441 1309 2471 εις
1329 2441 1479 2473 Βυζάντιον
1490 2445 1653 2479 τραπέσθαι,
1670 2447 1737 2474 ἀλλὰ
1751 2447 1803 2483 τὴν

1018 2484 1088 2518 πρδς
1103 2485 1151 2516 τὰς
1168 2485 1317 2520 εἰρημένας
1335 2487 1383 2521 τῆς
1400 2487 1528 2520 Βιθυνίας
1541 2489 1644 2522 πόλεις.
1663 2492 1691 2518 '0
1706 2492 1728 2518 δ’
1740 2493 1802 2519 ἐπεὶ

1017 2529 1144 2563 ἐπύθετο,
1163 2532 1224 2557 ἐπεὶ
1241 2535 1288 2558 καὶ
1307 2535 1372 2568 περὶ
1387 2533 1486 2569 ὖρθρον
1503 2533 1538 2570 ἦν
1561 2536 1577 2570 ἡ
1599 2536 1656 2568 νὺξ,
1672 2537 1741 2571 ἄρας
1755 2539 1803 2564 καὶ

1017 2575 1098 2606 αὐτὸς
1123 2579 1308 2613 πανστρατιᾷ,
1339 2577 1422 2614 ἦλθεν
1456 2582 1496 2611 εἰς
1528 2581 1708 2617 Φιλοκρήνην,
1735 2584 1802 2619 περὶ

1016 2621 1091 2656 ὥραν
1106 2623 1155 2657 τῆς
1182 2624 1288 2659 ἡμέρας
1319 2625 1440 2660 μάλιστα
1457 2627 1600 2662 δευτέραν.
1617 2627 1748 2662 Ῥωμαῖοι
1772 2630 1801 2656 δ;

803 2677 911 2708 Jacobi
927 2679 1057 2709 Pontani
1073 2683 1168 2710 notm.

219 2740 275 2775 (69)
303 2740 394 2768 Codex
416 2740 527 2768 Graecus
550 2741 650 2772 habet,
675 2742 707 2776 τῇ
739 2740 768 2767 δὲ
802 2742 963 2776 προτεραίᾳ,

183 2777 278 2810 pridie.
307 2776 359 2803 Sed
385 2777 495 2810 quando
521 2776 573 2802 huc
591 2777 716 2802 venerint
734 2776 777 2802 isti
810 2777 919 2810 equites
931 2784 962 2804 ac

183 2811 300 2844 pedites,
316 2815 344 2837 et
357 2819 370 2837 a
388 2811 489 2845 quibus
508 2811 632 2837 Barbaris
654 2811 810 2845 interempti
828 2811 892 2842 sint,
908 2819 961 2838 non

180 2852 256 2877 queo
270 2846 426 2881 conjicere;
452 2850 525 2873 certe
545 2846 684 2873 Orchanes
706 2853 784 2872 mane
799 2845 875 2872 venit
898 2845 962 2872 Phi-

1017 2742 1166 2781 locrenen,
1187 2745 1254 2772 hora
1276 2746 1363 2774 altera
1380 2751 1441 2781 post
1465 2752 1558 2774 ortum
1576 2748 1651 2776 solis.
1670 2748 1801 2776 Existimo

1015 2778 1076 2821 loco
1093 2780 1132 2821 ,τῇ
1159 2780 1186 2805 δὲ
1203 2778 1538 2821 προτεραίᾳ..Ἰιεεβιιίίιιιιι
1563 2785 1596 2817 τῇ
1612 2784 1640 2810 δὲ
1658 2783 1801 2821 ὑστεραίᾳ,

1015 2814 1116 2846 postrid
1128 2822 1142 2840 e
1155 2822 1206 2850 pro
1223 2816 1323 2851 pridie.
1340 2814 1505 2844 Curistiicret
1521 2814 1617 2845 lector.
