1922 3082
114 203 169 233 [.65

689 203 964 234 IIlSTURIARUM
981 204 1097 236 LIBER
1117 206 1158 235 II.

1680 207 1732 238 465

115 259 141 284 οἱ
158 258 197 289 εἰς
212 257 298 293 αὐτὴν
313 257 447 290 ἐλθόντες,
464 257 526 284 ἐπεὶ
546 258 646 293 συνέϐη
663 258 693 285 τὸ
710 258 835 292 κλεῖθρον
850 258 901 293 τῆς

964 268 1044 296 mgna
1058 261 1166 296 equites
1188 269 1219 288 ac
1237 262 1344 296 pedites
1360 262 1439 291 simul
1453 271 1548 291 omnes
1567 269 1671 299 septem
1687 274 1735 293 su-

115 303 207 339 πύλης
218 303 381 335 ἀπολέσθαι,
396 304 499 338 ἀναμὶξ
514 304 632 334 ἑστῶτες
646 304 714 338 μετὰ
733 304 789 330 τῶν
805 312 901 331 σκευο-

115 351 219 384 φόρων,
234 350 272 381 ὡς
284 351 308 376 oi.
325 350 430 385 Πέρσαι
519 349 665 384 κατάδηλοι
681 348 751 384 ἦσαν
764 350 900 383 ἐπιόντες,

117 396 215 430 πρῶτα
237 396 286 430 μὲν
309 397 359 422 οὐκ
382 396 557 431 ἠδυνήθησαν
576 397 615 428 είς
630 396 707 428 τάξιν
730 395 901 429 καταστῆναι

118 443 166 469 καὶ
179 442 337 475 ἀμύνασθαι
352 444 416 474 τοὺς
430 442 599 477 βιρὸἀρους,
618 442 785 477 κωλυόμενοι
803 442 857 469 ὑπό
872 451 902 469 τε

117 487 174 514 τῶν
185 487 348 522 ἀχθοφόρων
364 488 412 513 καὶ
426 487 474 513 τοῦ
491 487 571 514 ἄλλου
588 486 725 513 οἰκετικοῦ
737 487 904 523 ἀναπεφυρέ-

121 533 202 568 μένου
224 534 324 564 αὐτοῖς.
347 533 424 559 Ἐπεὶ
448 533 476 559 δὲ
499 533 554 560 τῶν
573 533 709 568 κλείθρων
729 534 902 569 εὑρημένων,

120 579 298 614 ἀνεῴχθησαν
314 579 342 605 at
358 579 451 611 πύλαι,
473 580 498 606 οἱ
525 579 635 611 πλείους
660 579 753 615 ἀθρόοι
769 580 904 615 ὥρμησαν

121 626 197 656 ἐντὸς
214 625 313 652 ἐλθεῖν.
338 625 486 659 Γενομένου
504 625 532 651 δὲ
559 625 683 660 ὠθισμοῦ
707 625 806 652 πολλοῦ
831 626 905 653 κατὰ

119 671 171 705 τὴν
186 671 298 702 εἴσοδον,
325 671 372 697 καὶ
394 671 613 706 συνθλισομένων
642 673 688 698 ὑπ’
715 672 838 708 ἀλλήλων
857 671 905 699 καὶ

122 716 372 750 συμπατουμένων,
387 717 523 744 ἀπέθανον
540 717 589 752 μὲν
603 719 678 753 τρεῖς
693 719 763 744 κατὰ
779 718 828 749 τὰς
852 718 906 745 πύ-

121 762 182 793 λας,
198 762 252 787 τῶν
273 762 361 789 ἄλλων
378 763 566 795 εἰσελθόντων,
583 763 636 796 ἔξω
649 763 677 790 δὲ
701 764 752 790 ὑπὸ
766 764 821 790 τῶν
836 764 906 799 βαρ-

122 808 215 842 ϐάρων
245 809 292 835 δύο
317 809 367 843 μὲν
396 809 532 836 ἀπέθανον
553 811 601 837 καὶ
621 811 766 845 τριάκοντα
780 818 787 826 ·
816 811 847 844 ἐξ
870 808 908 838 ὢν

121 852 194 888 ἦσαν
205 855 252 882 δύο
266 855 321 882 τῶν
335 856 490 891 ἐπιφανῶν.
502 857 632 892 Μανουὴλ
649 858 663 884 ό
684 857 906 892 Ταρχανειὼτης,

124 900 172 926 καὶ
187 900 200 926 6
213 900 438 936 Καντακουζηνδς
450 902 618 937 Νικηφόρος,
634 903 680 929 τοῦ
696 903 814 937 μεγάλου
827 904 907 938 δομε-

952 314 1001 341 pra
1025 306 1205 341 quadraginta
1238 309 1448 341 occubuerunt,
1480 314 1508 336 et
1522 310 1555 336 ad
1581 315 1735 338 extremum

952 359 1067 386 magnus
1081 352 1260 381 heteriarcha
1277 354 1459 387 Exotrochus,
1474 363 1555 390 quem
1571 364 1626 383 non
1643 365 1658 384 a
1678 357 1740 384 bar—

952 399 1029 430 baro,
1051 399 1097 425 sed
1114 398 1237 426 Romano
1268 400 1359 435 aliquo
1385 401 1467 428 ictum
1496 402 1659 436 ferebatur;
1678 405 1737 430 sive

953 444 1026 479 quod
1045 451 1107 471 eum
1124 448 1178 471 non
1200 451 1360 480 agnosceret
1384 447 1447 482 (jam
1462 448 1535 474 enim
1550 456 1605 475 nox
1618 449 1739 477 interve-

953 490 1054 525 nerat),
1072 491 1130 518 sive
1147 491 1221 526 quod
1244 491 1278 519 ob
1294 492 1437 520 dissidium
1451 494 1543 521 nescio
1558 496 1638 529 quale
1653 503 1682 523 se
1697 496 1740 523 ul—

954 536 1019 564 elscl
1031 536 1124 568 vellet,
1138 537 1259 565 tenebris
1272 537 1434 566 maleﬁcium
1462 541 1674 569 occultantibus.
1687 541 1740 569 Su-

955 582 1042 617 spicio
1058 583 1110 610 fuit
1121 590 1135 610 a
1151 583 1274 610 Romano
1289 584 1476 615 vulneratum.
1495 587 1558 620 quia
1571 587 1661 614 Persa:
1680 591 1737 614 tum

931 625 943 636 "
956 632 1139 660 recesserant.
1157 628 1269 662 quando
1285 629 1344 664 ipse
1362 635 1443 664 caput
1461 631 1550 664 gladio
1567 628 1695 661 diiiissus.
1708 640 1739 658 ac

956 674 1071 701 cerebro
1088 678 1210 708 patente,
1227 675 1377 702 etiamnum
1392 675 1419 702 in
1439 684 1521 710 equo,
1538 677 1596 704 sine
1611 682 1677 704 Voce
1696 678 1739 703 iu-

956 723 1054 747 ventus
1065 724 1118 752 est,
1135 728 1186 748 nec
1199 721 1245 747 diu
1256 726 1316 755 post
1326 722 1443 748 animam
1461 722 1606 750 exhalavit.
1620 723 1672 750 Per
1690 723 1743 751 alia

957 772 1040 800 porro
1057 765 1155 800 oppida
1171 765 1312 800 dispersus
1327 766 1465 793 Romanus
1482 767 1628 798 exercitus.
1644 766 1742 794 eodem

958 811 1001 838 die
1011 811 1122 839 velutex
1131 811 1466 846 eompositoPliilocrenen
1477 812 1615 844 convenit,
1624 812 1744 847 indeque

957 863 1012 884 non
1028 857 1122 891 procul
1137 864 1151 884 a
1163 857 1261 884 castris
1280 857 1416 885 Orclianis
1437 862 1621 888 transeuntes.
1643 857 1742 885 Scuta-

960 904 1030 931 rium
1045 908 1230 933 accesserunt.
1246 909 1273 930 et
1286 903 1444 938 Byzantium
1460 904 1544 931 libere
1561 904 1741 937 trajecerant.

125 945 219 970 στίκου
232 946 277 971 καὶ
290 946 438 982 ἀμφότεροι
452 948 631 983 τυγχάνοντες
647 948 752 982 ἀνεψιοί
763 957 769 963 ·
786 948 909 975 ἑάλωσαν

964 949 1034 977 unde
1050 949 1083 976 ad
1095 956 1159 976 suos
1167 949 1283 984 quisque
1295 949 1366 977 lares
1379 949 1520 977 remeavit.
1531 947 1682 984 Imperator
1694 956 1741 976 eos

124 990 153 1016 δὲ
165 992 212 1018 καὶ
224 991 324 1023 ζῶντες
349 993 517 1027 πεντήκοντα
527 996 574 1021 καὶ
586 994 682 1020 ἑκατόν
695 1001 701 1009 ”
714 991 751 1020 ὦν
765 995 789 1021 ot
801 994 909 1026 πλείους

964 995 1009 1030 qui
1021 994 1055 1022 de
1071 999 1157 1022 morte
1172 1002 1221 1021 sua
1235 995 1261 1022 in
1277 995 1375 1022 castris
1388 994 1505 1022 fabulam
1519 995 1742 1024 disseminaraut.

127 1036 159 1060 ἐκ
171 1036 225 1061 τῶν
238 1036 450 1071 ὑπηρετούντων
464 1037 519 1070 τοῖς
534 1039 714 1073 στρατιώταις
730 1037 910 1074 ἦσαν.⁸¹1πποι

964 1040 1086 1068 criminis
1093 1040 1238 1068 damnabat
1249 1040 1294 1068 ille
1301 1041 1421 1075 quidem,
1432 1048 1650 1076 maguopereque
1661 1048 1709 1067 acc
1715 1048 1746 1066 u-

125 1081 153 1107 6‘5
170 1083 196 1108 oi
218 1083 415 1118 ἀφαιρεθέντες
447 1085 573 1119 ἐγένοντο
597 1086 634 1117 ὡς
657 1086 842 1121 τετρακόσιοι.
866 1086 910 1112 Ἔ-

126 1136 208 1154 πειτα
221 1129 246 1155 o!
261 1129 336 1156 ἄλλοι
350 1131 564 1166 συστραφέντες,
581 1131 789 1166 συνεπλάκησαν
809 1141 838 1159 τε
854 1133 910 1164 τοῖς

964 1132 1037 1164 licet,
1052 1139 1087 1159 ne
1106 1132 1170 1159 odio
1182 1133 1223 1159 avi
1237 1132 1263 1160 id
1276 1132 1367 1164 facere
1382 1133 1533 1160 videretur.

128 1173 290 1209 βαρϐάροις,
306 1176 353 1202 καὶ
372 1176 538 1204 ἀπέκτειναν
554 1177 583 1210 ἐξ
601 1177 692 1203 αὐτῶν
726 1177 811 1212 ὀλίγῳ
840 1177 947 1208 δέοντας
967 1177 1125 1204 διακοσίων.
1146 1178 1279 1213 Ὀρχὰνης
1295 1177 1322 1204 δὲ
1346 1178 1419 1213 ὀρῶν
1441 1179 1493 1214 ήδη
1510 1178 1574 1210 τοὺς
1595 1177 1747 1213 Ῥωμαίους

127 1218 329 1253 ἀμυνομένους,
350 1221 388 1255 μὴ
407 1221 556 1256 δυνάμενός
571 1231 597 1248 τι
617 1222 715 1258 δράσαι
731 1222 822 1254 πλέον,
841 1221 970 1258 ἀπήγαγέ
984 1232 1014 1250 τε
1031 1223 1083 1258 τὴν
1117 1223 1248 1258 στρατιὰν
1279 1223 1330 1258 τῆς
1351 1224 1541 1259 Φιλοκρήνης,
1576 1223 1624 1250 καὶ
1648 1225 1748 1259 ἐστρα-

127 1266 292 1294 τοπέδευσεν
306 1268 374 1294 ἐκεῖ.
393 1269 522 1296 Τοσοῦτοι
549 1269 599 1305 μὲν
621 1270 756 1297 ἀπέθανον
772 1271 843 1296 κατὰ
862 1270 912 1305 τὴν
931 1270 1101 1306 Ψιλοκρήνην
1124 1270 1171 1296 καὶ
1207 1270 1332 1297 ἑάλωσαν
1369 1270 1481 1302 ζῶντες.
1498 1271 1538 1306 Τῇ
1554 1269 1705 1305 προτεραίᾳ
1719 1269 1748 1296 δὲ

128 1314 200 1339 κατὰ
213 1313 262 1345 τὰς
279 1315 369 1349 μάχας
383 1314 407 1341 ol
429 1315 589 1351 σύμπαντες
611 1316 748 1344 ἀπέθανον
784 1317 878 1348 ἱππεῖς
898 1325 927 1343 τε
949 1317 995 1343 καὶ
1028 1316 1116 1349 πεζοὶ,
1145 1317 1217 1344 ἑπτὰ
1239 1316 1286 1344 καὶ
1301 1317 1510 1352 τεσσαράκοντα
1523 1326 1530 1334 ⁸
1559 1318 1606 1344 καὶ
1623 1318 1637 1343 ό
1660 1318 1748 1353 μέγας

127 1360 323 1396 ὲταιρειάρχης
356 1360 524 1397 Ἐξώτροχος
561 1363 632 1389 κατὰ
663 1362 712 1398 τὴν
749 1363 907 1390 τελευταίαν
928 1363 1109 1398 συμπλοκήν·
1125 1363 1156 1395 ὃς
1188 1365 1235 1391 καὶ
1265 1363 1374 1398 ἐλέγετο
1389 1363 1438 1399 οὐχ
1453 1364 1504 1390 ὑπὸ
1521 1363 1673 1400 βαρϐάρυυ,
1690 1362 1749 1391 ἀλλ’

127 1406 182 1432 ὑπὸ
215 1406 353 1442 Ῥωμαίου
386 1407 457 1439 τινὸς
481 1408 628 1443 πληγῆναι,
663 1409 719 1435 εἴτε
749 1409 934 1444 ἁγνοήσαντος
953 1409 1035 1436 αὐτὸν
1062 1407 1122 1445 (ἢδη
1140 1410 1195 1445 γὰρ
1221 1409 1372 1437 ἐπελάϐετο
1393 1410 1410 1445 ή
1437 1409 1509 1445 νὺξ),
1540 1411 1595 1437 εἴτε
1613 1410 1661 1438 καὶ
1677 1410 1749 1437 κατά

126 1461 189 1479 τινα
204 1452 336 1488 διαφορὰν
352 1454 538 1488 ἀμυνομένου,
557 1454 602 1481 τοῦ
623 1455 737 1487 σκότους
762 1456 1030 1491 ουνεπικρύπτοντος
1063 1455 1113 1490 τὴν
1145 1455 1326 1490 κακουργίαν.
1352 1454 1536 1491 ’Υπωπτεύθη
1556 1456 1584 1483 δὲ
1607 1456 1660 1482 ὑπὸ
1679 1456 1750 1482 Ῥω-

129 1499 212 1535 μαίου
227 1501 374 1536 πληγῆναι,
391 1502 432 1528 ὅτι
445 1502 690 1537 ἀνακεχωρηκότες
703 1502 753 1538 ἤδη
784 1502 809 1529 oi
843 1503 947 1537 Πέρσαι
965 1500 1046 1537 ἦσαν,
1065 1501 1109 1528 ὅτε
1122 1502 1224 1533 ἐκεῖνος
1239 1503 1289 1538 τὴν
1301 1503 1425 1539 κεφαλὴν
1441 1502 1540 1539 εὑρέθη
1554 1502 1750 1538 πεπληγμένος

129 1549 213 1583 ξίφει,
228 1549 346 1584 ἔφιππος
361 1549 401 1575 ἔτι
418 1550 465 1577 ὥν.
487 1549 608 1585 ’Ᾱφωνίᾳ
628 1549 656 1576 δὲ
694 1549 861 1586 κατεσχέθη,
886 1550 935 1577 τοῦ
955 1549 1107 1584 ἐγκεφάλου
1125 1549 1270 1585 άψαμένης
1304 1550 1354 1585 τῆς
1374 1550 1493 1586 πληγῆς,
1515 1551 1560 1577 καὶ
1589 1551 1749 1585 ἐτελεύτησε

130 1596 201 1629 μετὰ
222 1596 331 1631 μικρόν.
360 1595 393 1621 Ἦ
413 1595 505 1630 μέντοι
527 1595 600 1621 κατὰ
626 1594 676 1626 τὰς
702 1595 787 1627 ἄλλας
819 1594 913 1627 πόλεις
932 1595 1147 1630 διεσκεδασμένη
1180 1595 1297 1630 στρατιὰ
1322 1595 1468 1630 Ῥωμαίων
1481 1597 1530 1631 τῆς
1546 1597 1631 1631 αὐτῆς
1644 1597 1750 1631 ἡμέρας

129 1643 225 1678 ὥσπερ
240 1643 272 1670 ὲκ
308 1642 480 1678 συνθήματος
512 1643 553 1674 εἰς
572 1642 742 1678 Φιλοκρήνην
764 1641 950 1675 συνελθόντες,
971 1641 1076 1668 ἐκεῖθέν
1091 1649 1120 1668 τε
1131 1642 1162 1668 οὐ
1176 1642 1243 1668 πολὺ
1260 1642 1369 1669 ἄπωθεν
1380 1642 1428 1669 τοῦ
1441 1643 1623 1678 στρατοπέδου
1631 1642 1752 1678 Ὀρχάνη

131 1692 287 1726 παριόντες,
300 1687 382 1725 ἦλθον
396 1692 435 1721 εἰς
449 1690 688 1724 Σκουτάριον,καὶ
703 1689 913 1726 ἐπεραιώθησαν
933 1690 973 1722 είς
1008 1688 1156 1721 Βυζάντιον
1191 1688 1287 1721 ἀδεῶς,
1310 1689 1414 1716 ἐκεῖθέν
1435 1697 1464 1714 τε
1485 1687 1664 1724 ἀνεχώρησαν
1684 1688 1752 1714 ’ἑκα-

132 1747 196 1770 στος
212 1738 254 1765 ἐπ’
271 1739 357 1766 οἴκου.
375 1738 508 1771 Βασιλεὺς
532 1737 561 1765 δὲ
576 1738 639 1769 τοὺς
656 1739 697 1769 εἰς
721 1738 752 1764 τὸ
778 1737 960 1772 στρατόπεδον
991 1736 1242 1772 διαθρυλλήσαντας
1270 1736 1308 1768 ὡς
1343 1735 1500 1771 ἐτεθνήκει,
1528 1737 1556 1762 ὲν
1585 1734 1685 1765 αἰτίαις
1702 1735 1752 1768 μὲν

130 1786 280 1821 ἐποιήσατο
308 1786 356 1812 καὶ
383 1787 558 1822 κατηγόρησε
586 1786 683 1818 πολλὰ,
712 1785 804 1813 οὐκέτι
831 1785 859 1812 δὲ
888 1785 935 1812 καὶ
955 1784 1147 1819 ἐτιμωρήσατο
1177 1783 1260 1815 ἀξίως
1283 1784 1333 1819 τῆς
1363 1782 1535 1818 κακουργίας
1563 1782 1680 1815 ἑαυτῶν,
1696 1781 1752 1809 δέει

963 1086 1051 1118 subat,
1067 1091 1120 1112 non
1137 1090 1226 1113 tamen
1248 1093 1296 1120 pro
1306 1086 1403 1113 merito
1419 1086 1560 1119 multabat,
1575 1086 1677 1113 veritus
1695 1086 1748 1113 sci-
1797 1075 1800 1080 ’

131 1832 180 1859 τοῦ
209 1833 247 1867 μὴ
273 1832 362 1859 δοκεῖν
388 1832 427 1868 τῷ
444 1833 510 1868 πρὸς
531 1832 578 1860 τὸν
594 1833 708 1860 πάππον
736 1832 783 1860 καὶ
800 1832 914 1868 βασιλέα
933 1831 1007 1868 ἔχθει
1023 1830 1176 1866 ἀμύνεσθαι
1192 1829 1301 1861 αὐτούς.

853 1905 967 1934 CAPUT
986 1903 1031 1935 IX.

131 1964 215 1990 Amor
232 1964 397 1998 imperatoris
413 1965 441 1990 in
456 1971 581 2000 magnum
599 1965 766 1992 domesticum
785 1964 945 1991 incredibilis
966 1965 1122 2000 exprimitur
1145 1966 1242 1993 denuo.
1267 1965 1381 1992 Docetur
1397 1964 1562 1999 qurrttwperc
1577 1962 1751 2000 conlft'defif.

169 2003 197 2025 ut
210 2007 269 2025 eum
285 1999 388 2032 imperii
401 1997 545 2026 consortem
558 2000 681 2031 haberet;
697 2008 773 2034 quem
788 2003 875 2026 tamen
889 1997 1014 2026 honorent
1035 1999 1080 2027 ille
1095 1997 1511 2035 constantertatiesirepndiauit‘,
1533 2008 1592 2026 cum
1608 1997 1708 2033 alioqui
1723 2005 1751 2026 re

166 2036 224 2066 ipsa
246 2042 342 2068 parum
356 2035 463 2061 omnino
485 2035 516 2061 ab
532 2035 691 2067 imperatore
713 2035 839 2068 (li/Terret.
859 2035 1072 2069 quandoquidem
1090 2043 1167 2069 penes
1183 2044 1241 2062 eum
1264 2040 1321 2062 erat
1337 2039 1393 2062 tota
1417 2036 1520 2069 imperii
1543 2035 1751 2061 administratio.

169 2070 221 2096 Sed
237 2070 311 2095 certis
324 2069 355 2094 de
367 2070 452 2096 causis
465 2078 481 2095 a
498 2069 602 2096 nomine
613 2075 636 2096 et
651 2069 795 2105 insignibus
818 2069 962 2102 abstinuit;
979 2077 1038 2104 qua
1058 2075 1159 2104 tamen,
1179 2075 1208 2097 ut
1225 2070 1366 2097 videbimus
1382 2070 1448 2097 libro
1467 2071 1554 2103 tertio,
1568 2071 1650 2097 etiant
1666 2073 1752 2096 certos

169 2104 200 2130 ab
215 2111 309 2131 causa:
330 2108 419 2137 postea
435 2104 551 2131 admisit.

176 2164 288 2198 Ὀλεγας
317 2165 346 2191 δὲ
368 2165 545 2200 ὲνδιατρίψας
559 2164 668 2199 ἡμέρας
692 2163 842 2199 Βυζαντίῳ,
856 2143 911 2191 ὲπέ¹

1008 2165 1110 2193 Diebus
1125 2172 1179 2192 non
1207 2165 1276 2192 adeo
1296 2165 1390 2193 multis
1416 2164 1538 2200 Byzantii
1554 2168 1752 2196 commoratus,

133 2211 183 2238 καὶ
195 2212 210 2237 ὁ
226 2211 314 2245 μηρὸς
336 2211 410 2245 αὐτῷ
427 2211 481 2237 ἀπὸ
497 2210 543 2237 τοῦ
560 2209 716 2245 τραύματος
730 2208 804 2245 εἶχεν
817 2208 916 2244 ὑγιῶς,

133 2257 251 2291 ἐξελθὼν
263 2256 346 2292 ἦλθεν
360 2257 400 2288 εὶς
415 2257 605 2291 Διδυμότειχον
616 2248 710 2283 καῖτὰ
722 2258 786 2291 περὶ
807 2255 919 2292 Ἀδρια-

134 2304 190 2331 νοῦ.
209 2303 363 2337 Διατρίϐων
392 2301 420 2328 δὲ
452 2302 527 2335 ἐκεῖ,
552 2301 599 2328 καὶ
618 2301 732 2328 πάντοτε
759 2301 809 2335 μὲν
833 2300 918 2335 ἡδέως

134 2347 191 2384 εῐχε
208 2348 248 2384 τῷ
266 2348 378 2382 μεγάλῳ
390 2347 542 2382 δομεστίκῳ
561 2348 680 2374 συνεῖναι
695 2346 742 2374 καὶ
754 2346 870 2381 ὁμιλεῖν,
880 2345 918 2378 ὡς

135 2396 183 2422 καὶ
198 2393 375 2429 διημερεύειν
388 2393 486 2424 αὐτοὺς
497 2393 626 2424 πολλάκις
641 2393 687 2419 καὶ
696 2392 918 2427 διανυκτερεύειν

135 2442 165 2468 ὲν
178 2442 240 2472 ταῖς
255 2439 387 2474 ὁμιλίαιςσ
403 2441 450 2466 καὶ
465 2440 526 2466 τότε
540 2439 567 2465 δὲ
592 2439 695 2473 ὁμιλῶν
711 2438 786 2474 αὐτῷ
805 2439 855 2474 τῆς
868 2440 919 2475 ἀρ-

135 2486 213 2522 χαίας
225 2495 255 2513 τε
272 2485 477 2520 ἀνεμίμνησκεν
490 2485 571 2512 αὐτὸν
587 2485 654 2519 πρδς
664 2484 796 2519 ἀλλήλους
815 2485 917 2518 φιλίας,

135 2534 183 2560 καὶ
205 2534 256 2567 τῆς
283 2531 425 2565 κατάκρας
443 2531 602 2564 συναφείας,
631 2530 681 2557 οὐκ
718 2531 746 2557 ιν
775 2531 917 2565 παρέργῳ,

134 2579 203 2606 ἀλλὰ
228 2578 297 2612 μετά
323 2584 396 2608 τινος
423 2577 563 2611 φροντίδος
589 2576 638 2603 καὶ
665 2576 782 2611 σπουδῆς
797 2595 804 2608 ,
820 2577 866 2603 καὶ
881 2574 918 2604 ὦν

137 2625 228 2661 μικρῷ
244 2624 363 2659 πρόσθεν
377 2624 485 2659 εἰρήκει
502 2623 571 2658 πρδς
594 2623 687 2655 αὐτὸν,
704 2624 750 2650 ὅτε
766 2623 831 2658 περὶ
852 2624 920 2658 Συρ·

135 2674 232 2707 γιαννη
249 2672 336 2698 ἐδεῖτο
359 2671 409 2705 τῆς
436 2670 549 2706 εῑρκκτῆς
566 2669 749 2705 ἀπολυθῆναι,
765 2670 802 2701 ὡς
815 2669 871 2697 οὔτ’
885 2670 919 2696 ἂν

134 2719 176 2754 εἴη
190 2727 217 2744 τι
231 2718 286 2744 τῶν
306 2717 413 2743 πάντων
429 2717 442 2743 ὖ
456 2715 527 2743 κατὰ
539 2715 653 2750 γνώμην
669 2716 744 2751 αὐτῷ
760 2716 918 2751 πραχθῆναι

133 2764 162 2790 ὃν
185 2764 270 2791 αὐτὸν
290 2763 418 2797 ἐθελῆσαι
438 2762 471 2790 ἄν
495 2770 561 2788 ποτε
584 2761 716 2794 κωλύσαι,
735 2762 803 2788 ἀλλὰ
818 2770 920 2796 συγνα-

134 2809 319 2846 τεργάσεσθαι
349 2809 423 2844 πάσῃ
452 2809 565 2845 σπουδῇ-
585 2808 649 2835 οῠτε
674 2809 698 2835 si
722 2809 791 2835 κατὰ
808 2808 839 2843 δή
858 2817 918 2835 τινα

133 2856 235 2891 τρόπον
261 2856 363 2887 δόξειεν
396 2855 470 2890 αὺτῷ
497 2856 546 2890 τῆς
574 2855 665 2887 οίκίας
689 2855 848 2881 ἀποστάντα
871 2854 918 2881 καὶ

135 2902 271 2936 φιλτάτων
285 2903 332 2930 καὶ
344 2901 484 2935 γυναικδς,
500 2901 548 2927 καὶ
569 2900 734 2936 συμπάντων
748 2900 837 2926 εἰπεῖν
850 2907 917 2934 χρη-

972 2211 1076 2239 femore
1089 2211 1145 2246 jam
1165 2215 1313 2246 persanata
1328 2211 1548 2246 Didymotichum
1565 2215 1592 2237 et
1621 2210 1755 2238 Adriano-

972 2256 1048 2291 polin
1064 2257 1197 2284 excurrit.
1210 2256 1258 2289 lbi,
1278 2263 1341 2283 eum
1357 2261 1436 2283 antea
1450 2263 1558 2290 semper
1579 2263 1640 2283 cum
1656 2262 1753 2291 magno

972 2301 1123 2329 domestico
1141 2306 1194 2329 tam
1206 2302 1327 2337 jucunde
1345 2301 1372 2328 in
1387 2309 1514 2329 sermone
1526 2302 1627 2329 versari
1641 2302 1753 2334 soleret,

973 2353 1003 2375 ut
1017 2348 1096 2383 223
1111 2355 1182 2382 saepe
1197 2347 1266 2379 dies,
1282 2355 1354 2382 saepe
1368 2351 1461 2375 noctes
1472 2347 1673 2375 confabulando
1690 2356 1755 2376 con-

973 2398 1158 2426 sumerentur,
1173 2393 1237 2420 dum
1253 2394 1428 2421 collocutioni
1445 2399 1555 2426 vacant,
1573 2396 1676 2423 veteris
1687 2395 1755 2421 ami-

972 2439 1043 2468 citiae
1055 2445 1082 2467 et
1092 2439 1253 2467 aretissiune
1265 2439 1477 2473 coniunctionis,
1495 2447 1549 2466 non
1565 2447 1613 2475 per
1632 2445 1756 2468 transen—

973 2494 1047 2517 nam,
1061 2485 1108 2514 sed
1121 2485 1248 2519 cogitato,
1271 2489 1299 2511 et
1313 2484 1346 2512 de
1361 2484 1496 2512 industria
1517 2492 1580 2512 eum
1597 2493 1754 2513 commone-

973 2531 1055 2564 facit;
1080 2531 1191 2558 illorum
1218 2535 1360 2565 praeterea,
1381 2538 1442 2565 quae
1458 2531 1617 2565 nuperrime
1630 2539 1678 2565 pro
1691 2531 1755 2567 Syr-

973 2579 1071 2614 gianne
1084 2586 1099 2606 e
1114 2585 1226 2605 carcere
1236 2577 1378 2604 liberando
1393 2577 1496 2611 roganti
1508 2577 1696 2611 responderat,
1713 2578 1754 2604 ui-

973 2623 1130 2658 hilpenitus
1145 2623 1204 2651 fore
1217 2623 1333 2654 sciliCet,
1351 2622 1424 2658 quod
1445 2622 1467 2650 si
1482 2623 1526 2650 ille
1542 2623 1644 2650 factum
1659 2624 1752 2654 vellet,

971 2677 1027 2696 non
1039 2668 1110 2696 idem
1122 2669 1181 2703 ipse
1193 2669 1274 2696 vellet
1284 2689 1291 2700 ,
1303 2673 1330 2695 et
1345 2669 1372 2695 in
1384 2676 1438 2702 quo
1450 2667 1592 2696 efﬁciendo
1605 2676 1660 2695 non
1671 2669 1754 2695 etiam

973 2715 1047 2742 omni
1063 2714 1154 2742 studio
1176 2715 1338 2746 elaboraret,
1355 2720 1444 2748 neque
1459 2714 1481 2741 si
1497 2722 1551 2749 quo
1567 2714 1647 2740 modo
1659 2713 1752 2740 relicta

971 2762 1071 2795 patria.
1090 2769 1186 2792 uxore,
1200 2761 1311 2797 iliberis,
1330 2765 1358 2787 et
1383 2765 1412 2787 ut
1438 2760 1523 2787 semel
1543 2760 1643 2790 dicam,
1671 2759 1754 2786 rebus

963 2807 1109 2840 .omnibus,
1125 2806 1152 2833 in
1169 2806 1225 2833 solo
1242 2806 1386 2841 peregrino
1413 2813 1500 2832 aevum
1518 2806 1659 2833 traducere
1675 2804 1754 2832 insti—

973 2855 1073 2882 tueret.
1088 2859 1165 2887 posse
1179 2858 1299 2886 unquam
1315 2852 1349 2878 ab
1360 2859 1393 2879 eo
1408 2850 1511 2883 divelli,
1527 2851 1576 2878 sed
1596 2850 1673 2885 prius
1687 2857 1750 2877 eum

973 2898 1130 2931 doctorum,
1145 2906 1225 2933 quam
1250 2897 1276 2925 id
1302 2897 1492 2932 intempestive
1506 2901 1588 2931 atque
1604 2896 1754 2924 insolenter
