1922 3082
111 189 166 221 εδδ

694 182 969 215 HISTORIARUM
989 182 1106 212 LIBER
1128 183 1171 213 ll.

1688 179 1741 210 47f)

115 245 216 272 Καίτοι
244 243 326 270 τοῦτο
347 242 424 276 δόξαι
449 243 498 278 μὲν
521 242 554 269 ἂν
571 243 626 274 τοῖς
649 242 750 275 ἔξωθεν
765 241 904 275 ὑπερφυὲς

976 239 992 265 b
1008 238 1091 274 225
1111 238 1231 266 amicitia
1251 240 1342 270 autem
1362 239 1390 263 et
1415 235 1588 262 voluntatum
1605 233 1745 268 conspira—

114 291 213 325 ὥσπερ
237 289 304 324 δῆτα
327 289 373 315 καὶ
397 289 466 319 ἔστι,
491 289 554 324 τῇδε
572 288 677 314 ἔνδοθεν
708 287 778 322 πρὸς
802 288 832 313 σέ
850 295 901 321 μἰυ

115 335 240 362 διαθέσει
271 334 422 361 διασάλλων
453 342 506 366 τις,
539 333 697 368 ἡττώμενον
723 333 835 368 εὑρήσει
852 341 904 358 πα-

119 380 236 416 ραπολύ.
254 380 291 406 Τὸ
320 380 370 414 μὲν
386 380 439 414 γὰρ
458 379 587 405 κοινωνὸν
611 378 723 406 ἑλέσθαι
739 379 788 413 τῆς
814 377 903 413 ἀρχῆς

118 426 167 451 καὶ
186 425 238 458 τῆς
253 424 375 456 εὖδοξίας
393 425 569 459 μεταδοῦναι,
597 425 643 452 καὶ
661 424 753 455 ἄλλοις
776 424 808 451 ἄν
833 432 904 450 τισιν

119 468 197 503 εὖροι
220 477 262 500 τις
285 471 467 504 εἰργασμένον
488 469 541 504 πρὸ
552 470 640 505 ἡμῶν·
665 472 699 505 τῇ
721 471 749 497 δὲ
765 469 841 505 φιλίᾳ
858 469 906 496 καὶ

119 515 153 548 τῇ
173 514 311 549 συμπνοίᾳ
325 535 332 544 ,
358 515 392 549 ἣν
410 516 438 541 ὲν
462 515 587 549 ἀλλήλοις
613 515 791 550 ἐκτησάμεθα
810 516 904 550 ἡμεῖς,

121 560 171 585 καὶ
189 560 253 590 τοὺς
272 560 348 594 παρὰ
363 569 383 586 π
400 561 489 595 ιητιιῖς
504 561 551 586 καὶ
568 560 774 596 συγγραφεῦσιν
799 562 845 587 ἐπὶ
862 569 906 594 φι-

123 605 197 637 λίαις
212 606 401 640 ὑμνουμὲνους
418 606 468 633 οὐκ
486 607 529 633 ἐπ’
543 606 635 640 ὀλίγον
649 607 751 641 νομίζω
768 615 907 641 παρηκον-

123 650 243 677 τικέναι.
259 650 341 677 Ὅθεν
355 651 380 676 εἴ
397 660 423 677 τι
435 651 483 677 καὶ
498 652 551 678 τῶν
568 651 731 686 θαυμασίων
747 653 821 678 δοκεῖ
839 650 909 679 εἶναι

124 695 180 725 τοῖς
208 694 298 726 ἄλλοις
324 695 409 727 πᾶσι,
433 694 488 720 τῶν
512 695 631 730 μετρίων
661 695 755 730 ἔμοιγε
785 696 910 729 φαίνεται

124 741 174 766 καὶ
197 740 308 774 ὀλίγων,
333 740 364 766 οὐ
401 740 444 766 διὰ.
471 741 502 767 τὸ
526 740 642 774 μάλιστα
666 741 808 776 βούλεσθαι
831 742 911 776 μόνον

126 786 176 812 καὶ
193 786 290 820 ὦτπερ
313 793 339 812 τι
357 785 457 821 δεῖγμα
477 787 581 813 οἴεσθαι
608 788 706 821 μικρδν
733 787 783 822 τῆς
805 787 911 815 ἔνδοθεν

129 832 249 865 στοργῆς
269 832 319 866 τῆς
346 832 409 866 περὶ
436 832 475 864 σὲ,
500 832 557 858 ἀλλ’
581 832 620 859 ὅτι
643 832 691 859 καὶ
711 832 864 868 Ῥωμαίους
881 834 912 860 οὺ

129 877 230 912 μικρὸν
246 878 286 908 είς
302 878 334 904 τὰ
348 878 499 912 πράγματα
513 877 697 912 λυσιτελήσει.
712 879 845 910 Βασιλεὺς
866 879 914 913 μὲν

125 921 177 950 οὖν
204 923 237 949 ὲκ
268 923 371 950 τούτων
397 924 537 958 ὲπεχείρει
565 924 611 950 τὸν
638 924 727 958 μέγαν
754 925 915 959 δομὲστικον
934 913 954 942 Β

132 968 240 994 πείθειν
264 968 337 1002 αὺτῷ
367 968 581 1003 συμϐασιλεύειν
610 970 657 996 καὶ
687 969 838 996 συνδιέπειν
864 970 915 1005 τὴν

128 1013 237 1047 ἀρχήνσ
263 1014 276 1039 ὀ
296 1013 323 1040 δὲ
345 1013 393 1040 καὶ
423 1013 504 1045 αὐτὸς
534 1014 583 1048 μὲν
606 1014 683 1048 ἔλεγε
711 1015 759 1049 τὴν
784 1016 844 1050 ίσην
868 1017 915 1042 καὶ

128 1059 229 1093 ὁμοίαν
241 1058 314 1093 ἔχειν
337 1059 402 1093 περὶ
417 1059 446 1085 τὸ
460 1060 578 1094 πρᾶγμα
593 1060 684 1091 δόξαν⁸
702 1061 749 1086 καὶ
771 1061 842 1096 μέγα
867 1061 916 1095 μὲν

129 1105 236 1131 οῖεσϐαι
253 1105 300 1131 καὶ
316 1105 475 1139 θαυμαστὸν
494 1106 554 1133 καθ’
571 1107 653 1133 ἑαυτό
669 1116 698 1133 τε
722 1105 792 1134 εἶναι
811 1107 860 1134 καὶ
874 1108 917 1134 δο-

133 1150 193 1176 κεῖν
219 1151 273 1181 τοῖς
289 1150 380 1181 ἄλλοις
397 1150 493 1186 ὥσπερ
512 1160 554 1182 τις
573 1153 688 1187 κορωνὶς
704 1152 759 1179 τῶν
772 1153 800 1178 ἐν
811 1153 917 1188 ἀνθρώ-

133 1204 196 1226 ποις
213 1196 411 1230 εὐτυχημάτων
425 1197 465 1230 ὃν,
484 1200 517 1233 τῇ
537 1197 614 1232 φιλίᾳ.
633 1198 660 1225 δὲ
674 1199 762 1225 αὐτῶν
775 1199 919 1233 παραϐαλ-

133 1241 250 1275 λόμενον
262 1243 296 1277 τῇ
315 1243 384 1276 πρὸς
408 1243 550 1277 ἀλλήλους,
577 1244 654 1270 οὐδὲν
677 1244 730 1270 τῶν
756 1244 918 1280 Θαυμασίων

134 1286 217 1320 εἶναι,
243 1288 304 1314 οὐδὲ
329 1288 384 1314 τῶν
411 1289 525 1320 εἰκότως
549 1289 582 1316 ἂν
598 1290 733 1327 ἐκπλῆξαι
748 1290 917 1326 δυναμένων,

139 1334 170 1359 Ὀ
187 1334 241 1370 γὰρ
256 1334 306 1369 τὴν
321 1334 405 1360 αὑτοῦ
425 1335 498 1370 ζωὴν
513 1336 562 1370 τῆς
577 1335 682 1367 οἰκείας
700 1337 850 1371 προτιθεὶς,
872 1339 919 1365 καὶ

135 1379 197 1413 μεθ’
214 1379 281 1413 ὅσης
301 1379 333 1406 ἂν
352 1380 449 1415 ἡδονῆς
472 1381 502 1406 τδ
529 1381 600 1415 ὑπὲρ
630 1381 711 1408 αὐτοῦ
739 1383 919 1418 ἁνθελόμενος

134 1425 285 1451 ἀποθανεῖν
332 1425 359 1452 τί
388 1426 548 1460 θαυμαστὸν
571 1427 595 1453 εί
615 1428 662 1454 καὶ
680 1427 819 1462 βασιλείας
837 1438 920 1463 μεταε

134 1468 205 1503 δοίη,
222 1470 238 1505 ἢ
257 1469 284 1495 εἴ
298 1479 369 1502 τινος
383 1471 430 1496 καὶ
447 1471 542 1497 τούτου
560 1471 806 1508 θαυμασιωτέρου;
827 1474 876 1508 τῆς
890 1474 920 1501 δὲ

136 1515 301 1549 εὐεργεσίας
317 1516 398 1542 ἓνεκα
419 1518 536 1551 ταυτησὶ
554 1517 653 1548 πολλὰς
676 1519 724 1552 μὲν
738 1518 857 1553 ὀφείλειν
872 1520 921 1555 χά-

140 1569 218 1594 ριτας
245 1561 405 1595 ὁμολογεῖν,
427 1563 474 1589 καὶ
501 1562 589 1597 λόγοις
609 1572 640 1589 τε
666 1563 782 1591 καθόσον
811 1563 867 1593 οἷόν
889 1575 919 1593 τε

137 1607 188 1640 τὴν
205 1607 276 1640 ὑπὲρ
297 1608 383 1641 αὐτῆς
413 1608 494 1642 χάριν
515 1608 656 1642 ἀφοσιοῢν,
673 1609 766 1644 ἔργοις
789 1619 818 1637 τε
841 1612 921 1646 ἀμεί-

137 1650 236 1676 ὃεσῠαι
255 1652 311 1683 τοῖς
337 1652 418 1684 ἴσοις,
446 1653 495 1688 τὴν
522 1654 619 1688 ὁμοίαν
644 1655 691 1682 καὶ
713 1656 794 1684 αὑτὸν
820 1658 852 1683 ἐκ
871 1658 921 1692 τῆς

138 1697 254 1732 καρδίας
275 1698 350 1732 αὐτῷ
364 1699 539 1732 προσάγοντα
555 1700 603 1726 καί
618 1701 710 1734 φιλίαν
726 1703 772 1729 καὶ
792 1705 920 1739 στοργήν.

140 1744 175 1769 Ὃ
192 1743 221 1777 δὲ
254 1744 329 1778 αὐτῷ
354 1745 517 1779 προστάττει
536 1746 583 1772 νῦν
601 1746 726 1782 δέχεσϋαί
754 1757 795 1780 τε,
817 1750 864 1776 καὶ
885 1750 923 1782 ὡς

116 1813 120 1815 _
139 1790 333 1824 τετελεσμένον
350 1791 471 1825 νομίζειν
485 1792 535 1827 ἤδη
551 1800 558 1807 ·
582 1792 612 1818 τὸ
627 1793 681 1828 γὰρ
700 1795 741 1825 είς
752 1794 833 1821 αὐτὸν
844 1793 922 1831 ἧκον,

140 1836 217 1862 οὐδὲν
228 1836 363 1871 ἐλλείπειν
376 1837 423 1863 τοῦ
438 1838 608 1872 πεπρᾶχθαι’
621 1838 694 1874 ἔργῳ
708 1840 735 1866 δὲ
750 1840 838 1867 τελεῖν
855 1842 924 1876 μήτε

137 1882 272 1909 δύνασθαι
291 1885 358 1918 μήτε
370 1886 440 1910 κατὰ
458 1885 573 1920 γνώμην
590 1885 663 1920 αὐτῷ
679 1884 761 1919 εἶναι,
777 1890 845 1922 μήτε
862 1888 924 1914 καθ’

138 1929 249 1963 ἡδονήν.
262 1929 307 1954 Διὸ
317 1929 400 1955 αὐτόν
416 1938 446 1956 τε
465 1930 602 1957 παύεσθαι
615 1931 722 1957 πείθειν
734 1932 925 1967 ἐπιχειροῦντα

142 1975 208 2009 περὶ
225 1975 334 2008 τούτου,
345 1976 391 2002 καὶ
403 1976 476 2011 αὐτῷ
491 1977 703 2012 παραιτουμένῳ
713 1978 924 2012 συγγινώσκειν.

140 2020 273 2051 Βασιλεὺς
289 2021 316 2047 δὲ
341 2021 391 2055 οὐχ
404 2020 490 2052 οὕτως
504 2021 625 2056 ἔφασκεν
640 2023 860 2058 ἀπροφασίστως
872 2033 926 2051 πα-

140 2066 298 2101 ραιτεῖσθαι
332 2066 442 2101 χρῆναι·
472 2067 541 2094 ἀλλὰ
571 2068 620 2099 τὰς
655 2068 746 2100 αἰτίας
778 2069 925 2101 διδάξαντα

141 2112 261 2145 πρῶτον,
281 2112 329 2138 καὶ
345 2112 392 2146 τὴν
415 2112 526 2143 ἀξίωσιν
543 2113 677 2140 πείσαντα
696 2113 734 2144 ὡς
757 2114 925 2149 παράλογον,

140 2157 230 2189 οὕτως
258 2158 308 2192 ἤδη
335 2158 504 2184 ἀπολύεσθαι
539 2158 648 2188 αἰτίας·
679 2161 745 2194 πρὶν
777 2159 807 2186 δὲ
840 2162 926 2187 ταῦτα

141 2205 230 2230 ποιεῖν
257 2204 287 2229 οὐ
315 2203 435 2235 συνετὸν,
459 2203 514 2230 οὐδ’
531 2204 601 2238 ἄγαν
620 2204 763 2238 φιλοῦντος
787 2205 874 2237 οὕτως
895 2207 925 2239 ἐξ

957 285 1030 311 tione
1040 285 1122 311 etiam
1139 292 1153 310 a
1170 283 1259 318 poetis
1277 281 1473 316 historicisque
1499 279 1672 314 pradicatos,
1689 285 1744 304 non

957 339 1053 367 parum
1071 339 1086 358 a
1103 331 1183 358 nobis
1207 332 1350 364 superatos
1374 327 1484 361 opinor.
1512 325 1643 358 Quamvis
1660 324 1744 359 igitur

958 379 1018 405 aliis
1046 377 1174 405 omnibus
1192 376 1329 405 mirabile.
1354 373 1421 401 mihi
1441 377 1532 399 tamen
1551 370 1689 398 mediocre
1716 373 1745 396 et

958 423 1085 458 eviguum
1100 422 1229 456 quiddam
1243 424 1372 455 apparet;
1386 426 1440 445 non
1450 419 1536 445 solum
1549 416 1613 451 quia
1626 414 1743 442 maxime

960 467 1010 494 tibi
1020 466 1091 497 volo,
1099 470 1125 492 et
1135 465 1299 499 idgtanquam
1311 469 1422 498 parvum
1432 461 1539 495 aliquod
1550 459 1746 486 documentum

961 511 1102 539 intrinsoei
1119 509 1274 544 summique
1303 507 1406 535 amoris
1419 514 1483 540 erga
1501 510 1527 532 te
1539 505 1591 532 mei
1607 503 1745 533 existimo,

961 558 1008 586 sed
1024 557 1107 584 etiam
1124 556 1188 590 quia
1207 555 1233 582 id
1252 555 1382 581 Romana;
1398 551 1554 587 reipublicae
1571 550 1700 584 majorem
1719 548 1748 574 in

962 603 1073 630 modum
1091 600 1223 636 proderit.
1244 599 1291 626 llis
1319 597 1471 624 rationibus
1502 596 1653 629 imperator
1682 601 1740 619 nta-

963 655 1046 683 gnum
1062 647 1244 674 domesticum
1258 651 1419 679 promovere
1435 642 1585 672 nitebatur,
1597 644 1626 666 ut
1640 637 1747 672 imperii

964 694 1068 729 collega
1086 692 1167 720 simul
1183 692 1215 718 ad
1234 691 1339 718 clavum
1353 689 1470 716 sederet.
1488 687 1536 714 llle
1553 693 1618 712 vero
1634 684 1704 711 idem
1720 690 1750 709 5e

965 747 1076 774 prorsus
1092 738 1196 765 sentire
1217 735 1370 770 respondit,
1386 740 1412 761 et
1427 739 1556 768 magnum
1573 729 1703 765 quiddam
1718 735 1751 755 ac

966 784 1173 819 suspiciendum
1191 789 1250 810 esse
1267 781 1412 816 imperium
1427 779 1580 807 Romanum
1598 784 1646 812 per
1663 783 1704 806 se.
1723 779 1752 801 ct

966 831 1027 857 aliis
1037 830 1218 856 humanarum
1231 827 1390 854 felicitatum
1402 825 1479 860 quasi
1489 823 1647 851 coronidem
1657 828 1754 856 quam-

967 875 1030 902 dam
1059 878 1087 902 et
1105 873 1243 908 fastigium
1264 871 1402 907 quoddam
1418 869 1524 901 videri;
1542 869 1563 895 si
1580 872 1671 895 tamen
1688 873 1753 893 cum

969 929 1065 948 eorum
1084 923 1188 947 ’mutua
1218 919 1354 946 charitate
1373 915 1543 946 conferatur,
1563 921 1614 941 nec
1634 912 1753 939 admira-

969 967 1033 999 bile,
1042 973 1092 994 nec
1103 965 1202 993 merito
1213 962 1462 998 obstupesccndum
1476 968 1547 988 esse.
1564 959 1615 992 Qui
1628 959 1702 986 enim
1716 958 1755 985 al-

971 1011 1055 1038 terius
1083 1010 1166 1038 vitam
1184 1016 1240 1036 sum
1256 1008 1393 1040 antetulit,
1411 1011 1439 1034 et
1465 1013 1516 1040 pro
1533 1005 1629 1031 eodem
1646 1009 1754 1031 summa

970 1065 1032 1084 cum
1044 1057 1184 1090 voluptate
1201 1055 1287 1082 emori
1311 1053 1404 1088 elegit,
1425 1052 1490 1088 quid
1511 1051 1622 1082 mirum,
1640 1049 1662 1077 si
1688 1055 1753 1076 cum

970 1102 1190 1137 hocimperium,
1204 1105 1251 1128 aut
1265 1100 1286 1127 si
1300 1099 1366 1134 quid
1382 1098 1497 1133 imperio
1513 1095 1686 1132 praestantius
1698 1099 1753 1127 est,

972 1149 1092 1177 dividat?
1108 1149 1146 1175 De
1161 1147 1213 1174 hac
1227 1150 1318 1173 autem
1341 1143 1520 1172 beneﬁcentia
1534 1142 1650 1169 multum
1672 1148 1701 1168 se
1715 1140 1754 1167 illi

973 1194 1085 1226 debere,
1113 1193 1198 1226 idque
1223 1191 1342 1224 ingenue
1356 1188 1495 1220 conﬁteri,
1511 1192 1539 1214 et
1561 1187 1651 1214 verbis
1672 1193 1755 1221 quam

973 1238 1180 1275 religiosissime
1192 1237 1279 1271 possit
1291 1235 1391 1270 gratias
1404 1241 1501 1269 agere,
1517 1241 1547 1260 re
1565 1233 1622 1267 ipsa
1638 1232 1754 1264 referre,

972 1294 1035 1314 cum
1059 1284 1151 1312 animo
1165 1282 1289 1310 eamdem
1314 1280 1353 1307 illi
1380 1278 1578 1307 benevolentia
1600 1278 1756 1311 amorisque

974 1330 1188 1367 magnitudinem
1204 1327 1374 1355 remetiatur.
1384 1325 1460 1358 Quod
1473 1332 1537 1352 vero
1553 1331 1626 1351 nunc
1637 1323 1690 1350 sibi
1705 1323 1756 1349 im—

973 1382 1066 1413 ponat,
1081 1375 1108 1403 id
1120 1383 1150 1403 se
1166 1374 1320 1405 admittere,
1334 1378 1361 1400 et
1377 1379 1426 1406 pro
1442 1370 1568 1398 confecto
1581 1370 1682 1397 ducere
1697 1367 1756 1404 [75]

975 1423 1059 1459 (quod
1075 1423 1149 1449 enim
1163 1420 1197 1448 ad
1208 1428 1238 1448 se
1253 1419 1379 1451 attineat,
1403 1417 1472 1444 nihil
1488 1418 1593 1446 deesse,
1609 1415 1756 1450 quominus

973 1469 1129 1497 confectum
1143 1466 1202 1498 sit).
1220 1473 1249 1492 re
1274 1469 1363 1491 tamen
1376 1462 1489 1498 nequire
1506 1461 1649 1496 perﬁcere,
1666 1467 1756 1494 neque

975 1515 1143 1543 allubescere
1160 1512 1222 1544 sibi,
1237 1517 1326 1546 neque
1341 1509 1424 1536 ullam
1434 1508 1634 1544 jucunditatem
1649 1513 1754 1541 parere.

975 1562 1159 1598 Quamobrem
1169 1558 1265 1594 coeptis
1276 1557 1399 1589 desistat,
1409 1556 1514 1590 sibique
1522 1553 1658 1581 recusanti
1667 1553 1758 1588 ignos-

973 1614 1025 1637 cat.
1046 1608 1115 1635 Tum
1132 1606 1282 1640 imperator
1300 1612 1306 1630 :
1323 1602 1382 1630 Non
1407 1601 1444 1631 ita
1471 1600 1597 1635 praecise,
1626 1598 1757 1632 nulloque

975 1657 1106 1689 prstextu
1119 1649 1313 1681 recusandum,
1337 1654 1432 1675 verum
1446 1652 1543 1673 causas
1556 1643 1719 1676 atl‘erendas,
1730 1648 1758 1670 et

974 1699 1046 1734 quod
1056 1697 1219 1733 postuletur,
1230 1702 1292 1722 cum
1300 1694 1406 1721 ratione
1417 1699 1470 1719 non
1482 1697 1634 1726 congruere
1646 1689 1759 1716 demon-

975 1744 1130 1774 strandum,
1144 1747 1225 1776 atque
1239 1741 1276 1768 ita
1292 1740 1402 1766 demum
1419 1737 1527 1772 culpam
1543 1736 1578 1762 ab
1588 1743 1618 1763 se
1630 1741 1759 1762 amoven-

974 1791 1038 1818 dam
1050 1798 1057 1815 :
1070 1787 1170 1822 alioqui
1181 1794 1231 1813 nec
1242 1785 1396 1821 prudentis,
1409 1790 1458 1810 nec
1470 1781 1546 1808 valde
1556 1781 1672 1808 amantis
1684 1787 1758 1812 esse,

975 1842 1131 1863 asseverare
1143 1832 1312 1867 simpliciter,
1329 1836 1469 1863 nunquam
1483 1827 1533 1854 sibi
1542 1833 1703 1862 persuasum
1714 1826 1758 1852 iri.

975 1882 1014 1909 Ac
1028 1881 1115 1908 sinon
1128 1878 1213 1909 aliud,
1231 1878 1282 1904 hoc
1293 1883 1378 1903 unum
1393 1880 1478 1907 certe,
1494 1873 1565 1908 quod
1580 1880 1688 1906 semper
1704 1879 1761 1905 pra:

976 1935 1006 1955 se
1023 1927 1102 1958 ferat,
1116 1924 1187 1951 nihil
1202 1930 1262 1950 csse
1279 1927 1332 1949 tam
1344 1927 1458 1955 parvum
1473 1923 1518 1946 aut
1535 1925 1674 1954 magnum,
1687 1917 1760 1951 quod

975 1981 1011 2001 eo
1028 1973 1134 1999 volente
1150 1977 1203 1996 non
1221 1969 1256 1995 sit
1270 1968 1401 1997 facturus,
1415 1966 1477 2000 jure
1493 1964 1526 1991 ad
1542 1964 1646 1990 dandas
1663 1970 1761 1989 manus

977 2025 1057 2055 posse
1067 2015 1241 2050 compellere.
1255 2013 1283 2040 Si
1298 2011 1378 2038 aliter
1391 2010 1429 2040 ﬁt.
1447 2017 1495 2044 par
1511 2016 1579 2040 esse,
1602 2012 1631 2034 ut
1645 2008 1760 2035 demon-

977 2053 1055 2095 stret,
1071 2070 1127 2098 quo
1144 2070 1174 2089 se
1189 2062 1323 2088 hactenus
1340 2057 1412 2084 dolis
1426 2056 1568 2083 ductatum
1583 2054 1667 2082 fuisse
1683 2053 1762 2080 intel-

976 2113 1050 2145 ligat.
1068 2110 1137 2137 Tum
1158 2113 1271 2142 magnus
1285 2102 1451 2131 domesticus
1465 2110 1470 2128 :
1486 2101 1545 2128 Non
1560 2101 1638 2127 aliter
1653 2107 1722 2131 esse,
1734 2103 1762 2126 ct

977 2164 1085 2191 semper
1100 2161 1160 2182 sese
1174 2152 1310 2180 atlirmare
1329 2150 1464 2177 facturum
1480 2155 1542 2183 qum
1563 2147 1607 2174 ille
1622 2146 1687 2174 velit
1704 2153 1763 2173 mn-

978 2207 1033 2238 nia,
1049 2209 1077 2232 et
1093 2204 1120 2230 in
1136 2208 1256 2237 praesens
1269 2199 1356 2227 nihilo
1380 2198 1470 2225 minus
1484 2197 1517 2224 ad
1544 2197 1595 2223 hoc
1611 2196 1700 2231 ipsum
1716 2203 1763 2230 pa-

140 2251 273 2284 οὺδεμιᾶς
296 2250 385 2281 αἰτίας
407 2250 593 2285 ἰσχυρίζεσθαι
619 2250 649 2276 τὸ
668 2251 705 2285 μὴ
728 2251 871 2287 πεισθῆναι
891 2253 918 2279 ax

979 2257 1067 2279 ratum
1079 2256 1148 2276 esse.
1161 2247 1295 2275 Caeterum
1313 2243 1387 2279 quod
1403 2243 1485 2272 modo
1503 2250 1518 2268 a
1540 2249 1569 2269 se
1585 2245 1699 2268 conetur
1714 2241 1764 2267 im-

142 2303 220 2322 ποτε.
247 2296 377 2328 Καίτοιγε
394 2296 418 2322 εί
443 2295 481 2330 μή
503 2304 530 2321 τι
546 2295 627 2325 ἄλλο,
647 2296 677 2322 τὸ
692 2296 758 2329 γοῦν
772 2296 817 2322 ἀεὶ
833 2297 924 2324 διαὸε-
943 2318 949 2322 .

142 2340 288 2366 ϐαιοῡσοαι
310 2341 394 2375 μηδὲν
413 2338 482 2366 εἶναι
501 2340 568 2375 μήτε
588 2340 680 2374 μεῖζον
703 2341 771 2376 μήτε
784 2340 895 2367 ἔλαττον
912 2342 927 2367 ὃ

141 2387 308 2421 θελήσαντος
324 2387 440 2416 ἐκείνου,
460 2385 498 2420 μὴ
521 2386 554 2412 ἂν
569 2387 608 2416 εἰς
630 2386 716 2419 πέρας
739 2387 854 2420 ἀγαγεῖν
879 2387 929 2414 αὑ-

140 2433 187 2459 τὸν
209 2432 284 2464 ἄξιον
303 2431 524 2465 καταναγκάζειν
544 2431 685 2457 πείθεσθαι
703 2431 788 2466 αὐτῷ.
802 2432 831 2458 Εἰ
844 2431 866 2457 δ’
878 2433 928 2468 οὐχ

142 2478 231 2508 οὕτως
256 2477 340 2512 ἔχεις,
358 2478 464 2509 δίκαιον
485 2478 624 2504 διδάσκειν
641 2477 679 2508 ὡς
706 2477 739 2503 ἂν
760 2478 863 2513 εἰδείην
882 2480 927 2505 τὸν

145 2525 280 2560 πρότερον
309 2525 486 2559 ¹ιλίνῖιατημένος
511 2525 618 2559 χρόνον.
647 2523 742 2556 Οὕτως
767 2523 886 2559 ἔφασκεν
912 2526 926 2551 ὁ

979 2301 1099 2333 petrare.
1120 2295 1148 2321 in
1165 2300 1198 2320 eo
1213 2300 1268 2319 non
1290 2291 1344 2318 dici
1361 2289 1540 2317 cohaerentia.
1561 2287 1642 2321 225
1666 2286 1762 2314 Omnia

979 2343 1051 2371 enim
1065 2345 1175 2376 propter
1189 2346 1232 2365 me
1247 2340 1443 2364 exsecuturum
1458 2334 1586 2366 dixerim,
1602 2333 1703 2368 inquit,
1714 2333 1762 2360 sed

978 2392 1090 2423 propter
1115 2390 1140 2412 te
1156 2385 1232 2411 ﬁant.
1243 2383 1311 2411 Cum
1333 2389 1416 2417 porro
1442 2381 1480 2413 id,
1498 2380 1531 2408 de
1547 2388 1601 2415 quo
1619 2387 1691 2406 nunc
1707 2386 1765 2405 scr-

978 2440 1085 2460 nuonem
1101 2431 1243 2461 habemus,
1261 2433 1373 2463 propter
1390 2435 1433 2454 me
1450 2428 1489 2458 tit,
1505 2433 1595 2460 neque
1608 2424 1715 2460 iustitia
1729 2424 1765 2451 si-

978 2479 1029 2511 nit,
1042 2485 1132 2512 neque
1144 2475 1293 2503 necessitas
1306 2473 1407 2508 ﬂagitat
1418 2472 1568 2507 quidquam
1580 2476 1606 2498 te
1618 2470 1763 2497 verborum

979 2523 1096 2559 amplius
1119 2520 1305 2557 persuasionis
1329 2527 1394 2554 ergo
1409 2517 1546 2553 proloqui.
1563 2516 1630 2543 Nam
1645 2515 1709 2550 quia
1735 2520 1763 2541 tu

758 2586 864 2616 Jacobi
883 2585 1016 2616 Pontaui
1033 2588 1127 2615 nota).

143 2642 304 2678 respondit,
320 2647 510 2676 praestaturum
538 2650 566 2669 se
579 2650 624 2673 ea.
653 2642 675 2669 si
702 2643 839 2670 secundus
862 2642 924 2674 sibi,

142 2677 199 2706 non
229 2686 277 2712 par
303 2677 396 2704 haberi
427 2679 501 2704 velit.
523 2678 657 2705 Caeterum
681 2686 779 2711 nempe
794 2678 924 2704 mundum

144 2721 224 2747 posse
239 2713 350 2740 duobus
369 2713 474 2740 solibus
490 2713 545 2748 regi
561 2733 568 2744 ,
598 2720 687 2747 neque
705 2713 806 2748 orbem
823 2720 929 2739 summa

141 2750 200 2810 l«lilio
216 2755 300 2782 regna
326 2749 402 2775 salvo
418 2754 491 2774 statu
513 2747 649 2775 terrarum
667 2747 778 2775 habere.
804 2748 931 2775 Justinus

154 2794 159 2809 l
217 2792 245 2810 ιι.

154 2792 180 2810 tl)
217 2792 245 2811 ll.

157 2819 237 2860 “('75)
259 2817 414 2860 qunantia
431 2817 539 2860 videtur
552 2818 638 2859 loqui,
657 2818 678 2845 si
700 2817 843 2852 sequentia
862 2825 929 2844 con-

140 2854 257 2881 sideres.
290 2853 346 2881 Sed
377 2853 435 2880 haec
456 2853 491 2879 ad
517 2853 638 2880 animum
654 2874 660 2884 ,
679 2861 740 2887 qua:
762 2857 929 2887 sequuntur,

138 2889 175 2917 ad
190 2889 329 2922 habitum,
345 2892 374 2915 et
390 2887 517 2923 insignia,
534 2892 561 2916 ct
584 2895 683 2915 nomen
702 2888 852 2922 pertinent,
869 2896 929 2922 quia

980 2641 1032 2668 sibi
1045 2641 1084 2667 ait
1109 2647 1162 2666 non
1181 2638 1361 2668 allubesccre,
1386 2642 1475 2670 neque
1503 2634 1585 2661 ullam
1608 2632 1766 2670 jucunditar

982 2681 1034 2703 tctn
1048 2684 1079 2710 pa
1085 2673 1285 2710 reroaAdbihet
1295 2673 1376 2710 etiam
1388 2667 1437 2697 ista
1451 2667 1622 2710 recusatione
1633 2667 1763 2710 argutias.

983 2702 1097 2738 ltem'um
1127 2709 1216 2742 infra,
1243 2716 1275 2734 ex
1301 2708 1369 2737 illis,
1397 2707 1525 2732 exteriore
1545 2702 1764 2742 quidemmhubilu

982 2737 1126 2780 vestituque
1153 2737 1262 2770 non'eo.
1277 2747 1349 2780 etc.,
1371 2745 1456 2775 patet,
1479 2747 1532 2766 non
1551 2737 1605 2766 tam
1628 2737 1714 2764 ollicia
1731 2743 1765 2763 ac

983 2775 1096 2807 munera
1129 2777 1307 2813 imperatoria
1335 2782 1498 2806 recusasse,
1535 2781 1616 2808 quam
1647 2775 1764 2813 propter

982 2822 1123 2842 externam
1151 2807 1224 2840 ilium
1256 2812 1447 2846 majestatcm,
1471 2807 1765 2846 cum’non-deessent

982 2840 1141 2878 Kiitiéiihico
1170 2847 1262 2878 liberi,
1288 2840 1339 2873 (ἕιεὶ
1364 2840 1537 2879 impuberes,
1567 2841 1697 2868 invidiam
1721 2840 1764 2867 fu-

981 2895 1062 2922 gtsso.
