1922 3082
169 142 221 175 471

761 142 924 174 JOANNIS
943 143 1211 175 CANTACUZENI

1763 137 1818 170 472

171 198 209 226 ita
224 198 338 226 aﬂcctus
352 206 381 226 es
396 206 459 233 erga
482 205 535 231 me,
557 203 586 226 ut
606 206 657 234 ego
681 206 743 233 erga
771 204 808 230 te,
835 204 861 226 et
885 199 954 226 idem

1024 200 1096 233 ιέγας
1116 199 1276 234 δομέστικος
1297 198 1380 233 ἔχειν,
1403 198 1451 225 καὶ
1467 197 1510 224 ἀεί
1526 206 1558 224 τε
1582 194 1815 230 διῖσχυρίξεσθαι

171 244 244 278 quod
269 252 319 278 ego
346 243 492 278 proﬁteris,
510 251 564 270 non
590 249 632 271 est
651 244 801 271 secundum
825 245 956 271 rationem

172 290 339 321 existimare,
353 289 503 316 orationem
519 294 592 316 tuam
604 290 675 324 apud
688 298 729 317 me
740 290 830 317 valere
847 290 956 322 debere,

171 342 261 364 meam
277 335 348 369 apud
369 339 394 361 te
407 342 463 361 non
479 335 555 362 item.
572 335 601 362 Si
616 335 698 369 igitur
712 335 737 361 in
754 342 870 369 utroque
883 343 959 362 eam-

174 379 237 406 dem
254 379 309 405 vim
325 379 405 405 habet
421 379 549 414 idemque
571 380 652 412 valet,
669 380 747 407 decet
761 384 790 407 ut
805 385 832 406 ιιι
848 387 958 415 quoque

174 425 247 458 quod
264 431 315 458 ego
326 424 419 451 malim
439 424 466 452 id
479 430 601 459 praestes,
617 433 679 452 cum
698 425 847 460 praesertim
863 425 896 452 de
915 432 958 452 me

175 470 211 497 sit
224 469 375 504 negotium.
390 469 447 500 llis.
459 474 485 497 et
498 471 624 505 pluribus
641 471 713 498 ultro
725 473 850 506 citroque
869 471 958 502 dictis,

173 515 342 550 imperatore
370 515 397 543 id
414 522 521 551 agente,
541 522 641 544 uteum
657 517 692 544 ad
721 517 828 551 imperii
845 517 960 545 societa-

174 566 229 588 tem
241 562 437 595 capessendam
452 562 606 595 induceret,
618 571 717 598 magno
730 571 793 590 vero
809 563 960 590 domestico

173 614 287 642 prorsus
309 608 458 639 abnuente,
476 608 504 635 in
520 616 640 643 prmsens
656 609 767 644 digressi
782 613 847 636 sunt
862 617 870 636 :
898 616 960 636 cum

174 660 226 679 nec
242 653 288 679 ille
303 661 378 687 spem
402 653 514 680 omnino
543 654 685 689 abjicetet,
711 662 760 682 nec
784 655 829 682 bie
856 659 961 682 tantum

175 699 278 726 valeret
304 705 333 726 ut
361 708 376 727 a
392 702 526 727 sententia
542 701 617 728 illum
644 702 830 736 detorqueret.
860 702 962 729 Videtis

175 752 241 781 ergo
255 750 323 773 adeo
340 746 534 773 retractarium
552 747 710 782 imperator,
726 747 796 775 alios
809 748 920 782 insuper
934 748 961 774 in

175 798 281 825 partem
303 792 404 820 laboris
427 793 509 827 hujus
526 801 623 821 vocare
647 795 753 826 statuit,
781 795 806 821 si
824 793 895 821 forte
913 801 962 828 per

177 845 225 864 eos
237 838 309 872 quod
325 839 431 866 volebat
447 845 671 875 consequeretur.
696 840 882 867 Andronicum
897 839 964 866 Asa-

176 892 251 918 nem,
266 886 353 920 ipsius
364 894 502 920 socerum,
513 892 540 915 et
550 892 776 922 protostratorem
787 886 962 922 Synadenum
978 876 999 904 Β

176 931 302 963 assumit.
320 932 530 967 domesticoque
546 941 638 961 coram
659 938 805 968 praesente,
819 938 963 968 postquam

177 984 261 1012 super
278 977 340 1004 aliis
356 979 498 1006 nonnullis
508 987 556 1007 eos
568 979 753 1015 compellavit,
766 987 824 1007 rem
837 978 964 1013 proposi-

178 1027 234 1050 tam
249 1030 363 1050 exorsus
377 1028 429 1051 est.
442 1024 616 1052 Domesticus
627 1024 755 1052 divinans
769 1031 823 1059 quo
837 1024 871 1051 de
885 1032 966 1058 argu-

178 1073 272 1095 mento
288 1073 428 1097 texeretur
451 1070 552 1101 oratio,
577 1077 593 1097 e
610 1070 728 1097 concilio
759 1070 964 1104 imperatorem,

179 1122 210 1142 ac
225 1115 247 1141 si
264 1115 395 1150 quiddam
412 1116 597 1144 necessarium
614 1116 727 1144 haberet
742 1116 845 1149 dicere,
857 1121 964 1149 evocat;

178 1167 206 1188 et
218 1161 354 1189 seducens
363 1169 438 1194 cum,
452 1169 500 1195 per
513 1162 596 1189 Deum
617 1161 781 1192 obtestatur,
797 1169 830 1188 ne
844 1162 908 1196 quid
920 1169 967 1188 eo-

181 1213 240 1233 rum
253 1213 314 1240 quae
329 1207 497 1242 decrevisset
511 1209 543 1233 ad
556 1211 705 1241 praesentes
717 1206 861 1241 proferret.
873 1211 966 1241 utpote

179 1252 298 1280 utilitate
318 1253 393 1280 nulla
420 1253 483 1280 inde
509 1258 702 1281 consecutura.
729 1253 797 1280 Nam
820 1254 843 1281 si
859 1253 893 1280 ab
910 1253 966 1280 ullo

181 1298 337 1326 mortalium
349 1307 382 1327 eo
398 1299 510 1334 perpelli
523 1299 666 1333 potuisset,
677 1299 711 1327 ab
720 1300 780 1334 ipso
792 1299 922 1334 potuisse.
934 1299 968 1326 Et

181 1345 244 1379 quia
260 1345 355 1372 multis
365 1346 538 1380 assiduisque
548 1346 741 1380 congressibus
751 1351 842 1373 actum
855 1346 966 1380 egisset,

181 1392 274 1418 mirari
294 1400 334 1424 se,
366 1393 504 1427 quomodo
527 1393 594 1420 alios
617 1393 644 1420 id
669 1393 720 1420 sibi
748 1392 893 1420 eﬂ‘ccturos
907 1400 968 1427 spe—

182 1437 295 1465 raverit.
321 1438 482 1473 Imperator,
511 1439 640 1473 qnoniam
664 1442 791 1465 conatum
808 1446 889 1466 suum
908 1439 967 1466 fore

182 1484 291 1511 inanem
314 1485 455 1516 cernebat,
478 1492 578 1518 magno
602 1484 629 1511 in
646 1484 740 1511 dolore
754 1491 802 1518 per
818 1483 877 1511 dies
893 1491 968 1511 com-

183 1529 276 1564 plures
292 1528 354 1560 iuit.
377 1529 466 1563 deque
493 1530 583 1564 magni
602 1529 751 1575 domestici
784 1529 967 1575 inobedientia
982 1545 1004 1575 Β

184 1579 212 1600 et
225 1581 321 1608 parum
340 1574 455 1601 honesta
475 1573 626 1606 pertinacia
643 1573 843 1608 querimoniam
860 1573 966 1600 habuit.

183 1619 381 1647 Verumtamen
406 1620 534 1654 precibus
547 1620 706 1653 obsecutus,
733 1620 766 1647 de
781 1627 810 1648 rc
827 1624 970 1654 tantopere

185 1665 278 1699 cupita
290 1665 433 1692 conticuit.
455 1665 496 1693 illi
508 1665 564 1698 alii,
585 1665 651 1700 quid
666 1666 814 1700 imperator
829 1666 968 1699 voluisset,

186 1717 241 1737 non
252 1710 320 1738 satis
328 1715 437 1742 norant,
444 1710 498 1738 nisi
506 1710 578 1744 quod
587 1710 771 1738 verisimiliter
780 1712 971 1747 conjectabant

185 1756 220 1783 de
235 1756 328 1784 arduis
341 1756 460 1791 negotiis
472 1764 534 1783 cum
551 1756 618 1791 ipsis
635 1761 771 1790 acturum,
785 1765 801 1784 a
818 1757 971 1785 domestico

185 1802 348 1837 impeditum
364 1802 452 1831 fuisse
471 1810 478 1829 :
497 1810 579 1838 quam
604 1810 661 1830 rem
681 1803 706 1831 ei
725 1803 792 1831 vitio
819 1804 970 1838 vertebant,

186 1855 335 1883 secumque
358 1848 532 1883 iniquissime
549 1853 640 1876 actum
658 1850 870 1878 contendebant.
884 1851 971 1878 {’orro

185 1901 268 1921 nemo
287 1894 334 1929 qui
350 1894 402 1922 ista
422 1894 509 1927 audit,
523 1894 597 1921 nullo
614 1900 777 1930 argumento
792 1896 906 1930 probata
922 1905 972 1924 nos

185 1940 309 1968 scribere
327 1948 359 1968 ac
373 1941 485 1968 mentiri
515 1945 603 1976 putet,
619 1941 692 1976 quod
709 1941 769 1969 haec
788 1950 875 1977 usque
890 1943 972 1970 hodie

185 1994 242 2014 non
258 1986 367 2021 publice
379 1987 568 2014 innotuerunt.
586 1987 670 2022 226
686 1987 783 2015 Testor
793 1988 866 2015 enim
882 1988 973 2016 omnia

187 2033 385 2067 inspectantem
397 2038 423 2060 et
442 2032 577 2060 universis
591 2040 652 2066 quae
661 2038 726 2060 sunt
736 2040 843 2067 semper
854 2041 974 2068 pra-sen—

187 2081 241 2103 tem
257 2076 479 2111 incertorumque
495 2081 522 2103 et
539 2076 707 2104 occultorum
722 2077 791 2104 nihil
803 2078 973 2104 nescientem

186 2122 285 2153 Deum,
303 2130 344 2149 me
360 2128 451 2156 neque
466 2121 493 2148 in
505 2121 612 2149 ueteris
623 2121 764 2153 omnibus,
779 2130 839 2157 qua:
851 2123 972 2154 narravi.

187 2169 230 2195 vel
245 2158 348 2200 odium,
362 2168 403 2194 vol
420 2168 544 2202 gratiam,
556 2167 600 2194 vel
613 2167 684 2194 aliud
701 2168 851 2202 quidquam
864 2168 973 2195 veritati

1013 247 1100 272 πάντα
1116 246 1247 281 πράττειν
1263 244 1378 276 ἐθέλειν,
1407 244 1476 271 ἅττα
1499 244 1532 270 ἂν
1557 243 1695 278 βούλοιτο
1718 242 1814 273 αὐτὸς,

1009 292 1055 317 καὶ
1073 291 1119 317 νῦν
1140 291 1216 318 οὐδὲν
1235 289 1317 326 ἦττον
1338 290 1406 325 uel»;
1429 290 1507 316 τοῦτο
1534 287 1816 323 παρεσκευασμένος

1009 336 1091 364 εἶναι.
1116 337 1175 371 Ἐφ’
1191 333 1266 363 οὗ-δὲ
1283 336 1388 362 πείθειν
1403 337 1451 362 νῦν
1465 335 1641 370 ἐπιχειρεῖς,
1659 333 1693 359 οὺ
1716 332 1816 364 σώζειν

1011 384 1059 417 τὴν
1077 381 1237 410 ἀκολουθίαν
1256 382 1300 408 τὸν
1319 382 1409 416 λόγον.
1433 382 1491 408 Πᾶν
1511 381 1572 415 γὰρ
1598 379 1712 406 ἐθέλειν
1729 379 1816 404 ποιεῖν

1011 430 1094 463 φαίην
1109 430 1153 460 ἂν,
1168 428 1182 454 Ε
1196 428 1226 455 οὐ
1246 428 1279 454 δι’
1300 428 1349 463 ἐμὲ
1365 427 1398 454 ἃν
1412 427 1543 462 γίγνοιτο,
1567 426 1616 452 διὰ
1633 425 1666 451 σὲ
1685 425 1725 451 δέ.
1748 423 1816 459 Περὶ

1010 472 1041 501 οὗ
1060 474 1087 501 δὲ
1115 474 1163 501 νῦν
1188 475 1203 501 6
1231 474 1309 508 λόγος
1328 474 1363 500 δι’
1387 473 1437 508 ἐμὲ
1455 473 1541 504 ὄντος,
1563 472 1596 498 οὐ
1621 471 1737 497 δίκαιον
1761 469 1816 496 οὐδ’

1011 522 1161 556 ἀναγκαῖον
1175 522 1214 553 είς
1236 521 1323 547 πειθὼ
1346 521 1385 555 τῷ
1409 520 1481 555 λόγῳ
1509 517 1651 554 χρῆσθαι·
1671 517 1766 548 ἄλλως
1786 524 1817 542 τε

1012 569 1059 595 καὶ
1076 569 1158 595 αὑτὸν
1172 567 1305 599 ὡσαύτως
1326 567 1498 601 διακείμενον
1520 565 1587 600 περὶ
1605 564 1674 599 ἐμὲ,
1695 563 1746 589 καὶ
1760 564 1817 593 τοῖς

1012 616 1116 650 ὁμοίοις
1144 616 1191 641 καὶ
1217 614 1300 640 αὑτὸν
1324 613 1470 649 χρώμενον
1488 612 1598 645 λόγοις,
1618 610 1673 636 οὑκ
1702 609 1818 642 εῡλ.ογον

1014 661 1081 696 πρὸς
1103 661 1153 695 ἐμὲ
1174 661 1223 696 μὲν
1243 660 1355 695 ἰσχυρὸν
1371 659 1417 687 τὸν
1432 659 1512 693 λόγον
1532 657 1685 693 ἡγεῖσθαι,
1702 657 1773 691 πρδς
1788 657 1817 682 σε

1012 706 1040 732 δὲ
1061 706 1098 740 μὴ
1119 705 1251 732 δύνασθαι
1268 705 1303 732 τὰ
1321 704 1376 731 ἴσα.
1392 705 1425 731 Ei.
1442 705 1463 730 δ’
1480 705 1508 730 ὲν
1521 702 1705 738 ἀμφοτέροις
1719 701 1817 735 ὁμοίαν

1013 752 1068 785 ἔχει
1083 750 1133 786 τὴν
1150 751 1236 785 ίσχὺν,
1253 750 1358 777 δίκαιον
1382 749 1430 776 καὶ
1455 750 1496 781 at,
1516 748 1530 774 ὃ
1546 748 1658 784 μᾶλλον
1676 746 1734 781 ἐγὼ
1755 746 1818 781 βού-

1013 796 1095 832 λομαι
1116 797 1241 831 ποιῆσαι,
1256 796 1344 827 ἄλλως
1367 804 1396 822 τε
1413 795 1461 822 καὶ
1475 794 1538 828 περὶ
1556 793 1632 828 ἐμοῦ
1648 792 1698 819 τοῦ
1715 792 1816 826 ζητου-

1016 843 1096 878 μένου
1121 842 1208 874 ὕντος.
1233 842 1371 869 Τοιούτων
1385 841 1417 877 δή
1434 849 1515 868 τινων
1530 841 1583 867 καὶ
1597 839 1742 866 πλειόνων
1758 837 1816 864 ἐτέ-

1015 898 1069 926 ρων
1085 890 1153 925 πρὸς
1175 889 1309 924 ἀλλήλους
1334 888 1499 923 εἰρημένων,
1526 886 1669 922 βασιλέως
1687 885 1739 920 μὲν
1753 885 1815 910 ἑπι-

1015 936 1171 972 χειροῦντος
1202 935 1308 962 πείθειν
1333 933 1458 969 δέχεσθαι
1486 933 1536 968 τὴν
1565 932 1737 968 βασιλείαν,
1766 930 1814 957 τοῦ

1016 982 1134 1016 μεγάλου
1152 982 1312 1016 δομεστίκου
1329 981 1358 1008 δὲ
1370 982 1438 1016 μήτε
1448 980 1619 1015 βουλομένου
1633 980 1706 1014 μήτε
1722 977 1816 1004 πειθο-

1016 1029 1111 1063 μένου,
1128 1027 1157 1054 τὸ
1172 1026 1220 1054 νῦν
1237 1027 1286 1062 μὲν
1302 1026 1375 1061 ἔχον,
1388 1026 1564 1060 διελύθησαν,
1579 1025 1642 1051 οὒτ’
1655 1022 1816 1057 ἀπαγορεύ-

1017 1080 1116 1104 σαντος
1138 1072 1177 1102 είς
1195 1073 1271 1102 τέλος
1293 1070 1439 1106 βασιλέως,
1459 1069 1522 1096 οὔτε
1547 1068 1598 1095 τοῦ
1628 1068 1755 1102 μεγάλου
1771 1067 1815 1093 δο-

1017 1118 1148 1152 μιστίκου
1164 1116 1337 1151 ἀποσχέσθαι
1352 1116 1399 1142 τοῦ
1417 1116 1584 1151 πράγματος
1606 1115 1708 1140 πεῖσαι
1734 1113 1814 1146 δυνηο

1017 1166 1110 1195 θέντος
1137 1163 1263 1199 βασιλέα.
1283 1162 1414 1194 Βασιλεὺς
1429 1162 1458 1188 δὲ
1474 1161 1557 1189 αὑτὸν
1571 1160 1666 1192 οὕτως
1684 1159 1814 1186 ἀνθιστά-

1019 1219 1099 1245 μενον
1129 1210 1210 1245 ὁρῶν,
1229 1210 1285 1237 δεῖν
1304 1210 1376 1244 ἔγνω
1404 1209 1452 1236 καὶ
1483 1209 1597 1242 ἑτέρους
1629 1207 1702 1243 πρὸς
1728 1205 1814 1233 πειθὼ

1017 1257 1203 1292 παραλαὸεῑν,
1228 1257 1314 1288 είπως
1339 1255 1468 1290 δυνηθείη
1486 1255 1519 1281 δι’
1542 1254 1639 1281 αὐτῶν
1663 1255 1761 1280 πεῖσαι
1775 1253 1815 1279 δέ·

1019 1300 1116 1333 ξασθαι
1134 1301 1183 1332 τὴν
1203 1299 1358 1334 βασιλείαν,
1381 1300 1428 1326 καὶ
1445 1298 1618 1334 παραλαϐὼν
1640 1297 1814 1332 Ἀνδρόνικον

1018 1347 1064 1374 τὸν
1089 1347 1218 1381 ’Δσάνην,
1238 1347 1302 1373 ὅντα
1318 1347 1365 1372 τοῦ
1387 1346 1506 1380 μεγάλου
1522 1345 1693 1380 δομεστικου
1712 1345 1815 1370 πενθε-·

1020 1393 1077 1428 pLV,
1093 1393 1141 1419 καὶ
1155 1393 1202 1419 τὸν
1220 1392 1454 1427 πρωτοστράτορα
1475 1392 1647 1427 Συναδηνὸν,
1663 1392 1712 1417 καὶ
1732 1390 1812 1417 αὑτοῦ

1021 1438 1140 1474 μεγάλου
1157 1438 1322 1472 δομεστίκου
1337 1437 1485 1472 παρόντος,
1503 1438 1574 1472 μετὰ
1589 1437 1621 1463 τὸ
1636 1436 1813 1471 διαλεχθῆναι

1020 1485 1085 1519 περί
1110 1493 1192 1510 τινων
1209 1484 1311 1518 ἑτέρων
1327 1483 1396 1518 πρὸς
1421 1483 1532 1515 αὐτοὺς,
1549 1482 1603 1518 ἤδη
1621 1481 1750 1516 καὶπερὶ
1765 1481 1811 1506 τοῦ

1022 1529 1204 1563 πωχειμένου
1220 1526 1483 1562 προοιμιαζομένου,
1499 1528 1513 1553 ὁ
1540 1527 1633 1562 μέγας
1651 1526 1812 1560 δομέστικος

1021 1574 1086 1609 περὶ
1108 1571 1145 1601 ὥν
1161 1574 1267 1600 ἔσοιντο
1287 1574 1312 1599 οί
1330 1572 1404 1606 λόγοι
1419 1572 1582 1608 συμϐαλὼν,
1601 1572 1703 1606 ἀνίστη
1725 1579 1754 1597 τε
1768 1570 1812 1596 τὸν

1023 1620 1136 1656 βασιλέα
1153 1620 1200 1646 τοῦ
1218 1619 1366 1653 συνεδρίου,
1382 1618 1419 1650 ὡς
1432 1618 1577 1653 περίτινος
1587 1618 1741 1652 ἀναγκαίου
1755 1616 1813 1652 μέλ-

1021 1657 1081 1691 λων
1093 1663 1278 1697 διαλέξεσθαι·
1296 1664 1344 1690 καὶ
1358 1663 1438 1698 μόνον
1452 1662 1634 1698 παραλαϐὼν,
1655 1662 1757 1697 ὥρκιζε
1768 1659 1811 1686 sev

1022 1711 1101 1743 Θεὸν.
1120 1711 1205 1746 μηδὲν
1218 1711 1286 1745 πρὸς
1302 1711 1364 1740 τοὺς
1382 1709 1543 1744 εἰρημένους
1556 1710 1624 1744 περὶ
1639 1705 1677 1735 ὧν
1694 1707 1813 1743 βούλοιτο

1023 1756 1123 1786 εἰπεῖν,
1145 1755 1181 1786 ὡς
1198 1754 1332 1788 ὠφελείας
1345 1754 1475 1788 οὐδεμιᾶς
1491 1754 1523 1779 ἐκ
1538 1753 1594 1780 τῶν
1611 1753 1700 1787 λόγων
1714 1750 1811 1786 ὲσομέε

1023 1810 1083 1836 νης.
1101 1802 1132 1828 El
1148 1802 1202 1837 γὰρ
1220 1801 1285 1835 ὲνῆν
1305 1801 1359 1827 ὑπό
1380 1809 1463 1827 τινων
1482 1800 1646 1835 πεισθῆναι,
1663 1799 1764 1834 μᾶλλον
1777 1797 1809 1824 ἂν

1023 1845 1077 1872 τῶν
1096 1846 1184 1872 ἄλλων
1201 1845 1310 1872 πάντων
1338 1845 1462 1872 ἐπείθετο
1492 1844 1578 1880 αὐτῷ.
1605 1844 1695 1871 Αὑτοῦ
1723 1843 1755 1877 δὴ
1778 1843 1809 1868 ἐκ

1025 1891 1131 1918 πολλῶν
1143 1891 1189 1918 καὶ
1206 1890 1327 1925 συνεχῶν
1339 1890 1453 1926 ὁμιλιῶν
1471 1890 1553 1916 πλέον
1572 1889 1709 1925 ἠνυκότος
1724 1887 1809 1919 οὐδὲν,

1025 1938 1177 1973 θαυμάζειν
1195 1937 1219 1963 ει
1239 1937 1345 1971 ἑτέροις
1361 1936 1433 1963 τισὶν
1450 1935 1550 1971 ἧλπισε
1573 1935 1656 1962 τοῦτο
1683 1932 1807 1969 γενέσθαι

1024 1983 1147 2011 δυνατόν.
1164 1983 1297 2014 Βασιλεὺς
1324 1982 1352 2009 δὲ
1371 1983 1478 2017 ήλγησε
1505 1983 1554 2017 μὲν
1571 1983 1623 2009 οὐκ
1651 1981 1696 2008 ἐπ’
1711 1980 1809 2013 ὀλίγον,

1026 2030 1098 2064 ὸρῶν
1116 2029 1167 2065 ἠδη
1190 2029 1239 2064 τὴν
1255 2029 1429 2064 ἐπιχείρησιν
1446 2029 1496 2055 οὐκ
1509 2029 1646 2064 ἐσομένην
1664 2027 1808 2061 ἀνυσθῆναι

1025 2076 1154 2111 δυνατήν.
1175 2077 1229 2102 Καὶ
1249 2076 1401 2102 διετέλεσεν
1424 2076 1533 2110 ἡμέρας
1562 2075 1614 2102 οὐκ
1635 2075 1741 2109 ὀλίγας,
1767 2072 1809 2099 ἀλ-

1026 2122 1082 2155 γῶν
1100 2130 1130 2148 τε
1150 2120 1297 2148 καὶπολλὰ
1315 2121 1362 2147 τὸν
1383 2121 1471 2156 μέγαν
1492 2121 1655 2156 δομέστικον
1670 2127 1808 2154 καταμεμ-

1026 2169 1142 2203 φόμενος
1167 2169 1216 2203 τῆς
1243 2167 1385 2199 ἀπειθείας
1405 2168 1517 2202 καὶτῆς
1541 2169 1572 2195 οὐ
1590 2169 1676 2202 καλῆς
1693 2167 1808 2201 φιλονει-

187 2214 383 2248 pra'posuisse,
399 2218 426 2240 et
441 2220 513 2240 nunc
525 2220 581 2239 rem
593 2218 695 2248 gestam
713 2219 743 2241 ut
755 2219 830 2249 gesta
842 2219 884 2241 est
895 2215 968 2242 vobis

1027 2216 1100 2247 κίας.
1117 2216 1213 2249 Ὅμως
1240 2215 1333 2249 μέντοι
1347 2215 1404 2244 τοῖς
1423 2214 1529 2241 ἐκείνου
1545 2215 1708 2249 πειθόμενος
1722 2212 1807 2244 λόγοις

190 2258 347 2286 tradidisse.
362 2257 456 2292 Neque
483 2265 549 2285 vero
564 2258 659 2291 semel,
679 2259 755 2286 bisve
768 2263 910 2293 quaterve,
927 2260 974 2287 sed

188 2305 290 2339 saepius
302 2304 474 2332 Andronicus
489 2303 583 2339 junior
595 2305 742 2339 imperator
754 2304 974 2332 Cantaeuzenmn

187 2359 316 2386 magnum
334 2351 512 2378 domesticum
528 2355 585 2378 toto
596 2355 707 2385 pectore
727 2355 754 2378 et
785 2351 860 2378 omni
875 2356 974 2378 conatu

188 2397 356 2424 ornamentis
368 2397 552 2431 imperatoriis
564 2397 758 2427 condecorare.
768 2396 876 2430 sibique
889 2404 976 2424 asses-

189 2451 280 2471 sorem
295 2449 322 2470 et
340 2443 473 2478 collegam
489 2447 618 2478 cooptare
634 2442 786 2470 contendit.
803 2443 862 2476 Quo
878 2443 976 2470 nimio-

190 2498 255 2525 pere
271 2490 449 2522 detrectante,
462 2490 706 2524 conlirmanthue,
722 2497 778 2524 quo
798 2497 840 2517 res
858 2497 976 2525 cumque

190 2537 311 2568 caderet.
326 2544 463 2571 nunquam
477 2543 506 2563 se
521 2535 786 2570 obtemperaturum,
799 2535 844 2562 diu
862 2537 889 2562 in
901 2537 975 2570 gravi

193 2582 353 2617 mgtimonia
373 2585 499 2609 versatus
512 2587 563 2612 est,
583 2586 610 2609 et
624 2581 796 2608 immodicam
818 2582 878 2616 ejus
893 2581 977 2608 obsti—

191 2629 331 2656 nationem
343 2628 370 2654 in
380 2627 594 2662 reprehensione
603 2627 704 2662 posuit.
715 2626 857 2654 Exteriore
867 2627 976 2661 quidem

190 2674 286 2701 habitu
301 2674 458 2708 vestituque
483 2681 535 2700 non
548 2681 580 2701 eo
597 2673 752 2706 incedebat,
765 2681 819 2708 quo
830 2674 977 2708 imperator

192 2721 358 2755 postulabat,
375 2721 421 2747 sed
436 2720 591 2748 actionibus
603 2719 801 2755 propemodum
816 2720 929 2747 nihilab
944 2727 977 2747 eo

191 2767 349 2794 diderebat.
365 2767 432 2794 Nam
449 2771 477 2793 et
495 2773 586 2793 rerum
603 2769 659 2792 tota
675 2765 878 2793 administratio
895 2773 978 2800 penes

191 2814 267 2840 illum
285 2818 354 2845 cmi,
372 2818 399 2840 et
411 2812 509 2839 edictis
524 2811 710 2846 imperatoriis
722 2820 799 2846 aeque
812 2817 842 2838 ut
856 2812 913 2845 ipse
926 2811 977 2837 im-

191 2865 300 2895 peretur
316 2861 401 2887 inuno
418 2867 466 2887 seu
479 2858 821 2886 cinnabarisubscribebat
839 2866 845 2883 :
862 2865 922 2891 quae
935 2865 978 2892 ;ue

1027 2260 1164 2294 ἀπέσχετο
1187 2258 1234 2285 τοῦ
1261 2258 1352 2292 λέγειν
1373 2259 1438 2293 περὶ
1460 2255 1498 2285 ὧν
1524 2257 1639 2293 ὥρμητο
1661 2257 1729 2291 πρὸς
1749 2254 1806 2284 τοὺς

1026 2305 1198 2340 εἰρημένους.
1213 2306 1268 2332 Καὶ
1289 2305 1365 2331 αὐτοὶ
1389 2305 1418 2331 δὲ
1443 2306 1457 2331 ὃ
1473 2314 1499 2331 τι
1517 2305 1567 2340 μὲν
1592 2304 1706 2340 ἔμελλεν
1727 2301 1804 2336 ἐρεῖν,

1027 2353 1076 2378 οὐκ
1097 2351 1207 2386 ᾔδεισαν
1231 2350 1363 2386 ἀκριϐῶς,
1381 2351 1395 2376 ὁ
1418 2350 1557 2386 βασιλεὺς,
1575 2351 1650 2385 ὅμως
1666 2349 1694 2375 δὲ
1711 2348 1742 2374 ἐκ
1755 2344 1805 2371 τῶν

1027 2397 1142 2424 εἰκότων
1161 2396 1358 2431 στοχαζόμενοι
1372 2396 1409 2427 ὼς
1426 2396 1491 2431 περί
1506 2404 1588 2422 τινιυν
1607 2394 1735 2431 μεγάλων
1753 2391 1806 2417 δια-

1030 2443 1157 2476 λέξεσθαι
1175 2443 1318 2478 μέλλοντος
1336 2442 1440 2474 αὐτοῖς,
1462 2443 1514 2468 ὑπὸ
1531 2441 1578 2468 τοῦ
1595 2441 1715 2476 μεγάλου
1732 2438 1805 2471 60p:-

1029 2491 1122 2518 στίκου
1136 2489 1284 2524 κωλυθείη,
1300 2491 1330 2516 ἐν
1344 2488 1447 2520 αἰτίαις
1456 2497 1485 2515 τε
1497 2489 1578 2515 αὑτὸν
1598 2487 1746 2516 ἐποιοῦντο,
1761 2481 1803 2509 καὶ

1027 2537 1063 2564 τὰ
1073 2537 1175 2572 ἔσχατα
1190 2535 1336 2572 ἠδικῆσθαι
1353 2535 1517 2562 διετείνοντο
1535 2535 1580 2561 ὑπ’
1602 2533 1695 2561 αὑτοῦ.
1709 2528 1804 2564 Μηδεὶς

1028 2584 1057 2610 δὲ
1087 2583 1164 2610 ταῦτ’
1190 2583 1310 2615 ἁκούων,
1340 2581 1521 2615 ἀνεξέλεγκτα
1542 2581 1641 2608 οἰέσοω
1666 2574 1803 2613 ψεύδεσθαι

1028 2631 1103 2666 ἡμᾶς
1118 2631 1163 2656 διὰ
1182 2631 1212 2656 τὸ
1229 2629 1266 2665 μὴ
1284 2629 1352 2655 πᾶσι
1379 2629 1460 2664 μέχρι
1479 2629 1526 2655 νῦν
1547 2628 1582 2654 τὰ
1598 2625 1709 2654 τοιαῦτα
1726 2619 1801 2649 κατά-

1028 2677 1097 2711 δηλα
1117 2676 1256 2710 γενέσθαι.
1273 2677 1356 2702 Ἴστω
1380 2675 1435 2710 γὰρ
1457 2675 1523 2706 Θεὸς
1547 2675 1562 2700 ὁ
1590 2674 1678 2700 πάντα
1694 2667 1799 2704 ἐφορῶνν

1029 2722 1076 2749 καὶ
1091 2723 1159 2748 πᾶσι
1183 2723 1241 2754 τοῖς
1256 2722 1411 2757 γινομένοις
1426 2721 1470 2748 ἀεὶ
1487 2720 1593 2756 παρὼν.
1611 2719 1657 2746 καὶ
1675 2716 1725 2743 τῶν
1743 2711 1801 2757 ἀδής

1029 2766 1082 2792 λων
1108 2765 1154 2791 καὶ
1176 2753 1377 2800 κεκρυμμένων
1399 2764 1505 2798 ἀγνοῶν
1529 2753 1629 2798 μηδὲν,
1647 2762 1683 2792 ὡς
1696 2753 1801 2808 abigit}

1029 2813 1086 2842 τοῖς
1115 2811 1206 2842 ἄλλοις
1230 2799 1293 2842 γτοίς
1323 2810 1582 2845 συγγεγραμμένοις
1611 2809 1724 2836 ἅπασιν,
1748 2799 1791 2845 οὖλτ

1031 2856 1130 2892 ἔχθραν
1149 2855 1210 2883 οὔτε
1239 2856 1342 2890 φιλίαν,
1369 2855 1423 2883 οὔτ’
1442 2855 1508 2882 ἄλλο
1526 2855 1580 2883 τῶν
1603 2853 1706 2881 πάντων
1731 2843 1802 2874 οὐδὲν,
