1922 3082
140 147 174 179 Π
704 148 974 179 HISTORIARUM
989 147 1105 178 LIBER
1126 148 1164 178 ll.

1695 145 1751 177 478

124 205 276 241 κατάδηλον
291 205 396 240 γένοιτο
419 206 556 238 Λατίνοις,
575 206 615 232 ’ὁτι
632 206 716 232 αὐτοῦ
745 207 902 241 πράττοντος

961 205 1037 240 jecit,
1047 206 1205 240 bonumque
1219 209 1245 231 et
1256 204 1322 232 utile
1337 208 1391 232 tum
1406 202 1538 231 Romanis
1567 206 1622 230 tum
1637 203 1749 230 sibimet

125 254 346 288 ἐπεστράτευσεν
377 253 470 284 αὐτοῖς
500 253 513 279 ό
543 253 679 288 βασιλεύς.
705 249 742 279 Οὗ
771 253 802 287 δὴ
829 252 912 278 ἓνεκα

126 300 198 334 αὐτῇ
226 300 276 334 τὴν
307 299 421 334 γνώμην
438 299 578 326 ἀναθεῖναι
606 300 702 334 πρώτῃ
724 299 761 330 ὡς
792 299 862 325 ἄττα
878 298 912 325 ἂν

127 347 200 380 αὐτῇ
220 346 313 380 δοκοίη
332 347 436 373 ἐκείνου
455 346 686 380 διαπραξομένου.
715 345 833 372 Τοιαῦτα
861 345 910 378 μὲν

125 393 139 418 ὁ
169 392 325 422 Καλόθετος
350 394 384 427 τῇ
405 393 491 427 μητρὶ
520 392 566 418 τοῦ
599 391 718 426 μεγάλου
748 390 910 425 δομεστίκου

124 437 222 471 κρύφα
238 438 302 473 περὶ
326 436 390 464 Χίου
408 438 552 472 διειλέχθη·
569 438 624 472 ἡδὲ
641 434 824 473 ὲπέρῤωσέγτε
841 436 910 471 μᾶλ-

124 482 172 508 λον
201 483 270 516 πρὸς
289 483 319 509 τὸ
345 483 425 518 ἔργον
449 483 541 514 αὐτὸν,
559 483 606 509 καὶ
624 482 714 512 καλῶς
738 482 840 516 ἔφασκε
861 483 909 508 καὶ

122 528 173 554 λυσ
185 528 337 560 τελούντως
365 529 559 563 βεόουλεῦσοαι
590 529 637 555 καὶ
663 525 818 565 ίΡωμαίοίς
860 528 908 554 καὶ

121 573 225 607 ἐαυτῷ.
254 574 332 600 Ἐπεὶ
357 574 385 600 δὲ
404 575 475 608 αὐτῇ
496 574 543 608 τὴν
559 574 660 608 πρᾶξιν
675 573 788 609 ἀναθείη
811 573 908 609 πρώτῃ

119 619 166 644 διὰ
193 620 244 653 τὴν
273 620 389 654 ἀρχαίαν
418 620 573 654 οἰκειότητα
600 621 646 645 καὶ
674 620 723 655 τὴν
751 619 857 646 εὔνοιαν
874 620 906 654 ἢν

118 664 240 699 ἔσχηκεν
271 665 302 691 ἐκ
331 665 447 692 παλαιοῦ
477 666 547 697 πρὸς
576 665 663 698 αὐτὴν
681 665 728 691 καὶ
753 664 819 697 υίὸν,
836 664 905 698 αὑτὴ

117 712 169 737 καὶ
190 711 372 746 διαπράξεται
391 711 465 740 ὅπως
487 711 587 745 ἄριστα
611 710 686 745 αὐτῷ
709 710 775 743 ἕξει.
799 709 905 745 Ἑκείνη

119 758 171 790 μὲν
187 757 234 784 οὖν
261 757 374 783 τοιαῦτα
390 755 462 783 εἷπε·
481 757 614 791 πέμψασα
642 757 669 783 δὲ
695 757 727 782 ἐκ
756 756 904 788 Βυζαντίου

118 803 236 835 βασιλέα
262 803 309 830 καὶ
330 803 375 829 τὸν
395 803 452 829 υἱὸν
475 804 514 834 εἰς
529 802 721 837 Διδυμότειχον
747 802 849 833 ἐκάλει,
867 804 905 833 ὡς

119 850 280 882 ἀναγκαίων
306 850 371 884 πέρι
391 849 579 884 διαλεξομένη.
602 850 633 875 Ui
654 849 676 876 δ’
693 848 774 880 560b,-
791 849 844 875 τῶν
859 849 905 876 ἄλ-

965 259 1074 285 qnoque
1091 251 1233 278 consilimn
1250 250 1358 277 dedisse
1371 249 1525 277 aiIirmavit.
1545 249 1578 276 Et
1595 249 1658 284 quia
1669 249 1701 275 ad
1716 256 1746 276 se

963 298 1083 332 primum
1104 304 1153 331 pro
1166 296 1276 330 antiqua
1293 296 1476 323 familiaritate
1504 302 1535 322 ac
1550 294 1745 322 benevolentia

963 351 1024 378 qua:
1038 343 1076 370 illi
1094 350 1198 374 secum,
1222 347 1249 369 ct
1265 350 1325 370 cum
1343 343 1397 369 ﬁlio
1420 342 1482 369 inde
1498 349 1512 368 a
1531 341 1680 376 majoribus
1701 341 1744 368 in-

963 388 1144 419 tercessisset,
1165 387 1338 414 referendum
1362 387 1521 422 putavisset,
1537 393 1566 413 se
1581 393 1636 412 rem
1648 392 1745 420 quam-

962 434 1064 468 optimc
1088 434 1284 461 coniecturam.
1303 433 1365 460 liter:
1388 433 1441 459 illa.
1464 432 1527 459 inde
1550 432 1742 466 imperatorem

960 484 988 506 et
1005 479 1089 505 ﬁlium
1108 479 1235 514 Byzantio
1249 479 1480 513 Didymotichum.
1498 477 1568 504 utde
1580 477 1743 504 necessariis

959 524 1122 558 quibusdam
1132 532 1194 551 cum
1210 523 1276 557 ipsis
1288 528 1392 556 actura,
1406 523 1539 555 accersit;
1554 523 1669 557 qnﬁmux
1683 522 1744 549 aliis

960 569 1135 604 posthabitis,
1157 570 1184 597 in
1208 570 1280 596 viam
1311 577 1340 596 se
1366 569 1510 596 dederunt.
1531 568 1630 595 Audita
1658 576 1741 595 causa

919 620 922 624 ”
959 616 994 644 ob
1005 624 1085 650 quam
1102 621 1193 643 essent
1206 615 1324 646 evocati,
1342 615 1463 642 laetitiam
1482 619 1614 648 ceperunt
1628 614 1742 640 bellum-

958 669 1011 696 que
1037 669 1087 696 pro
1108 660 1176 688 Chio
1194 665 1222 687 ιιι
1247 668 1304 687 rem
1323 659 1450 694 pra-cipui
1468 659 1599 686 momenti
1618 662 1742 693 prompte

958 706 1172 742 comparandum
1188 707 1380 733 decreverunt.
1399 706 1524 733 Accilum
1543 712 1652 739 quoque
1662 704 1741 731 Calo-

958 754 1062 779 tltetum
1091 753 1181 780 verbis
1205 751 1362 779 eilicacibus
1391 752 1417 778 in
1437 750 1579 786 proposito
1598 750 1743 777 conﬁrma-

958 802 1030 828 runt.
1044 803 1071 825 et
1095 806 1144 832 pro
1166 798 1297 833 dignitate
1311 805 1359 824 sua
1385 797 1541 823 humaniter
1551 793 1740 827 munerat‘ut'tt;

959 843 1085 878 datisque
1100 844 1251 878 promissis,
1274 852 1303 871 se
1324 844 1374 878 ipsi
1398 848 1425 870 et
1439 843 1533 878 generi
1548 850 1598 870 suo
1613 842 1740 869 benefac—

117 880 186 920 λων-
209 880 409 929 ἀμελήσαντες,
436 880 541 930 all-0mm
562 880 623 922 δ’ὁοὖ
637 904 644 912 ·
663 896 805 930 γενόμενοι
830 896 857 921 δὲ
877 896 902 921 ἐν

960 892 1044 919 turos,
1064 887 1162 914 Chium
1177 887 1350 919 dimiSerunt,
1368 891 1398 914 ut
1419 888 1518 922 quibus
1535 895 1605 922 opus
1622 887 1693 914 foret
1706 888 1739 914 ad

116 941 323 976 Διδυμοτείχῳ,
350 942 413 968 ἐπεὶ
440 942 572 968 ἐπύθοντο
602 943 667 974 περὶ
692 939 729 968 ὧν
758 942 904 974 καλοῖντο,

118 988 212 1022 ἡδέως
228 996 258 1014 τε
274 988 399 1020 ἐδέξαντο
418 989 482 1019 τοὺς
506 988 614 1021 λόγους,
631 988 680 1014 καὶ
695 988 781 1013 ἐδόκει
796 988 851 1014 δεῖν
869 988 907 1018 ὡς

117 1035 185 1068 περὶ
203 1034 356 1068 ἀναγκαίου
371 1035 419 1069 τῆς
435 1035 499 1061 Χίου
515 1034 778 1070 παρασκευάζεσθαι
792 1036 825 1060 τὰ
838 1034 906 1069 πρὸς

116 1082 166 1106 τὶν
194 1082 314 1116 πόλεμον
347 1081 506 1116 προθύμως.
537 1082 589 1107 Τόν
616 1090 645 1107 τε
668 1081 820 1108 Καλόοετον
852 1080 905 1115 ίδίᾳ

120 1125 385 1160 μετακοιλεσάμενοι,
403 1125 530 1160 ἑκάτερος
549 1125 638 1151 αὐτῶν
660 1125 750 1158 λόγοις
772 1133 801 1150 τε
824 1125 907 1158 ἐπέρ-

119 1173 216 1206 ρωσαν
233 1170 300 1204 πρὸς
318 1171 347 1196 τὸ
364 1171 445 1206 ἔργον
468 1171 635 1204 ἐπαγωγοῖς,
652 1171 700 1197 καὶ
716 1171 813 1204 δώροις
829 1170 905 1204 φιλο-

118 1217 325 1250 φρονησάμενοι
339 1216 420 1248 ἀξίως
439 1216 558 1247 ἑαυτῶν,
575 1216 614 1242 ἔτι
631 1216 659 1242 δὲ
674 1215 905 1250 ἐπα-,ηιιειλάμενοι

118 1262 204 1288 αὐτόν
225 1271 257 1288 τε
282 1263 328 1288 καὶ
347 1263 428 1296 γένος
453 1260 482 1289 εὖ
501 1262 635 1297 ποιήσειν,
656 1261 814 1296 ἐξέπεμψαν
838 1261 905 1295 πρὸς

118 1307 188 1334 Χίον
211 1308 248 1339 ὡς
269 1306 305 1334 ὧν
324 1308 358 1335 ἂν
374 1309 462 1335 δέοιτο
477 1309 756 1344 παρασκευασόμενον
787 1309 853 1344 πρὸς
875 1310 906 1335 τὸ

118 1353 259 1383 Λατίνοις.
276 1353 310 1388 ῆν
329 1353 386 1388 δέῃ,
405 1354 561 1381 ἐπιθέσθαι.
586 1354 670 1380 Αὐτοὶ
699 1355 727 1381 δὲ
747 1355 786 1386 εἰς
804 1354 906 1386 Βυζάν-

116 1407 176 1424 τιον
205 1399 470 1433 ὲπαναστρέψαντες,
497 1400 619 1435 τριήρεις
650 1409 679 1426 τε
719 1400 906 1434 ἐναυπηγοῦν-

118 1450 161 1474 το,
193 1442 242 1468 καὶ
270 1443 355 1469 τᾶλλα
391 1444 628 1478 παρεσκευάζοντο
655 1444 692 1476 ὡς
708 1444 904 1478 πλευσούμενοι

117 1489 149 1518 ὲς
180 1488 256 1515 Χίον.
283 1489 482 1524 Σκεπτομὲνοις
507 1490 536 1517 δὲ
565 1491 656 1521 αὐτοῖς
679 1491 776 1525 ἥντινα
795 1490 903 1522 ἐξέσται

117 1533 167 1560 τοῦ
186 1534 307 1569 πολέμου
337 1536 518 1571 εὐπρόσωπον
545 1537 632 1572 ἀρχὴν
659 1537 762 1568 λαϐεῖν,
781 1537 794 1562 ὁ
816 1536 904 1571 μέγας

114 1581 279 1615 δομέττικος
304 1582 480 1608 συνεϐούλευε
507 1583 556 1614 τὰς
581 1583 632 1616 μὲν
653 1584 776 1617 τριήρεις
798 1590 903 1616 ναυπη-

114 1625 237 1658 γεῖσθαι,
253 1625 302 1652 καὶ
313 1626 346 1652 τὰ
366 1625 435 1652 ὅπλα
455 1623 492 1652 ὧν
509 1627 613 1653 δέονται
628 1626 902 1661 παρασκευάζεσθαι,

116 1672 165 1698 καὶ
189 1671 316 1698 ναυτικὸν
339 1672 480 1706 συλλέγειν
504 1673 529 1698 οἳ
550 1673 738 1707 ὲπιΰήσονται,
754 1672 802 1699 καὶ
823 1672 902 1698 ὁπλί-

116 1727 178 1749 τας.
204 1717 280 1744 Ἐπεὶ
299 1717 327 1744 δὲ
349 1719 379 1744 αἵ
400 1727 430 1744 τε
456 1719 568 1745 σπονδαὶ
584 1719 622 1753 τῷ
636 1719 766 1753 Μαρτίιῳ
780 1720 807 1744 ἐν
820 1718 902 1752 ἐξόδῳ

116 1764 189 1789 εἰσὶν
209 1764 269 1798 ἤδη,
296 1765 344 1790 καὶ
368 1763 456 1799 ἄκραν
481 1764 615 1798 βασιλέως
638 1764 676 1798 μὴ
702 1764 901 1799 ἐπιτρέψαντος

113 1807 257 1841 οἰκοδομεί
292 1807 338 1832 ἐπὶ
364 1807 402 1841 τῷ
436 1807 692 1834 καταδουλώσασθαι
728 1808 778 1842 τὴν
809 1808 900 1841 νῆσον,

114 1853 287 1887 πρόσταγμα
316 1852 383 1887 πρὸς
409 1853 514 1879 ἐκεῖνον
539 1854 622 1879 αὐτοῦ
650 1853 820 1887 πεμφθῆναι,
843 1853 901 1887 ἅμα

116 1899 166 1932 μὲν
193 1898 274 1923 αὐτὸν
303 1899 468 1932 αἰτιωμένου
498 1898 534 1929 ὠς
564 1898 613 1933 τὴν
639 1898 727 1932 ἄκραν
753 1898 835 1924 αὐτοῦ
863 1898 901 1933 μὴ

113 1945 268 1976 συνειδότος
286 1946 454 1980 οίκοδομοίη,
477 1945 633 1977 κελεύοντός
652 1954 682 1971 τε
699 1946 729 1971 τί,
745 1946 900 1980 οἰκοδομεῖν

112 1990 173 2024 ὲᾷν,
191 1990 239 2016 καὶ
255 1990 410 2024 περαιτέρω
427 1989 464 2025 μὴ
480 1990 638 2025 προϐαίνειν
649 1998 656 2006 ⁸
675 1991 734 2026 ἅμα
747 1991 775 2018 δὲ
788 1991 836 2018 καὶ
851 1992 900 2023 τὰς

114 2033 234 2064 σπονδὰς
259 2033 296 2065 ὡς
313 2035 337 2060 εἰ
352 2033 474 2068 βούλοιτο
500 2035 597 2068 ἐτέρας
617 2035 712 2062 θέσθαι
738 2036 793 2061 τῶν
810 2036 900 2062 οὐσῶν

112 2077 164 2112 ἤδη
194 2077 360 2111 ἐξηκουσῶν,
391 2078 431 2108 είς
460 2077 608 2110 Βυζάντιον
647 2078 825 2105 ὲλθεῖνικᾶν
851 2079 901 2113 μὲν

112 2122 255 2156 παύσηταί
270 2131 299 2148 τε
315 2123 477 2157 οἰκοδομεῖν,
494 2123 540 2149 καὶ
554 2123 699 2158 γενόμενος
713 2124 742 2150 ὲν
759 2124 900 2158 Βυζαντίῳ

112 2169 180 2202 περὶ
197 2168 299 2203 ἑτέρων
312 2168 398 2194 δέοιτο
419 2169 551 2200 σπονδῶν,
566 2170 580 2195 ὃ
594 2177 620 2194 τι
641 2169 675 2196 ἆν
697 2170 740 2204 εἴη
761 2170 901 2204 σκεψαμέ-

956 932 1068 960 Latinos
1095 934 1122 960 in
1151 938 1273 968 tempore
1298 933 1468 960 adoriundos
1488 937 1668 967 praepararet;
1690 933 1739 967 ipsi

956 977 1115 1012 Byzantium
1132 979 1245 1010 reversi,
1270 979 1395 1006 triremes
1412 978 1587 1006 fabricandos
1602 979 1738 1010 locarunt,

956 1029 983 1053 ct
1003 1031 1100 1054 caetera
1123 1032 1251 1061 tanquam
1278 1028 1376 1055 Chium
1394 1027 1544 1062 navigaturi
1559 1031 1737 1054 curaverunt.

955 1072 1024 1099 Dum
1054 1080 1120 1100 vero
1136 1073 1391 1108 circumspicerent,
1413 1079 1439 1100 et
1460 1073 1606 1100 honestum
1628 1073 1739 1107 aliquod

957 1120 1020 1147 belli
1035 1121 1203 1156 principium
1227 1125 1391 1156 qua-rerent,
1414 1129 1529 1156 magnus
1552 1121 1634 1155 229
1648 1121 1741 1147 dome-

955 1165 1052 1197 sticus,
1079 1166 1205 1194 triremes
1232 1171 1260 1194 et
1287 1174 1362 1193 arma
1384 1167 1537 1194 necessaria
1552 1166 1737 1199 conﬁcienda,

956 1213 1118 1247 copiamque
1142 1213 1277 1246 navalem,
1294 1218 1322 1240 et
1335 1214 1426 1248 gravis
1446 1218 1591 1240 armaturae
1611 1213 1738 1245 militem,

956 1258 1002 1291 qui
1019 1259 1231 1290 conscenderet,
1255 1258 1440 1294 colligendum
1457 1259 1602 1286 suadebat.
1619 1260 1653 1286 Et
1672 1267 1740 1294 quo-

956 1305 1027 1330 niam
1045 1304 1236 1332 i'oederis‘cum
1249 1304 1366 1332 Martino
1381 1305 1516 1332 terminus
1531 1305 1648 1338 adesset,
1668 1306 1740 1340 ipse—

956 1357 1008 1384 que
1024 1350 1179 1378 inconsulto
1197 1351 1363 1385 imperatore
1377 1359 1468 1379 arcem
1485 1351 1518 1378 ad
1546 1351 1664 1378 insulam
1684 1359 1740 1379 ser-

956 1397 1040 1423 vitute
1057 1396 1265 1431 opprimendam
1291 1397 1486 1430 exaediﬁcaret,
1514 1397 1674 1424 mandatum
1699 1398 1738 1424 illi

956 1442 1130 1475 mittendum,
1147 1450 1202 1477 quo
1215 1448 1273 1470 tum
1293 1443 1327 1470 de
1353 1442 1424 1471 iacto
1447 1444 1631 1476 incusaretur,
1647 1447 1675 1470 et
1689 1452 1738 1471 ex-
1758 1471 1764 1477 ,
1798 1449 1805 1456 ‘

953 1488 1104 1515 structione
1115 1487 1250 1515 desistere
1258 1487 1418 1522 juberetur;
1430 1492 1485 1514 tum
1497 1487 1519 1514 si
1531 1487 1620 1514 {certus
1634 1494 1737 1514 novum

957 1538 1080 1568 cuperet,
1096 1534 1187 1569 priore
1201 1535 1256 1569 jam
1273 1539 1380 1567 exacto,
1398 1534 1556 1569 Byzantium
1573 1534 1667 1560 venire
1679 1541 1738 1560 mo-

958 1584 1079 1607 neretnr.
1106 1580 1133 1607 Si
1150 1580 1286 1607 aediﬁcare
1303 1580 1425 1612 cessarit,
1439 1584 1467 1606 et
1490 1579 1649 1614 Byzantium
1669 1587 1735 1614 pro-

953 1625 1052 1656 fectus,
1082 1631 1161 1660 pacta
1190 1631 1323 1653 conventa
1343 1633 1412 1653 nova
1435 1626 1581 1660 rogaverit,
1606 1626 1681 1660 quod
1707 1634 1737 1652 re

953 1672 1125 1699 considerata
1141 1673 1239 1700 melius
1251 1672 1417 1704 censebitur,
1434 1679 1462 1698 se
1479 1672 1611 1698 tacturos.
1626 1671 1735 1699 Etenim

953 1722 998 1744 aut
1009 1717 1114 1752 justum
1125 1726 1197 1750 esse,
1212 1726 1266 1745 non
1278 1718 1331 1752 pati
1346 1717 1381 1744 de
1395 1721 1494 1745 caetero
1506 1717 1652 1744 Martinum
1666 1718 1735 1744 Citio

953 1763 1098 1797 imperare,
1116 1764 1163 1790 sed
1177 1763 1230 1790 alio
1245 1763 1325 1790 modo
1340 1764 1373 1790 de
1390 1763 1437 1790 illo
1451 1763 1520 1790 bene
1536 1763 1646 1796 mereri,
1662 1764 1736 1790 insu-

952 1809 1060 1844 lamque
1084 1809 1215 1836 Romanis
1233 1817 1351 1844 parere:
1369 1814 1417 1836 aut
1443 1809 1533 1837 fin-dus
1558 1817 1612 1836 non
1639 1809 1666 1836 in
1689 1817 1737 1837 eas

951 1854 1135 1887 conditiones,
1155 1854 1181 1881 in
1198 1862 1264 1888 quas
1278 1859 1370 1886 antea,
1386 1854 1435 1881 sed
1455 1854 1555 1888 quibus
1569 1854 1635 1888 ipsis
1647 1854 1736 1881 libue-

952 1899 997 1930 rit,
1011 1899 1170 1932 ineundum,
1187 1907 1284 1934 nempe
1299 1905 1329 1926 ut
1347 1900 1480 1927 Martinus
1498 1907 1606 1927 rursum
1618 1899 1650 1926 ad
1669 1905 1737 1926 tem-

951 1952 1002 1979 pus
1015 1949 1121 1971 certum
1135 1945 1226 1978 przesit
1240 1953 1247 1971 :
1263 1949 1290 1972 et
1305 1945 1327 1972 si
1339 1952 1428 1980 neque
1441 1945 1576 1972 aediﬁcare
1588 1945 1736 1977 destiterit,

951 1999 1040 2025 neque
1054 1991 1154 2018 fmiera
1172 1999 1242 2018 nova
1257 1990 1408 2025 quasierit,
1423 1998 1455 2018 ac
1468 1991 1490 2017 si
1501 1991 1557 2026 jam
1573 1991 1651 2017 ﬁrma
1665 1991 1737 2018 διιεῖ

950 2041 978 2064 et
994 2037 1101 2064 stabilis
1117 2036 1213 2064 insula:
1239 2037 1388 2071 possessio,
1421 2041 1478 2063 tum
1495 2037 1635 2063 instructis
1652 2036 1734 2064 trire-

951 2082 1041 2110 mibus
1055 2082 1144 2117 primo
1160 2089 1268 2117 quoque
1283 2086 1404 2116 tempore
1418 2081 1483 2108 illuc
1496 2081 1733 2114 contendendum;

950 2128 1154 2163 mittendasque
1170 2128 1282 2163 insuper
1296 2128 1412 2159 litteras,
1428 2135 1489 2162 quae
1506 2127 1592 2154 Chios
1606 2127 1633 2154 in
1649 2126 1735 2154 aediﬁ-

950 2175 1038 2201 cando
1060 2181 1174 2208 pergere
1186 2179 1288 2206 vetent,
1305 2178 1335 2200 ut
1358 2173 1410 2201 hac
1426 2173 1534 2200 ratione
1561 2177 1609 2199 aut
1632 2173 1735 2200 invitus

111 2223 169 2246 νοις
186 2215 290 2250 βέλτιον
317 2215 414 2242 ποιεῖν.
435 2215 471 2241 Ἢ
493 2215 546 2249 γὰρ
562 2215 659 2249 μηκέτι
679 2215 747 2242 Χίου
760 2216 898 2250 Μαρτῖνον

953 2219 1069 2251 desinat,
1089 2219 1122 2246 ab
1139 2219 1231 2253 operis
1245 2219 1387 2252 desertus;
1404 2225 1452 2246 aut
1469 2219 1491 2246 si
1509 2219 1590 2246 etiam
1609 2219 1735 2246 nolentes

110 2262 209 2295 ἄρχειν
233 2261 339 2287 δίκαιον
355 2261 415 2296 ὲᾷν,
430 2261 488 2288 ἀλλ’
503 2261 599 2295 ἕτερον
618 2261 718 2295 τρόπον
740 2260 770 2287 εὗ
788 2262 875 2288 ποιεῖν
888 2269 896 2277 ·

109 2308 162 2342 τὴν
178 2307 258 2341 νῆσον
281 2307 310 2333 δὲ
332 2307 419 2332 τελεῖν
438 2306 490 2333 ὑπὸ
510 2307 702 2341 Ῥωμαίους,ἥ
724 2307 841 2338 σπονδὰς
866 2307 896 2334 οὐ

110 2353 185 2380 κατὰ
203 2353 254 2384 τὰς
277 2353 425 2387 προτέρας,
447 2353 504 2378 ἀλλ’
525 2353 570 2386 ἐφ’
585 2350 626 2384 οἷς
640 2353 672 2379 ἂν
687 2354 778 2384 αὐτοῖς
794 2354 897 2387 βέλτιον

109 2399 202 2433 δοκοίη
220 2398 356 2430 τίθεσθαι,
371 2398 440 2424 ὥστε
469 2396 548 2430 αὖθις
565 2399 703 2433 Μαρτῖνον
716 2399 782 2426 Χίου
802 2399 898 2434 ἄρχειν

110 2444 158 2469 ἐπὶ
188 2443 286 2477 χρόνον
315 2443 377 2469 τινὰ
409 2443 513 2478 ῥητόν·
539 2443 585 2470 ἐὰν
617 2443 645 2470 δὲ
675 2444 745 2479 μήτε
776 2445 896 2478 παύηται

109 2488 273 2523 οἰκοδομῶν,
291 2489 414 2515 σπονδῶν
437 2498 466 2515 τε
494 2490 530 2524 μὴ
557 2490 643 2516 δέοιτο
659 2491 771 2525 ἐτέρων,
789 2491 826 2522 ὡς
845 2492 894 2526 ἤδη

110 2535 291 2570 βεϐαίωςτῆς
310 2536 393 2570 νήσου
414 2537 557 2571 ἐχομένης,
580 2538 641 2563 τότε
666 2539 894 2572 παρεσκευασμέ-

108 2590 163 2607 νων
188 2581 244 2607 τῶν
263 2582 401 2615 τριήρεων
424 2582 522 2614 οὐσῶν,
534 2582 585 2616 τὴν
601 2583 732 2617 ταχίστην
748 2584 873 2609 ἐπιπλεῖν
886 2592 892 2599 ·

108 2628 231 2661 πέμπειν
245 2627 274 2653 δὲ
294 2629 341 2653 καὶ
358 2627 440 2661 ἕτερα
465 2628 620 2662 γράμματα.
640 2629 728 2660 Χίοις,
746 2630 894 2656 κελεύοντα

108 2675 156 2699 καὶ
171 2675 263 2704 αὐτοῖς
275 2673 446 2707 ἀποσχέσθαι
462 2673 509 2699 τοῦ
524 2674 686 2707 οἱκοξομείν,
697 2675 734 2706 ὡς
750 2676 765 2710 ἢ
781 2676 894 2702 παύοιτο

107 2721 156 2746 καὶ
168 2719 241 2746 ἄκων
253 2720 303 2745 οὐκ
314 2719 385 2753 ἔχων
396 2719 460 2750 τοὺς
471 2719 694 2753 συναιρομένους,
707 2720 721 2754 ἦ
735 2722 759 2747 εί
773 2721 894 2756 βιάζοιτο

107 2768 152 2791 καὶ
179 2765 307 2797 ἄκοντας,
337 2765 437 2798 μᾶλλον
458 2765 678 2799 ἐκπολεμωθεῖεν
704 2766 772 2801 πρὸς
799 2768 892 2794 αὐτόν.

107 2812 183 2838 (ιῦτω
210 2811 442 2846 βουλευσαμένοις
459 2811 546 2837 ὲδᾶκει
569 2812 625 2838 δεῖν
641 2812 675 2838 τά
695 2821 724 2838 τε
739 2814 892 2848 γράμματα

106 2860 145 2890 εἰς
178 2858 244 2884 Χίον
273 2857 406 2890 πέμπειν,
434 2858 480 2884 καὶ
508 2858 633 2892 τριήρεις
669 2859 716 2889 ei;
751 2868 780 2885 τε
809 2860 892 2891 otes;

951 2266 1081 2300 coegerit,
1098 2265 1150 2292 sibi
1174 2265 1340 2293 infensior-es
1353 2266 1460 2293 reddat.
1479 2266 1573 2301 Itaque
1588 2266 1734 2293 consilium

950 2315 1091 2346 ceperunt,
1106 2315 1135 2338 ut
1151 2311 1228 2338 Chiis
1242 2312 1406 2343 scriberent.
1424 2317 1452 2339 et
1469 2320 1528 2347 quae
1549 2317 1641 2340 esent
1655 2319 1735 2346 para-

951 2361 984 2384 ta:
1011 2357 1148 2389 triremes,
1170 2365 1217 2385 cas
1238 2363 1388 2390 armarent,
1401 2358 1523 2393 aliasque
1546 2366 1630 2385 novas
1650 2358 1735 2385 addc-

948 2407 1020 2429 rent.
1036 2402 1074 2429 Ac
1088 2402 1202 2436 epistola
1216 2402 1327 2436 quidem
1343 2403 1515 2436 imperatoris
1535 2403 1653 2429 Martino
1670 2403 1733 2429 red~

949 2448 1004 2475 dita
1032 2448 1134 2474 frustra
1150 2447 1217 2475 fuit:
1234 2455 1264 2475 ea
1281 2448 1417 2483 siquidem
1446 2449 1525 2481 lecta,
1550 2450 1626 2484 operi
1644 2449 1732 2484 magis

948 2494 1056 2525 institit,
1071 2502 1176 2522 summa
1197 2502 1248 2529 ope
1271 2495 1379 2522 enitens
1412 2501 1442 2522 ut
1458 2503 1505 2522 arx
1523 2495 1731 2528 absolveretur;

947 2545 975 2567 et
990 2544 1019 2567 ut
1033 2540 1220 2574 quibus‘esset
1236 2548 1316 2575 opus,
1332 2541 1367 2568 iis
1383 2541 1529 2568 adventum
1545 2542 1731 2575 imperatoris,

947 2593 1028 2620 quem
1039 2586 1094 2620 jam
1107 2586 1262 2620 suspicione
1277 2591 1304 2614 et
1328 2586 1386 2621 ipse
1402 2587 1586 2621 prtecipiebat,
1603 2591 1731 2613 antever-

948 2635 1027 2658 teret.
1040 2630 1205 2658 Benedictus
1217 2639 1300 2666 porro
1315 2639 1377 2658 cum
1395 2631 1510 2658 Martiuo
1521 2631 1603 2658 fratre
1620 2632 1731 2664 litigans

947 2678 982 2703 de
1002 2684 1050 2704 sex
1064 2684 1211 2704 aureorum
1227 2677 1357 2708 millibus,
1376 2685 1437 2711 quze
1456 2677 1506 2704 sibi
1524 2677 1550 2703 in
1567 2684 1653 2703 annos
1671 2677 1730 2703 sin-

946 2723 1024 2758 gulos
1036 2723 1209 2750 haereditario
1226 2724 1288 2758 jure
1304 2723 1338 2750 de
1353 2723 1471 2757 publicis
1487 2723 1665 2757 vectigalibus
1679 2722 1733 2749 dc—

947 2769 1091 2799 bt-bantur,
1109 2769 1264 2802 quibusque
1284 2769 1318 2796 ab
1339 2769 1438 2796 eodem
1454 2769 1595 2795 fraudatus
1611 2773 1679 2800 erat,
1694 2767 1729 2794 ad

946 2815 1139 2849 imperatorem
1160 2821 1189 2840 se
1202 2814 1330 2846 contulit,
1349 2814 1441 2841 fratris
1458 2813 1631 2848 iniquitatem
1648 2821 1731 2840 accu-

946 2869 1009 2888 sans
1039 2866 1064 2888 ct
1091 2860 1222 2887 auxilium
1252 2859 1373 2894 ﬂagitan‘
1391 2868 1397 2886 :
1415 2860 1479 2894 quin
1509 2859 1590 2886 ctiam
1620 2858 1733 2886 litteras
