1922 3082
75 151 119 183 481
643 135 915 170 HISTORIABUM
935 135 1050 165 LIBER
1071 134 1110 164 ΙΙ.

1637 130 1691 164 482

74 206 238 237 ὀκτακοσίοις
261 203 308 235 οὒς
328 201 396 238 εἶχε,
422 200 593 236 φραξάμενοι
617 199 734 234 ἀνῆλθον
761 198 801 229 είς
819 196 853 223 τὰ

914 194 1060 230 igebantur
1075 204 1081 220 :
1095 191 1174 227 quasi
1190 190 1279 218 insula
1292 190 1327 219 ab
1339 197 1372 218 eo
1385 193 1461 218 certo
1472 189 1528 224 iam
1542 190 1688 225 acquisita.

75 255 158 288 τείχη.
174 253 211 283 ὡς
225 249 409 286 ἀμυνούμενοι
431 247 544 274 ἐπιόντα
558 245 682 280 βασιλέα.
705 244 776 278 Ἤδη
799 242 854 277 γὰρ

75 287 229 328 ἀνθίσταντο
262 294 423 328 ἀναφανδόν.
455 293 509 319 Καὶ
545 291 605 318 οὐδὲ
643 290 764 325 σημαίας
805 287 855 319 τὰς

76 344 212 382 βασιλικὰς
232 342 352 376 ἠξίωσαν
376 339 523 373 ἀναγαγεῖν
540 338 586 364 ἐπὶ
605 338 639 364 τὰ
657 337 745 371 τείχη,
760 335 855 369 ὥσπερ

75 380 106 427 ἦν
130 391 200 422 ἔοος,
227 388 296 417 ἀλλὰ
325 387 372 418 τὰς
402 385 542 419 Μαρτίνου
561 383 654 418 μόνας,
675 382 712 413 ὡς
739 380 856 416 βεϐαίως

75 440 121 473 ἤδη
137 437 187 471 τῆς
215 436 298 470 νήσου
327 433 474 468 ἐχομένης.
499 430 653 460 Καλόθετος
675 428 697 455 δ’
720 427 779 462 ἅμα
800 427 856 457 τοῖς

75 471 138 518 περὶ
158 481 250 511 αὐτὸν.
267 480 361 510 ὅπλοις
383 478 432 513 μὲν
459 477 509 503 οὑκ
534 475 656 510 ἐτόλμων
679 473 798 518 χρῆσθαι
817 471 856 518 τῷ

76 517 124 556 δέει
147 528 203 556 τῶν
224 526 366 554 Λατίνων·
389 521 646 557 παρεσκευασμένοι
673 520 702 546 δὲ
721 517 793 553 ἦσαν
818 517 855 548 ὡς

78 574 264 607 ἐπιθησόμενοι
280 572 384 602 αὐτοῖς,
403 569 514 596 ἐπειδὰν
531 569 544 595 ὁ
563 567 690 601 βασιλεὺς
711 566 751 596 είς
772 573 858 598 τειχο-

78 621 171 657 μαχίαν
186 619 322 652 καταστῇ.
336 616 474 650 Μαρτίνος
490 614 538 649 μὲν
555 610 602 639 οὖν
613 611 685 638 οὓτω
701 612 757 642 τοῖς
774 609 857 635 ὀκτα-

77 655 171 696 κοσίοις
194 663 343 694 πεποιθὼς,
360 660 541 694 ἀντικατέστη
572 658 641 693 πρὸς
670 657 720 691 τὴν
752 655 855 690 μάχην.

78 711 202 741 Βασιλεὺς
221 709 250 736 δὲ
277 709 309 743 τῇ
325 707 400 742 νήσῳ
428 706 466 736 ὡς
490 705 651 739 προσέσχεν,
673 701 810 732 ἀπόϐασιν
827 708 857 726 τε

80 757 203 787 ἐποιεῖτο,
228 754 278 788 τῆς
293 753 346 788 γῆς
378 751 458 782 εὐθὺς
484 749 604 784 κρατῶν,
631 748 678 777 καὶ
703 748 751 783 τὴν
776 747 858 773 ἵππον

80 803 178 836 ἐξάγων
217 798 440 834 παρεσκευάζετο
476 797 544 831 πρὸς
582 796 632 830 τὴν
666 793 856 829 τειχομαχίαν.

79 844 213 875 Μπενέτος
239 843 266 870 δὲ
291 843 304 869 ὁ
327 840 466 876 Μαρτίνου
488 839 603 874 ὰδελφδς
621 838 751 873 φρούριόν
768 846 794 863 τι
810 835 857 863 καὶ

79 891 153 921 αὐτος
187 889 315 923 κατέχων
351 887 382 915 οὐ
424 886 534 922 μακρὰν
563 886 614 920 τῆς
644 885 729 918 ἄλλης
753 882 858 913 πόλεως

78 935 294 972 ᾠκοὼμημὲνον,
324 933 383 960 ἀλλ’
412 933 475 960 ὅσον
501 932 547 967 ἀφ’
568 932 701 965 ἑκατέρου
734 930 802 964 πρὸς
828 929 858 955 τὸ

77 983 164 1017 ἕτερον
187 980 258 1015 λίθῳ
280 979 374 1014 σχεδὸν
395 979 569 1012 ἐξικνεῖσθαι,
583 978 749 1012 ἐνεχείρισεν
773 974 859 1003 ἐλθὼν

78 1026 112 1061 τῷ
131 1026 246 1061 βασιλεῖ,
266 1024 351 1051 πολλὰ
371 1023 419 1049 τοῦ
437 1022 554 1056 ἀδελφοῦ
580 1021 745 1057 κατηγορῶν
759 1021 796 1052 ὼς
811 1019 859 1046 καὶ

79 1071 171 1103 ἀνόητα
188 1068 238 1096 καὶ
253 1068 334 1095 ἄδικα
349 1067 480 1102 πράττειν
500 1066 653 1100 ἐγνωκότος
668 1074 674 1080 ·
692 1065 774 1093 τοῦτο
796 1064 857 1098 μὲν,

79 1115 100 1141 εἰ
119 1116 184 1148 πρὸς
206 1114 345 1147 τοσαύτην
367 1113 483 1147 δύναμιν
507 1112 685 1146 ἁντισχήσειν
699 1111 798 1146 ἤλπισε
821 1110 859 1145 μὴ

81 1161 155 1192 αὐτὸς
169 1160 197 1193 ἐξ
214 1160 279 1195 τσης
306 1159 467 1193 ὁρμώμενος
485 1158 665 1192 παρασκευῆς
678 1166 685 1172 ·
703 1157 812 1184 ἀδικίαν
831 1157 859 1183 δὲ

83 1205 280 1238 κατεγίνωσκεν
298 1202 391 1235 αὑτοῦ,
409 1203 433 1229 εἰ
448 1202 532 1229 πολλὰ
549 1201 616 1237 πρὸς
630 1201 763 1237 βασιλέως
783 1202 861 1235 εὐερ-

81 1252 210 1286 γετηθεὶς,
229 1251 297 1277 Χίον
312 1249 435 1284 διενοήθη
458 1249 541 1275 αὑτοῦ
562 1247 760 1282 ἀποστερῆσαι.
782 1247 860 1273 Βασι-

81 1297 136 1328 λεὺς
162 1297 210 1331 μὲν
237 1296 286 1322 οὖν
316 1296 354 1325 είς
377 1295 408 1320 τὸ
429 1295 560 1330 φρούριον
583 1294 702 1327 εἰσῆλθε,
720 1293 860 1320 Μπενέτον

81 1343 123 1375 τῆς
135 1343 173 1374 εἰς
193 1342 278 1369 αὑτὸν
294 1341 401 1373 εὐνοίας
425 1340 586 1371 ἐπαινέσας.
603 1340 658 1366 Καὶ
675 1340 744 1373 μετὰ
763 1339 861 1374 μικρὸν

81 1388 188 1421 ἐξελθὼν
202 1388 345 1421 διεκόσμει
358 1386 406 1422 τὴν
423 1385 554 1422 στρατιὰν
570 1385 607 1416 ὡς
624 1386 652 1416 ἐς
668 1384 858 1420 τειχομαχίαν.

82 1435 208 1469 Μαρτῖνος
235 1435 266 1460 δὲ
296 1433 364 1468 πρός
388 1441 418 1459 τε
438 1433 486 1468 τὴν
503 1432 636 1467 βασιλέως
660 1431 792 1465 στρατιὰν
809 1431 861 1465 ἤδη

83 1480 168 1505 ἑαυτὸν
196 1479 250 1505 οὐκ
272 1477 423 1512 ἀξιόμαχον
441 1476 524 1510 ὀρῶν,
538 1476 571 1502 ἐκ
590 1483 619 1501 τε
642 1475 696 1501 τῶν
710 1475 785 1501 Χίων
800 1475 861 1500 ὲπι-

83 1523 184 1558 κουρίαν
212 1521 344 1556 οὐδεμίαν
374 1520 532 1556 προσδοκῶν
573 1519 617 1546 διὰ
645 1519 675 1545 τὸ
703 1519 752 1553 οὐχ
778 1514 863 1554 ἧσσον

84 1569 157 1595 αὑτοῦ
175 1564 365 1602 ἀῷεστηκέναι
380 1567 440 1598 ταῖς
455 1565 582 1600 γνώμαις
596 1565 612 1600 ἢ
630 1564 691 1591 καθ’
711 1565 774 1591 ὅσον
790 1563 863 1590 εὖνοι

83 1612 145 1648 ἦσαν
161 1613 268 1649 βασιλεῖ
287 1611 508 1642 ὑπωπτευκέναι,
523 1610 610 1640 ἄλλως
622 1617 651 1635 τε
668 1609 713 1634 καὶ
722 1608 864 1634 Μπενέτου

84 1660 338 1695 προσχωρήσαντος,
354 1658 401 1685 καὶ
416 1657 446 1683 τὸ
461 1656 591 1691 φρούριον
604 1654 773 1690 παραδόντος
785 1654 798 1680 ὃ
815 1653 865 1680 οὐκ

85 1706 184 1733 ἔλαττον
203 1704 324 1740 ἠδύνατο
348 1702 543 1738 ἁποτειχισμοῦ
559 1701 631 1727 οὕτω
658 1700 770 1736 πλησίον
794 1699 866 1734 ᾠκο-

84 1751 236 1786 δομημέιον,
259 1750 382 1783 σφοδρῶς
402 1757 432 1775 τε
451 1747 618 1782 ἐθορυϐεῖτο,
632 1747 680 1774 καὶ
695 1748 745 1778 τὰς
764 1745 867 1778 σωζού-

85 1806 128 1829 ea;
155 1797 350 1831 ἀπεγίνωσκεν
373 1795 494 1826 ἐλπίδας.
510 1794 589 1820 Ἐπεὶ
604 1794 632 1819 δὲ
649 1793 684 1820 τά
708 1801 738 1819 τε
764 1793 866 1826 σημεῖα.

87 1843 129 1878 ἤδη
144 1844 223 1878 ᾔρετο
247 1843 295 1869 καὶ
311 1840 396 1876 ἦρχον
415 1841 504 1876 μάχης
521 1841 546 1867 οἱ
560 1841 704 1874 Ῥωμαῖοι,
716 1839 867 1874 πρεσϐείαν

88 1889 189 1923 πέμψας
217 1890 231 1915 ό
261 1889 411 1922 Μαρτῑνος,
427 1888 512 1914 ἐδεῖτο
542 1886 675 1922 βασιλέως
701 1885 867 1919 συγγνώμης

87 1937 179 1969 τυχεῖν,
196 1935 243 1961 καὶ
264 1933 332 1967 πρὸς
353 1932 507 1967 συμϐάσεις
522 1932 646 1967 χωρῆσαι
662 1931 721 1962 οϊας
746 1930 778 1958 ἂν
801 1930 866 1964 δοκῇ

89 1980 193 2014 βασιλεῖ.
211 1979 346 2010 Βασιλεὺς
369 1979 396 2004 δὲ
421 1977 567 2005 ἀπεώσατο
586 1985 616 2004 τε
640 1977 688 2012 τὴν
706 1975 865 2011 πρεσϐείαν,

89 2027 129 2052 καὶ
143 2027 192 2052 οὒκ
208 2026 316 2061 ἔφασκε
332 2024 386 2051 δεῖν
405 2024 454 2058 τῆς
470 2024 601 2058 στρατιᾶς
617 2022 684 2057 πρὸς
709 2022 757 2056 τὴν
777 2021 868 2056 μάχην

90 2071 343 2107 παρατεταγμένης,
377 2070 552 2104 διαλέγεσθαι
591 2069 656 2104 περὶ
694 2068 867 2102 συμϐάσεων.

91 2117 214 2152 Πρότερον
240 2118 298 2151 γὰρ
322 2116 396 2150 αὐτῷ
412 2116 478 2150 ἐξῆν
501 2117 567 2151 πρὶν
586 2115 680 2142 ὲνθὰδε
695 2115 784 2149 ἥκειν,
801 2122 867 2147 συγ-

90 2163 192 2198 γνώμην
210 2172 239 2189 τε
255 2163 353 2194 αἰτεῖν,
368 2162 415 2189 καὶ
436 2161 554 2192 σπονδὰς
574 2160 697 2187 τίθεσθαι
712 2159 867 2194 εἰρηνικὰς,

906 246 933 268 ct
956 238 1092 273 mancipio
1115 238 1228 265 obtenta
1251 240 1334 265 esset.
1356 236 1504 264 Calotheus
1532 235 1688 271 cun1231

907 285 965 313 suis
990 284 1150 312 Latinorum
1176 287 1250 310 metu
1277 283 1415 317 corripere
1441 289 1518 309 arma
1540 282 1613 308 ultro
1635 289 1691 308 non

907 331 1059 363 audebant.
1073 331 1119 358 sed
1135 330 1168 357 ad
1188 337 1298 364 operam
1315 329 1509 364 prmstandam,
1520 328 1567 356 ubi
1577 329 1693 363 impera-

907 382 952 405 tor
965 385 1128 412 oppugnare
1143 376 1238 403 urbem
1253 376 1392 410 coepisset,
1409 375 1496 410 parati
1514 379 1601 401 erant.
1623 374 1693 401 Mar-

910 425 984 452 tinus
1004 424 1171 458 octingentis
1191 423 1246 450 illis
1259 423 1389 452 conlisus.
1404 430 1433 449 se
1450 421 1596 449 defendere
1615 420 1694 448 insti~

909 471 1013 498 luebat.
1026 470 1178 503 imperator
1187 468 1219 496 ad
1229 469 1307 497 littus
1319 468 1461 504 appulsus,
1476 472 1504 494 et
1513 466 1693 494 exscensione

907 516 990 548 facta,
1013 521 1086 543 terra
1111 515 1204 542 statim
1222 514 1337 549 potitus,
1363 513 1499 548 producto
1517 513 1643 548 equitatu
1658 512 1693 539 ad

908 561 1141 596 oppugnationem
1164 560 1370 595 accingebatur.
1394 560 1560 586 Benedictus
1584 559 1694 586 Martini

908 615 1056 638 germanus
1076 607 1220 634 castellum
1236 606 1311 640 jactu
1332 606 1431 640 lapidis
1448 606 1483 632 ab
1499 605 1600 639 oppido
1614 605 1694 631 dissi-

910 658 967 680 tum
988 659 1085 680 tenens
1106 652 1193 684 venit,
1220 652 1342 686 illudque
1368 651 1526 685 imperatori
1552 651 1644 682 tradit.
1666 655 1694 678 et

909 698 1023 725 fratrem
1045 702 1074 724 ul
1101 697 1236 731 injustam
1256 704 1288 723 ac
1304 696 1433 724 stolidum
1449 701 1561 725 accusat
1574 716 1580 728 ,
1593 695 1615 721 si
1630 695 1693 729 qui—

909 743 970 771 dem
993 748 1125 778 apparatu
1148 744 1234 770 multo
1258 743 1385 773 inferior.
1411 743 1494 769 tantis
1518 742 1605 776 copiis
1627 741 1696 769 resi-

909 794 983 820 stere
998 797 1027 817 se
1049 796 1131 824 posse
1145 789 1323 824 speravisset,
1340 793 1367 815 et
1379 788 1505 822 pluribus
1526 788 1559 814 ab
1576 788 1696 821 impera-

911 840 969 862 tore
997 835 1136 862 beneliciis
1167 835 1325 869 obligatus,
1357 834 1428 861 Chio
1458 834 1546 868 ipsum
1577 833 1696 868 spoliare

910 882 1057 910 meditatus
1079 885 1162 908 esset.
1191 881 1346 916 Imperator
1363 881 1505 910 castellum
1529 880 1694 915 ingreditur,

911 928 1091 955 Benedictum
1105 928 1139 955 de
1160 927 1250 954 olIicio
1268 927 1442 954 commendat
1460 936 1466 953 :
1484 926 1617 960 pauloque
1635 933 1696 961 post

910 975 1062 1002 exercitum
1089 974 1122 1001 ad
1149 973 1360 1009 oppugnandam
1388 974 1482 1001 urbem
1513 975 1633 1006 ordinat,
1664 981 1696 1000 ac

911 1020 1044 1055 dispertit.
1066 1019 1203 1047 Martinus
1216 1020 1272 1054 jam
1297 1027 1327 1046 se
1347 1019 1385 1046 illi
1400 1020 1531 1054 imparem
1550 1019 1696 1054 aspiciens,

910 1071 939 1094 et
960 1067 1065 1094 nullum
1090 1074 1104 1094 a
1129 1065 1206 1094 Chiis
1231 1065 1386 1092 subsidium
1414 1070 1597 1100 exspectans.
1624 1065 1696 1100 quod

911 1120 1005 1140 eorum
1022 1112 1131 1139 animos
1158 1119 1212 1138 non
1236 1111 1328 1139 minus
1344 1119 1358 1138 a
1381 1118 1411 1138 se
1435 1118 1556 1142 aversos,
1570 1119 1652 1145 quam
1669 1110 1697 1137 in

912 1159 1106 1193 imperatorem
1135 1165 1284 1184 conversos
1308 1157 1490 1191 eonjectabat,
1523 1165 1585 1184 cum
1614 1156 1697 1183 etiam

911 1205 1076 1232 Benedictus
1093 1203 1234 1231 deditione
1256 1203 1362 1230 castelli
1385 1203 1455 1230 facta
1480 1203 1563 1237 (quod
1586 1202 1697 1237 quidem

913 1258 991 1278 muro
1014 1249 1108 1277 valido
1128 1250 1250 1276 cinctum
1274 1255 1300 1276 et
1324 1249 1474 1281 lirmatum,
1499 1249 1617 1284 urbique
1634 1249 1700 1276 vici-

911 1305 990 1329 num.
1004 1304 1082 1331 mque
1098 1296 1226 1323 resistere
1244 1296 1374 1329 poterat).
1391 1296 1449 1330 ejus
1470 1295 1532 1322 lidei
1557 1299 1700 1329 potestati-

912 1351 966 1378 que
990 1350 1019 1370 se
1044 1342 1226 1377 permisisset,
1254 1342 1414 1369 medullitus
1440 1341 1633 1371 conturbatus,
1660 1341 1694 1367 de

913 1396 962 1423 spe
988 1397 1046 1423 qua
1066 1396 1094 1416 se
1109 1388 1199 1415 adhuc
1214 1387 1417 1417 consolabatur.
1435 1387 1546 1414 decidit.
1563 1386 1630 1413 Cum
1649 1385 1702 1412 Bo-

914 1435 987 1461 mani
1005 1435 1060 1469 jam
1077 1433 1153 1468 signa
1177 1433 1320 1464 vellerent,
1335 1440 1510 1467 pugnamque
1528 1432 1698 1463 ordirentur,

914 1479 1007 1508 missis
1023 1479 1120 1514 legatis
1134 1470 1274 1506 Martinus.
1292 1479 1399 1505 veniam
1421 1478 1540 1512 precari,
1555 1483 1583 1505 et
1603 1479 1699 1512 pactis.

915 1533 976 1560 qua:
994 1525 1076 1552 vellet
1092 1525 1244 1559 imperator
1261 1532 1290 1551 se
1307 1529 1443 1551 staturum
1461 1524 1633 1558 promittere.
1655 1523 1701 1550 llle

917 1571 1020 1606 legatos
1033 1570 1190 1605 repudiare,
1208 1577 1240 1596 ac
1254 1567 1358 1601 dicere,
1373 1572 1462 1595 stante
1475 1568 1529 1603 jam
1552 1569 1577 1594 in
1591 1569 1702 1602 procin-

917 1621 961 1644 ctn
977 1616 1078 1647 milite.
1096 1616 1285 1650 importunum
1300 1622 1361 1645 esse
1371 1614 1405 1642 de
1421 1615 1507 1649 pactis
1523 1621 1614 1649 agere,
1630 1614 1703 1642 inle-

916 1670 995 1698 grum
1011 1663 1035 1689 ei
1052 1663 1136 1689 luisse
1149 1666 1297 1696 antequam
1318 1661 1373 1688 huc
1387 1661 1474 1688 iretur
1486 1665 1513 1687 et
1532 1661 1640 1687 veniam
1659 1668 1704 1687 ro-

917 1715 991 1742 gare,
1008 1711 1035 1734 et
1050 1707 1083 1734 de
1102 1714 1167 1742 pace
1182 1715 1276 1734 secum
1288 1706 1449 1734 convenire.
1470 1706 1550 1732 Nunc
1567 1705 1657 1733 facere
1673 1713 1703 1733 se

917 1753 991 1787 quod
1018 1753 1129 1785 liberet,
1157 1753 1268 1787 quando
1295 1753 1354 1787 ipse
1378 1760 1426 1780 sua
1456 1752 1543 1779 fretus
1568 1752 1702 1785 potentia,

919 1802 1014 1825 contra
1040 1805 1068 1824 se
1087 1805 1164 1824 arma
1181 1805 1280 1832 capere
1305 1805 1361 1824 non
1384 1796 1548 1823 dubitasset.
1571 1796 1704 1823 Martinus

918 1843 993 1870 omni
1008 1845 1063 1879 jam
1081 1851 1129 1877 spe
1152 1843 1294 1877 deperdita
1312 1844 1412 1870 timens
1433 1850 1468 1868 ne
1485 1843 1597 1876 insuper
1622 1841 1704 1868 morti

918 1890 1084 1919 dederetur.
1108 1889 1176 1916 urbe
1198 1896 1335 1923 egressus,
1362 1896 1464 1922 seque,
1495 1889 1704 1921 exercitumque

919 1942 997 1961 suum
1020 1933 1179 1968 imperatori
1197 1932 1344 1959 transdidit
1359 1951 1366 1958 .
1389 1932 1448 1958 Chii
1468 1932 1606 1958 hominem
1631 1938 1705 1957 nunc

918 1982 951 2008 ad
975 1981 1075 2015 captivi
1096 1980 1234 2007 fortunam
1258 1980 1402 2007 redactum
1431 1983 1588 2010 cernentes,
1615 1978 1706 2004 insur-

919 2034 994 2062 gere,
1019 2031 1049 2054 ut
1064 2034 1127 2054 eum
1144 2032 1208 2053 ante
1230 2025 1325 2053 oculos
1340 2025 1516 2059 imperatoris
1539 2027 1703 2050 mactarent.

919 2073 954 2100 At
985 2081 1100 2107 magnus
1121 2073 1291 2100 domesticus
1314 2079 1344 2099 se
1367 2071 1496 2107 pessimis
1524 2070 1612 2098 modis
1642 2069 1706 2097 illos

919 2123 1098 2152 accepturum
1123 2118 1318 2149 comminatus,
1344 2117 1366 2145 si
1392 2116 1507 2151 quid'ei
1534 2116 1705 2148 nocuissent,

919 2166 1013 2192 vivum
1051 2165 1275 2199 incolumemque
1313 2163 1444 2191 servavit.
1476 2163 1630 2197 Imperator
1671 2161 1706 2188 de

91 2209 131 2234 νῦν
144 2210 170 2235 δὲ
196 2210 272 2241 ὅπως
293 2209 326 2236 ἂν
349 2208 423 2243 αὺτῴ
443 2208 509 2243 δοκῇ
533 2208 633 2236 ποιεῖν.
660 2206 723 2233 ἐπεὶ
745 2207 778 2241 τῇ
800 2213 862 2239 σφε-

920 2211 1039 2238 amentia
1061 2211 1247 2246 objurgatum,
1271 2209 1339 2237 nulli
1360 2209 1494 2244 supplicio
1511 2208 1636 2243 subjecit,
1658 2207 1706 2234 sed

89 2253 149 2289 τέρᾳ.
172 2253 313 2285 πεποιθὼς
334 2253 447 2289 δυνάμει
464 2253 534 2280 ὅπλα
560 2253 636 2287 αὑτῷ
659 2252 772 2286 ἁντῆρε.
790 2251 869 2278 Βασι-

89 2301 144 2332 λεὺς
165 2302 214 2336 μὲν
228 2299 277 2328 οὖν
289 2299 403 2326 τοιαῦτα
416 2297 478 2326 εἷπε
488 2307 496 2314 '
510 2300 648 2333 Μαρτῖνος
663 2298 691 2324 δὲ
708 2298 758 2333 ἥδη
777 2298 869 2324 πᾶσαν

91 2346 175 2373 ἐλπίδα
199 2346 405 2382 περιῃρημένος
427 2346 577 2379 σωτηρίας,
594 2344 686 2375 δείσας
712 2343 751 2378 μὴ
769 2343 816 2370 καὶ
839 2343 868 2369 τὺ

92 2391 135 2426 ζῇν
145 2392 322 2428 ἀφαιρεθείη.
342 2391 439 2417 ἑαυτὸν
460 2390 612 2426 ὲνεχείριεσε
632 2390 737 2425 βασιλεῖ
757 2389 805 2416 καὶ
820 2389 869 2423 τὴν

92 2439 210 2471 στρατιὰν
236 2439 288 2472 τῆς
317 2437 421 2468 πόλεως
450 2437 579 2469 ἐξελθών.
596 2437 628 2462 οι
644 2437 707 2462 Χῖοι
732 2436 760 2462 δὲ
786 2435 868 2462 αὐτὸν

90 2483 198 2516 ὁρῶντες
215 2485 266 2520 ἤδη
287 2484 354 2517 πρὸς
373 2483 547 2519 αἰχμαλώτου
572 2483 657 2518 τύχην
680 2483 867 2514 καταστάντα,

92 2527 216 2565 ὥρμησαν
238 2531 277 2562 ὡς
298 2531 345 2556 ἐπὶ
368 2529 414 2556 τοῦ
431 2528 565 2564 βασιλέως
588 2529 813 2560 ἀποκτενοῦντες.
840 2529 869 2554 'U

93 2575 171 2608 μέγας
183 2576 212 2603 δὲ
225 2575 389 2610 δομέστικος
405 2575 558 2611 ἀπειλήσας
569 2575 669 2606 αὐτοὺς
682 2575 716 2601 τὰ
726 2575 869 2601 δεινότατα

92 2618 222 2656 διαθήσειν
251 2622 279 2647 sl
303 2630 330 2648 τι
357 2621 548 2656 νεωτερίζοιεν
572 2621 636 2655 περὶ
658 2620 750 2652 αὑτὸν,
773 2620 881 2654 διπαθῆΔ

92 2663 230 2701 διετήρησε
250 2667 359 2694 κακῶν.
382 2667 515 2698 Βασιλεὺς
531 2667 560 2693 δὲ
580 2667 661 2693 αὐτὸν
688 2666 774 2693 πολλὰ
787 2675 871 2693 κατα-

95 2711 265 2747 μεμψάμενος
280 2713 330 2747 τῆς
344 2712 483 2745 ἀϐουλίας,
497 2712 573 2747 ὅμως
586 2712 616 2738 οὺ
641 2711 768 2746 διέθηκεν
787 2712 870 2738 αὑτὸν

94 2758 187 2788 κακὼς,
201 2759 272 2785 ἀλλὰ
291 2759 342 2794 τὴν
365 2759 414 2793 μὲν
430 2760 551 2793 γυναῖκα
573 2758 656 2785 αὑτοῦ
672 2758 801 2785 ἐκέλευσε
822 2757 870 2784 καὶ

95 2803 194 2836 παῖδας,
213 2805 252 2831 ἑτι
267 2805 294 2832 δὲ
317 2805 366 2832 καὶ
380 2805 577 2841 θεραπαινίδας
598 2805 660 2831 ὅσαι
680 2803 762 2841 ἦσαν,
785 2805 871 2836 αὑτὰς

97 2847 140 2880 μὲν
161 2851 394 2886 ἑπιφορτίσασθαι
415 2853 477 2879 ὅσον
500 2852 597 2879 ἅνῡσαι
620 2851 733 2879 δυνατὸν
757 2853 788 2878 ἐκ
817 2852 871 2878 τῶν

921 2265 1044 2288 uxorem.
1062 2257 1175 2290 liberos,
1191 2261 1219 2284 et
1234 2256 1350 2283 famulas
1364 2259 1500 2291 qnotquot
1517 2259 1596 2282 erant
1612 2254 1706 2281 tollere

917 2303 999 2337 jussit
1014 2307 1147 2336 quantum
1165 2302 1236 2329 ferre
1250 2301 1331 2336 232
1346 2307 1456 2336 possent
1473 2301 1507 2328 de
1525 2301 1598 2327 illius
1613 2300 1705 2331 rebus.

919 2348 1094 2382 pretiosaque
1120 2347 1312 2382 supellectile:
1329 2347 1446 2373 famulos
1476 2352 1568 2373 autem
1593 2346 1705 2377 toralia,

920 2398 1035 2428 tapetes,
1056 2401 1088 2421 ac
1110 2394 1214 2428 reliqua
1232 2393 1324 2420 omnia
1348 2393 1381 2419 ad
1407 2397 1568 2419 nocturnam
1585 2393 1706 2426 quietem

920 2439 1063 2474 requisita,
1088 2444 1114 2466 et
1140 2439 1209 2466 Citio
1233 2439 1398 2466 excedentes
1426 2438 1477 2467 ire.
1502 2434 1558 2472 quo
1581 2437 1707 2464 voluntas

920 2486 1044 2517 duceret,
1063 2484 1211 2512 Martinum
1236 2488 1326 2510 autem
1343 2484 1370 2510 in
1384 2483 1493 2509 vincula
1510 2482 1583 2509 duci.
1600 2482 1633 2508 Et
1649 2483 1707 2510 haec

920 2532 1031 2567 quidem
1059 2531 1112 2558 hoc
1135 2530 1216 2558 modo
1232 2535 1337 2565 patrata
1362 2533 1436 2562 sunt,
1454 2537 1485 2557 ac
1507 2529 1593 2556 ferme
1615 2530 1707 2556 omnia

921 2587 981 2613 quae
996 2578 1127 2605 Martinus
1141 2577 1270 2610 habebat,
1287 2576 1419 2603 ministrae
1444 2580 1472 2603 et
1484 2583 1553 2602 uxor
1570 2575 1596 2601 in
1609 2574 1707 2601 hume-

921 2631 967 2650 ros
992 2623 1098 2650 sablata
1124 2622 1296 2650 extulerunt.
1321 2621 1499 2655 Octingentos
1524 2625 1615 2647 autem
1634 2619 1706 2651 illos,

922 2669 968 2704 qui
981 2668 1070 2695 eidem
1088 2668 1253 2699 militabant,
1269 2668 1347 2695 venia
1359 2673 1386 2694 et
1402 2668 1564 2702 impunitate
1578 2666 1708 2701 dignatus

923 2719 983 2747 est;
1008 2714 1054 2741 tali
1083 2715 1194 2748 optione
1219 2714 1294 2745 data,
1322 2717 1352 2739 ut
1378 2713 1425 2747 qui
1453 2713 1564 2744 vellent,
1589 2720 1651 2740 cum
1678 2719 1708 2738 re

923 2760 1051 2788 familiari
1075 2768 1124 2787 sua
1140 2760 1228 2787 libere
1252 2759 1342 2786 insula
1360 2759 1564 2793 demigrarent;
1582 2758 1628 2793 qui
1651 2765 1709 2784 ma-

923 2814 989 2834 nere
1005 2806 1128 2839 mallent,
1139 2806 1173 2832 iis
1186 2813 1266 2832 nemo
1277 2809 1350 2832 esset
1361 2805 1502 2836 molestus,
1519 2809 1547 2831 el;
1563 2805 1709 2838 imperato-

924 2853 963 2880 ris
987 2852 1112 2879 militiam
1143 2849 1270 2878 mercede
1298 2850 1458 2878 tolerarent.
1483 2850 1582 2878 Paucis
1607 2849 1707 2876 Chium
