1922 3082
153 107 205 139 503

715 151 717 153 _
745 110 839 141 JOAN
846 111 908 141 NIS
927 113 970 140 (ΖΑ
976 111 1043 140 ΝΤΛ
1050 111 1188 141 CUZENI

1721 107 1775 141 50$

153 166 306 194 domestico
333 167 359 195 in
388 168 516 196 omnibus
542 168 662 196 libenter
686 161 936 204 obtemperaiuros.

1000 170 1114 204 ιαοαρὰν
1128 170 1174 195 καὶ
1188 169 1281 196 ἄδολον
1293 170 1387 204 τηρεῖν
1397 177 1404 185 ·
1419 168 1562 196 πείθεσθαι
1576 167 1604 195 δὲ
1618 169 1711 196 πάντα
1725 170 1775 197 καὶ

151 211 200 240 Sic
218 212 375 249 iuramenta
397 214 633 249 concipiebantur,
655 215 847 250 dabanturque
863 215 938 242 ordi—

153 267 189 286 ne
213 259 247 286 ab
275 259 414 287 omnibus.
434 259 493 294 Ipse
511 268 593 296 porro
609 261 636 287 in
660 261 781 296 regunda
795 260 936 296 republica

153 305 227 340 quod
252 305 386 340 optimum
405 306 558 341 judi‘cabat,
579 306 606 334 id
630 307 798 341 sequebatur
819 314 826 333 :
848 311 876 333 et
891 314 937 333 ur-

154 351 231 378 bium
248 350 426 386 pmlecturas
440 352 597 386 mandabat,
612 353 714 388 quibus
726 352 897 384 mandandis,
910 356 938 379 et

154 398 307 430 auferebat,
337 397 440 432 quibus
466 397 623 426 auferenda
647 398 821 426 videbamur.
850 398 938 431 Quot-

153 449 220 478 quot
232 451 299 470 vero
313 443 500 472 Romanorum
515 449 580 472 tunc
591 444 773 481 Didymoticbi
790 445 936 480 degebant.

153 498 208 517 non
233 490 406 524 optimatium
426 491 518 523 modo,
539 499 634 519 verum
658 492 740 519 etiam
764 491 798 518 dc
820 491 939 519 ducibus

153 535 303 568 exercitus,
320 535 354 562 ad
372 536 449 562 illum
468 536 631 563 accedentes
651 537 786 571 urgebant
799 537 831 563 atl
856 544 938 563 usur-

154 581 243 616 panda
260 581 377 617 insignia
396 583 583 617 imperatoria,
601 588 766 616 asserentes,
786 587 814 610 et
827 583 891 611 aliis
906 583 940 610 de

155 626 247 655 causis
273 628 300 655 id
324 629 428 664 justum
454 636 525 661 esse,
543 634 570 656 ct
597 629 660 663 quia
676 629 827 664 imperator
843 629 879 656 ita
893 629 941 656 de-

155 673 298 701 crevisset.
331 674 476 702 Bennebat
502 675 680 708 domesticus,
705 675 878 710 petebatque,
907 683 942 702 ne

157 720 327 754 postulantes
350 728 411 755 qua:
445 720 504 755 ipse
533 721 621 748 facere
648 721 810 756 neutiquam
838 726 942 756 posset,

157 765 310 792 molestiam
327 765 379 793 sibi
394 766 566 794 exhiberent.
592 766 793 795 Constantinus
816 767 942 801 despota,

157 817 237 842 quem
251 818 308 837 non
323 811 402 845 longe
422 818 436 837 a
458 811 594 846 principio
615 812 698 847 hujus
719 811 841 839 historia:
856 811 942 839 Thes-

157 856 277 883 salonica
295 856 322 883 in
341 857 472 891 vinculis,
489 858 563 885 cuitu
591 858 717 886 monachi
739 858 899 890 adductum,
914 863 943 885 et

157 902 300 929 Callistum
338 903 505 938 appellatum
544 904 813 936 demonstravimus,
853 905 943 932 adhuc

158 947 342 983 Didymotichi
375 949 401 976 in
432 956 542 978 carcere
581 950 762 978 attinebatur.
801 951 944 978 Timentes

159 993 242 1028 igitur
263 993 310 1028 qui
333 993 448 1022 aderant
471 995 606 1031 primores
641 1000 669 1023 et
699 995 841 1030 principes
867 1003 944 1022 exer-

158 1039 240 1072 citus,
280 1047 316 1068 ne
341 1039 508 1075 imperatore
542 1041 685 1075 defuncto,
714 1041 829 1077 despota
853 1049 869 1069 e
896 1049 945 1068 cu-

158 1085 248 1113 stodia
277 1086 388 1121 elapsus
422 1086 491 1121 (86),
517 1095 614 1114 novam
647 1088 720 1116 inter
747 1087 885 1116 Romanos
901 1094 945 1115 se-

159 1132 294 1160 ditionem
319 1133 482 1165 concitaret,
515 1134 645 1169 civilique
669 1134 742 1162 bello
771 1139 832 1161 salo
859 1134 946 1169 impe-

159 1181 231 1207 rium
258 1179 312 1209 sibi
334 1180 494 1213 asciscerct,
521 1185 550 1208 et
575 1181 773 1216 rempublicam
805 1182 944 1216 perderet,

160 1225 241 1262 2&3
265 1232 392 1260 magnum
424 1225 604 1253 domesticum
628 1226 761 1255 adeuntes
790 1231 947 1263 precantur,

163 1274 202 1301 uti
230 1273 370 1300 hominem
394 1281 409 1300 e
438 1273 530 1301 medio
564 1273 660 1301 tollat:
676 1274 702 1302 id
720 1275 793 1302 enim
809 1275 946 1302 communi

164 1319 351 1353 maximopere
377 1318 562 1353 profuturum.
584 1320 622 1347 Illi
639 1328 683 1348 ris
700 1320 779 1355 plena
792 1320 949 1347 inhumani-

161 1364 226 1392 tntis
246 1368 273 1392 et
287 1364 457 1392 crudelitatis
473 1365 530 1392 vi§a
543 1374 552 1398 ;
565 1365 646 1401 idque
669 1366 758 1401 ipsutn
775 1366 820 1395 alii
840 1371 871 1393 ut
886 1374 948 1393 cre-

162 1412 268 1444 derent,
299 1410 431 1446 perficere
457 1411 606 1444 nitebatur,
634 1417 791 1446 autumans,
808 1420 947 1448 nunquam

163 1466 192 1486 se
206 1458 390 1493 cogitaturum
415 1458 510 1491 fuisse,
528 1466 574 1486 eos
590 1459 617 1486 in
635 1459 777 1495 despotam
792 1459 948 1488 istiusmodi

991 216 1102 250 μεγάλῳ
1123 215 1295 249 δομεστίκῳ,
1317 214 1364 241 καὶ
1385 214 1419 241 τὰ
1442 214 1608 249 κελευόμενα
1630 214 1676 241 ὑπ’
1690 213 1775 241 αὐτοῦ

991 261 1073 295 μηδὲν
1091 260 1283 294 ἀντιλέγοντας
1303 261 1402 287 ποιεῖν.
1421 260 1501 287 Οὕτω
1523 260 1574 296 μὲν
1589 258 1638 287 οὖν
1653 260 1778 294 ἐγίνοντο

988 307 1012 332 οἱ
1034 307 1127 342 ὅρκοι,
1149 307 1258 333 πάντων
1278 306 1436 340 ὀμνυόντων
1457 306 1566 341 ἑφεξῆς.
1586 306 1672 337 Αὐτὸς
1693 306 1723 332 δὲ
1744 305 1779 332 τὰ

989 353 1139 388 πράγματα
1159 352 1253 387 διῴκει
1305 351 1379 386 αὐτῷ
1397 351 1497 386 ἄριστα
1515 352 1604 378 ιδόκει
1620 344 1779 386 sxum-vui.

988 399 1037 430 τὰς
1049 399 1136 434 ἀρχὰς
1148 399 1283 434 ἐπέτρεπε
1294 399 1349 425 τῶν
1362 398 1466 424 πόλεων
1477 395 1518 429 οἷς
1530 398 1621 433 ἔκρινε
1641 397 1708 431 δεῖν,
1721 397 1778 423 τῶν

987 443 1015 470 δὲ
1037 443 1181 479 ἀφῃρεῖτο.
1199 444 1278 470 Ὅσοι
1311 443 1339 470 δὲ
1360 443 1504 477 Ῥωμαίων
1525 444 1564 474 είς
1585 443 1781 477 Διδυμότειχον

988 490 1084 524 ἔτυχον
1095 490 1156 516 τότε
1171 490 1316 524 παρόντες,
1330 489 1361 516 οὐ
1374 489 1422 524 τῆς
1438 489 1592 524 συγκλήτου
1607 489 1698 524 μόνον,
1711 488 1780 515 ἀλλὰ

990 536 1038 563 καὶ
1053 537 1100 571 τῆς
1118 538 1248 571 στρατιᾶς
1258 555 1266 568 ,
1281 536 1326 562 τὸν
1343 535 1431 570 μέγαν
1445 535 1607 570 δομέστικον
1621 535 1781 569 ἠνάγκαζον

992 582 1168 613 συνελθόντες
1180 583 1213 608 τὰ
1227 581 1356 616 βασιλικὰ
1369 581 1494 614 σύμϐολα
1506 580 1687 616 περιθέσθαι·
1702 581 1736 606 τά
1749 588 1780 606 τε

991 629 1059 657 ἄλλα
1077 628 1281 664 ἰσχυριζόμενοι
1296 628 1401 654 δίκαιον
1415 625 1498 659 εἶναι,
1513 627 1561 654 καὶ
1578 627 1618 653 ὅτι
1634 626 1708 652 οὓτω
1722 626 1781 652 δια-

991 674 1103 708 τάξαιτο
1121 674 1259 709 βασιλεύς.
1276 673 1307 700 '0
1324 673 1357 700 δι’
1371 672 1480 699 ἀνένευε
1495 680 1536 705 τε,
1551 671 1598 698 καὶ
1614 671 1722 697 ἐκέλευε
1742 670 1782 704 μὴ

992 721 1172 755 παρενοχλεῖν
1191 721 1229 751 ὡς
1251 719 1371 746 ἀδύνατα
1390 718 1508 750 ἀξιοῦσι.
1527 717 1734 747 Κωντταντῖνος
1754 715 1784 743 δὲ

993 767 1008 793 ὁ
1026 767 1180 801 δεσπότης,
1198 765 1228 792 δν
1244 766 1274 792 ὲν
1290 765 1386 800 ἀρχαῖς
1403 764 1453 798 τῆς
1473 763 1594 799 ἱστορίας
1614 763 1732 798 μάλιστα
1750 764 1783 787 ὲκ

994 812 1194 847 Θεσσαλονίκης
1208 812 1316 846 ἔφημεν
1331 810 1449 846 ἀχθῆναι
1464 809 1607 844 δεσμώτην
1617 828 1625 840 ,
1642 806 1736 843 σχῆμά
1753 815 1785 832 τε

994 860 1183 895 ἠμφιεσμένον
1197 857 1334 893 μοναχῶν,
1348 858 1396 884 καὶ
1411 857 1562 884 Κάλλιστον
1574 855 1785 891 ὠνομασμένον,

994 907 1033 933 ἐτι
1052 907 1101 942 μὲν
1113 908 1142 932 ὲν
1155 905 1336 940 δεσμωτηρίῳ
1350 906 1422 931 κατᾶ
1435 904 1464 931 τι
1479 904 1672 937 Διδυμότειχον
1684 903 1786 936 ἐφρου-

997 953 1078 988 ρεῖτο.
1098 953 1243 983 Δείσαντες
1263 951 1291 978 δλ
1312 951 1338 978 οι
1361 951 1493 986 παρόντες
1513 949 1568 976 τῶν
1590 947 1786 982 συγκλητικῶν

996 999 1042 1026 xxi
1057 998 1108 1033 τῆς
1127 998 1255 1032 στρατιᾶς
1276 997 1312 1032 μὴ
1328 996 1376 1024 τοῦ
1394 996 1525 1031 βασιλέως
1540 995 1754 1029 τελευτήςαντος
1772 994 1788 1019 ὁ

996 1046 1128 1080 δεσπότης
1149 1043 1197 1071 τοῦ
1219 1043 1410 1079 δεσμωτηρίου
1433 1043 1564 1078 διαδρὰς,
1587 1042 1681 1068 στάσιν
1703 1041 1787 1068 πάλιν

996 1093 1053 1123 τοῖς
1065 1090 1213 1125 Ῥωμαίοις
1227 1090 1334 1124 ἑγερεϊ,
1348 1089 1395 1116 καὶ
1410 1088 1444 1116 τὰ
1458 1088 1612 1123 πράγματα
1625 1085 1790 1121 διαφθερεῖ,

997 1139 1118 1172 πόλεμον
1131 1136 1263 1171 ἐμφύλιον
1277 1136 1403 1171 κινήσας,
1417 1135 1468 1170 τὴν
1482 1134 1621 1170 βασιλείαν
1634 1132 1724 1167 ἑαυτῷ
1738 1140 1790 1158 πε-

1000 1183 1208 1219 ριποιούμενος,
1225 1183 1295 1218 πρὸς
1312 1182 1357 1208 τὸν
1375 1181 1466 1216 μέγαν
1481 1181 1645 1215 δομὲστικον
1661 1179 1789 1208 ἐλθόντες

999 1231 1103 1258 ἐδέοντο
1117 1230 1199 1256 αὐτὸν
1212 1227 1407 1256 ἀποκτιννύναι
1422 1227 1511 1263 (τοῦτο
1525 1226 1580 1261 γὰρ
1597 1226 1716 1260 μάλιστα
1729 1226 1790 1255 τοῖς

999 1277 1145 1311 πράγμασι
1161 1274 1332 1310 λυσιτελεῖν).
1351 1274 1381 1301 '0
1401 1274 1486 1308 μέγας
1501 1272 1529 1299 δὲ
1544 1272 1717 1306 δομέστικος,
1731 1270 1789 1296 διι-

999 1322 1051 1353 νῶς
1066 1330 1095 1348 τε
1110 1321 1294 1356 ἀπάνθρωπον
1309 1320 1378 1356 ᾣετο
1393 1320 1422 1346 τὸ
1438 1320 1555 1354 πρᾶγμα
1571 1317 1618 1344 καὶ
1632 1317 1723 1351 ὠμὸν,
1740 1316 1790 1341 καὶ

999 1369 1061 1400 τοὺς
1077 1367 1175 1398 ἄλλους
1192 1367 1331 1402 ἐπεχείρει
1348 1366 1464 1398 πείθειν,
1481 1365 1616 1400 μηδέποτε
1632 1363 1720 1397 λέγων
1736 1370 1791 1387 πα-

1002 1415 1133 1451 ραστῆναι
1150 1413 1183 1440 ἂν
1199 1413 1274 1448 αὺτῷ
1291 1412 1357 1447 περὶ
1374 1411 1594 1438 αὺτῶν“τοιαῦτα
1611 1411 1657 1436 καὶ
1677 1408 1790 1444 βουλεύ-

1002 1460 1100 1487 σασθαι
1114 1461 1162 1486 καὶ
1175 1460 1264 1485 εἰπεῖν
1276 1459 1342 1493 περὶ
1357 1457 1498 1484 δεσπότου.
1513 1457 1544 1482 Et
1558 1456 1613 1491 γὰρ
1628 1457 1666 1490 μὴ
1679 1455 1727 1481 καὶ
1742 1453 1793 1487 ἀφ’

163 1512 280 1533 ausuros
300 1505 427 1532 meditari
446 1512 477 1532 ac
494 1505 628 1540 proloqui.
646 1506 714 1533 Nam
733 1507 756 1534 si
774 1506 825 1540 ipsi
843 1514 892 1541 per
907 1514 947 1540 se,

1002 1506 1107 1534 ἑαυτῶν
1124 1506 1203 1532 αὐτοὶ
1219 1507 1339 1532 συνεῖναι
1357 1505 1390 1531 τὰ
1400 1504 1500 1533 ,δέοντα
1515 1501 1584 1538 ἦσαν
1603 1502 1702 1532 ἱκανοὶ,
1719 1500 1791 1527 ἀλλὰ

163 1551 230 1586 quid
253 1550 335 1578 ofﬁcii
358 1551 428 1578 ratio
446 1550 577 1586 exigeret,
594 1551 687 1579 videre
701 1559 756 1579 non
772 1556 885 1586 possent
900 1560 908 1585 ;
921 1557 950 1579 at

164 1598 332 1633 imperatore
357 1597 469 1625 licuisse
491 1605 540 1632 pro
565 1597 696 1633 magistro
718 1598 769 1631 uti,
789 1599 836 1633 qui
863 1606 951 1633 usque

167 1650 241 1670 nunc
257 1643 337 1670 tactis
353 1650 401 1669 eos
414 1642 564 1674 docuisset.
582 1642 637 1670 Deo
653 1651 681 1671 se
695 1643 791 1675 ﬁdere.
805 1645 851 1678 qui
867 1645 951 1672 etiam

165 1689 200 1716 de
213 1692 312 1716 caetero
327 1687 483 1721 adfuturus,
498 1693 526 1715 et
536 1688 563 1715 in
581 1688 762 1725 longinquum
781 1694 890 1725 tempus
904 1698 953 1718 eos

164 1735 297 1762 docturus
311 1737 393 1768 esset,
411 1742 445 1761 ne
476 1735 539 1763 saevi
559 1740 587 1762 et
604 1735 638 1762 ad
660 1735 767 1764 civilem
780 1736 952 1771 potissimum

165 1780 328 1815 saitguinem
356 1779 527 1807 fundendum
542 1781 678 1815 proclives
693 1781 757 1808 sint.
772 1781 860 1816 Quem
878 1783 952 1811 enim

165 1831 255 1855 morte
274 1825 434 1853 damnasset
460 1827 621 1862 imperator,
638 1828 764 1863 quamvis
779 1829 833 1856 non
851 1836 953 1864 paucos

165 1873 218 1901 sibi
236 1872 392 1907 insidiatos,
409 1876 437 1900 et
447 1876 552 1900 tantum
569 1881 623 1901 non
644 1881 693 1901 sua
705 1881 787 1902 manu
797 1882 860 1903 eum
875 1876 955 1911 jugu-

165 1920 223 1947 lare
249 1919 390 1954 cupientes
418 1919 573 1947 invenerit?
600 1920 692 1953 Quare
722 1921 744 1948 si
778 1921 837 1957 ipse
857 1929 906 1957 pro
925 1930 954 1950 se

166 1967 227 2001 ipso
242 1971 316 1994 tanta
339 1971 381 1994 est
407 1973 472 1994 usus
496 1966 679 2001 humanitate,
707 1968 809 2003 inquit,
835 1977 886 1996 nec
907 1977 956 1997 nos

165 2021 275 2048 tequum
299 2017 343 2040 est
367 2012 394 2039 in
424 2017 517 2040 nostra
543 2014 666 2048 ipsorum
695 2021 777 2041 causa
800 2014 955 2042 belluarum

168 2059 366 2086 immanitatem
387 2065 532 2093 superasse
549 2058 713 2092 existimari,
730 2059 778 2087 sed
795 2060 838 2087 his
851 2062 956 2095 cogita-

170 2103 291 2132 tionibus
316 2103 460 2138 depositis,
482 2104 653 2131 mansuetius
675 2111 708 2131 ac
737 2105 904 2133 moderatius
928 2107 956 2138 in

169 2151 244 2177 illum
276 2149 430 2177 consulere.
459 2147 529 2176 Tum
544 2148 675 2182 Romani,
688 2149 760 2178 haud
778 2158 808 2179 se
833 2152 957 2181 volentes

169 2196 342 2224 imminentia
357 2196 427 2222 beHa
442 2195 544 2229 civilia,
560 2196 722 2230 seditiones,
741 2205 887 2234 rerumque
898 2207 957 2227 om-

169 2245 246 2270 nium
270 2242 491 2278 perturbationes
514 2250 660 2278 passuros;
676 2251 756 2272 nosse
775 2245 859 2278 enim,
874 2253 956 2280 quam

169 2289 257 2316 diram
278 2289 382 2317 cladem
405 2293 542 2324 patratum
571 2289 642 2317 inter
659 2290 838 2326 imperatores
854 2291 956 2322 bellum

1001 1553 1040 1588 τῷ
1054 1561 1085 1587 γε
1101 1552 1208 1588 βασιλεῖ
1223 1552 1287 1587 ἐξῆν
1301 1551 1420 1586 χρῆσθαι
1435 1549 1590 1582 διδασκάλῳ
1606 1549 1697 1578 αὐτοῖς
1715 1547 1789 1581 πρά-

1001 1608 1087 1636 γμασι
1106 1598 1261 1626 παιδεύοντι
1278 1598 1343 1633 ἄχρι
1360 1597 1418 1628 νῦν,
1436 1596 1495 1630 Θεῷ
1511 1595 1539 1621 δὲ
1556 1595 1669 1631 θαρρεῖν
1685 1594 1722 1625 ὡς
1741 1593 1792 1619 καὶ

1001 1647 1041 1678 είς
1057 1640 1168 1673 rei;me
1186 1645 1358 1680 συνεσομένῳ
1378 1644 1424 1670 καὶ
1445 1642 1618 1670 παιδεύσοντι
1638 1639 1792 1676 ἄχρι-πολ-

1001 1693 1059 1726 λοῦ,
1077 1693 1115 1727 μὴ
1131 1692 1224 1726 ὠμοὺς
1240 1690 1308 1726 μηδὲ
1323 1690 1450 1725 φονικοὺς
1464 1687 1544 1720 εἶναι,
1558 1689 1604 1715 καὶ
1618 1688 1707 1714 ταῦτα
1722 1686 1792 1720 πρὸς

1002 1738 1166 1774 ὁμοφύλους.
1179 1737 1258 1769 Τίνος
1272 1736 1326 1772 γὰρ
1339 1735 1546 1770 κατεψηφίσατο
1558 1734 1673 1761 Θάνατον
1686 1733 1700 1758 ὁ
1715 1732 1793 1767 βασι-

1002 1786 1076 1818 λεὺς,
1096 1785 1143 1812 καὶ
1159 1785 1247 1811 ταῦτα
1268 1784 1318 1810 οὐκ
1339 1782 1448 1817 ὀλίγους
1470 1781 1544 1814 αὺτῷ
1565 1779 1793 1809 ἐπιϐουλεύοντας

1003 1831 1107 1867 εὑρὼν,
1123 1831 1171 1858 καὶ
1187 1830 1349 1864 αὐτόχειρας
1366 1828 1525 1864 μονονουχι;
1541 1828 1565 1854 εἰ
1580 1826 1608 1853 δὲ
1623 1825 1704 1856 αὐτὸς
1721 1823 1793 1857 ὑπὲρ

1005 1878 1102 1905 ἑαυτοῦ
1123 1877 1244 1911 τοσαύτῃ
1264 1876 1401 1911 ἐχρήσατο
1421 1873 1628 1908 φιλανθρωπίᾳ,
1651 1871 1705 1897 οὐδ’
1718 1870 1794 1906 ἡμᾶς

1006 1924 1074 1959 ὑπὲρ
1095 1923 1178 1950 αὐτοῦ
1198 1923 1301 1949 δίκαιον
1323 1921 1426 1956 θηρίων
1446 1919 1634 1955 ἀγριωτέρους
1656 1917 1792 1952 ὀφθῆναι,

1005 1970 1063 1998 ἀλλ’
1072 1969 1243 2000 ἀποστάντας
1253 1967 1308 1994 τῶν
1317 1966 1446 1993 τοιούτων
1458 1964 1597 1999 λογισμῶν
1607 1983 1615 1995 ,
1626 1962 1793 1998 ἡμερώτερα

1006 2016 1055 2043 καὶ
1071 2014 1242 2051 μετριώτερα
1259 2012 1458 2048 βουλεύσασθαι
1474 2011 1538 2047 περὶ
1553 2011 1577 2037 τ’
1588 2010 1744 2044 ἀνθρώπου.
1761 2008 1793 2034 Οἱ

1007 2062 1030 2090 δ’
1041 2062 1145 2098 ἔφασαν
1159 2061 1188 2087 οὐ
1204 2059 1382 2096 περιόψεσθαι
1396 2059 1507 2088 ἑκόντες
1521 2055 1590 2084 εἴναι
1604 2056 1643 2088 είς
1658 2055 1794 2089 πολέμους

1007 2108 1156 2144 ἐμφυλίους
1177 2107 1224 2134 καὶ
1247 2107 1357 2137 στάσεις
1377 2105 1425 2132 καὶ
1445 2104 1567 2140 ταραχὰς
1585 2103 1620 2129 τὰ
1642 2102 1794 2137 πράγματα

1008 2156 1169 2190 χωρήσοντα
1183 2153 1340 2188 Ῥωμαίοις.
1353 2152 1436 2179 Αὐτοὶ
1450 2151 1505 2186 γὰρ
1520 2150 1622 2177 εἰδέναι
1635 2149 1721 2175 ὁπόσα
1734 2147 1794 2173 ἐλυ-

1011 2202 1115 2236 μήνατο
1129 2201 1186 2232 τοῖς
1200 2194 1362 2235 πράγμασιν
1376 2200 1391 2226 ὁ
1407 2199 1462 2226 τῶν
1479 2197 1611 2233 βασιλέων
1625 2195 1695 2230 πρὸς
1710 2194 1794 2228 ἀλλή-

1009 2248 1072 2279 λους
1095 2247 1225 2282 πόλεμος.
1246 2247 1294 2274 Διὺ
1316 2246 1434 2281 μάλιστα
1458 2245 1507 2280 μὲν
1530 2243 1612 2271 αὑτοῦ
1633 2241 1738 2269 δεῖσθαι
1759 2240 1793 2266 τὰ

978 2326 981 2327 ν
1010 2293 1187 2329 ὺφορμοῦντα
1212 2292 1286 2323 κακὰ
1312 2292 1433 2319 ἐκποδὼν
1460 2292 1567 2318 ποιεῖν·
1594 2290 1641 2317 καὶ⁵
1669 2289 1705 2324 μὴ
1731 2287 1794 2318 τοὺς

799 2349 907 2380 Jacobi
926 2351 1058 2383 Pontani
1076 2355 1169 2382 noue.

208 2411 264 2446 (8m
281 2411 414 2445 Grcgoras
429 2421 435 2438 :
452 2411 643 2439 Constantinus
662 2412 769 2446 despota
786 2419 844 2438 cum
857 2412 958 2439 ca'teris

171 2446 282 2474 vinculis
293 2447 405 2478 solutus,
418 2451 446 2472 ut
458 2446 574 2472 diximus
583 2446 721 2481 ficaptivos
731 2446 848 2481 iussisse
859 2446 959 2473 dimitti

172 2483 366 2519 imperatorem
385 2489 465 2519 supra
483 2481 562 2519 disit,
576 2480 788 2519 constantinum
804 2481 959 2519 despotam,

171 2515 300 2550 magnum
322 2515 488 2551 logothetam
514 2515 692 2548 Metocbiten,
719 2523 815 2544 omnes
842 2515 962 2551 denique

172 2555 268 2578 eodem
285 2552 401 2578 crimine
419 2551 585 2583 dantnatos),
600 2559 658 2577 cum
671 2551 779 2585 paulum
791 2559 817 2578 se
835 2553 963 2579 oxtendis~

171 2591 219 2619 set,
237 2595 329 2613 rursus
345 2587 372 2612 in
390 2586 514 2612 obscuras
538 2585 655 2612 latebras
677 2591 754 2612 noctu
772 2594 788 2612 α
810 2587 962 2618 proceribus

172 2621 266 2649 aulicis
286 2626 323 2649 est
344 2621 456 2648 abditus.
477 2620 554 2647 Veriti
577 2621 656 2653 enim,
676 2628 708 2646 ne
724 2621 883 2655 imperatore
908 2622 954 2649 de-

173 2660 263 2692 functo
280 2657 356 2692 turba
373 2658 403 2692 in
412 2655 513 2690 ‘populo
529 2656 653 2692 oriretur,
678 2663 737 2682 cum
762 2656 792 2682 ob
813 2656 878 2688 alia,
904 2661 961 2684 tum

173 2689 282 2728 propter
310 2691 340 2718 C.
368 2690 549 2728 littera_nt_.__et
579 2689 642 2716 olim
661 2692 817 2728 temere__de
849 2693 896 2718 illo
914 2692 960 2726 ja-

173 2725 275 2754 ctaium
290 2734 422 2753 rumorem
440 2726 477 2752 sic
491 2725 568 2752 illum
584 2729 744 2752 tractarunt.
756 2725 876 2761 i'ulgaris
890 2725 959 2753 enim

173 2764 248 2797 [urna
263 2766 330 2794 erat,
344 2761 486 2797 imperium
504 2767 587 2787 vetere
606 2762 766 2797 imp_erqtore
781 2761 915 2795 defuncto,
936 2763 959 2788 ei

173 2794 228 2826 isse
242 2794 414 2828 destinatum,
432 2796 508 2830 cujus
530 2804 624 2822 nomen
645 2794 676 2821 C.
695 2795 783 2822 littera
809 2797 956 2823 inchoaret.

180 2832 252 2863 Unde
268 2840 326 2859 cum
340 2836 364 2859 et
376 2832 436 2867 ipse
455 2832 643 2862 Constantinus
661 2830 799 2865 diceretur,
822 2836 955 2869 suspectus

1010 2417 1076 2440 erat.
1089 2412 1182 2448 Pergit
1193 2410 1303 2448 deinde,
1318 2418 1350 2448 ac
1363 2411 1453 2448 docet,
1467 2417 1522 2446 quo
1538 2413 1619 2448 pacto
1633 2408 1714 2448 iidem
1731 2415 1792 2448 pro.

1009 2455 1086 2475 ceres
1111 2445 1249 2475 seniorem
1281 2447 1470 2474 Andronicum
1493 2445 1568 2482 _male
1592 2445 1790 2482 multaverint:

1009 2490 1070 2519 quae
1086 2486 1181 2519 tamen
1197 2485 1367 2519 cum_nostra
1396 2480 1555 2519 narratiOne
1571 2480 1792 2519 pugnantnnira-

1010 2515 1112 2545 biliter.
1129 2517 1182 2545 Sed
1197 2525 1245 2544 cur
1259 2517 1393 2549 Grcgoras
1404 2516 1568 2550 singularem
1594 2515 1789 2550 humanitatem

1012 2558 1038 2579 et
1054 2552 1229 2580 clementiam
1252 2552 1342 2586 magni
1363 2550 1508 2578 domestici
1531 2550 1559 2586 in
1582 2549 1791 2586 constantinum

1012 2589 1094 2624 istum
1105 2584 1364 2624 praetermittitfqui
1375 2585 1594 2624 nullisprecibus
1609 2584 1681 2624 [lecti
1693 2585 1792 2623 potest,

1009 2629 1038 2649 ut
1052 2623 1076 2649 ei
1089 2619 1185 2649 oculos
1196 2626 1284 2654 eruat,
1300 2619 1334 2649 ne
1349 2621 1412 2648 dum
1430 2619 1647 2654 ut’illumf(quod
1659 2619 1685 2645 in
1698 2619 1793 2653 primis

1011 2658 1141 2684 volebant
1154 2658 1293 2692 proceres)
1310 2657 1439 2684 occidat?
1455 2656 1548 2683 nescio
1561 2663 1622 2690 quae
1637 2654 1792 2692 malignitas

1011 2692 1132 2720 hominis
1154 2690 1183 2728 se
1198 2692 1291 2727 prodit
1312 2699 1466 2728 Vnonraro;
1487 2699 1548 2728 nam
1570 2695 1600 2717 ut
1615 2690 1792 2728 inultahigno-

1009 2728 1086 2760 rarit,
1108 2727 1181 2762 quod
1199 2725 1351 2762 aliquoties
1371 2727 1427 2761 jam
1451 2726 1586 2758 diximus;
1604 2730 1658 2751 tam
1676 2725 1792 2751 illustria

1007 2763 1054 2797 qui
1073 2761 1181 2816 tandem
1197 2762 1222 2790 ci
1239 2761 1362 2791 inaudita
1390 2766 1417 2790 et
1434 2761 1604 2798 incomperta
1623 2767 1682 2788 esse
1697 2764 1793 2800 potutr

1008 2804 1069 2816 l'llnl

1008 2804 1092 2826 l'lllll?
1583 2817 1595 2822 -
