1922 3082
111 135 184 167 509

720 134 992 166 iIlSTURIAllUM
1012 134 1126 166 LIBER
1148 135 1188 166 11.

1704 132 1758 166 510

110 201 189 219 τείν
206 194 269 228 περὶ
287 194 386 221 ἑαυτοῦ
400 203 406 210 ·
425 197 438 221 ὁ
455 195 481 221 δὲ
496 194 626 228 ἀκούσας,
642 194 736 226 ἔνθους
751 203 780 220 τε
808 194 910 228 ἰγένετι

970 199 1081 220 causam
1102 193 1287 221 accersendus
1309 193 1345 220 sit
1361 193 1468 228 qua-rit,
1490 199 1543 227 qua
1564 191 1756 225 intellecta,se

111 237 175 272 ὑφ’
207 239 311 273 ἡδονῆς,
333 240 379 266 καὶ
403 239 441 270 ὡς
458 240 507 274 ἤδη
534 240 648 274 λαμπρά
665 249 724 266 τινα
744 238 914 274 εὐτυχηκὼς.

110 284 174 311 τὸν
196 285 282 320 μέγαν
291 285 453 319 δομέστικον
474 286 660 321 μετεκαλεττο,
681 287 729 313 καὶ
746 286 814 321 μετὰ
830 294 914 312 σπου-

109 330 177 365 δῆς
214 332 323 358 ἐκέλευε
351 332 457 366 πατέρα
483 333 529 358 τὸν
547 332 734 367 πνευματικὸν
763 332 855 359 καλεῖν
870 331 916 358 τὸν

111 377 230 404 ἑαυτοῦ
243 386 250 393 ·
264 378 279 404 ὁ
295 377 323 404 δὲ
350 378 405 404 τῶν
417 378 610 412 γεγενημένων
625 378 703 409 εἰδὼς
719 377 813 413 μηδὲν,
834 379 916 404 ἐπυν-

112 423 228 450 οάνετο
243 424 294 460 τὴν
310 424 403 451 αἰτίαν
437 426 487 459 τῆς
509 425 631 459 κλήσεως
651 425 712 460 ἥτις
737 421 803 459 εἴη’
816 425 876 450 ἐπεὶ
886 424 916 450 δὲ

115 471 237 504 μάθοι,
264 471 372 506 βασιλεῖ
403 471 453 505 μὲν
489 471 646 506 ὑπισχνεῖτο
679 471 714 497 τὰ
747 472 917 506 κελευόμενα

114 519 217 544 ποιεῖν
229 525 235 532 ·
253 517 309 548 τοῖς
330 517 433 551 ίατροξς
448 516 475 543 δὲ
501 517 619 551 ἐπετίμα
632 526 661 543 τε
675 518 705 544 οὐ
723 518 853 552 μετρίως,
868 518 916 544 καὶ

113 565 209 595 αὐτος
227 565 341 600 ἤνεγκεν
358 565 408 591 οὐκ
424 565 556 596 ἀνεκτῶς.
572 565 740 600 Τριῦομένης
756 564 785 590 δὲ
800 564 915 590 ἐπιπολῦ

96 613 175 646 έτῆς
191 611 266 645 ὥρας
284 611 331 637 καὶ
348 611 395 637 τοῦ
412 612 599 645 πνευματικοῦ
624 612 729 644 πατρὸς
743 611 773 637 οὑ
791 619 827 637 πα
835 618 915 646 ρατι-

100 657 256 691 ἴνομὲνου,
276 658 357 690 αὑτός
380 667 410 684 τε
425 658 577 684 ἒπέσπευδε
595 658 645 692 τὴν
660 657 764 692 ἄφιξιν,
790 659 838 684 καὶ
851 658 915 687 τοὺς

115 702 242 736 ἰατροὺς
259 702 310 737 τὴν
323 702 415 728 αἰτίαν
427 704 476 736 τῆς
492 702 648 737 μελλήσεως
662 702 768 737 ἠρώτα.
781 702 878 732 Συνε“ις
887 701 914 728 δὲ

113 748 181 774 ἀπὸ
192 748 248 774 τῶν
263 747 418 783 λεγομένων
429 749 503 782 ὑγιὲς
521 749 714 783 μηδὲνπαῦτοὺς
726 749 827 782 λέγειν,
842 750 917 776 ἐστο-

111 793 227 826 χάζετο
239 794 314 828 παρὰ
330 794 375 821 τοῦ
387 794 506 829 μεγάλου
518 795 681 825 δοαεστίκου
696 795 850 822 κωλύεσθαι
865 794 915 831 τὴν

113 838 246 872 πρᾶξιν·
278 839 326 866 καὶ
353 840 611 874 μετακαλεσάμενος
641 841 732 872 αὐτὴν,
765 840 814 874 τῆς
832 849 862 866 τε
884 841 915 866 ὲκ

113 868 241 918 πρώὲης
260 868 369 918 ἡλικίας
381 883 448 917 πρὸς
466 868 608 919 ἀλλήλους.
626 883 710 910 αὐτὸν
725 868 914 919 δινεμιίμνησκε
931 868 953 897 Β

114 926 232 960 φιλίας,
250 927 360 954 καὶτοῦ
388 928 500 963 μηδέπω
519 928 650 962 μηδαμῶς
674 928 748 963 παρὰ
764 928 852 955 πάντα
868 927 914 955 τδν

114 971 184 1006 βίον
195 972 337 1007 οὐδέτερον
349 972 434 1008 ἑτέρῳ
446 974 567 1008 ταραχῆς
585 974 633 1000 καὶ
650 973 804 1001 σκανδάλου
825 975 914 1008 ἀφορ-

117 1017 181 1052 μὴν
200 1019 415 1052 παρεσχηκέναι.
430 1019 499 1045 Νυνὶ
511 1019 540 1046 δὲ
557 1019 671 1054 ἀπορεῖν
682 1019 743 1046 ὅθεν
753 1019 914 1055 ὀρμώμενες

114 1063 213 1096 οὕτως
243 1064 400 1100 ἐξεπίτηδες
430 1065 565 1100 ὲὸουλήθη
590 1065 741 1101 ἀχθόμενον
767 1067 842 1101 αὐτῷ
873 1067 914 1098 είς

114 1108 192 1144 ᾅδην
206 1109 402 1144 παραπέμψαι.
422 1110 468 1145 Μὴ
481 1110 512 1145 δὴ
526 1110 641 1137 τοιαῦτα
656 1119 689 1145 με
705 1110 809 1146 ἐργάσῃ
828 1112 912 1143 κακὰ,

115 1153 141 1182 ὦ
156 1155 258 1190 φίλων,
287 1156 391 1189 ἔλεγεν¹
409 1156 517 1191 ἄριστε,
543 1157 611 1191 μηδὲ
635 1158 779 1192 καταπρθίῃ
803 1166 847 1191 μοι
863 1157 913 1191 τὴν

116 1203 224 1229 ἐλπίδα
249 1202 298 1234 τῆς
315 1203 452 1238 σωτηρίας
466 1211 473 1218 ·
495 1203 555 1229 ἀλλ’
580 1203 674 1238 ὥσπερ
696 1204 827 1234 πολλάκις
843 1204 913 1239 ὑπὲρ

115 1248 170 1275 τοῦ
188 1249 321 1284 δυστήνου
353 1249 479 1284 σώματος
505 1249 613 1276 τουτουῒ
639 1250 714 1284 πάσῃ
740 1251 842 1285 σπουδῇ
866 1251 914 1276 καὶ

116 1294 268 1330 προθυμίᾳ
283 1296 396 1322 σεαυτὸν
409 1296 536 1328 ἐνέβαλες
551 1298 589 1328 είς
601 1297 663 1328 τοὺς
675 1294 825 1328 κινδῦνους,
842 1297 914 1322 οὕτω

117 1338 171 1365 νῦν
194 1339 285 1372 πολλῷ
303 1339 384 1365 πλέον
401 1340 603 1372 κινδυνεύοντος
631 1340 702 1367 κατὰ
718 1341 818 1376 ψυχὴν,
849 1341 914 1375 τρό-

118 1384 207 1419 στηθι
222 1385 295 1420 πάσῃ
310 1385 457 1420 προθυμίᾳ,
475 1386 505 1411 οὐ
524 1386 605 1420 μόνον
621 1385 664 1412 διὰ
679 1386 729 1420 τὴν
740 1386 842 1420 φιλίαν,
856 1386 912 1412 ἀλλ’

116 1430 166 1456 ενα
183 1431 221 1464 μὴ
237 1431 280 1457 κατ
297 1431 376 1463 δίκας
393 1431 514 1467 ὑπόσχῃς
532 1431 572 1467 τῷ
596 1431 705 1458 πάντων
721 1434 801 1467 κριτῇ
814 1454 820 1464 ,
834 1432 864 1458 τό
881 1441 913 1465 γε

118 1476 162 1507 είς
179 1476 211 1502 σὲ
222 1475 290 1512 ἧκον
307 1479 497 1513 ἀποστερήσας
523 1477 605 1505 αὑτὸν
621 1477 710 1513 ψυχῆς
728 1478 797 1514 ὑπὲρ
816 1476 850 1513 ἧς
864 1478 913 1504 αὒ-

117 1523 168 1554 τδς
194 1522 311 1550 Θάνατον
337 1523 425 1550 εἵλετο
440 1524 487 1550 καὶ
508 1524 645 1559 σταυρόν
676 1524 744 1558 μηδὲ
763 1525 912 1558 κατάτριεε

117 1569 168 1595 τὸν
187 1569 296 1603 καιρὸν,
311 1568 399 1600 οὕτως
414 1570 563 1603 ἀναγκαῖον
590 1569 664 1597 ὄντα.
682 1570 711 1596 ὃν
728 1570 807 1601 αὖθις
821 1570 912 1604 εὑρεῖν

117 1615 173 1641 οὐκ
190 1615 298 1648 ἐξέσται
309 1615 476 1650 διαφυγόντα
491 1615 538 1642 νῦν
555 1624 561 1631 ·
586 1616 645 1642 ἀλλ’
659 1616 747 1650 εὐχῶν
764 1625 794 1642 τε
809 1616 913 1642 πολλῶν

117 1660 253 1694 δεόμενον
275 1661 322 1686 καὶ
339 1660 458 1695 σπουδῆς
479 1661 508 1686 οὺ
538 1660 589 1696 τῆς
604 1661 752 1696 τυχούσης.
771 1661 842 1695 Ἐγὼ
858 1662 913 1697 γὶρ

118 1708 171 1733 καὶ
188 1706 218 1732 ὃν
239 1707 376 1733 ἀναλίσκω
402 1715 443 1733 σοι
467 1706 660 1741 δ.αλεγόμενος
678 1708 785 1742 χρόνον,
810 1708 913 1742 ζημίαν

117 1752 233 1787 ἥγημαι
247 1751 297 1784 τὴν
311 1752 439 1787 ισχὰτην.
462 1751 491 1778 ’0
507 1749 594 1786 μέγας
618 1752 645 1778 δὲ
669 1753 830 1788 δομέστικος
843 1754 913 1780 ἀπο-

119 1796 270 1833 κρίνασθαι
284 1797 334 1832 μὲν
347 1797 456 1832 ἴσχυσεν
465 1797 554 1830 οὐδὲν,
565 1798 615 1832 τῆς
628 1798 718 1833 ψυχῆς
729 1798 779 1834 ἤδη
795 1801 826 1833 τῇ
841 1798 913 1834 λύπῃ

119 1844 437 1879 καταὸεεαπτισμένης·
453 1843 505 1877 ἔξω
521 1845 549 1871 δὲ
566 1844 650 1871 ἐλθὼν
662 1845 794 1880 ἀνῴμωξε
819 1854 850 1872 τε
866 1855 912 1871 πι-

120 1891 211 1926 κρῶς,
226 1889 274 1916 καλ
295 1890 342 1917 τὸν
367 1890 444 1924 φίλον
465 1891 642 1917 ἀνεκαλεῖτο¹
660 1891 709 1917 καὶ
735 1892 837 1926 μικροῦ
861 1893 911 1925 μὲν

119 1936 235 1971 ἐδέησεν
262 1937 372 1969 ἀφεῖναι
401 1936 448 1962 καὶ
463 1936 513 1971 τὴν
538 1936 628 1972 ψυχὴν
644 1936 692 1963 ἐπὶ
707 1938 764 1968 τοῖς
788 1937 909 1973 θρήνοις.

121 1983 220 2018 Ὅμως
233 1982 256 2008 δ’
269 1983 440 2016 ἀνελάμϐανε
453 1990 482 2008 τε
494 1983 575 2010 πάλιν
590 1983 698 2016 ἑαυτὸν,
712 1984 758 2010 καὶ
772 1984 823 2016 τὰς
834 1984 910 2019 ὄψεις

120 2028 202 2056 ὕδατι
218 2029 272 2062 τῶν
287 2028 414 2062 δακρύων
428 2029 634 2065 ἀποκαθαίρων,
655 2029 750 2064 ὥσπερ
766 2030 845 2057 ἄλλου
859 2031 911 2057 πα-

121 2082 236 2109 σχοντος
261 2074 412 2108 ἀδάκρυτος
429 2074 521 2110 digito
547 2074 662 2109 βασιλεῖ.
685 2075 730 2105 Ὠς
747 2074 775 2101 δὲ
791 2075 805 2101 ὁ
832 2075 910 2110 βασι-

120 2121 187 2153 λεὺς
204 2122 318 2156 συχνοὺς
331 2121 467 2155 ἀγγέλους
495 2122 672 2156 ἐπιπέμπων,
698 2122 748 2157 τὴν
763 2122 810 2148 τοῦ
829 2130 911 2148 πνευ-

122 2168 241 2204 ματικοῦ
258 2168 362 2203 πατρὸς
378 2168 472 2203 ἄφιξιν
497 2169 674 2199 ἐπέσπευδεν,
697 2169 712 2194 ὀ
729 2169 817 2203 μέγας
831 2169 910 2204 δομέ-

971 239 1107 266 facturum
1134 239 1242 274 recipit,
1253 247 1311 266 rem
1336 239 1447 273 indigne
1463 238 1525 270 l'ert,
1546 238 1667 264 medicos
1681 245 1758 265 accr-

970 285 1039 313 rime
1067 285 1201 320 increpat.
1226 285 1297 313 Hora
1327 285 1523 320 propemodum
1552 288 1702 316 transacta,
1730 288 1758 311 et

970 335 1047 366 patre
1067 330 1200 365 spirituali
1228 331 1351 358 nondum
1381 331 1518 362 veniente,
1550 330 1701 363 imperator
1729 333 1757 355 ut

970 377 1112 404 adveniret
1132 377 1263 410 instabat,
1289 381 1317 404 et
1342 384 1375 404 ex
1391 376 1507 404 medicis
1517 383 1627 403 causam
1641 381 1756 402 cuncta-

972 424 1055 451 tionis
1081 424 1283 451 sciscitabatur.
1312 423 1366 450 Sed
1390 431 1452 451 cum
1476 423 1545 450 nihil
1565 423 1703 449 sincerum
1725 429 1756 448 ac

970 469 1084 504 simplex
1102 469 1327 503 responderetur,
1348 477 1361 496 a
1385 476 1482 503 magno
1498 468 1650 495 domestico
1668 475 1757 494 moras

970 515 1065 550 objlei,
1095 516 1291 550 negotiumque
1318 515 1448 549 impediri
1474 513 1648 549 conjiciebat.
1670 513 1755 546 Quem

970 561 1065 589 adesse
1085 562 1192 597 jussum
1228 561 1354 588 amicitia:
1370 569 1384 587 a
1404 561 1497 596 parvis
1516 560 1649 587 instituta:
1663 559 1755 586 admo—

968 607 1049 639 nuit;
1082 611 1109 633 et
1133 607 1273 641 quomodo
1295 613 1437 640 nunquam
1462 605 1489 632 in
1515 605 1588 632 omni
1615 605 1671 630 vita
1689 605 1757 631 alter

970 653 1049 680 alteri
1065 656 1111 680 aut
1138 652 1298 683 turbatioui.
1312 657 1358 679 aut
1382 651 1527 679 offensioni
1553 651 1660 677 fuisset.
1678 650 1756 677 Nunc

971 704 1062 727 autem
1085 700 1192 727 nescire
1207 708 1246 733 se,
1263 707 1319 734 quo
1335 699 1454 734 impulsu
1468 699 1507 725 sic
1522 698 1556 725 de
1577 697 1711 724 industria
1726 704 1755 723 se

971 751 1046 773 tan‘o
1062 753 1202 782 gravatqu
1228 747 1349 781 pondere
1371 746 1404 772 ad
1421 745 1524 772 inferos
1536 745 1603 771 velit
1617 742 1758 770 transmit-

970 796 1039 820 tere.
1051 792 1100 824 Ne,
1119 792 1218 828 inquit.
1238 792 1388 819 amicorum
1409 791 1524 826 optime,
1539 794 1616 817 tanto
1632 789 1703 815 malo
1715 795 1757 821 me

972 840 1146 872 mactaveris,
1161 846 1229 866 neve
1243 838 1341 866 salutis
1356 845 1423 865 mea!
1439 844 1515 872 spem
1533 836 1697 871 prodideris.
1708 835 1755 861 sed

967 885 1200 920 quemadmodum
1229 885 1328 912 crebro
1351 892 1402 920 pro
1425 885 1478 911 hoc
1514 884 1616 910 misero
1640 888 1756 916 corpore

967 930 1144 965 cupidissime
1179 929 1436 963 stndiosissimeque
1478 928 1507 956 in
1537 927 1698 955 discrimina
1730 930 1757 952 te

967 975 1089 1004 obtulisti
1105 984 1111 1003 :
1125 975 1164 1002 sic
1179 982 1253 1002 nunc
1274 974 1360 1002 multo
1378 974 1406 1001 in
1428 974 1532 1008 majore
1549 972 1673 1008 periculo
1693 979 1757 1000 ver-

967 1026 1071 1050 santem
1085 1021 1205 1048 animam
1219 1027 1307 1047 meam
1326 1019 1450 1052 defende.
1462 1019 1545 1054 idque
1567 1026 1625 1046 non
1642 1024 1756 1053 propter

967 1067 1114 1096 amicitiam
1130 1072 1251 1095 nostram
1273 1067 1371 1099 solum,
1385 1074 1482 1093 verum
1496 1065 1577 1092 etiam
1594 1073 1629 1092 ne
1641 1065 1755 1091 univcro

968 1121 1060 1142 sorum
1076 1113 1165 1141 Judex
1179 1121 1275 1148 poenas
1287 1113 1335 1140 abs
1349 1117 1374 1140 te
1390 1115 1528 1147 reposcat.
1543 1111 1602 1146 qui.
1619 1115 1752 1145 quantum

967 1161 995 1188 in
1013 1165 1039 1188 te
1067 1159 1130 1191 fuit,
1147 1159 1265 1186 animam
1283 1159 1322 1186 illi
1341 1157 1498 1190 abstuleris,
1520 1164 1570 1191 pro
1586 1164 1639 1191 qua
1654 1156 1712 1190 ipse
1725 1155 1752 1182 in

967 1213 1049 1233 crure
1073 1205 1185 1232 suﬂixus
1214 1211 1308 1231 necetn
1337 1204 1460 1238 pertulit.
1477 1203 1536 1230 Noli
1557 1203 1609 1230 hoc
1635 1208 1754 1236 tempus.

967 1260 1070 1288 quaeso.
1086 1257 1140 1279 tam
1165 1251 1364 1280 necessarium.
1380 1250 1510 1285 quodque
1527 1251 1569 1283 in.\
1581 1249 1674 1276 multis
1690 1256 1754 1283 pre-

967 1298 1047 1325 cibus
1070 1304 1132 1324 eum
1159 1296 1252 1324 studio
1269 1295 1402 1331 singulari
1424 1294 1581 1330 ponendum
1597 1298 1650 1325 est.
1667 1293 1753 1328 negli-

967 1350 1036 1378 gere
1056 1346 1138 1376 atque
1163 1345 1305 1368 conterere
1320 1349 1326 1366 :
1340 1341 1413 1374 quod
1438 1339 1461 1366 si
1479 1346 1553 1365 nunc
1578 1337 1753 1372 prteterierit.

968 1388 1069 1415 frustra
1083 1387 1249 1422 requiretur.
1268 1385 1350 1421 2&6
1363 1385 1420 1420 Ego
1439 1391 1503 1411 vero
1517 1384 1590 1419 quod
1606 1384 1656 1410 hoc
1666 1390 1753 1417 quam

968 1438 1134 1468 tumcunque
1159 1432 1332 1460 intervallum
1359 1436 1449 1458 tecum
1477 1431 1594 1465 loquens
1608 1436 1750 1460 consumo.

967 1480 1034 1508 mihi
1059 1479 1298 1506 damuosissimum
1317 1477 1424 1513 judico.
1442 1478 1482 1508 Ad
1498 1477 1556 1504 haec
1574 1483 1688 1511 magnus
1703 1475 1752 1501 do—

967 1527 1099 1554 mesticus
1112 1526 1206 1553 dolore
1222 1525 1370 1559 absorptus
1391 1524 1547 1555 obmutuit;
1571 1529 1751 1558 egressusque

966 1574 1048 1604 foras.
1065 1572 1144 1600 amici
1169 1579 1268 1599 nomen
1287 1571 1359 1598 inter
1374 1577 1483 1597 amaras
1495 1568 1752 1604 lacrvmasiugcmi-

966 1619 1058 1652 navit;
1088 1626 1157 1654 quas
1179 1622 1233 1646 tam
1260 1617 1373 1652 largiter
1397 1616 1573 1654 proludit,ut
1599 1623 1661 1643 cum
1684 1615 1751 1651 ipsis

964 1673 1032 1700 pene
1054 1664 1174 1692 animam
1194 1663 1385 1698 profunderet.
1408 1663 1598 1690 Verumtamen
1622 1669 1652 1688 se
1667 1661 1751 1689 colle-

964 1711 1003 1745 git
1015 1710 1125 1741 iterumI
1143 1708 1292 1743 ablutaque
1312 1707 1392 1738 facie.
1409 1707 1582 1742 imperatori,
1604 1707 1678 1734 velut
1695 1706 1750 1733 alio

963 1755 1104 1791 quopiam,
1120 1762 1174 1781 non
1201 1762 1230 1782 se
1251 1758 1411 1788 aegrotante.
1432 1761 1482 1780 nec
1505 1752 1611 1780 ﬂevisse
1636 1753 1750 1788 quidem

963 1803 1039 1830 visus
1054 1807 1106 1829 est.
1119 1801 1170 1834 Qui
1193 1808 1255 1828 cum
1269 1801 1383 1828 nuntios
1404 1800 1559 1835 duplicans,
1576 1800 1749 1835 spiritualem

963 1855 1068 1884 patrem
1088 1847 1121 1874 ad
1137 1855 1166 1874 se
1187 1846 1341 1874 accelerare
1355 1847 1474 1881 juberet.
1488 1853 1604 1880 magnus
1619 1845 1750 1872 domesti-

962 1902 1011 1922 cus
1023 1901 1072 1928 per
1087 1897 1194 1920 certum
1210 1893 1351 1919 hominem
1370 1897 1477 1927 patrem
1492 1893 1570 1919 illum
1586 1892 1705 1924 monuit.
1719 1896 1749 1918 ut

961 1939 1152 1975 Didymoticbo
1166 1939 1272 1970 exiens,
1284 1939 1311 1964 in
1325 1938 1459 1965 sulmrbio
1470 1938 1603 1972 tantisper
1614 1941 1746 1971 maneret,

961 1985 1050 2020 quoad
1062 1984 1121 2018 ipse
1134 1984 1285 2018 ingressum
1300 1984 1339 2011 illi
1355 1983 1530 2018 permitteret
1544 1992 1551 2010 :
1566 1983 1651 2010 citius
1665 1990 1747 2010 cave-

962 2036 1005 2058 ret
1020 2030 1137 2065 ingredi,
1155 2030 1281 2065 quamvis
1293 2030 1321 2057 id
1338 2037 1434 2057 omnes
1449 2030 1579 2057 mortales
1593 2030 1618 2057 ei
1634 2030 1748 2057 deman—

961 2079 1069 2105 darent.
1084 2076 1175 2104 Alium
1200 2084 1266 2103 vero
1283 2076 1311 2103 in
1328 2076 1387 2111 ejus
1403 2076 1495 2103 locum
1514 2076 1694 2103 subornatum
1712 2076 1746 2102 ad

962 2123 1159 2158 imperatorem
1195 2122 1361 2154 introducit.
1401 2130 1537 2154 narrans,
1575 2122 1746 2150 ordinarium

961 2170 1057 2197 abesse
1071 2173 1230 2203 peregre,et
1244 2168 1320 2195 addit
1332 2169 1530 2204 jurameutum,
1542 2175 1571 2196 se
1580 2176 1643 2195 vera
1657 2168 1745 2203 loqui.

122 2224 218 2247 στικος
243 2215 365 2250 πέμψας,
383 2215 430 2241 τὸν
448 2214 496 2250 μὲν
512 2214 699 2250 πνευματικὸν
713 2214 837 2242 ἐκέλευεν
854 2216 907 2249 ἔξω

964 2216 1038 2245 Hunc
1053 2221 1155 2247 autem,
1172 2215 1224 2242 etsi
1246 2215 1358 2242 minime
1383 2219 1557 2245 consuetum.
1575 2215 1635 2250 ejus
1649 2221 1745 2243 coactu

122 2261 317 2296 Διδυμοτείχου
331 2261 440 2295 χωρεῖν,
462 2262 508 2287 καὶ
524 2261 675 2296 διατρίϐειν
694 2261 723 2286 ἐν
735 2261 909 2295 προαστείοις

121 2305 203 2340 ἄχρις
226 2305 259 2330 ἂν
282 2305 364 2335 αὐτὸς
386 2305 435 2339 τὴν
460 2304 563 2331 εἴσοδον
576 2304 653 2339 ἐνδῷ,
678 2304 811 2340 πρότερον
827 2305 855 2331 δὲ
872 2305 909 2341 μὴ

121 2352 250 2383 εἰσιέναι,
265 2351 327 2386 μηδ’
338 2352 362 2377 εί
377 2352 478 2383 πάντες
493 2351 632 2387 ἄνθρωποι
645 2352 834 2387 ἐπιτρέποιεν·
851 2352 910 2379 ἓτε-

122 2405 169 2432 ρον
180 2397 208 2422 δὲ
225 2397 283 2424 ἀνθ’
298 2398 406 2424 ἐκείνου
422 2397 598 2432 παραλαὸὼν,
614 2398 761 2433 εισήγαγεν
775 2398 813 2429 ὠς
829 2398 909 2433 βασι-

121 2444 182 2475 λέα,
198 2444 301 2477 ἔφασκέ
327 2453 357 2470 τε
374 2444 420 2471 τὸν
438 2446 488 2479 μὲν
506 2442 622 2471 εἷωθότα
648 2445 700 2479 τῆς
717 2445 820 2477 πόλεως
840 2446 907 2472 ἀποη

121 2490 230 2525 δημεῖν,
245 2491 292 2517 καὶ
306 2491 406 2525 ὅρκους
422 2491 578 2525 προστιθεὶς
592 2491 630 2522 ὡς
645 2491 783 2526 ἀληθεύοι,
802 2492 909 2518 τουτονὶ

121 2535 148 2562 δὲ
166 2538 324 2570 εἰσαγαγεῖν
336 2537 461 2571 οὐδαμῶς
476 2537 539 2564 ὄντα
552 2545 593 2563 σοι
610 2538 640 2564 ἐν
655 2537 785 2572 συνηθείᾳ
797 2537 846 2563 καὶ
857 2537 909 2563 πά-

121 2591 152 2608 νυ
170 2583 272 2609 ἄκοντα
286 2583 331 2609 διὰ
347 2583 377 2609 τὺ
405 2583 547 2618 βιάζεσθαι
573 2584 625 2610 ὑπὸ
653 2582 712 2611 σοῦ,
730 2584 863 2615 Βασιλεὺς
879 2584 907 2611 δὲ

122 2627 202 2654 αὐτὸν
216 2629 453 2664 προσαγορεύσας,
472 2630 544 2665 Ὦρα
559 2637 612 2662 σοι,
629 2630 728 2664 πάτερ,
748 2629 835 2663 ἔλεγε,
850 2632 906 2661 τοῖς

121 2675 318 2708 πνευματικοῖς
330 2674 446 2709 χρῆσθαι
467 2675 636 2710 φαρμάκοις,
660 2675 708 2702 καὶ
721 2675 770 2710 τὴν
794 2676 907 2711 ἐπιστή-

123 2727 175 2754 μην
200 2719 406 2746 ἐπιδείκνυσθαι
431 2722 482 2755 τὴν
512 2721 608 2747 πασῶν
633 2721 904 2758 φιλανθρωποτάτην,

121 2765 165 2790 καὶ
181 2765 272 2800 ψυχὴν
302 2766 474 2802 ὀδυνωμένην
497 2767 545 2794 καὶ
564 2768 656 2800 κακῶς
676 2769 835 2804 πάσχουσαν
853 2770 907 2796 ὑπὸ

121 2810 227 2837 πολλῶν
239 2813 408 2847 τραυμάτων
423 2813 472 2840 καὶ
487 2815 670 2850 πταισμάτων
695 2816 904 2850 ἀνακαλεῖσθαι,

122 2857 166 2883 καὶ
176 2857 245 2893 πρὸς
260 2858 414 2894 σωτηρίους
433 2859 544 2895 τρίδους
565 2860 737 2897 καθοδηγεῖν,
755 2863 800 2889 καὶ
822 2871 906 2897 μετα-

961 2264 995 2290 ab
1007 2271 1035 2291 se
1056 2263 1142 2290 invito
1161 2270 1193 2289 ac
1204 2262 1314 2289 nolente
1337 2261 1447 2289 adduci.
1464 2262 1616 2296 Imperator
1626 2269 1660 2289 eo
1675 2263 1747 2290 salu-

962 2313 1039 2336 tato:
1062 2309 1183 2343 Tempus
1202 2313 1256 2338 est.
1284 2308 1382 2343 inquit,
1411 2312 1498 2342 pater,
1519 2313 1549 2335 ut
1574 2308 1744 2342 spiritttalem

960 2355 1029 2383 mihi
1045 2355 1210 2382 medicinam
1235 2354 1331 2387 iacias,
1350 2355 1551 2389 scientiamque
1570 2355 1595 2381 in
1611 2362 1653 2382 mc
1665 2363 1746 2382 exer-

959 2409 1022 2429 ceas
1037 2403 1160 2428 omnium
1188 2401 1412 2428 humanissimam
1430 2421 1438 2434 ,
1452 2401 1627 2435 animamque
1652 2402 1747 2438 multis

959 2448 1093 2476 molestiis
1104 2447 1298 2476 discruciatam
1327 2451 1355 2474 et
1371 2446 1498 2474 amicum
1515 2455 1605 2480 sanes,
1618 2451 1700 2482 atque
1716 2448 1744 2474 in

959 2495 1110 2522 salutarem
1139 2488 1266 2521 semitam
1286 2493 1418 2524 deducas.
1435 2497 1463 2520 et
1477 2493 1647 2528 poenitentia:
1665 2493 1746 2520 indu-

958 2541 1059 2568 mentis
1088 2540 1273 2575 operibusque
1285 2539 1406 2573 judicem
1420 2539 1459 2567 illi
1476 2540 1510 2566 ad
1525 2539 1742 2567 misericordiam

959 2594 1110 2622 pracpares.
1126 2586 1174 2613 llle
1190 2587 1383 2621 imperatorem
1397 2585 1561 2618 resalutans,
1575 2594 1629 2613 non
1649 2587 1674 2613 ei
1684 2586 1745 2613 lici-

958 2637 1015 2659 tum
1029 2638 1090 2659 esse
1099 2632 1251 2664 dixit,vivo
1265 2632 1419 2659 etiamnum
1433 2636 1520 2667 patre,
1540 2632 1625 2660 cuise
1636 2632 1664 2660 in
1685 2632 1744 2666 spi-
1780 2645 1785 2650 ~

958 2678 1105 2705 ritualibus
1121 2678 1296 2717 subjecisset.
1310 2678 1395 2705 alium
1417 2685 1467 2713 pro
1488 2686 1522 2706 eo
1538 2678 1678 2714 deligere:
1696 2678 1742 2705 tali

958 2726 1108 2759 prmsertim
1131 2725 1257 2757 articulo,
1275 2733 1330 2760 quo
1347 2726 1410 2752 hinc
1428 2727 1597 2761 migraturus
1625 2730 1653 2753 et
1668 2726 1742 2753 inter

957 2771 1070 2798 ordines
1092 2771 1222 2805 angelicae
1248 2771 1407 2806 reipublicae
1435 2772 1612 2799 collocandus
1636 2778 1710 2799 esset
1732 2780 1740 2799 :

956 2817 1180 2852 quandoquidem
1199 2823 1226 2845 et
1251 2817 1280 2844 in
1301 2819 1376 2845 onmi
1392 2818 1447 2845 vita
1459 2818 1493 2846 eo
1506 2823 1674 2853 praeoptare
1688 2817 1740 2852 uti,

957 2867 985 2892 et
1015 2869 1142 2900 umquam
1163 2864 1218 2892 Deo
1230 2863 1311 2892 alicui
1326 2864 1482 2893 auscultare
1494 2864 1598 2900 justum
1616 2864 1672 2897 sit;
1689 2871 1742 2892 nec
