1932 3089
107 131 162 163 597

650 105 654 109 1
694 128 970 162 HISTORIARUM
991 129 1105 160 LlBER
1125 129 1167 162 II.

1666 160 1668 162 τ
1683 127 1736 159 598

108 188 254 223 ζομένους,
268 187 397 224 ναυάρχῳ
413 188 452 222 τῷ
471 188 597 225 σφετέρῳ
622 189 671 224 τὴν
686 188 798 224 γνώμην
815 188 899 216 κατά-

953 187 1087 221 lgnaviter
1109 191 1223 223 cogatur
1249 186 1356 223 fugere,
1372 185 1439 222 ipsis
1454 192 1507 215 nec
1533 185 1587 212 vim
1611 184 1737 216 illaturis.

62 242 67 254 ι
106 233 191 268 δ;;λον
217 234 338 265 ἐποίουν,
357 235 507 268 φάσκοντες
522 235 559 267 ὡς
577 236 645 262 πᾶσι
663 234 766 269 μᾶλλον
789 233 897 268 ἀνθρώ-

109 289 173 310 ποις
196 281 212 316 ἢ
237 280 344 316 βασιλεῖ
367 281 405 316 τῷ
423 282 568 317 Ῥωμαίων
586 282 655 309 ὅπλα
674 282 815 316 ἀνταίρειν
842 278 898 307 εἷεν

106 327 228 355 δυνατοί.
247 326 284 355 Οὖ
306 328 338 363 δὴ
352 328 434 355 ἕνεκα
457 330 504 355 καὶ
521 331 585 364 πρὶν
607 329 777 363 καταστῆναι
807 329 835 359 ὲς
848 327 898 362 τὴν

109 372 213 407 μάχην,
233 373 354 408 φανερὰν
377 373 452 409 αὑτῷ
469 374 518 411 τήν
533 374 635 410 βουλὴν
659 375 747 400 ποιεῖν
764 373 839 405 ὅπως
851 372 898 399 τά·

107 425 191 451 χιστα
216 418 251 445 τὰ
269 417 362 445 δέοντα
392 419 573 455 βουλεύσηται
599 420 647 447 καὶ
677 419 715 456 μὴ
730 419 897 454 ἀναγκασθῇ

108 463 225 497 φεύγειν
238 465 360 500 αίσχρῶς
376 467 422 492 καὶ
437 466 568 500 ἀγεννῶς,
585 466 741 501 μήτε,ὂπλα
752 465 898 500 ἀνταιρόν-

107 517 163 535 των
178 509 269 536 αὐτῶν
285 511 353 544 μήτε
365 511 554 545 ἀμυνομένων.
577 512 606 539 ’0
624 512 652 538 δὲ
667 511 766 544 αὐτοὺς
784 510 835 545 μὲν
847 509 898 545 τῆς

108 554 242 589 ἀληθείας
273 555 355 583 ἓνεκα
389 557 517 593 ἐπῄνεσε,
549 557 597 584 καὶ
627 558 708 593 χάριν
735 557 898 593 ὡμολόγησε

109 601 222 636 πολλὴν.
239 602 384 638 Δομηνίκῳ
399 603 427 630 δὲ
446 603 485 638 τῷ
510 603 612 635 παντὸς
632 604 744 639 ἀρχοντι
766 604 814 630 τοῦ
838 603 899 629 στό-

108 645 168 678 λου,
185 647 296 678 καὶτοῖς
322 647 412 679 ἄλλοις
421 649 566 684 ναυάρχοις
580 649 634 676 τῶν
648 649 772 676 Λατίνων
783 649 898 683 προσελ-

109 692 175 725 θὼν,
188 693 239 721 οὐκ
254 692 357 728 ἔφασκε
365 692 478 726 δεόντως
488 694 682 729 βεϐουλεῦσθαι
694 696 760 730 πρὶν
776 695 898 731 ἀκριϐῶς

108 738 242 773 ἐκμαθεῖν
262 739 364 771 ὁπόσας
380 740 441 773 ἄγοι
470 741 594 776 τριήρεις
610 741 624 767 ὁ
646 741 784 775 βασιλεὺς,
799 742 899 777 ἀπερι-

109 785 237 816 σκέπτως
263 785 331 821 πρὸς
352 786 403 822 τὴν
433 787 590 822 ναυμαχίαν
613 787 686 814 οὕτω
707 788 755 814 καὶ.
772 787 898 822 θρασέως

108 832 221 867 χωρεῖν.
251 831 314 860 Ἐὰν
332 832 386 866 γὰρ
405 833 528 868 συμϐαίη
553 833 714 868 ἡττηθῆναι,
742 833 818 860 οὐδὲν
832 833 896 860 ἄλλο

110 878 235 904 λείπεται
260 878 277 913 ἢ
298 878 458 906 παντάπασι
487 879 684 914 διαφθαρῆναι,
709 879 820 906 πάντων
843 879 898 906 τῶν

109 923 205 950 ἐνθάδε
227 924 364 959 πολεμίων
389 924 475 951 ὄντων
499 925 545 952 καὶ
573 925 841 961 συνεπιθησομένων.
861 921 898 952 Οἵ)

108 967 141 1002 δὴ
165 968 248 995 ἕνεκα
270 968 356 1003 ὲχρῆν
386 969 520 1004 πρότερον
548 969 598 1005 τὴν
625 969 740 1004 δύναμιν
766 969 899 1005 βασιλέως

109 1014 225 1050 ἐρευνᾷν
251 1015 354 1050 ὁπόσην
372 1015 446 1050 ἄγει,
465 1015 520 1042 κᾶν
538 1015 588 1050 μὲν
609 1012 660 1043 οἷοὶ
685 1024 714 1042 τε
725 1013 775 1051 ἦτε
789 1016 899 1043 διαναυ-

111 1061 221 1094 μαχεῖν,
240 1060 272 1087 ἂν
293 1061 321 1088 δὲ
339 1062 388 1097 μὴ,
406 1062 570 1097 καταφυγήν
583 1070 644 1089 τινα
660 1062 714 1098 ὅπη
741 1062 897 1098 σωθήσεσοε

110 1105 216 1140 ζητεῖν,
239 1106 310 1141 Ἐγὼ
325 1107 353 1134 δὲ
369 1107 518 1143 προθύμως
533 1107 585 1142 μὲν
600 1108 633 1135 ἂν
645 1108 714 1142 πρὸς
731 1108 779 1144 τὴν
795 1118 899 1143 ναυμα-

110 1151 176 1185 χίαν
192 1152 422 1186 συνηγωνισάμην
435 1151 532 1187 παρὼν
551 1152 626 1188 ὑμῖν.
640 1152 753 1188 Δηλίους
774 1153 809 1179 δὲ’
821 1153 898 1180 οὐδέν

110 1196 170 1232 ἐστι
184 1195 215 1222 τὸ
228 1196 321 1222 πεῖσον
336 1195 406 1222 ὅπλα
424 1196 564 1231 ἀνταίρειν
592 1196 709 1232 βασιλεῖ,
722 1196 789 1224 ἀλλὰ
809 1197 898 1224 πάντα

112 1242 214 1275 μᾶλλον
231 1242 352 1277 αἱρετέα,
379 1242 396 1278 ἢ
416 1242 483 1277 πρὸς
498 1242 611 1278 βασιλέα
632 1243 725 1275 αὐτοῖς
741 1243 898 1279 πολεμητέα

111 1285 185 1313 εἶναι
199 1286 318 1319 λέγουσι.
335 1286 480 1318 Βιάζεσθαι
503 1288 554 1321 μὲν
569 1285 616 1315 οὖν
642 1288 692 1314 οὔκ
715 1286 819 1320 ἔξεστιν
848 1288 898 1316 αὕ-

110 1334 175 1363 τοὺς
189 1333 293 1364 πάντας
323 1332 420 1367 ὶπίσης
448 1333 498 1368 τὴν
510 1333 609 1368 ὁμοίαν
631 1333 744 1370 γνώμην
774 1334 897 1370 ἔχοντας.

113 1377 208 1410 Ἔδοξε
232 1377 259 1403 δέ
279 1386 325 1413 μοι
348 1377 454 1412 βέλτιον
487 1378 664 1413 σκεψαμένῳ,
694 1378 760 1415 πρὶν
785 1379 899 1413 βασιλέα

111 1425 200 1456 ἥκειν,
229 1423 390 1460 ἀναχωρεῖν.
418 1424 480 1450 Ἐὰν
498 1425 551 1459 γὰρ
578 1425 707 1459 ὀφθέντος
741 1426 898 1461 φεύγωμεν,

113 1471 245 1506 αἰσχύνην
271 1471 302 1497 οὐ
325 1470 374 1506 τὴν
395 1471 532 1511 τυχοῦσαν
553 1471 780 1507 προστριψόμεθα
800 1473 900 1500 Σπιτα-

950 239 1001 258 nec
1025 231 1128 258 illatam
1156 231 1318 266 repulsuris.
1341 230 1500 258 Navarchus
1512 238 1560 258 eos
1578 229 1612 256 de
1629 229 1738 257 confes-

949 276 1027 304 sione
1051 276 1108 303 νει-ἰ
1132 276 1281 309 collaudat,
1298 277 1400 312 gratias
1417 283 1528 311 magnas
1550 275 1616 311 agit,
1634 271 1667 302 ad
1685 275 1739 302 Do-

949 322 1080 350 minlcum
1111 323 1197 350 totius
1228 323 1322 351 classis
1351 323 1541 358 imperatorem
1568 325 1738 356 (ueteresque

949 366 1111 394 Latinorum
1128 367 1281 395 navarcbos
1295 368 1421 400 accedit;
1437 375 1491 396 non
1507 374 1555 395 eos
1567 367 1671 395 bonum
1693 375 1738 394 ce-

949 413 1023 448 pisse
1037 413 1183 441 consilium
1199 413 1276 446 dicit,
1293 414 1451 449 priusquam
1469 417 1563 440 exacte
1576 412 1736 445 didicerint,

950 467 1012 487 cum
1038 464 1106 494 quot
1127 460 1285 488 triremibus
1314 460 1453 488 Romanus
1468 461 1605 492 adveniat,
1627 459 1664 487 ita
1685 459 1736 485 im-

949 506 1065 540 provide
1083 506 1308 542 confidenterque
1331 507 1426 536 navale
1442 515 1504 534 cum
1527 507 1587 542 ipso
1610 504 1735 541 praelium

949 554 1132 582 committere.
1149 554 1219 582 Nam
1247 555 1270 582 si
1289 554 1361 584 vinci
1378 554 1532 589 contigerit,
1548 554 1618 581 nihil
1637 560 1735 589 super-

948 607 1009 628 esse
1035 607 1118 634 quam
1145 601 1282 637 disperire
1302 600 1438 633 funditus,
1453 609 1515 628 cum
1536 607 1631 630 omnes
1644 599 1692 636 qui
1707 599 1734 627 in

949 646 1038 674 insula
1054 646 1120 678 sint,
1138 647 1261 682 ipsorum
1278 647 1372 674 hostes
1388 647 1452 677 sint,
1467 654 1578 682 unaque
1598 645 1660 673 cum
1681 645 1736 672 Ro-

949 691 1038 720 manis
1064 690 1098 719 ad
1129 699 1224 718 eorum
1256 691 1371 727 exitium
1397 691 1547 720 incubituri
1579 689 1734 718 videantur.

948 736 1040 769 Quare
1057 737 1228 772 imperatoris
1244 737 1316 765 vires
1345 741 1372 765 et
1387 738 1538 774 potentiam
1561 736 1640 772 prius
1655 736 1735 764 inda-

949 781 1064 816 gandam
1084 789 1092 809 :
1112 787 1140 810 et
1159 783 1181 811 si
1202 790 1231 810 se
1252 787 1349 811 contra
1373 791 1429 811 non
1453 783 1578 811 inﬁrmos
1602 782 1736 815 sentiant,

950 832 1008 854 tum
1028 827 1137 856 demum
1165 827 1367 865 conﬂigendum
1394 838 1401 856 :
1437 829 1480 856 sin
1510 830 1614 861 minus.
1639 828 1737 858 salutis

913 864 934 893 Β
951 873 1061 909 aliquod
1085 874 1238 910 perfugium
1255 875 1446 910 quzerendnm.
1469 875 1547 908 Quod
1563 875 1598 902 ad
1613 883 1656 903 me
1671 874 1738 902 atti-

948 924 1007 953 net,
1036 919 1136 955 inquit,
1157 921 1256 956 cupide
1281 921 1422 949 vobiscum
1450 921 1484 950 ad
1514 921 1736 952 banenaralem

949 973 1068 1000 pugnam
1085 966 1250 1001 aggrederer
1266 976 1272 995 :
1294 967 1386 996 Delios
1402 972 1506 1000 autem,
1525 975 1555 996 ut
1577 965 1737 1002 imperatori

949 1011 1034 1039 armis
1052 1011 1195 1045 resistant,
1215 1019 1296 1039 nemo
1310 1012 1431 1040 adducet
1447 1020 1456 1040 :
1477 1012 1524 1047 qui
1542 1012 1625 1040 citius
1644 1011 1737 1039 omnia

948 1057 1000 1084 sibi
1017 1057 1207 1092 perpetienda,
1223 1066 1304 1093 quam
1323 1058 1454 1086 adversus
1477 1065 1540 1086 eum
1556 1057 1737 1093 pugnandum

950 1105 1095 1129 testantur.
1118 1102 1222 1138 Cogere
1239 1103 1322 1138 igitur
1341 1103 1404 1131 illos
1422 1104 1464 1131 fas
1484 1110 1538 1131 non
1553 1107 1605 1136 est.
1622 1102 1736 1138 quando

949 1156 982 1175 ex
1001 1156 1080 1183 aequo
1100 1156 1196 1176 omnes
1215 1149 1252 1177 ita
1265 1150 1401 1180 sentiunt.
1416 1150 1483 1178 Mihi
1497 1156 1581 1187 porro
1599 1156 1627 1177 re
1643 1148 1736 1179 consi-

949 1193 1044 1226 derata
1060 1193 1261 1223 conducibilius
1284 1199 1407 1230 apparet,
1425 1199 1575 1230 antequam
1594 1194 1668 1222 adsit
1683 1194 1736 1222 im-

949 1245 1070 1274 perator,
1088 1239 1228 1267 recedere.
1255 1239 1283 1268 Si
1305 1241 1378 1268 enim
1401 1245 1464 1269 ante
1482 1240 1542 1276 ejus
1558 1245 1737 1275 conspectum

948 1285 1110 1321 ingerimus,
1139 1294 1192 1313 non
1213 1287 1434 1323 qualemcunque
1450 1287 1539 1315 labem
1561 1286 1738 1322 Hospitalem

949 1332 1027 1359 sibus
1058 1339 1211 1359 inuremus.
1230 1332 1314 1360 Vobis
1339 1339 1412 1360 cura:
1431 1332 1495 1362 erit.
1516 1336 1546 1359 ut
1565 1332 1620 1360 illis
1633 1333 1736 1369 optime

949 1378 1118 1405 consulatur.
1137 1379 1200 1406 Haec
1219 1384 1366 1416 postquam
1385 1379 1458 1407 dicta
1475 1379 1561 1412 dedit,
1576 1387 1625 1409 eos
1645 1380 1737 1408 valere

947 1424 1040 1458 jussit,
1075 1432 1107 1452 ac
1134 1425 1229 1452 Delum
1250 1422 1382 1453 cucurrit.
1407 1425 1550 1454 Dominico
1576 1427 1738 1461 ceterisque

949 1470 1066 1499 ducibus
1086 1479 1141 1499 non
1167 1472 1285 1506 amplius
1308 1471 1360 1500 fuit
1385 1472 1523 1501 sententia
1548 1473 1668 1502 navibus
1689 1471 1737 1500 de-

112 1518 236 1548 λιώταις,
251 1516 374 1551 Μελήσει
396 1516 424 1543 δὲ
439 1516 503 1552 ὑμῖν
517 1517 591 1548 ὅπως
611 1517 644 1543 ἂν
658 1517 786 1552 βέλτιστα
801 1518 898 1554 διάϐη-

951 1521 1074 1549 certare,
1112 1517 1159 1544 sed
1196 1518 1325 1546 triremes
1355 1518 1454 1554 quinas
1481 1516 1598 1553 'quidem
1625 1519 1654 1546 in
1689 1525 1737 1547 ca-

112 1564 160 1590 σθε
177 1563 212 1590 τὰ
225 1563 286 1590 καθ’
304 1563 414 1594 αὐτούς.
432 1563 462 1591 ’0
483 1563 533 1599 μὲν
551 1563 598 1590 οὖν
612 1564 666 1591 τῶν
680 1565 785 1600 Δηλίων
799 1565 900 1601 ναύαρ-

111 1619 170 1645 χος,
186 1608 299 1636 τοιαῦτα
323 1609 408 1636 είπὼν
434 1609 480 1636 καὶ
501 1607 703 1644 συνταξάμενος
718 1610 819 1643 αὺτοῖς,
833 1610 901 1638 ἀπέ-

112 1655 231 1682 πλευσεν
245 1656 286 1687 εις
303 1655 398 1690 Δῆλον.
413 1655 553 1690 Δομενίκῳ
567 1653 594 1681 δὲ
607 1655 653 1681 καὶ
668 1656 724 1687 τοῖς
740 1655 830 1687 ἄλλοις
844 1659 901 1688 τοῖς

112 1702 329 1736 ὑπολειφθεῖσιν,
342 1701 433 1728 οὐκέτι
447 1701 535 1728 ἐδόκει
551 1703 703 1736 ναυμαχεῖν
714 1710 720 1717 ·
738 1702 806 1729 ἀλλὰ
819 1702 900 1729 πέντε

113 1749 163 1784 μιν
178 1748 232 1774 τῶν
247 1749 384 1783 τριήρεων
397 1748 525 1782 ἔπεμψαν
539 1748 578 1779 είς
604 1747 744 1782 Καλλονὴν
768 1748 900 1784 φρούριόν

111 1805 138 1822 τι
156 1795 228 1822 κατὰ
242 1795 293 1830 τὴν
311 1793 414 1821 Λέσϐον
426 1795 473 1820 ἐπὶ
487 1794 525 1829 τῷ
539 1795 613 1822 σῖτόν
628 1803 658 1821 τε
671 1795 831 1830 εἰσαγαγεῖν
853 1795 900 1822 καὶ

112 1842 245 1877 φρουράν.
254 1841 406 1869 Ἐδεδίεσαν
417 1841 472 1876 γὰρ
485 1842 549 1876 περὶ
558 1841 640 1868 αὑτοῦ
653 1840 692 1877 μή
703 1842 755 1868 ὑπὸ
767 1841 901 1876 βασιλέως

112 1888 142 1919 EE
157 1887 308 1923 ἐπιδρομῆς
323 1887 379 1922 ἁλῷ
389 1895 395 1902 ·
412 1887 488 1914 αὐτοὶ
507 1886 536 1914 δὲ
549 1889 606 1919 ταῖς
626 1887 734 1919 λοιπαῖς
748 1887 899 1923 ἐφρούρουν

112 1934 282 1970 Μιτυλήνην.
301 1934 432 1965 Βασιλεὺς
444 1934 472 1961 δὲ
486 1934 545 1969 ἅμα
564 1935 648 1961 παντὶ
662 1934 702 1969 τῷ
720 1934 806 1969 στόλῳ
817 1931 900 1969 ἦλθεν

110 1983 152 2013 εἰς
170 1982 279 2017 Ἔρεσόν
293 1989 299 1995 ·
316 1981 462 2012 ἐπαινέσας
475 1981 503 2007 δὲ
521 1981 679 2016 Ἐρεσσίους
691 1981 742 2016 τῆς
761 1981 802 2012 είς
817 1980 899 2008 αὑτὸν

112 2027 219 2058 εὐνοίας
233 2027 327 2058 ἕνεκα,
344 2027 392 2052 καὶ
416 2026 545 2060 προνοίας
564 2027 630 2061 ὅσης
645 2026 751 2052 ἐδέοντο
769 2026 898 2059 ἀξιώσας,

112 2074 184 2109 ἄρας
208 2072 313 2100 ἐκεῖθεν
341 2072 417 2099 ἔπλει
436 2072 482 2098 ἐπὶ
495 2071 571 2100 Χίον.
597 2071 663 2099 ’Λπδ
676 2072 794 2103 σκοπιᾶς
811 2073 839 2100 δέ
857 2081 900 2104 τις

115 2121 187 2155 μέγα
199 2119 279 2153 βοῶν,
290 2118 456 2145 ἐπυνθάνετο
471 2127 503 2144 πε
509 2119 536 2153 ρὶ
550 2118 643 2145 στόλου
661 2118 730 2144 ὅτων
744 2117 798 2153 εἴη.
818 2119 899 2146 ’Δπφ

114 2164 288 2199 κριναμένων
303 2164 341 2194 δὲ,
354 2163 391 2194 ὼς
403 2164 445 2198 εἴη
460 2163 604 2198 βασιλέως,
621 2164 700 2195 αὐτός
716 2172 745 2190 τε
766 2163 899 2198 πάρεστιν

950 1563 1061 1591 stellum
1083 1563 1221 1598 quoddam
1241 1563 1334 1597 Lesbi,
1356 1564 1497 1592 Callonem
1527 1564 1673 1597 vocabulo,
1701 1563 1736 1592 ad

951 1614 1137 1637 commeatum
1164 1613 1192 1638 et
1207 1610 1366 1646 praesidium
1386 1610 1592 1646 importandum
1608 1611 1736 1641 mittunt,

950 1656 1024 1691 quod
1040 1656 1074 1684 ab
1097 1656 1266 1691 imperatore
1291 1664 1340 1692 per
1358 1657 1546 1684 incursionem
1568 1662 1679 1693 captum
1703 1658 1738 1687 iri

951 1701 1127 1736 metuebant;
1150 1702 1201 1737 ίμεί
1226 1710 1288 1729 cum
1318 1701 1431 1738 reliquis
1452 1702 1601 1739 Mitylenen
1623 1705 1740 1733 tueban-

951 1751 1005 1774 tur.
1019 1747 1102 1782 292
1117 1747 1267 1782 imperator
1288 1755 1350 1775 cum
1372 1752 1427 1777 tota
1445 1747 1531 1775 classe
1548 1747 1679 1776 Eressum
1701 1753 1741 1777 te-

950 1801 1030 1826 nens,
1060 1793 1162 1820 civium
1188 1800 1251 1828 erga
1277 1801 1306 1820 se
1330 1793 1453 1821 studium
1475 1794 1694 1827 commendavit,
1710 1800 1740 1823 et

950 1847 1047 1867 eorum
1080 1839 1160 1867 rebus
1192 1845 1240 1873 pro
1270 1838 1434 1866 necessitate
1468 1839 1643 1874 prospexit:
1676 1839 1739 1868 inde

950 1885 1049 1913 Chium
1065 1883 1212 1920 navigavit.
1242 1884 1264 1912 E
1289 1884 1401 1919 specula
1418 1892 1500 1918 porro
1520 1886 1632 1920 quidam
1649 1886 1752 1914 altum,

950 1930 1114 1962 vociferans,
1135 1929 1272 1964 quaesivit,
1295 1930 1438 1964 cnjusnam
1457 1931 1554 1959 classis
1575 1935 1669 1964 esset;
1692 1940 1737 1959 rc-

950 1984 1082 2016 sponsum
1100 1997 1107 2009 ,
1128 1976 1306 2012 imperatoris
1329 1984 1389 2004 esse
1403 1995 1411 2008 ,
1438 1982 1467 2004 et
1489 1984 1553 2005 eum
1574 1982 1737 2012 praesentem

950 2023 1057 2051 adesse.
1072 2022 1107 2051 At
1122 2022 1195 2050 enim
1212 2029 1273 2057 quae
1287 2021 1314 2049 in
1339 2022 1400 2050 sint:
1425 2021 1553 2050 Callones
1575 2028 1639 2051 sunt
1659 2024 1738 2052 trire-

951 2078 1019 2102 mes,
1037 2069 1138 2105 inquit,
1156 2068 1237 2105 cujus
1249 2069 1334 2096 sunt?
1348 2069 1369 2095 E
1383 2069 1483 2104 quibus
1495 2069 1588 2097 verbis
1604 2069 1739 2106 colligens

950 2116 1100 2152 imperator
1123 2115 1156 2143 de
1177 2115 1209 2143 iis
1225 2123 1296 2148 esse,
1312 2122 1373 2150 quas
1396 2114 1469 2150 apud
1483 2114 1632 2151 Mitylenen
1646 2121 1736 2151 erant,

950 2162 985 2190 ad
1004 2162 1143 2190 Callonem
1157 2161 1284 2189 tuendam
1298 2162 1390 2190 missae
1406 2161 1544 2194 videlicet,
1562 2169 1690 2190 reversus
1709 2163 1737 2191 in

113 2214 128 2239 ὸ
143 2211 282 2247 βασιλεύς⁸
296 2211 331 2237 Δί
349 2210 377 2236 δὲ
392 2211 422 2237 ὲν
443 2209 482 2244 τῷ
494 2209 586 2244 κόλπῳ
603 2209 653 2245 τῆς
666 2210 816 2245 Καλλονῆς,
835 2210 898 2246 ἔφη,

952 2209 1024 2244 ipsas
1045 2208 1192 2236 ferebatur.
1213 2208 1273 2237 1am
1295 2215 1351 2236 nox
1375 2208 1459 2236 rebus
1482 2207 1657 2241 incubuerat,
1674 2216 1737 2237 cum

113 2255 237 2294 τριήρεις
252 2257 342 2289 τινος;
364 2257 411 2283 Ἐκ
423 2255 470 2282 τοῦ
486 2255 568 2290 λόγου
591 2256 620 2282 δὲ
638 2256 727 2288 συνεὶς
740 2257 754 2282 6
769 2256 899 2292 βασιλεὺς

115 2305 147 2331 ἐκ
158 2303 213 2330 τῶν
229 2303 270 2334 εις
284 2301 443 2337 Μιτυλήνην
455 2301 544 2328 οὐσῶν
557 2299 628 2328 εἶναι
644 2301 816 2337 φρουρούσας
825 2302 900 2329 Καλ-

112 2349 206 2383 λονὴν,
230 2347 404 2382 ἀναστρέψας
428 2346 543 2382 ήλαυνεν
567 2346 610 2373 ἐπ’
626 2347 760 2379 ἐκείνους.
775 2347 845 2382 Ἤδη
870 2347 899 2374 δὲ

113 2394 263 2422 ἐπελάϐετο
275 2395 292 2429 ἡ
309 2393 364 2426 νύξ.
381 2393 491 2419 Λατῖνοι
505 2392 533 2419 δι
549 2392 589 2424 ὡς
604 2390 676 2419 εἶδον
687 2392 800 2427 βασιλέα
814 2401 899 2428 προσ-

114 2441 273 2473 ελαύνοντα,
292 2439 323 2466 τό
339 2447 369 2466 τε
394 2437 507 2474 φεύγειν
530 2438 632 2473 ἄπορον
655 2439 785 2474 ὁρῶντες,
806 2439 853 2466 καὶ
870 2439 900 2465 τὸ

113 2485 322 2519 διαγωνίζεσθαι
348 2485 491 2516 ἀδύνατον,
518 2483 622 2517 ἐξῶσαν
647 2484 688 2516 είς
709 2483 759 2520 τὴν
782 2484 833 2519 γῆν
849 2484 900 2517 τὰς

113 2534 191 2566 ναῦς,
204 2533 252 2560 καὶ
263 2532 341 2559 αὐτοὶ
358 2530 570 2566 καπκρὺϐησαν
588 2531 641 2558 ὑπὸ
659 2531 709 2566 τὴν
723 2529 802 2566 ὓλην,
816 2525 900 2565 συνη-

113 2580 213 2615 ριφοῦς
230 2577 278 2606 τοῦ
299 2578 566 2613 τόπου-πεφυκότος,
584 2577 643 2613 ἅμα
655 2577 684 2605 δὲ
704 2577 900 2613 συνεργοῦντος

114 2627 162 2653 καὶ
177 2625 225 2653 τοῦ
243 2625 368 2656 σκότους.
397 2624 453 2652 Καὶ
474 2625 523 2656 τὰς
549 2623 599 2659 μὲν
622 2625 747 2659 τριήρεις
770 2624 900 2652 εἵλκυσαν

114 2672 196 2702 κενὰς
210 2671 233 2697 oi
250 2670 396 2706 βασιλικοί.
415 2670 579 2701 ’Δποϐάντες
600 2678 630 2697 τε
654 2669 702 2696 καὶ
723 2669 901 2706 διερευνησά-

114 2725 189 2752 μενοι
203 2717 253 2752 τὴν
272 2717 389 2751 λόχμην,
413 2717 483 2751 ὑπὲρ
508 2717 618 2752 ἡμίσεις
648 2717 739 2743 αὐτῶν
762 2717 827 2748 τοὺς
851 2717 902 2751 μὶν

113 2762 291 2794 ἀπέκτειναν,
308 2763 372 2793 τοὺς
386 2761 414 2788 δὲ
427 2762 473 2788 καὶ
486 2760 559 2788 εἶλον
579 2761 694 2793 ζῶντας.
711 2763 789 2788 Ὂσοι
804 2762 832 2788 δὲ
848 2762 901 2789 ὑπὸ

115 2809 211 2840 σκότος
225 2807 398 2842 ἠδυνήθησαν
413 2807 567 2842 διαφυγεῖν,
583 2807 622 2838 εἰς
637 2807 794 2842 Μιτυλήνην
806 2807 902 2833 διεσώ-

115 2853 203 2889 θησαν
215 2853 286 2889 πρὸς
300 2852 364 2884 τοὺς
378 2852 505 2886 οἰκείους,
523 2853 654 2885 Βασιλεὺς
669 2853 698 2880 δὲ
713 2854 770 2881 ἐκεῖ
786 2852 900 2889 πιγκέρ-

949 2255 1039 2282 Latini
1063 2254 1102 2282 illi
1118 2254 1313 2290 imperatorem
1329 2254 1411 2282 allabi
1437 2259 1649 2289 cognoscentes.
1671 2255 1738 2290 quia

948 2300 1011 2337 fuga
1023 2307 1158 2337 nusquam
1169 2301 1290 2336 patebat.
1300 2305 1327 2328 et
1338 2305 1435 2329 contra
1449 2308 1571 2336 pugnare
1587 2308 1643 2329 non
1654 2300 1738 2329 dahae

951 2351 1005 2380 tur,
1017 2354 1102 2374 naves
1123 2346 1157 2373 ad
1183 2350 1283 2374 terram
1295 2346 1449 2381 appellunt,
1464 2351 1494 2374 et
1505 2346 1560 2381 ipsi
1578 2354 1609 2374 se
1623 2347 1651 2374 in
1668 2347 1736 2375 silva

949 2393 1084 2428 proxima,
1108 2392 1171 2420 loco
1186 2397 1286 2420 natura
1303 2392 1433 2421 umbroso
1460 2397 1487 2420 et
1501 2399 1599 2427 opaco,
1617 2393 1738 2421 tenebris

949 2442 1032 2470 etiam
1054 2449 1103 2470 eos
1127 2442 1321 2477 adjuvantibus
1346 2441 1531 2470 abscondunt.
1551 2441 1592 2470 Ac
1609 2442 1738 2470 triremes

949 2487 1062 2522 quidem
1076 2494 1177 2515 vacuas
1189 2487 1305 2515 Romani
1321 2487 1473 2520 trahentes,
1487 2487 1659 2515 descendunt
1675 2494 1682 2513 :
1694 2487 1738 2514 lo-

950 2540 1037 2567 caque
1051 2533 1183 2561 insidiosa
1196 2534 1371 2568 perscrutati.
1384 2541 1468 2569 supra
1478 2533 1626 2561 dimidium
1639 2541 1737 2561 eorum

950 2580 1050 2615 partim
1064 2579 1216 2611 trucidant,
1227 2579 1328 2614 partim
1338 2579 1461 2614 capiunt.
1473 2579 1526 2612 Qui
1541 2587 1588 2614 per
1599 2580 1728 2608 tenebras

951 2625 1073 2660 etl‘ugcre
1088 2629 1248 2660 potuerunt.
1266 2625 1413 2660 Mitylenen
1433 2625 1466 2652 ad
1482 2633 1548 2653 suos
1558 2625 1627 2653 salvi
1641 2633 1738 2661 perve-

952 2675 1063 2698 nerunt.
1090 2671 1254 2706 Imperator,
1280 2671 1414 2706 pincerna
1440 2671 1677 2707 Philanthropeno
1702 2672 1736 2700 ad

951 2716 1098 2752 Mitylenen
1121 2717 1240 2751 pedestri
1262 2722 1291 2744 et
1315 2717 1439 2752 equestri
1460 2725 1542 2745 manu
1559 2718 1736 2746 obsidendam

951 2762 1059 2795 relicto,
1073 2763 1216 2790 Phoctram
1230 2770 1342 2790 cursum
1356 2763 1484 2796 intendit,
1493 2764 1537 2791 cui
1555 2768 1620 2792 tunc
1632 2764 1737 2792 Odoar—

952 2808 1005 2836 dus
1019 2812 1146 2843 praeerat.
1174 2808 1205 2836 ln
1228 2808 1318 2838 Lesbo
1345 2809 1429 2844 igitur
1453 2809 1554 2842 relicti,
1569 2810 1669 2846 oppida
1686 2818 1738 2838 caa-

953 2859 1010 2882 tera
1032 2853 1066 2882 ad
1085 2862 1171 2883 unum
1189 2855 1217 2883 in
1242 2854 1412 2884 deditionem
1429 2855 1567 2891 rccipiunt
1586 2865 1592 2884 :
1611 2855 1739 2894 Mitylene
