1932 3089
178 178 240 210 519

785 177 947 208 JOANNIS
967 176 1228 208 CANTACUZENI

1755 175 1809 207 620

188 234 291 270 reginae
302 234 397 267 Anne,
409 233 516 270 conjugi
528 232 641 261 Joannis
651 232 782 269 dcspotm,
805 233 866 261 filiae
881 238 974 269 proto-

1028 242 1076 260 σαν
1095 234 1163 269 πρδς
1183 234 1296 260 Ἰωνίαν.
1308 233 1392 264 Αίιτὺς
1403 233 1432 259 δὲ
1440 232 1567 259 διενοεῖτο
1577 232 1615 264 ὡς
1626 232 1664 264 εἰς
1674 232 1810 267 Ἀκαρνα-

189 281 315 309 vestiarii
333 282 425 315 (quem
440 284 609 315 postremum
633 280 705 307 inter
721 280 900 315 imperatores
913 279 972 306 bel-

184 327 247 355 ιΙιιιη
260 326 432 362 potissimum
456 325 590 353 excitasse
606 325 763 360 docuimus)
778 330 805 352 et
817 324 973 359 Nicephoro

185 373 247 408 ejus
261 372 318 399 lilio
333 375 491 399 constanter
511 371 590 399 fidem
618 372 780 399 servandam
801 379 862 399 esse
877 378 974 398 cense-

187 418 264 444 bant.
281 416 364 452 304
383 416 437 444 Alii
463 421 572 449 contra,
589 417 782 452 imperatorem
799 417 911 444 omnino
930 423 973 443 re.

187 462 254 497 cipi,
270 470 303 490 ac
316 461 380 490 belli
397 466 549 490 sementem
568 463 626 490 tolli
648 462 787 490 volebant.
803 462 854 490 Cui
865 462 887 489 si
900 469 973 489 nunc

187 516 216 535 se
233 507 424 539 tradidissent,
451 511 480 535 et
493 508 646 543 regionem,
664 513 695 546 et
713 508 876 544 semetipsos
892 507 973 536 belli-

186 559 282 578 carum
294 551 470 579 miseriarum
494 551 632 579 immunes
657 556 878 583 conservaturos,
902 551 973 587 regi-

187 604 285 632 naque
308 604 340 624 ac
365 597 520 632 Nicephoro
547 598 607 632 ejus
627 602 709 633 gnato
741 597 923 625 conducibilia
939 597 973 625 ab

187 643 353 678 imperatore
374 643 528 678 petituros;
544 643 586 671 sin
605 643 638 670 ad
656 651 731 670 arma
757 644 894 674 veniatur.
917 643 974 678 pri-

189 696 263 715 mum
279 688 392 723 quidem
410 688 450 716 illi
469 689 601 717 resistere
635 696 690 716 non
716 697 806 724 posse.
825 697 878 717 non
893 690 974 717 modo

188 733 253 768 quia
263 734 416 760 exercitum
434 734 609 768 frequentem
625 733 755 766 adducat,
783 741 876 761 verum
891 734 973 761 etiam

188 779 320 813 quoniam
336 778 381 814 qui
396 778 434 806 illi
456 786 519 806 cum
532 779 620 813 copiis
636 783 773 810 occurrat.
787 779 890 814 quique
908 786 973 806 con-

188 827 229 851 tra
255 827 309 851 stet
332 830 412 850 nemo
427 824 474 854 sit.
495 823 652 858 Nicephoro
665 824 784 859 despota
802 824 857 851 lilio
872 831 974 851 annum

188 867 337 902 septimum
356 867 479 895 nondum
499 871 572 895 nato.
586 867 664 900 Quod
679 868 702 895 si
718 869 800 895 etiam
816 868 974 902 aliquandiu

187 917 328 948 sequeaut
344 912 502 945 defendere,
519 913 606 941 nihilo
623 913 683 948 plus
694 913 876 948 profecturos,
891 921 973 949 quam
991 902 1012 931 Β

188 963 218 986 ut
232 959 342 994 regione
357 959 507 991 devastata,
517 960 665 987 etcouciso
677 960 811 992 exercitu.
822 960 931 988 tandem
947 965 975 988 et

187 1006 250 1040 ipsi,
264 1013 318 1033 nou
336 1005 432 1033 iisdem
453 1006 555 1040 quibus
571 1014 659 1038 nunc,
683 1007 731 1034 sed
753 1007 833 1041 longe
846 1007 975 1034 intolera-

186 1052 332 1081 bilioribus
356 1052 574 1084 conditionibus,
592 1053 768 1088 imperatore,
786 1053 850 1088 quia
871 1053 974 1081 bellum

188 1098 347 1131 maluerint,
360 1098 511 1126 iratissimo
527 1099 698 1127 deditionem
716 1100 808 1127 facere
828 1105 972 1135 cogantur.

188 1145 252 1173 Haec
275 1145 330 1173 illis
345 1153 406 1181 quae
433 1146 567 1178 dicerent,
583 1151 776 1179 occurrerunt,
801 1147 975 1181 sperantibus

189 1199 244 1219 non
260 1192 312 1219 sibi
328 1192 416 1219 solum
447 1196 475 1219 et
491 1192 563 1224 aliis,
585 1192 632 1219 sed
644 1196 672 1218 et
686 1191 857 1226 imperatoris
871 1193 975 1219 studio-

189 1238 227 1265 sis
243 1237 287 1273 (ad
297 1245 366 1272 quos
393 1237 555 1265 clanculum
571 1244 685 1264 arcanas
699 1237 803 1265 litteras
816 1238 974 1271 missitarat,
986 1245 988 1247 ’

189 1290 246 1318 quo
262 1289 385 1317 tempore
400 1282 513 1310 Albanis
527 1283 732 1317 populationem
764 1284 974 1318 vastitatemque

191 1328 336 1363 inferebat)
364 1327 510 1355 consilium
527 1335 657 1362 prospere
670 1332 843 1355 eventurum.
856 1328 924 1355 Cum
935 1328 975 1356 sic

192 1374 286 1402 studia
309 1374 337 1400 in
356 1373 493 1400 contraria
515 1373 718 1405 scinderentur,
734 1373 838 1408 placuit
852 1373 885 1400 ad
904 1373 976 1409 regi-

191 1426 254 1447 nam
269 1426 379 1454 quoque
403 1418 520 1449 referre.
542 1422 572 1445 ut
583 1425 639 1453 quo
662 1419 719 1454 ipsa
733 1419 926 1454 propenderet,
941 1426 975 1447 eo

190 1473 285 1494 omnes
296 1469 487 1500 sequerentur.
497 1464 563 1498 Quae
571 1465 689 1500 primum
702 1466 799 1500 gratiis
809 1465 888 1498 actis,
902 1467 974 1501 quod

190 1521 245 1539 non
262 1511 372 1540 sibimet
382 1511 526 1544 duntaxat,
539 1511 585 1539 sed
603 1511 654 1546 ipsi
668 1519 780 1546 quoque
809 1517 836 1539 et
847 1512 907 1547 ejus
920 1512 975 1539 filio

1024 279 1082 304 νίαν
1099 279 1237 313 ἐμϐαλών.
1255 278 1316 305 Ἔτι
1337 278 1365 305 δὲ
1390 278 1460 305 κατὰ
1484 277 1517 304 τὰ
1535 276 1692 312 Βαλάγριτα
1706 276 1810 312 διατρί-

1024 323 1097 350 6οντι
1122 323 1202 358 λόγος
1225 324 1374 359 ’Δκαρνάσι
1397 323 1480 354 πολὺς
1504 318 1610 357 ἐγίνετο
1629 322 1694 357 περὶ
1712 321 1809 349 αὑτοῦ.

1023 370 1103 405 Φήμη
1121 369 1176 404 γὰρ
1203 369 1272 404 διῄει
1292 369 1328 400 ὡς
1344 369 1436 400 αὐτοῖς
1452 367 1674 403 έπιστρατεὺσει,
1702 367 1733 393 οι
1760 367 1810 401 μὲν

1024 415 1070 443 οὖν
1097 416 1134 451 μὴ
1161 415 1287 451 δέχεσθαι
1315 417 1375 446 ταῖς
1398 415 1508 442 πόλεσιν
1534 414 1639 449 ἠξίουν.
1669 413 1736 448 μηδὲ
1758 414 1810 447 τῆς

1025 461 1145 492 παλαιᾶς
1158 460 1265 491 εὐνοίας
1279 460 1328 495 τῆς
1343 460 1410 495 πρὸς
1427 460 1491 491 τοὺς
1512 459 1660 494 Ἀγγέλους
1673 459 1813 485 ἀποστάν-

1023 515 1083 539 τας,
1100 507 1183 534 πολὺν
1200 508 1250 543 ἠδη
1262 507 1358 543 χρόνον
1371 506 1505 542 ἄρξαντας
1519 506 1619 538 αὐτῶν,
1637 504 1689 532 ὑπὸ
1705 505 1814 540 βασιλεῖ

1025 553 1199 589 ὑποχειρίους
1227 553 1363 586 γίνεσθαι,
1390 553 1457 579 ἀλλὰ
1473 553 1505 588 τῇ
1529 552 1660 579 δεσπότου
1686 551 1812 578 Ἰωάννου

1024 598 1135 632 γυναικὶ
1162 599 1194 632 τῇ
1222 597 1365 633 βασιλίσσῃ
1396 598 1492 633 ’Δννῃ,
1518 597 1536 632 ἢ
1560 596 1813 631 πρωτοόεστιαρίου

1025 643 1151 678 θυγάτηρ
1164 642 1199 678 ἦν
1221 644 1391 679 Ἀνδρονίκου
1407 643 1453 670 τοῦ
1473 642 1667 676 Παλαιολόγου,
1687 641 1717 668 δν
1740 642 1813 668 ἰστο-

1026 688 1152 722 ρήκαμεν
1166 686 1213 714 τοῦ
1236 687 1304 722 πρὸς
1329 688 1461 723 ἀλλήλους
1477 687 1633 714 τελευταίου
1658 686 1712 712 τῶν
1731 685 1813 721 βασι-

1025 733 1094 759 λέων
1109 734 1230 768 πολέμου
1249 734 1366 769 μάλιστα
1378 734 1540 761 αἰτιώτατον
1555 733 1749 768 γεγενημένον,
1763 733 1813 759 καὶ

1026 779 1177 814 Νικηφόρῳ
1200 779 1240 811 τῷ
1257 780 1363 806 ἐκείνου
1388 779 1466 806 παιδὶ
1484 779 1534 814 τὴν
1551 779 1642 806 πίστιν
1657 780 1752 814 τηρεῖν
1767 778 1812 812 βε-

1025 824 1115 852 δαίαν.
1130 826 1162 852 Ol
1180 825 1207 852 δὲ
1232 826 1394 860 ἀντέλεγον¹
1419 827 1467 853 καὶ
1493 826 1549 853 δεῖν
1579 825 1753 852 ἐϐουλεύοντο
1767 825 1812 851 δέ·

1026 869 1120 904 χεοθαι
1136 869 1259 905 βασιλέα,
1278 870 1324 897 καὶ
1340 870 1378 906 μὴ
1393 871 1511 905 πόλεμον
1525 871 1624 898 κινεῖν.
1643 870 1812 905 Πρω-χωρή-

1028 924 1128 947 σαντας
1143 916 1197 950 γὰρ
1215 916 1263 943 νῦν
1274 916 1312 951 τῷ
1329 916 1446 951 βασιλεῖ,
1462 917 1512 953 τήν
1528 925 1557 943 τε
1573 917 1667 953 χώραν
1680 917 1814 951 διατηρή-

1028 969 1095 992 σειν,
1111 962 1158 988 καὶ
1176 963 1247 997 σφᾶς
1260 963 1360 994 αὐτοὺς
1375 963 1430 989 τῶν
1444 963 1477 990 ὲκ
1490 962 1538 990 τοῦ
1554 963 1674 998 πολέμου
1691 963 1813 997 ἄπειρά-

1026 1017 1086 1038 τους
1096 1009 1200 1040 κακῶν,
1210 1008 1257 1036 καὶ
1267 1008 1422 1046 βασιλίσσῃ.
1435 1009 1482 1036 καὶ
1491 1009 1640 1044 Νικηφόρῳ
1653 1009 1690 1044 τῷ
1701 1009 1813 1044 ἐκείνης

1028 1053 1104 1080 παιδὶ
1121 1053 1194 1090 παρὰ
1211 1053 1344 1089 βασιλέως
1357 1055 1390 1081 τὰ
1406 1055 1581 1091 συμφέροντα
1596 1055 1728 1089 αἰτήσειν.
1746 1055 1812 1081 Ἐάν

1026 1100 1053 1126 δὲ
1073 1100 1230 1127 καταστῶσι
1256 1101 1324 1135 πρὸς
1348 1100 1394 1127 τδν
1420 1101 1558 1135 πόλεμον,
1578 1099 1687 1136 πρῶτον
1710 1100 1760 1135 μὲν
1776 1100 1810 1126 οὗ

1026 1145 1187 1180 δυνήσεσθαι
1214 1145 1283 1181 πρὸς
1310 1145 1423 1180 βασιλέα
1449 1147 1641 1181 ἀντισχὴσειν,
1669 1146 1700 1173 οὐ
1727 1146 1812 1181 μόνον

1027 1190 1070 1217 διὰ
1089 1191 1118 1217 τὸ
1136 1190 1236 1227 πολλὴν
1259 1192 1337 1226 ἄγειν
1355 1192 1497 1228 στρατιὰν,
1524 1191 1582 1218 ἀλλ’
1608 1192 1649 1218 ὅτι
1671 1192 1718 1219 καὶ
1732 1192 1746 1218 ό
1760 1193 1811 1219 άν-

1026 1237 1254 1273 τιστρατηγήσων
1271 1237 1344 1272 αὐτῷ
1362 1238 1407 1264 καὶ
1435 1237 1503 1272 πρὸς
1528 1237 1574 1264 τὸν
1600 1237 1720 1273 πόλεμον
1735 1238 1812 1264 ἀντι-

1026 1283 1266 1318 καταστησόμενος
1281 1283 1331 1309 οὐκ
1351 1282 1421 1315 ἐστι,
1440 1283 1598 1319 Νικηφόρου
1612 1283 1659 1310 τοῦ
1678 1283 1811 1310 δεσπότου

1026 1328 1120 1360 παιδὸς
1135 1327 1212 1355 οὔπω
1228 1328 1276 1363 ἐτη
1292 1329 1362 1356 ἑπτὰ
1388 1329 1587 1364 γεγενημένου.
1604 1329 1635 1356 El
1653 1329 1682 1356 δὲ
1698 1330 1745 1357 καὶ
1760 1331 1810 1357 άνο

1026 1374 1151 1407 τιστῆναι
1162 1375 1322 1408 δυνήσονται
1335 1374 1403 1409 πρὸς
1412 1375 1516 1410 χρόνον,
1526 1375 1602 1402 οὐδὲν
1618 1375 1810 1410 λυσιτελήσειν

1027 1418 1119 1450 πλέον,
1136 1418 1152 1453 ἢ
1170 1419 1233 1445 ὅσον
1244 1419 1294 1454 τῆς
1314 1427 1343 1445 τε
1360 1419 1453 1455 χώρας
1473 1419 1626 1448 ἀναστάτου
1650 1421 1808 1454 γινομένης,

1026 1466 1074 1491 καὶ
1088 1465 1138 1499 τῆς
1151 1465 1282 1500 στρατιᾶς
1297 1465 1513 1502 διεφθαρμένης,
1527 1467 1684 1493 τελευταῖον
1703 1467 1812 1502 βασιλνῐ

1026 1513 1074 1539 καὶ
1089 1512 1188 1543 αὐτοὺς
1207 1512 1253 1538 ὑπ’
1270 1512 1394 1547 ἀνάγκης
1409 1514 1580 1548 προσχωρεῖν
1591 1533 1597 1544 .
1613 1513 1663 1540 οὐχ
1687 1513 1736 1540 ἐπὶ
1753 1515 1811 1545 τοῖς

191 1557 381 1592 providerent,
396 1562 472 1583 arma
480 1556 620 1589 dissuasit,
631 1557 731 1592 quibus
738 1565 792 1584 non
803 1562 895 1584 essent
904 1557 974 1584 bene

1027 1558 1117 1589 αὐτοῖς
1131 1556 1225 1592 ὥσπερ
1237 1557 1295 1589 νῦν,
1315 1557 1383 1584 ἀλλὰ
1397 1558 1502 1592 χείροσι
1528 1558 1628 1594 πολλῷ,
1643 1559 1712 1595 ὀργῇ
1730 1567 1813 1594 φερο-

188 1602 364 1632 defuncturi:
380 1602 490 1637 quando
503 1602 560 1637 ipsa
571 1602 606 1630 sit
614 1603 722 1636 mulier,
739 1603 810 1630 illius
821 1603 921 1635 infans,
935 1604 974 1630 illi

190 1653 301 1684 propter
319 1648 505 1683 interregnum
522 1647 690 1675 factionibus
701 1649 824 1676 distracti
851 1657 884 1676 ac
903 1649 975 1684 peri-

142 1699 145 1702 ‘
191 1696 258 1722 turi.
275 1695 377 1723 Verum
397 1694 432 1722 de
457 1694 524 1729 ipsis
538 1694 779 1729 prudentissimos.
796 1696 975 1730 gerendaque

190 1741 348 1776 reipublicae
362 1741 561 1769 scientissimus
585 1740 754 1776 deligendos,
776 1741 822 1776 qui
837 1741 871 1768 ad
889 1741 977 1776 impe-

190 1792 312 1814 ratorem
326 1786 420 1821 legati,
435 1789 550 1820 petant:
566 1786 698 1821 primum,
726 1791 756 1813 ut
773 1786 862 1822 magni
882 1787 976 1814 dome-

191 1833 253 1860 stici
268 1832 351 1859 ftliam
366 1831 521 1866 Nicephoro
539 1831 596 1858 ﬁlio
609 1838 659 1859 suo
672 1831 856 1866 despondeat;
870 1837 942 1867 post,
953 1832 975 1860 si

179 1879 251 1906 .tieri
277 1882 370 1913 queat,
396 1883 425 1906 ut
443 1885 493 1905 eos
517 1877 575 1905 suis
597 1877 721 1905 viventes
740 1878 847 1913 legibus
863 1886 975 1914 regnum

190 1924 381 1953 administrare
399 1932 449 1959 pro
462 1923 578 1950 arbitrio
598 1923 725 1958 patiatur.
737 1923 837 1959 Copias
857 1932 976 1959 praesen-

192 1976 232 1998 tes
248 1959 592 2004 traditurum-quibusom
607 1969 689 1997 vellet
704 1974 830 1997 uteretur
847 1979 854 1998 ι
874 1975 901 1998 et
918 1971 976 2005 ipse

191 2017 312 2044 vicissim
332 2017 355 2043 si
373 2016 413 2043 illi
441 2020 565 2050 egerent,
583 2015 715 2042 auxilium
731 2016 930 2051 suppeditaret.
947 2016 976 2044 Si

192 2063 235 2091 his
249 2062 453 2090 conditionibus
469 2062 577 2096 spretis,
595 2069 709 2096 regnum
733 2062 786 2090 sibi
811 2062 977 2090 omnimodis

193 2109 329 2144 subjicere
341 2108 531 2140 contenderet,
545 2108 637 2142 petitis
651 2116 712 2143 quae
727 2108 754 2135 in
771 2116 860 2141 suam,
873 2114 902 2136 et
916 2108 976 2141 ﬁlii,

192 2159 222 2182 et
240 2155 348 2183 illorum
365 2161 423 2180 rem
442 2153 507 2186 sint,
523 2154 548 2180 ei
563 2153 737 2187 cedendtm;
756 2162 791 2181 ne
806 2161 855 2189 per
866 2158 978 2182 conten-

195 2201 295 2228 tionem
321 2204 349 2228 et
366 2206 406 2231 se,
425 2204 454 2227 et
473 2199 613 2234 regionem
630 2199 798 2235 gravissimis
821 2200 885 2228 belli
904 2201 978 2228 cala-

196 2245 337 2272 mitatibus
357 2244 507 2272 invulvant.

1029 1603 1112 1638 μένου
1144 1603 1278 1639 βασιλέως
1302 1603 1372 1639 πρὸς
1400 1604 1498 1636 αὐτοὺς
1527 1604 1572 1632 διὰ
1602 1606 1647 1632 τὸν
1677 1605 1810 1641 πόλεμον.

1028 1649 1145 1676 Τοιαῦτα
1157 1649 1185 1675 δὲ
1198 1649 1290 1680 αὐτοῖς
1304 1649 1383 1684 ὲπῄει
1396 1649 1498 1684 λέγειν,
1515 1650 1544 1677 οὐ
1570 1651 1651 1686 μόνον
1673 1652 1811 1686 οἰομένοις

1028 1696 1136 1726 ἑαυτοῖς
1157 1704 1187 1721 τε
1205 1695 1318 1727 καὶτοῖς
1332 1695 1422 1727 ἄλλοις
1445 1696 1494 1731 τὴν
1524 1696 1622 1732 βουλὴν
1648 1697 1810 1732 λυσιτελεῖν,

1029 1741 1157 1769 ἀλλὰκαὶ
1180 1741 1213 1768 τὰ
1239 1741 1371 1777 βασιλέως
1384 1743 1552 1776 πράττουσιν
1575 1742 1686 1777 ἀφανῶς
1704 1742 1811 1778 (κρύφα

1028 1789 1072 1816 διὰ
1089 1789 1262 1824 γραμμάτων
1279 1789 1346 1824 πρὸς
1357 1789 1454 1820 αὐτοὺς
1470 1789 1658 1824 διειλεγμένου
1676 1789 1738 1815 καθ’
1750 1790 1813 1815 ὂσιν

1029 1835 1126 1870 χρόνον
1148 1834 1272 1871 ἐληίζετο
1293 1835 1338 1861 καὶ
1360 1835 1471 1870 ἐπόρθει
1502 1834 1669 1869 1Δλὸανούς).
1686 1833 1766 1862 Οὖτω
1789 1835 1813 1861 δ’

1029 1880 1170 1914 ἑκατέροις
1195 1880 1285 1910 αὐτοῖς
1311 1879 1516 1915 βουλευομένοις
1541 1879 1668 1914 ἀλλήλοις
1688 1880 1813 1912 ἐναντία,

1009 1939 1011 1941 -
1029 1926 1115 1952 ἐδόκει
1130 1926 1185 1952 δεῖν
1202 1925 1249 1953 καὶ
1265 1925 1407 1961 βασιλίσσῃ
1421 1925 1471 1960 τὴν
1485 1925 1583 1961 βουλὴν
1604 1926 1760 1953 ἀνατιθέναι
1775 1927 1815 1957 ὼς

1030 1972 1097 2000 ἄττα
1110 1972 1143 1999 ἂν
1157 1971 1246 1998 ἕλοιτο
1259 1972 1338 2006 αὐτὴ,
1354 1971 1583 2007 διαπραξομένων
1601 1972 1649 1999 καὶ
1664 1972 1757 1999 αὐτῶν
1768 1980 1777 1988 '
1797 1973 1814 2007 ὴ

1030 2018 1058 2044 δὲ
1076 2017 1172 2052 πρῶτα
1190 2017 1241 2052 μὲν
1254 2017 1389 2051 ὡμολόγει
1402 2017 1518 2052 χάριτας
1537 2017 1631 2047 αὐτοῖς
1648 2017 1759 2051 πολλὰς,
1776 2017 1816 2047 ὡς

1030 2064 1080 2099 οὐχ
1098 2063 1168 2098 ὑπὲρ
1194 2063 1300 2089 ἑαυτῶν
1330 2063 1423 2097 μόνον,
1440 2063 1509 2090 ἀλλὰ
1535 2063 1582 2090 καὶ
1600 2063 1686 2096 αὐτῆς
1703 2064 1749 2090 καὶ
1767 2063 1815 2089 τοῦ

1031 2109 1125 2140 παιδὸς
1152 2108 1281 2143 πρόνοιαν
1297 2109 1483 2143 ποιουμένοις.
1510 2109 1692 2136 Συνεὸούλευέ
1719 2118 1750 2136 τε
1778 2109 1818 2144 μὴ

1032 2156 1099 2190 πρὸς
1113 2154 1225 2190 βασιλέα
1243 2154 1364 2189 πόλεμον
1380 2155 1465 2181 κινεῖν
1479 2155 1517 2186 ὡς
1531 2156 1581 2181 οῦκ
1607 2154 1817 2186 ἀπαλλάξοντας

1032 2200 1136 2231 καλῶς,
1150 2197 1195 2226 οἶα
1213 2199 1246 2233 δὴ
1261 2199 1346 2234 αὐτῆς
1360 2200 1410 2234 μὲν
1424 2200 1509 2234 οὔσης
1523 2200 1662 2233 γυναικὸς,
1680 2199 1728 2226 τοῦ
1752 2207 1818 2225 παι-

992 2243 1019 2273 Ῑ)
1032 2246 1075 2277 δὸς
1091 2245 1121 2272 δὲ
1135 2246 1243 2279 νηπίου,
1267 2245 1358 2272 αὐτῶν
1371 2245 1399 2273 δὲ
1417 2245 1463 2272 διὰ
1484 2246 1534 2280 τὴν
1554 2247 1687 2281 ἀναρχίαν
1705 2254 1820 2272 στασια-

196 2292 296 2318 σὸντων
315 2291 384 2327 πρὸς
397 2291 530 2326 ἀλλήλους
560 2291 607 2318 καὶ
636 2292 907 2327 διαφθαρησομένων,
924 2293 993 2320 ἀλλὰ
1012 2293 1160 2328 πρεσϐείαν
1182 2293 1251 2328 πρὸς
1281 2293 1394 2327 βασιλέα
1417 2292 1549 2328 πέμπειν,
1574 2293 1636 2324 τοὺς
1664 2291 1818 2319 συνετωτά-

195 2347 256 2370 τους
275 2337 380 2365 ἑαυτῶν
394 2338 440 2363 καὶ
456 2337 572 2371 μάλιστα
587 2337 691 2369 εἰδότας
704 2338 847 2373 πράγμασι
860 2338 976 2372 χρῆσθαι
995 2338 1225 2372 ἁπολεξαμινουςθ
1257 2337 1305 2364 καὶ
1340 2337 1437 2372 πρῶτα
1451 2337 1501 2370 μὲν
1517 2337 1603 2364 αἰτεῖν
1619 2337 1670 2372 τὴν
1696 2338 1818 2372 μεγάλου

194 2384 355 2420 δομεστίκου
379 2384 517 2419 θυγατέρα
547 2384 695 2420 Νικηφόρῳ
717 2383 756 2418 τῷ
792 2384 901 2419 ἐκείνης
935 2383 1011 2410 παιδὶ
1029 2384 1195 2419 κατεγγυᾷν.
1213 2383 1341 2415 Ἔπειτα,
1358 2384 1383 2409 εἰ
1402 2383 1452 2418 μὲν
1475 2381 1530 2411 οἷόν
1554 2391 1584 2409 τε
1598 2381 1626 2419 ᾖ,
1648 2383 1819 2419 αὐτονόμους

194 2433 254 2467 ἔᾷν,
269 2431 318 2464 τὴν
344 2431 412 2459 ἰδίαν
436 2431 525 2467 ἀρχὴν
575 2431 722 2467 βούλωνται
746 2429 857 2456 διοικεῖν
884 2430 972 2457 αὐτοί.
993 2431 1128 2465 Στρατιὰν
1150 2429 1178 2456 δὲ
1214 2429 1346 2465 παρέχειν
1370 2429 1421 2464 ὃση
1460 2429 1593 2465 πρόσεστι
1619 2428 1821 2464 πολεμησείου-

197 2487 247 2506 σαν
269 2475 309 2510 οἷς
322 2478 356 2506 ἂν
371 2477 478 2505 κελεύοι
498 2477 637 2513 βασιλεύς.
655 2476 710 2504 Καὶ
723 2475 805 2502 αὑτὸν
828 2477 929 2511 ὁμοίως
958 2475 992 2503 ἄν
1010 2485 1052 2508 τις
1085 2476 1177 2507 αὐτοῖς
1204 2474 1279 2510 ἐπίῃ,
1309 2475 1472 2509 συμμαχίαν
1498 2475 1631 2510 πέμπειν.
1659 2474 1709 2501 Ἂν
1737 2475 1766 2500 δὲ
1783 2475 1820 2508 μὴ

196 2524 318 2558 βούλοιτο
333 2524 380 2551 ἐπὶ
394 2523 499 2554 τούτοις
533 2521 670 2558 βασιλεὺς,
685 2521 743 2548 ἀλλ’
758 2519 805 2554 ὑφ’
835 2519 925 2555 ἑαυτῷ
960 2520 1118 2546 παντάπασι
1139 2519 1342 2555 τὴν,ήμετέραν
1356 2519 1495 2546 ποιεῖσθαι
1528 2519 1616 2555 ἀρχὴν
1633 2519 1818 2554 φιλονεικοίη.

195 2571 300 2605 ὅσαπερ
315 2571 348 2597 ἂν
362 2569 454 2604 δοκοίη
467 2570 527 2604 ἐμοὶ
544 2577 573 2595 τε
590 2568 636 2594 καὶ
653 2568 702 2602 υἱῷ
719 2567 767 2594 καὶ
785 2567 849 2600 ὑμῖν
883 2565 1034 2592 λυσιτελεῖν
1048 2566 1259 2601 αίτησαμένους,
1290 2566 1340 2602 τῆς
1372 2567 1460 2601 ἀρχῆς
1483 2566 1597 2593 καὶτῶν
1608 2566 1717 2593 πόλεων
1731 2575 1820 2601 παρα-

195 2619 305 2653 χωρεῖν,
321 2611 368 2645 ιιαὶ
383 2617 421 2653 μὴ
437 2616 479 2643 διὰ
494 2615 662 2643 φιλονεικίαν
678 2612 788 2644 ἑαυτούς
808 2621 836 2639 τε
860 2612 907 2638 καὶ
925 2613 973 2646 τὴν
993 2611 1085 2646 χώραν
1117 2613 1171 2644 τοῖς
1188 2613 1220 2639 ἐκ
1258 2611 1306 2639 τοῦ
1328 2611 1449 2648 πολέμου
1469 2612 1566 2643 κακοῖς
1587 2611 1718 2648 ἐσχάτοις
1736 2620 1819 2649 περι·

193 2670 312 2697 ἢάλλειν.
