1932 3089
198 184 252 216 623

790 181 951 214 JOANNIS
970 180 1232 212 CANTACUZENI

1761 180 1817 213 ῡξι

198 241 367 273 consuleret,
381 241 477 268 obivit.
501 241 539 267 Ac
550 240 641 267 cmleri
659 239 771 275 quidem
788 247 884 267 omnes
897 239 982 273 impc-

1037 238 1133 272 μένους
1158 237 1222 273 παρ’
1238 237 1344 270 αὑταῖς,
1363 238 1454 273 τιμαῖς
1470 246 1498 265 τε
1525 238 1571 265 καὶ
1593 238 1735 274 προσόδοις
1756 240 1819 275 ἔτη-

199 287 296 315 ratoris
316 287 411 322 jugum
439 285 525 320 requis
549 286 649 312 animis
677 285 857 320 accipiebant.
874 284 980 318 Quibus

183 339 288 367 autem
310 339 389 360 antea
409 332 511 360 bellum
525 332 618 367 potius
632 331 763 360 arriserat
774 353 781 364 ,
796 340 811 358 a
833 332 917 359 rebus
929 338 981 358 no-

184 373 294 407 ‘vnndis
307 385 362 404 non
377 385 407 404 se
421 377 561 404 abstinere
577 381 704 411 poterant
719 376 981 410 :existimantesque

197 425 270 452 bello
286 431 315 451 se
333 423 476 454 valituros,
507 423 530 450 si
556 423 743 458 Nicephorum
760 429 877 457 puerum
903 421 981 456 prius

182 469 365 500 .cmisissent,
385 474 415 496 ut
431 473 459 497 et
483 468 535 504 ipsi
549 476 600 504 pro
615 476 648 496 eo
663 476 786 504 pugnare
811 468 980 500 videremur,

197 521 225 543 et
240 516 308 543 alios
332 515 367 543 ad
384 523 524 542 armorum
538 515 697 543 societatem
715 518 918 550 permoverent,
933 514 982 542 Ri-

199 560 333 589 ehardum
350 561 428 596 pueri
451 557 641 596 pazdagogﬁn,
666 565 694 588 et
710 561 778 588 alios
804 560 936 595 quosdam
948 567 981 587 eo

198 607 388 642 perpulerunt,
397 610 427 633 ut
435 606 618 642 Nicephorum
629 605 727 633 ducam
738 605 907 633 clandestina
918 606 981 640 l'uga

198 652 384 688 subducerent
401 660 408 678 :
423 659 504 686 quem
525 658 607 679 noctu
622 651 650 678 in
670 651 772 683 navim,
787 651 892 678 lonium
907 652 981 686 pela-

199 705 249 732 gus
266 697 444 732 traiecturum
468 697 626 732 imponunt,
654 703 682 724 et
697 697 730 725 ad
753 697 916 732 principem,
934 704 982 725 seu

199 743 339 770 dominam
354 741 530 769 Tarentinam
548 743 732 777 transfugiunt
749 743 816 778 (5i).
838 743 895 776 Qua
920 742 982 778 fuga

199 788 304 820 audita,
318 788 467 822 imperator
478 787 614 815 artiﬁcum
629 789 736 816 insidiis
753 789 870 816 necdum
889 790 984 824 cogni-

200 835 235 862 tis
247 838 274 861 et
287 837 398 869 propter
410 833 522 860 Tarenti
538 833 645 869 longam
663 834 697 861 ab
713 834 868 862 Acarnania
881 835 984 863 distan-

200 880 265 906 tiam
289 887 405 913 puerum
427 886 555 906 revocare
571 879 645 906 haud
664 880 747 914 potis,
763 880 874 915 paulum
900 880 978 908 urbi-

1035 284 1102 314 etot.-
1128 284 1174 310 καὶ
1196 283 1292 314 ἄλλαις
1319 283 1456 318 ἠμείψατο
1471 284 1651 318 εὐεργεσίαις.
1665 284 1819 320 Νικηφόρῳ

1031 338 1060 356 τε
1089 330 1128 364 τῷ
1150 329 1279 356 δεσπότου
1307 329 1383 356 παιδὶ
1413 330 1463 365 τὴν
1487 330 1607 365 μεγάλου
1649 331 1816 365 δομεστίκου

1033 375 1210 410 κατηγγύησε
1227 375 1377 410 θυγατέρα,
1394 375 1484 402 πάντα
1499 384 1528 402 τε
1551 375 1710 410 διαθέμενος
1727 377 1766 408 ὼς
1781 378 1816 404 ἂν

1032 421 1106 456 αὐτῷ
1131 421 1204 456 ἔχειν
1229 421 1329 456 ἄριστα
1348 421 1447 453 ἐδόκει,
1473 421 1521 453 τὰς
1541 421 1633 452 πόλεις
1657 422 1749 452 πάσας
1767 424 1818 457 τῆς

1039 466 1220 501 Ἀκαρνανίας
1255 467 1362 502 περιῄει
1395 467 1426 493 οὺ
1456 468 1537 502 μόνον
1563 467 1684 502 ἱστορίας
1714 468 1814 500 ἕνεκα,

1032 509 1109 536 οὔπω
1127 511 1260 545 πρότερον
1274 510 1417 546 ἑωρακὼς,
1435 512 1515 542 ἀλλὰ.
1526 512 1572 538 καὶ
1587 513 1717 548 προνοίας
1731 513 1816 545 ἀξιώ-

1036 565 1092 582 σων
1114 557 1164 591 τῆς
1185 557 1309 592 δεούσης.
1330 557 1362 584 Οἱ
1389 557 1438 592 μὲν
1456 555 1503 584 οὗν
1523 558 1597 584 ἄλλοι
1624 559 1724 588 πάντες
1747 559 1818 594 ήγά-

1035 595 1093 628 πῶν
1109 602 1161 628 ὑπὸ
1181 601 1292 636 βασιλέα
1311 603 1483 638 τεταγμένοι.
1501 601 1548 635 Οἷς
1573 604 1601 630 δὲ
1620 605 1668 630 καὶ
1687 604 1821 639 τρότερον

1034 647 1122 674 ἐδόκει
1144 648 1244 682 μᾶλλον
1269 649 1282 675 ὁ
1301 649 1418 684 πόλεμος
1438 649 1578 684 ρὶρετέος,
1605 651 1657 676 οὑκ
1678 650 1821 685 ἠνείχοντο

1033 694 1058 719 εί
1075 694 1111 727 μὴ
1128 694 1324 730 νεωτερίζοιεν·
1336 695 1455 729 οἰόμενοι
1469 695 1497 721 δὲ
1510 696 1601 727 αὐτοῖς
1617 695 1734 730 δύναμιν
1750 696 1819 730 πρὸς

1033 739 1080 766 τὸν
1099 739 1218 775 πόλεμον
1234 741 1375 776 παρέξειν,
1391 741 1436 767 τὸν
1450 741 1609 777 Νικηφόρον
1625 742 1671 768 τὸν
1684 742 1819 769 δεσπότου

1037 784 1119 811 παῖδα
1139 786 1271 820 πρότερον
1286 785 1424 819 ἐκθέσθαι,
1439 787 1476 819 ὡς
1489 787 1522 814 ἂν
1538 788 1616 815 αὐτοί
1632 797 1661 814 τε
1677 789 1748 824 ὑπὲρ
1769 788 1819 815 τοῦ

1035 829 1130 861 παιδὸς
1148 829 1253 856 δοκοῖεν
1273 831 1414 865 πολεμεῖν,
1443 833 1489 860 καὶ
1506 834 1568 865 τοὺς
1584 834 1682 866 ἄλλους
1697 835 1818 862 πείθοιεν

1036 875 1213 910 συναίρεσθαι
1230 877 1294 904 ὅταν
1311 879 1483 905 καταστῶσιν
1497 880 1537 912 εἰς
1555 880 1601 906 τδν
1621 881 1749 916 πόλεμον,
1772 882 1819 908 τὸν

201 927 253 953 bus
267 925 319 952 illis
333 925 503 956 immoratus,
515 928 543 952 et
554 925 581 951 in
595 925 714 960 singulas
729 914 891 960 praesidibus
905 926 983 953 insli-

1036 921 1082 948 τοῦ
1098 922 1194 954 παιδὸς
1221 923 1334 950 ἔπεισαν
1359 925 1532 959 παιδαγωγῇν
1554 914 1729 962 Ῥιτζάρδον,
1759 928 1822 961 ἅμα.

201 972 278 1004 tntis,
297 977 449 1005 eorumque
464 971 586 998 omnium
600 970 669 998 duce
692 975 887 1006 protostratore
899 971 985 1007 Syna-

202 1018 274 1046 deno
288 1017 439 1050 declarato,
452 1022 481 1045 et
501 1017 562 1044 aliis
576 1017 687 1045 demum
701 1018 829 1046 omnibus
841 1026 891 1052 pro
907 1018 983 1046 arbi-

201 1065 254 1091 trio
269 1062 478 1096 administratis,
494 1063 716 1091 Thessalonicam
730 1064 857 1092 discessit
881 1073 889 1091 :
915 1072 984 1100 gau-

199 1110 268 1137 dens
282 1109 374 1139 simul.
389 1117 421 1136 ac
435 1109 489 1136 Deo
514 1109 664 1144 gratulans,
682 1110 810 1144 quoniam
825 1110 897 1144 quod
907 1117 921 1137 a
931 1110 985 1137 Ro-

201 1163 281 1182 mano
301 1155 426 1189 imperio,
440 1154 522 1189 idque
537 1155 588 1181 sub
596 1154 698 1186 ,Alexio
719 1155 885 1190 Angelo(55)
900 1156 983 1183 semel

170 1224 174 1228 .
201 1201 389 1231 abstractum,
424 1198 517 1226 multis
547 1199 702 1233 sumptibus
732 1204 760 1226 et
785 1200 984 1234 del'atigaliom-

200 1247 252 1274 bus
275 1246 392 1281 maiores
417 1244 459 1271 sui
481 1244 661 1279 imperatores
678 1253 840 1280 recuperare
853 1246 983 1280 nequive-

199 1297 272 1325 rant,
288 1291 315 1319 id
329 1299 403 1318 nunc
423 1291 483 1317 sine
502 1290 608 1318 bellicis
631 1291 829 1319 offensionibus
852 1299 983 1326 prospero

200 1344 328 1365 successu
346 1335 478 1371 perﬁcere
495 1336 546 1363 sibi
563 1336 715 1364 annuisset.
727 1337 794 1364 Nam
811 1342 839 1364 et
856 1337 980 1369 Michael.

199 1382 246 1417 qui
258 1389 291 1409 ex
309 1380 466 1416 Palaeologis
481 1381 585 1416 primus
602 1381 755 1417 imperavit,
773 1381 931 1409 Acarnaniae
955 1387 983 1410 et

199 1427 347 1456 Thessaliae
357 1435 438 1455 causa
450 1428 530 1455 enixe
539 1427 685 1461 laboravit,
698 1428 744 1462 qui
754 1432 782 1455 et
790 1435 904 1464 magnos
911 1435 983 1463 sa‘pe

199 1479 365 1502 etstrenuos
379 1474 517 1501 exercitus
533 1474 703 1509 eximiosque
717 1474 802 1502 duces
821 1481 883 1502 cum
899 1476 982 1502 Acar-

199 1521 316 1548 nanibus
327 1524 354 1546 et
370 1519 511 1547 Thessalis
522 1519 709 1555 deprzeliando
724 1520 856 1555 perdidit,
871 1525 898 1547 et
921 1525 983 1555 post

199 1566 276 1593 illum
297 1565 473 1592 Andronicus
489 1565 570 1592 ﬁlius.
599 1565 667 1592 lluic
693 1570 785 1593 autem
805 1573 887 1601 parva
903 1566 980 1593 moli~
995 1578 1017 1608 ο

201 1610 285 1640 tione,
299 1613 326 1636 et
352 1608 422 1635 nihil
441 1608 504 1636 belli
529 1616 611 1636 eausa
633 1609 731 1636 durum
749 1609 910 1645 perferenti,
927 1618 980 1638 non

199 1656 287 1681 solum
311 1654 503 1686 Acarnaniam,
525 1653 572 1681 sed
596 1655 763 1682 Thessaliam
779 1663 888 1691 quoque
903 1656 981 1684 subi-

201 1707 274 1733 gere,
290 1703 316 1725 et
330 1698 496 1734 jampridem
515 1698 652 1733 sejunctas
664 1700 820 1734 provincias
836 1708 896 1728 cum
917 1700 983 1728 reli-

201 1752 257 1780 quo
282 1743 398 1779 imperio
416 1743 540 1771 Romano
559 1744 651 1771 denuo
673 1745 831 1773 consociare
859 1745 981 1781 contigit.

202 1791 282 1826 307
294 1791 378 1818 Paulo
392 1795 453 1826 post
466 1790 662 1826 Adrianopolin
680 1799 710 1819 se
719 1792 844 1825 contulit,
858 1792 902 1820 ubi
918 1793 980 1821 Mae-

201 1844 294 1864 sornm
322 1845 368 1864 rex
395 1837 547 1864 Alexander
567 1837 710 1865 verborum
724 1846 784 1873 quae
803 1839 983 1867 Rhosocastri

201 1885 233 1910 ad
249 1891 311 1911 eum
325 1891 406 1918 super
415 1883 545 1911 ailinilate
557 1883 709 1917 habuisset,
727 1886 885 1913 memoriam
897 1887 922 1913 ei
934 1894 984 1922 per

192 1925 302 1965 legatos
327 1930 532 1965 redintegravit,
561 1929 717 1965 certiorque
741 1930 799 1958 ﬁeri
825 1931 921 1964 voluit,
940 1939 984 1960 ec-

199 1977 264 2011 quid
284 1976 336 2003 hoc
348 1976 552 2004 matrimonium
569 1977 593 2004 ei
613 1977 688 2004 cordi
706 1982 789 2005 esset.
803 1977 914 2013 Legatio
926 1979 984 2006 haec

200 2022 360 2057 imperatori
373 2030 465 2057 parum
478 2022 599 2058 jucunda
612 2022 678 2056 fuit;
698 2023 779 2051 ﬁliam
794 2024 894 2059 quippe
906 2032 982 2053 suam

200 2068 274 2096 domi
295 2068 425 2100 retinere,
457 2075 540 2102 quam
567 2068 715 2096 Alexandri
739 2069 796 2096 ﬁlio
813 2070 841 2097 in
859 2078 984 2098 commu-

200 2114 311 2141 nionem
356 2112 407 2139 tori
446 2113 588 2139 transdere
631 2114 783 2147 maluisset,
821 2123 881 2142 cum
900 2117 984 2144 sciret

201 2159 312 2194 puellae,
337 2158 460 2185 moribus
470 2165 502 2185 ac
512 2158 617 2192 legibus
630 2158 732 2187 Graecis
757 2165 786 2188 et
800 2161 984 2197 imperatoriis

200 2205 334 2236 educatae,
352 2203 507 2230 convictum
526 2204 708 2232 barbarorum
724 2206 912 2235 delectabilem
927 2217 983 2237 non

1038 967 1085 993 καί
1103 971 1175 993 τισιν
1195 968 1312 1002 ἑτέροις,
1339 969 1498 1005 Νικηφόρον
1515 972 1559 998 τὸν
1578 972 1678 1000 δούκαν
1701 973 1820 1000 ὑπεκθέ-

1037 1012 1111 1043 σθαι,
1143 1013 1189 1038 καὶ
1215 1012 1421 1047 παραλαϐόντες
1456 1015 1569 1049 νυκτὸς,
1597 1016 1690 1043 πλοίου
1721 1026 1750 1044 τε
1772 1018 1820 1044 τὸν

1041 1057 1131 1084 Ἰίὶνιον
1149 1060 1348 1093 περαιουμένου
1372 1059 1531 1094 ἐπιϐάντες,
1550 1062 1590 1093 εις
1612 1063 1663 1098 τὴν
1678 1063 1820 1098 Τάραντος

1034 1102 1189 1138 κρατοῦσαν
1221 1105 1420 1140 πριγκίπισσαν
1442 1106 1628 1142 διαφεύγουσι.
1662 1109 1821 1145 Πυθόμενος

1034 1149 1062 1176 δὲ
1081 1150 1127 1176 τὸν
1157 1150 1276 1186 δρασμὸν
1296 1153 1309 1178 ὸ
1337 1152 1474 1188 βασιλεὺς,
1492 1155 1539 1182 καὶ
1555 1157 1625 1191 μήτε
1661 1157 1715 1183 τῶν
1738 1166 1820 1184 συνε-

1035 1197 1207 1224 σκευακότων
1226 1198 1275 1232 τὴν
1302 1199 1449 1235 ἐπιϐουλὴν
1463 1200 1551 1232 εἰδὼς,
1568 1202 1765 1229 ἀνακαλεῖσθαι
1786 1212 1818 1229 τε

1033 1242 1078 1268 τὸν
1102 1243 1183 1269 παῖδα
1199 1242 1237 1269 ὢν
1253 1244 1284 1270 οὐ
1299 1244 1422 1277 δυνατὸς,
1438 1245 1482 1273 διὰ
1501 1246 1531 1272 τὸ
1541 1246 1608 1274 πολὺ
1631 1247 1819 1283 ’Δκαρνανίας

1035 1287 1163 1322 Τάραντα
1184 1288 1367 1323 διεστηκέναι,
1380 1291 1424 1317 ἐπ’
1438 1291 1529 1325 ὀλίγον
1542 1293 1603 1324 ταῖς
1622 1293 1733 1321 πόλεσιν
1747 1295 1826 1322 enim

1033 1340 1094 1364 ναις
1110 1333 1285 1369 ὲνδιατρίψας
1314 1335 1360 1363 καὶ
1386 1337 1489 1368 πάσαις
1510 1339 1649 1373 ἡγεμόνας
1664 1340 1818 1376 ἐπιστήσας

1033 1376 1076 1411 ἐφ’
1092 1378 1206 1413 ἑκάστῃ,
1229 1379 1274 1406 τόν
1298 1388 1328 1406 τε
1345 1382 1577 1418 πρωτοστράτορα
1602 1383 1754 1420 Συναδηνὺν
1771 1386 1820 1413 ἐπὶ

1034 1421 1117 1448 πᾶσιν
1137 1422 1283 1455 ἀποδείξας
1306 1427 1470 1460 στρατηγλν,
1488 1427 1533 1452 καὶ
1549 1428 1572 1453 τ’
1585 1427 1652 1454 ἄλλα
1668 1431 1757 1456 πάντα
1780 1430 1820 1462 ὡς

1034 1466 1066 1492 ἃν
1083 1466 1157 1501 αὑτῷ
1174 1467 1262 1494 ἐδόκει
1279 1468 1496 1505 διοικησάμενος,
1521 1472 1591 1508 ἄρας
1615 1475 1720 1501 ἐκεῖθεν
1736 1473 1819 1511 ἦλθεν

1032 1512 1072 1543 είς
1090 1512 1307 1549 Θεσσαλονίκην,
1323 1516 1426 1551 χαίρων
1439 1517 1497 1552 ἃμα
1512 1519 1558 1544 καί
1570 1518 1629 1552 Θεῷ
1643 1520 1691 1554 τῆς
1703 1522 1820 1556 εὐεργε-

1034 1559 1093 1590 σίας
1119 1559 1233 1594 χάριτας
1249 1561 1401 1595 ὁμολογῶν,
1427 1562 1467 1588 ὅτι
1492 1563 1506 1588 ὃ
1526 1564 1634 1596 πολλοῖς
1654 1559 1817 1602 ἀναλώμασι

1033 1605 1080 1631 καὶ
1107 1605 1198 1637 πόνοις
1223 1606 1254 1631 ὲκ
1277 1606 1330 1633 τῶν
1354 1607 1472 1639 Ἀλεξίου
1486 1609 1532 1635 τοῦ
1556 1610 1685 1644 Ἀγγέλου
1714 1613 1817 1647 χρόνων

1032 1651 1082 1685 τῆς
1103 1651 1245 1686 Ῥωμαίων
1260 1652 1418 1687 ἀποτμηθὲν
1432 1655 1580 1689 ἡγεμονίας
1591 1657 1615 1682 oi
1627 1657 1724 1685 τούτου
1744 1660 1812 1694 πρό-

1033 1705 1106 1730 γονοι
1137 1697 1258 1731 βασιλεῖς
1286 1699 1481 1726 ἀνασώσασθαι
1513 1702 1562 1728 οὐκ
1591 1703 1716 1737 ἴσχυσαν,
1737 1705 1818 1732 τοῦτο

1035 1743 1083 1770 νῦν
1100 1744 1164 1771 ἄνευ
1181 1745 1308 1779 πολέμων
1323 1746 1369 1771 καὶ
1393 1745 1524 1772 κινδύνων
1540 1748 1661 1783 παρέσχε
1678 1751 1817 1786 κατορθῶ-

1035 1797 1090 1815 σαι.
1116 1790 1228 1824 Μιχαήλ
1257 1799 1286 1817 τε
1310 1791 1364 1825 γὰρ
1389 1793 1402 1818 ό
1432 1791 1540 1826 πρῶτος
1565 1794 1596 1819 ὲκ
1625 1794 1818 1831 Παλαιολόγων

1034 1835 1119 1870 ἄρξας
1153 1835 1255 1871 πολλὴν
1298 1836 1450 1870 ἐνεδείξατο
1470 1838 1599 1877 ,σπουδὴν
1635 1840 1819 1876 Ἀκαρνανίας

1035 1883 1117 1910 ἒν;κα
1146 1883 1192 1909 καὶ
1222 1883 1381 1916 Θετταλίας,
1401 1884 1449 1910 καὶ
1466 1887 1597 1919 στρατιὰν
1613 1885 1740 1914 ἀπώλεσε
1755 1889 1820 1916 πολ-

1035 1930 1083 1964 λήν
1098 1939 1126 1956 τε
1141 1930 1188 1956 καὶ
1203 1924 1323 1965 ἆγαθὴν,
1339 1931 1469 1962 πολλάκις
1483 1932 1529 1958 καὶ
1549 1931 1717 1968 θαυμασίους
1737 1943 1821 1970 στρα-

1034 1976 1147 2010 τηγοὺς,
1160 1975 1311 2010 Ἀκαρνᾶσι
1328 1977 1375 2003 καὶ
1387 1976 1530 2009 Θετταλοῖς
1545 1978 1681 2013 πολεμῶν,
1697 1981 1746 2006 καὶ
1760 1983 1819 2015 μετ’

1036 2021 1300 2057 αὑτὸνᾛνδρόνικος
1317 2023 1330 2047 ὀ
1354 2023 1423 2054 υἱός.
1441 2023 1533 2057 Τούτῳ
1547 2023 1574 2050 δὲ
1593 2024 1669 2059 ὀλίγα
1690 2034 1821 2061 πραγμα-

1035 2068 1196 2103 τευσαμένῳ
1221 2068 1269 2094 καὶ
1292 2068 1371 2094 οὐδὲν
1398 2069 1547 2097 ὑποστάντι
1571 2071 1615 2098 διὰ
1637 2071 1682 2097 τὸν
1701 2073 1821 2107 πόλεμον

1034 2108 1131 2146 δεινὸν,
1152 2114 1183 2139 οὐ
1209 2114 1288 2149 μόνον
1303 2114 1495 2149 Ἀκαρνανίαν,
1515 2116 1583 2143 ἀλλὰ
1600 2117 1648 2144 καὶ
1667 2117 1821 2146 Θετταλίαν

1035 2160 1176 2194 ἐξεγένετο
1205 2160 1435 2195 παραστήσασθαι
1455 2163 1501 2188 καὶ
1529 2164 1560 2197 τῇ
1590 2163 1671 2199 λοιπῇ
1700 2165 1822 2200 συνάψαι

1035 2207 1174 2242 ἡγεμονίᾳ
1189 2208 1222 2242 τῇ
1245 2206 1388 2241 Ῥωμαίων
1412 2207 1455 2233 ἐπ’
1476 2208 1549 2234 ἔτεσι
1568 2209 1676 2240 πολλοῖς
1690 2211 1822 2246 ἀποτμη-

201 2251 337 2279 futurum.
357 2249 462 2277 Tamen
481 2257 529 2277 eas
551 2250 660 2285 nuptias
684 2251 813 2279 Romana:
829 2254 983 2289 reipublicae

1038 2254 1131 2281 θέντα.
1147 2252 1268 2279 Ἐκεῖθεν
1280 2252 1309 2279 δὲ
1323 2253 1353 2279 οὺ
1371 2252 1438 2279 πολὺ
1455 2252 1568 2289 ὕστερον
1585 2251 1650 2290 ἧκεν
1664 2256 1702 2286 εἰς
1715 2243 1823 2291 Ἁδρια-

202 2299 425 2325 commodaturas
444 2295 602 2329 arbitratus,
618 2296 753 2331 virginem
774 2306 850 2325 suam
866 2299 984 2335 despon—

202 2342 419 2378 dit(56).Legati,
427 2341 500 2377 quod
508 2342 664 2377 imperatori
672 2343 810 2371 allinitalis
821 2346 988 2380 conjunctio-

201 2397 263 2418 nem
275 2388 438 2424 persuadere
450 2388 612 2423 potuissent,
627 2389 726 2423 gaudio
737 2389 850 2418 delibuti
867 2400 987 2421 recesse-

201 2440 282 2468 runt;
293 2434 350 2470 ipse
357 2433 515 2470 Byzantium
523 2434 582 2462 ﬁlia:
589 2435 697 2470 nuptias
704 2436 887 2466 adornaturus
895 2439 986 2468 rediit.

1035 2298 1165 2326 νούπολιν
1181 2307 1189 2314 ν
1208 2298 1374 2334 διατρίόοντί
1396 2307 1426 2325 τε
1443 2300 1501 2326 ἐκεῖ
1525 2301 1539 2326 ό
1555 2300 1609 2327 τῶν
1628 2301 1730 2328 Μυσῶν
1746 2302 1823 2337 βασι-

1035 2346 1098 2377 λεὺς
1122 2344 1308 2380 Ἀλέξανδρος,
1328 2345 1436 2380 ἔπεμψε
1459 2346 1609 2380 πρεσόείαν
1633 2343 1670 2374 ὧν
1687 2349 1759 2383 πρὺς
1775 2349 1822 2375 αὐ-

1036 2393 1080 2418 τὸν
1104 2394 1132 2418 ὲν
1155 2392 1355 2427 Ῥωσοκάστρῳ
1371 2393 1435 2426 περὶ
1450 2392 1497 2418 τοῦ
1511 2393 1610 2426 κήδους
1626 2393 1762 2429 διειλέχθη
1783 2395 1824 2421 λό-

1037 2447 1094 2472 γων
1121 2437 1350 2473 ἀναμιμνήσκων,
1373 2438 1431 2463 νυνί
1445 2446 1473 2464 τε
1490 2439 1514 2464 εἰ
1532 2439 1604 2465 κατὰ
1619 2439 1732 2475 γνώμην
1747 2441 1822 2475 αὐτῷ

823 2517 930 2548 Jacobi
949 2517 1080 2549 Pontani
1095 2522 1187 2548 notio.

237 2591 292 2625 (54)
303 2589 394 2625 Graece
401 2592 452 2625 est,
461 2588 500 2619 είς
511 2587 704 2625 τὴνέῖάραντος
714 2589 866 2625 κρατοῦσαν
875 2591 986 2625 πριγκί-

201 2623 311 2656 mm,
329 2632 363 2651 ex
385 2623 490 2655 Italico,
504 2623 598 2659 utalia
611 2623 712 2659 multa,
728 2623 903 2659 principessai
918 2623 984 2659 Qua:

200 2667 292 2689 autent
318 2660 376 2687 haec
399 2658 500 2686 mulier
524 2658 605 2685 vidua
629 2658 723 2692 fuerit,
741 2658 830 2694 capite
854 2658 981 2695 sequenti

203 2701 365 2724 CXDOIHLUI'.

399 2727 496 2765 Alexio
518 2727 622 2765 Angelo
640 2728 767 2765 iuniore,
780 2729 880 2765 rlsaaeii
912 2729 978 2763 ﬁlio,

199 2763 289 2802 quem'
305 2764 418 2802 Algidus
449 2763 573 2802 Angelus
582 2763 676 2802 frater
705 2764 861 2802 occiderat.
877 2765 988 2802 circiter

199 2798 301 2835 annum
316 2808 330 2827 a
348 2799 457 2827 Christo
471 2803 544 2835 _nato
561 2798 641 2835 1200,
665 2799 712 2826 sed
730 2807 822 2826 mense
835 2804 898 2833 post
909 2800 988 2828 resti-

200 2833 331 2863 tutionem
343 2842 419 2862 suam
433 2835 460 2860 in
471 2833 666 2868 imperiumvix
680 2840 776 2861 exacto
787 2835 988 2868 (restitutusest

200 2876 291 2898 autem
310 2870 461 2900 Gallorum,
482 2875 529 2895 seu
555 2869 747 2901 Flandrnrum,
769 2873 797 2895 et
820 2870 986 2896 Venetorum

203 2905 296 2940 armis)
311 2913 324 2932 ο
347 2903 518 2939 Murlzuphlo
531 2903 649 2938 quodam
668 2903 789 2938 ignobili,
802 2911 884 2937 quem
896 2908 985 2931 tamen

1039 2591 1073 2619 ad
1097 2598 1234 2619 summum
1250 2591 1391 2627 dignitatis
1417 2591 1531 2626 gradum
1559 2593 1823 2626 extulerat,fraude

1058 2634 1108 2653 uer
1124 2631 1238 2654 necatur
1251 2628 1321 2661 (erat
1336 2631 1426 2654 autem
1440 2634 1573 2654 annorum
1590 2628 1632 2661 l2)
1643 2637 1651 2661 ;
1661 2629 1726 2655 urbs
1739 2629 1823 2658 Gallis

1061 2661 1203 2698 enetis_que
1238 2661 1330 2688 dedita
1352 2665 1424 2698 ρει,
1448 2665 1475 2688 et
1495 2662 1653 2698 imperium
1691 2663 1822 2698 deinceps

1035 2703 1120 2732 penes
1141 2696 1261 2732 Francos
1274 2704 1322 2723 seu
1342 2696 1474 2723 Flandros
1491 2696 1554 2724 fuit.
1569 2697 1712 2732 Egnatius,
1725 2699 1776 2726 lib.
1792 2696 1820 2727 it.

1070 2731 1126 2765 (56)
1147 2731 1267 2758 Puellam
1286 2736 1342 2758 tum
1357 2738 1454 2767 novem
1470 2739 1558 2759 annos
1569 2731 1732 2767 explevisse,
1756 2735 1829 2761 arlo-’

1042 2765 1192 2802 lescenlem
1218 2774 1283 2793 vero
1308 2766 1477 2800 quindecim,
1500 2765 1661 2794 auctnr‘est
1674 2767 1821 2802 Gregoras.

1042 2800 1121 2828 Unde
1138 2801 1215 2827 ﬁrma
1241 2809 1292 2835 pax
1308 2801 1380 2828 inter
1403 2802 1539 2829 Romanos
1553 2807 1580 2829 et
1597 2802 1695 2829 Mmsos
1720 2800 1823 2830 consti-

1043 2840 1104 2871 tuta
1112 2835 1156 2862 sit.
1173 2836 1211 2862 De
1221 2836 1307 2870 puclla
1322 2836 1366 2862 vix
1381 2836 1456 2863 credi
1478 2842 1577 2871 potest.
1594 2837 1615 2864 A
1627 2838 1823 2870 iureconsultis

1040 2870 1152 2902 quidem
1182 2876 1290 2904 tempus
1307 2871 1412 2904 nuptiis
1431 2872 1559 2900 idoneum
1580 2872 1661 2899 annis
1675 2872 1822 2900 duodecim

1041 2905 1276 2933 circumscribitur
1293 2906 1319 2933 in
1335 2906 1447 2933 l'entiaa.
