1932 3089
173 115 229 147 C35

768 118 931 150 JOANNIS
953 116 1218 148 CANTACUZENI

1758 115 1812 148 636

177 173 316 207 Rhogum.
332 179 394 200 eum
405 172 532 201 Cabasila
551 178 663 200 acturus
679 174 760 202 redit.
776 175 828 209 Qui
852 175 962 211 paulum

1018 172 1270 208 ὶπαγγειλάμενος,
1294 173 1308 199 ι
1330 173 1353 199 δ’
1366 173 1405 206 εἰς
1429 173 1478 208 τὴν
1499 173 1590 206 πόλιν,
1610 172 1660 209 τὴν
1679 173 1812 209 δευτέραν

175 222 346 250 cunctati-5,4
363 223 506 254 postquam
532 219 600 247 vidit
625 228 688 247 eum
710 221 783 249 uolle
807 222 961 255 discedere,

179 271 291 291 rursum
315 271 453 299 egressus,
469 270 551 299 ponte
568 267 684 294 transito
697 267 731 294 ad
751 276 814 295 eum
827 269 961 302 accessit;

176 317 270 344 quem,
293 309 357 336 licet
380 311 460 346 longa
492 313 628 345 oratione,
652 313 820 342 domesticus
854 315 963 343 ﬂectere

175 363 230 381 non
256 355 355 389 potuit.
387 361 417 383 ut
445 365 473 384 se
503 358 654 394 urbemque
690 361 848 395 imperatori
881 361 964 390 dede-

175 403 230 431 ret,
265 404 355 427 tamen
381 402 503 429 animum
530 405 590 439 ejus
615 406 732 437 terruit,
758 414 792 433 ne
822 407 963 435 existima-

175 447 215 468 τρι
241 444 292 471 sub
318 444 485 479 imperatore
510 448 603 476 vivere
636 450 715 484 plane
743 451 962 487 desperatoru‘m,

173 487 254 524 313
275 499 324 518 nrc
347 492 490 520 obseesum
523 495 603 525 mori.
628 497 796 532 subjectione
818 500 964 534 optabilius

174 542 247 567 esse,
274 537 403 574 dictaque
418 540 516 574 salute,
541 549 602 568 cum
627 543 708 577 paulo
723 549 785 578 post
811 546 964 575 tertiumse

175 580 333 609 adfuturum
351 585 532 619 prredixisset,
553 592 668 623 uterque
682 598 737 624 quo
749 595 812 619 ante
836 600 866 620 se
885 601 963 621 rece-

176 633 288 662 perunt.
316 629 413 665 Lapsis
438 632 536 661 diebus
564 634 669 669 aliquot
692 636 780 668 adest,
803 642 906 666 etcum
932 647 965 668 eo

178 685 254 706 exrra
273 689 367 708 muros
388 682 432 709 die
449 691 624 719 consumpto,
643 688 788 720 persuadet
803 689 922 723 tandem,
937 695 966 719 ut

181 725 208 752 in
230 726 309 753 ﬁdem
337 727 510 762 imperatoris
531 732 598 759 urbe
614 733 712 760 tradita
730 735 830 762 veniat.
848 736 886 763 lla
905 745 967 771 per-

180 779 291 798 suasum
315 772 402 809 Rhegi
425 775 554 810 relinquit
573 786 579 802 :
598 779 655 812 ipse
674 781 708 806 ad
726 780 918 815 imperatorem
932 783 964 810 ad

178 818 271 846 Artatn
288 826 378 848 castra
397 821 555 856 habentem,
569 824 723 853 Cabasilam
742 827 867 862 Bltogum
882 829 964 856 tradi-

179 868 270 892 turum
295 866 473 894 nuntiaturus
500 869 540 896 ire
568 871 666 905 pergit.
689 871 718 899 In
745 872 842 900 itinere
870 874 915 902 ubi
931 875 965 902 ad

178 908 279 936 lentem
296 912 442 945 quemdam
463 921 533 948 aqua
548 915 645 950 frigida
664 925 695 944 ac
720 917 869 952 pellucida,
895 921 966 948 hau-

178 959 278 990 stuque
293 956 451 986 dulciSsima
467 965 621 989 manantem
638 964 724 996 venit,
736 965 879 998 placuitlab
888 967 966 1001 equis

178 1001 357 1036 descendere,
374 1010 402 1032 et
419 1013 518 1041 corpus
543 1009 605 1035 cibo
629 1011 755 1038 reﬁcere.
781 1011 964 1047 Descendunt,

178 1055 210 1074 ac
228 1051 390 1078 recumbunt
407 1060 413 1078 :
427 1060 477 1080 nec
503 1061 577 1081 mora
592 1054 682 1090 longa,
697 1060 725 1083 et
740 1057 891 1086 Cabasilam
905 1067 967 1093 pro-

179 1101 243 1126 pere
261 1094 465 1129 adequitantem
488 1099 693 1133 conspicantur.
715 1102 774 1134 Quo
791 1102 846 1136 jam
862 1103 964 1137 vicino,

179 1139 339 1174 priusquam
358 1143 472 1170 verbum
487 1144 593 1177 ederet,
607 1145 720 1179 Opinor,
738 1148 775 1175 ait
791 1156 902 1184 magnus
916 1150 967 1178 do-

180 1186 322 1216 mesticus.
345 1191 370 1214 te
386 1188 447 1214 aliis
463 1189 674 1224 quiritantibus,
690 1201 722 1220 ac
741 1194 853 1222 nimiam
879 1196 967 1223 facili-

181 1233 264 1256 tatem
281 1235 353 1258 tuam
373 1234 578 1266 accusantibus,
595 1237 667 1270 quod
683 1238 715 1264 ad
734 1247 788 1272 me,
809 1241 854 1274 qui
879 1241 966 1269 hostis

179 1283 240 1302 esse
258 1276 365 1308 videor.
381 1279 457 1306 nullo
474 1282 630 1309 securitatis
654 1283 769 1318 pignore
797 1291 849 1313 tam
871 1287 965 1315 incon-

179 1322 263 1355 sulto,
278 1327 443 1358 utapparet,
462 1325 554 1360 adeas,
577 1329 712 1356 volentem
741 1330 813 1358 facto
839 1333 897 1367 ipso
916 1333 966 1361 do—

180 1375 253 1399 cere,
271 1369 344 1403 quod
366 1379 418 1397 non
445 1372 582 1407 imperite,
600 1383 690 1410 neque
712 1377 893 1412 conﬁdenter,
917 1381 964 1408 sed

179 1415 265 1449 probe
293 1416 394 1450 sciens,
418 1419 462 1445 cui
487 1424 511 1446 te
538 1420 700 1454 credideris,
728 1427 756 1449 et
782 1424 826 1451 cui
842 1424 965 1453 ol‘ﬁcium

179 1468 227 1496 pra
235 1469 301 1492 stes,
312 1462 373 1490 illos
390 1465 499 1499 quidem
515 1474 577 1493 cum
593 1467 684 1495 stultis
698 1469 909 1504 cogitationibus
923 1480 966 1500 re-

179 1507 314 1542 linquere,
340 1514 368 1537 et
387 1510 420 1538 ad
433 1519 494 1544 nos,
509 1520 579 1547 quos
598 1514 659 1541 aliis
677 1515 811 1543 lideliores
823 1517 965 1552 iudicasti,

179 1553 320 1581 advenire.
348 1555 498 1590 Respondit
523 1558 675 1592 Cabasilas,
702 1561 755 1587 nisi
781 1563 886 1596 primus
908 1564 965 1599 ipse

179 1605 203 1631 p:
216 1601 240 1624 st
263 1605 406 1627 sermones
425 1601 511 1636 ltlnigi
538 1603 647 1632 habitos
668 1605 835 1639 advenisset,
856 1608 966 1637 difﬁcile

180 1644 351 1671 crediturum
371 1645 465 1679 fuisse,
487 1649 624 1676 neminem
643 1658 690 1678 eos
714 1652 816 1680 ibidem
831 1654 965 1683 dictorum

179 1690 307 1717 nuntium
324 1693 471 1726 accepisse.
489 1693 536 1721 His
549 1696 622 1722 enim
653 1696 719 1731 ipsis
745 1698 816 1726 inter
837 1707 889 1727 nos
905 1708 968 1735 pro-

179 1736 252 1768 latis,
267 1737 367 1772 inquit,
391 1739 493 1766 relictis
512 1739 565 1768 illis
582 1741 615 1768 ad
633 1746 658 1769 te
674 1743 783 1771 advolo.
800 1744 840 1771 Tu
856 1746 967 1774 noveris

179 1782 245 1815 quid
265 1790 309 1810 me
326 1783 415 1812 facere
443 1785 541 1813 melius
572 1787 608 1814 »ἱι
626 1797 633 1814 ;
652 1792 777 1817 terumne
797 1791 831 1817 ad
851 1790 968 1826 impera-

181 1833 268 1856 torem
285 1831 456 1864 progrediar,
483 1839 517 1858 an
543 1831 598 1864 hic,
628 1835 749 1868 quandtu
765 1836 882 1870 jusseris
899 1839 966 1866 sub-

180 1875 296 1902 sistam?
313 1876 368 1912 Ego
390 1878 477 1910 enim,
499 1880 571 1906 scias
597 1880 689 1914 velim,
719 1890 857 1917 nunquam
880 1884 968 1920 impe-

179 1921 264 1948 ratori
293 1930 335 1950 me
361 1922 551 1953 dedidissent:
594 1926 643 1953 sed
673 1928 903 1961 quemadmodum
928 1930 968 1958 illi

180 1967 315 2000 dixeram,
347 1969 427 2003 mori,
458 1979 538 2005 quatit
568 1971 593 1999 ei
618 1972 717 2006 subjici
741 1974 908 2003 maluissem.
939 1977 968 2005 ln

180 2020 275 2039 antore
289 2018 380 2041 autem
396 2014 435 2041 tui
451 2023 562 2049 prorsus
573 2024 615 2044 me
625 2022 808 2053 expugnatum
825 2020 968 2054 conﬁteor,

180 2063 384 2093 proptereaque
407 2067 450 2087 me
477 2060 565 2095 ipsum
593 2069 656 2087 cum
679 2062 788 2090 civibus
814 2064 968 2098 tradidisse,

181 2109 212 2130 ut
226 2104 361 2138 integrum
377 2105 426 2132 tibi
445 2106 481 2132 sit
505 2106 538 2132 de
556 2107 635 2133 nobis
652 2112 773 2135 statuere
791 2108 864 2142 quod
881 2109 968 2138 voles.

181 2149 295 2183 Magnus
309 2149 480 2177 domesticus
498 2156 552 2178 tam
578 2152 718 2179 benevola
746 2153 881 2181 voluntati
901 2155 969 2182 actis

181 2195 278 2229 gratiis
295 2195 461 2230 ingentibus,
481 2197 607 2231 Rbogum
625 2198 775 2226 Cabasilam
791 2200 923 2234 remittit;
938 2209 967 2228 se

179 2241 302 2268 crastina
322 2241 381 2268 luce
407 2249 469 2268 cum
495 2241 585 2269 denis
604 2243 741 2277 regalibus
755 2249 911 2278 venturum,
927 2244 967 2279 ip-

178 2294 298 2321 sumque
334 2291 362 2314 et
383 2291 497 2315 caeteros
514 2296 564 2322 pro
582 2289 748 2323 imperatore
761 2290 788 2316 in
805 2294 966 2324 potestatem

178 2337 371 2367 accepturum.
386 2333 453 2361 Inde
468 2334 501 2361 ad
518 2335 709 2368 imperatorem
727 2336 824 2368 tendit,
839 2336 872 2364 de
885 2337 968 2364 Caba-

178 2375 235 2405 sila
268 2383 296 2406 et
324 2378 421 2414 [Πιοεο
458 2380 688 2414 quemadmodum
720 2389 749 2408 se
781 2381 966 2415 tradidissent,

179 2429 382 2452 commemorat
397 2434 403 2451 :
417 2432 569 2461 nactusque
585 2427 774 2454 auctoritatem
798 2434 969 2462 quaecunque

180 2470 254 2504 iusta
279 2474 306 2496 et
331 2473 476 2499 commoda
502 2472 616 2500 duceret
643 2473 670 2500 in
696 2473 758 2500 illos
782 2472 969 2500 beneﬁcentiae

183 2523 265 2542 causa
280 2516 448 2549 conferendi.
462 2518 507 2546 die
522 2519 647 2554 sequenti
661 2519 786 2554 Rhogum
802 2519 853 2546 init
866 2527 873 2553 ;
887 2527 969 2553 quem

184 2561 283 2597 [illogii
306 2564 375 2591 urbe
390 2565 522 2592 transdila
539 2565 679 2600 accipiunt
694 2575 700 2599 ;
722 2566 780 2601 ipse
796 2565 868 2593 dona
885 2565 972 2600 impe—

183 2609 294 2642 uteris,
323 2613 352 2637 ut
378 2618 487 2646 quoque
512 2612 623 2647 dignum
649 2616 718 2645 erat,
745 2612 897 2644 distribuit,
927 2619 970 2639 as-

185 2656 358 2690 sumptisque
375 2665 493 2691 quorum
522 2658 593 2684 inter
619 2665 666 2685 eos
697 2658 836 2692 praecipua
863 2657 972 2692 vigebat

184 2702 366 2736 exstirpatio,
381 2704 516 2739 simulque
532 2703 654 2732 Cabasila
677 2704 759 2740 315.
779 2705 971 2739 imperatorem

188 2747 263 2780 adit;
277 2749 376 2783 quibus
398 2757 427 2777 se
442 2750 620 2778 adorantibus
643 2750 897 2785 subiectionemque
910 2756 973 2784 pro-

189 2793 332 2823 ﬁtentibus
346 2801 487 2824 mansueta
507 2804 539 2824 ac
553 2797 606 2824 leni
624 2797 748 2823 oratione
772 2795 922 2829 respondit.
945 2798 973 2821 et

192 2848 240 2873 pro
257 2841 408 2870 mutatione
425 2842 452 2869 in
479 2842 576 2870 melius
604 2841 737 2871 laudatos.
761 2840 794 2868 ad
808 2848 836 2866 se
857 2839 971 2873 diligen.

1015 218 1163 253 συντυχίαν
1190 218 1398 253 ἀπειπάμενος,
1424 218 1571 247 διελύοντο.
1592 219 1637 251 Ἐς
1660 219 1758 254 τρίτην
1781 219 1811 246 δὲ

1014 265 1122 299 ἡμέραν
1137 266 1150 291 ὁ
1167 264 1253 298 μέγας
1269 264 1430 298 δομέστικος
1445 263 1524 296 αὖθις
1538 263 1622 300 ἦλθεν
1636 266 1676 296 είς
1693 265 1791 299 Ῥωγὼ
1801 285 1811 299 ,

1014 310 1061 336 ἐπὶ
1076 309 1114 344 τῷ
1133 309 1276 345 Καὸασίλα
1294 309 1373 342 αὖθις
1391 310 1583 344 συγγενέσθαι.
1605 310 1633 336 '0
1651 310 1675 336 δ’
1688 310 1811 337 ἀναϐαλ-

1013 355 1127 390 λόμενος
1151 356 1197 382 ἐπὶ
1225 355 1334 390 μικρὸν,
1357 356 1419 382 ἐπεὶ
1442 356 1492 382 οὐκ
1515 357 1702 391 ἀφιστάμενον
1725 357 1810 391 ἑώρα,

1014 402 1129 434 ἐξελθὼν
1150 402 1198 429 καὶ
1220 401 1309 434 αὖθις,
1328 401 1378 436 τήν
1398 410 1427 429 τε
1450 402 1572 436 γέφυραν
1590 402 1697 434 διαϐὰς,
1719 404 1760 434 είς
1782 403 1812 429 ἓν

1015 449 1090 484 αὐτῷ
1112 449 1254 484 συνῆλθεν.
1274 449 1332 483 Ἐφ’
1347 449 1438 475 ίκανόν
1459 457 1487 475 τε
1508 450 1522 475 ὁ
1543 449 1630 484 μέγας
1649 449 1812 484 δομέστικος

1016 495 1091 530 αὒτῷ
1106 495 1267 531 διαλεχθεὶς,
1287 496 1378 522 πεῖσαι
1398 495 1447 530 μὲν
1463 495 1513 522 οὐκ
1531 495 1624 530 ἴσχυσε
1642 496 1811 532 προσχωρῆ-

1017 550 1062 568 σαι
1089 541 1194 577 βασιλεῖ
1218 542 1265 568 καὶ
1290 542 1339 576 τὴν
1364 542 1441 568 πόλιν
1467 541 1655 577 παραδοῦναι·
1682 543 1759 577 ὅμως
1782 543 1811 569 δὲ

1015 586 1147 613 διέσεισεν
1164 587 1247 613 αὑτοῦ
1264 587 1328 618 τοὺς
1345 586 1492 621 λογισμοὺς
1508 586 1555 612 τοῦ
1574 587 1612 622 μὴ
1630 587 1682 613 τῶν
1699 587 1811 621 ἀπηγο-

1018 632 1158 667 ρευμένων
1174 633 1331 659 παντάπασι
1347 633 1376 658 τὸ
1392 633 1443 658 ὑπὸ
1458 632 1572 668 βασιλέα.
1586 632 1692 659 οἴεσθαι
1706 633 1808 664 τελεῖν,

1020 679 1085 713 μηδ’
1098 678 1279 714 αἱρετώτερον
1295 679 1422 713 ἡγεῖσθαι
1436 679 1484 714 τῆς
1499 677 1622 710 δουλείας
1639 679 1669 706 τὸ
1684 679 1808 714 ἀποθνή-

1017 732 1093 752 σκειν
1111 725 1368 760 πολιορκουμένους.
1386 725 1592 759 Συνταξάμενος
1609 726 1637 752 δὲ
1655 726 1742 760 αὐτῷ,
1760 726 1808 752 καὶ

1016 768 1094 802 αὖθις
1106 770 1182 805 ἥξειν
1195 771 1333 806 προειπὼν
1346 772 1403 807 μετ’
1414 772 1444 798 οὐ
1458 771 1536 804 πολὺ,
1548 772 1560 797 ὁ
1571 771 1620 806 μὲν
1632 772 1672 802 είς
1683 772 1712 798 τὸ
1726 780 1812 807 στρα-

1017 817 1139 850 τόπεδον,
1152 819 1165 844 6
1176 817 1204 844 δὲ
1217 819 1256 849 εἰς
1268 819 1317 853 τὴν
1329 818 1408 845 πόλιν
1419 818 1607 853 ἀνεχώρησαν.
1621 817 1690 845 Μεθ’
1701 819 1811 853 ἡμέρας

1017 862 1045 888 δέ
1061 871 1138 894 τινας
1159 863 1206 890 καὶ
1228 863 1306 895 αὖθις
1329 863 1486 898 προσελθὼν
1503 864 1549 890 καὶ
1573 863 1809 898 συνδιημερεύσεις

1017 908 1093 943 αὐτῷ
1110 908 1162 941 ἔξω
1179 910 1317 945 γινομένῳ
1333 910 1387 936 τῶν
1404 910 1513 944 τειχῶν,
1531 910 1624 936 ἔπεισε
1644 910 1810 945 προσχωρῆο

1018 963 1064 981 σαι
1077 955 1194 989 βασιλεῖ,
1207 955 1255 982 καὶ
1267 955 1316 991 τὴν
1332 956 1408 982 πόλιν
1422 955 1600 990 παραδοῦναι.
1617 955 1694 982 Ἐπεὶ
1707 955 1735 982 δὲ
1750 955 1810 990 εἶχε

1017 1001 1210 1035 πεπεισμένον,
1222 1001 1302 1028 αὐτὸν
1317 1002 1366 1036 μὲν
1391 1002 1420 1028 ὲν
1439 1001 1535 1036 Ῥωγοῖ
1548 1001 1695 1028 κατέλιπεν
1707 1001 1789 1033 αὖθις
1801 1010 1808 1017 ·

1017 1045 1097 1074 αὐτὸς
1112 1045 1139 1072 δὲ
1156 1046 1223 1081 πρὸς
1239 1046 1351 1081 βασιλέα
1367 1047 1443 1080 παρὰ
1459 1047 1508 1080 τὴν
1522 1047 1626 1081 ’Λρταν
1642 1047 1810 1081 ἐστρατοπε-

1017 1091 1140 1125 δευμένω
1157 1093 1198 1119 ὅτι
1216 1092 1375 1128 παραδιδοίη
1393 1092 1550 1123 Καὸισίλας
1568 1093 1664 1126 Ῥωγὼ
1681 1094 1810 1128 ἀπαγγε-

1016 1137 1070 1164 λῶν
1087 1137 1206 1172 ἑχὼρει-
1224 1137 1344 1165 ὁδεύοντι
1366 1138 1394 1165 δὲ
1416 1138 1502 1172 αὐτῷ,
1522 1139 1583 1165 ἐπεὶ
1602 1139 1714 1173 ἐγένετο
1735 1140 1810 1167 κατὰ

1015 1191 1076 1209 τινα
1093 1183 1185 1218 πηγὴν
1198 1184 1301 1219 ψυχρὸν
1316 1184 1373 1218 ἅμα
1385 1185 1499 1219 ῥέουσαν
1516 1185 1562 1211 καὶ
1577 1184 1673 1217 διειδὲς
1690 1186 1737 1212 καὶ
1747 1187 1810 1222 ἥδι-

1018 1236 1079 1255 στον
1095 1229 1183 1262 πιεῖν,
1201 1229 1288 1257 ἐδόκει
1303 1230 1358 1256 δεῖν
1375 1230 1429 1257 τῶν
1447 1231 1538 1257 ἵππων
1556 1231 1726 1263 ἀποῆἀντας,
1744 1232 1810 1268 ἄρι-

1017 1281 1080 1299 στον
1093 1273 1213 1308 ἑλέσθαι,
1227 1276 1272 1302 καὶ
1287 1275 1440 1308 ἀποϐάντες
1455 1277 1654 1304 κατεκλίνοντο.
1669 1278 1747 1305 Μετὰ
1763 1287 1811 1312 μι-

1017 1319 1082 1355 κρὸν
1092 1320 1120 1347 δὲ
1133 1321 1179 1347 καὶ
1190 1321 1203 1346 ὸ
1217 1321 1375 1354 Καϐασίλας
1389 1323 1489 1358 σπουδῇ
1500 1324 1590 1355 ὡρᾶτο
1603 1323 1808 1358 προσελαύνων,

1016 1366 1064 1392 καὶ
1078 1366 1172 1401 ἐπειδὴ
1186 1368 1267 1401 ἐγγὺς
1281 1365 1326 1403 ἦν,
1342 1368 1406 1403 πρίν
1419 1377 1446 1394 τι
1461 1368 1628 1402 φθέγξασθαι
1643 1369 1736 1402 αὐτὸν,
1747 1371 1810 1396 Ofo-

1018 1421 1079 1448 μαι,
1093 1414 1107 1439 ὸ
1122 1413 1208 1448 μέγας
1221 1414 1380 1448 δομέστικος
1395 1411 1467 1446 εἷπε,
1484 1415 1525 1440 σοὶ
1537 1415 1591 1441 τῶν
1605 1415 1722 1449 ἑταίρων
1737 1424 1809 1451 pay.-

1017 1458 1157 1493 φομένων,
1181 1459 1227 1485 καὶ
1250 1459 1352 1495 πολλὴν
1375 1459 1600 1494 κατηγορούντων
1620 1461 1808 1488 εὐκολίανὸτι

1019 1505 1086 1539 πρὸς
1102 1504 1151 1538 ἐμὲ
1168 1505 1297 1539 πολέμιον
1312 1505 1443 1533 δοκοῦντα
1461 1503 1530 1532 εἶναι
1541 1527 1547 1538 ,
1567 1507 1650 1541 μηδὲν
1665 1507 1735 1542 ἔχων
1749 1509 1809 1534 Evs-

1017 1559 1100 1586 χυρον
1116 1550 1276 1583 ἀσφαλείας,
1293 1551 1503 1584 ἀπερισκέπτως
1516 1551 1587 1579 οὕτω
1598 1552 1629 1578 τὸ
1641 1552 1736 1579 δοκοῦν
1750 1562 1810 1588 φοι-

1016 1598 1064 1633 τᾷς
1073 1617 1080 1628 ,
1096 1596 1236 1632 βουληθεὶς
1249 1597 1339 1633 ἔργοις
1354 1598 1492 1631 ἀποδεῖξαι
1506 1599 1543 1630 ὡς
1556 1600 1606 1626 οὐκ
1619 1599 1733 1635 ἀμαθῶς
1744 1600 1809 1627 οὐδὲ

1017 1643 1150 1678 θρασέως,
1166 1643 1223 1670 ἀλλ’
1237 1641 1264 1671 εὖ
1279 1644 1357 1676 είδὼς
1371 1641 1446 1678 ᾧτινι
1463 1644 1601 1676 πιστεύεις
1617 1648 1742 1679 σεαυτὸν,
1773 1647 1810 1673 τὰ

1017 1690 1109 1717 δέοντα
1124 1692 1221 1723 ποιεῖς,
1236 1690 1357 1721 ἐκείνους
1373 1691 1422 1725 μὲν
1436 1690 1597 1717 καταλιπεῖν
1610 1691 1714 1725 ἀνόητα
1728 1691 1809 1717 ἐνθυ-

1019 1737 1188 1770 μουμένους,
1208 1737 1275 1771 παρ’
1288 1737 1362 1772 ἡμᾶς
1379 1736 1407 1763 δὲ
1424 1736 1520 1772 ἥκειν,
1538 1736 1584 1768 οὒς
1601 1736 1734 1770 κέκρικας
1753 1737 1809 1764 τῶν

1017 1782 1105 1810 ἄλλων
1134 1783 1235 1816 μᾶλλον
1264 1783 1450 1818 πιστοτέρους.
1470 1782 1499 1808 ’0
1523 1783 1544 1809 δ’
1562 1784 1585 1809 εί
1615 1783 1652 1818 μὴ
1680 1782 1808 1818 πρῶτος,

1018 1828 1148 1862 ἔφασκεν,
1166 1829 1247 1860 αὐτὸς
1262 1828 1360 1863 ἀφῖκτο
1378 1829 1447 1863 μετὰ
1462 1828 1524 1860 τοὺς
1540 1829 1598 1854 ἐκεῖ
1614 1828 1747 1863 ῥηθέντας
1763 1829 1810 1855 λό-

1018 1883 1095 1909 γους,
1116 1875 1147 1901 οὺ
1170 1874 1313 1902 πιστεῦσαι
1335 1874 1367 1901 ἂν
1388 1874 1486 1910 ῥᾳδίως
1509 1875 1547 1908 μὴ
1569 1874 1628 1901 τινὰ
1647 1874 1701 1900 τῶν
1721 1875 1810 1908 λόγων

1019 1922 1132 1948 ἐκείνων
1153 1921 1270 1955 ἄγγελον
1295 1920 1393 1948 ἐλθεῖν.
1417 1921 1524 1948 Τούτων
1550 1922 1603 1955 γὰρ
1628 1921 1718 1947 αὐτῶν
1743 1921 1810 1955 ἡμῖν

1018 1970 1088 2002 πρὸς
1105 1966 1235 2002 ἀλλήλους
1252 1967 1405 2002 εἰρημένων
1415 1987 1423 1999 ,
1441 1966 1599 1994 καταλιπὼν
1613 1967 1713 1997 αὐτοὺς
1724 1986 1733 1998 ,
1749 1967 1810 2001 ήκω

1020 2013 1095 2048 παρὰ
1110 2013 1138 2038 σέ
1152 2022 1157 2027 ·
1173 2013 1253 2044 αὐτὸς
1267 2013 1288 2039 δ’
1301 2013 1334 2039 ἂν
1347 2013 1447 2047 εἰδείης
1471 2014 1486 2040 ὅ
1506 2022 1532 2039 τι
1560 2014 1689 2048 πράττειν
1704 2012 1810 2047 βέλτιον

1019 2059 1070 2094 ὲμέ
1083 2066 1091 2073 ·
1108 2059 1154 2086 καὶ
1172 2059 1187 2094 ἦ
1204 2060 1271 2094 πρὸς
1287 2059 1398 2094 βασιλέα
1413 2059 1490 2094 ἥκειν
1505 2059 1564 2094 ἅμα
1581 2059 1639 2092 σοὶ,
1655 2059 1671 2093 ἦ
1690 2058 1809 2086 ἐνταῦθα

1022 2106 1124 2140 μένειν,
1139 2105 1218 2141 ἄχρις
1235 2105 1268 2132 ἂν
1284 2105 1363 2136 αὐτὸς
1380 2105 1504 2141 κελεύῃς.
1524 2104 1594 2139 Ἐγὼ
1610 2105 1674 2140 γὰρ,
1691 2103 1721 2132 εὖ
1741 2105 1807 2138 ἴσθι,

1021 2140 1127 2186 βασιλεῖ
1145 2151 1194 2185 μὲν
1222 2152 1272 2178 οὐκ
1289 2151 1321 2178 ἄν
1339 2159 1402 2177 ποτε
1421 2140 1632 2186 προσεχώρησα,
1650 2150 1722 2183 ἀλλ’,
1740 2152 1810 2186 ὅπερ

983 2193 1006 2223 D
1019 2197 1087 2231 ἔφην
1103 2196 1170 2232 πρὸς
1186 2197 1303 2230 ἐκεῖνον,
1320 2197 1419 2231 μᾶλλον
1435 2197 1468 2223 ἃν
1484 2197 1630 2223 ἀποθανεῖν
1645 2196 1776 2232 εἱλόμην,
1791 2197 1808 2232 ἢ

1018 2243 1115 2278 ἐκείνῳ
1128 2243 1282 2278 ὑποχείριος
1295 2242 1440 2276 γενέσθαι·
1453 2242 1502 2277 τῆς
1517 2242 1566 2277 σῆς
1579 2242 1606 2268 δὲ
1621 2242 1711 2276 φιλίας
1724 2243 1809 2278 ἡττῆα

1020 2288 1082 2316 σθαι
1094 2289 1169 2324 παρὰ
1182 2289 1249 2315 πολὺ
1260 2287 1383 2322 ὁμολογῶ
1392 2296 1398 2302 ·
1411 2288 1459 2314 καὶ
1469 2288 1562 2314 τούτου
1573 2296 1605 2322 γε
1616 2288 1699 2314 ἕνεκα
1720 2289 1810 2323 ἐμαυ-

1018 2336 1064 2361 τόν
1079 2343 1108 2361 τε
1127 2335 1173 2361 καὶ
1191 2335 1301 2365 πολίτας
1318 2334 1534 2369 ὲγκεχειρικέναι
1550 2334 1612 2365 τοὺς
1630 2334 1725 2369 ἐμοὺς,
1742 2334 1808 2362 ὥσθ’

1019 2380 1038 2408 ὅ.
1059 2389 1099 2407 σοι
1123 2381 1193 2408 κατὰ
1216 2380 1340 2415 γνώμην,
1361 2380 1461 2413 ἐξεῖναι
1483 2380 1613 2416 πράττειν
1634 2381 1700 2414 περὶ
1722 2382 1808 2415 ἡμᾶς.

1026 2426 1055 2454 Ὀ
1075 2427 1159 2461 μέγας
1175 2427 1202 2453 δὲ
1219 2427 1379 2461 δομέστικος
1395 2426 1496 2460 πολλὴν
1511 2426 1586 2461 αὺτῷ
1601 2426 1652 2461 τῆς
1668 2427 1708 2458 είς
1726 2427 1809 2454 αὐτὸν

1021 2471 1126 2502 εὐνοίας
1139 2472 1219 2506 χάριν
1233 2471 1414 2506 ὁμολογήσας,
1428 2471 1468 2502 εἰς
1482 2470 1578 2505 Ῥωγὼ
1592 2470 1718 2497 ἐκέλευεν
1730 2470 1808 2504 αὖθις

1021 2517 1138 2550 ἐπιέναι,
1150 2517 1187 2548 ὡς
1197 2516 1245 2552 τὴν
1258 2516 1403 2551 ὑστεραίαν
1415 2516 1497 2543 αὑτοῦ
1511 2517 1581 2551 μετὰ
1592 2517 1646 2544 τῶν
1659 2516 1808 2551 βασιλικώι

1020 2561 1183 2597 ἀφιξομένου
1202 2561 1323 2596 δωρεῶν,
1352 2561 1400 2587 καὶ
1420 2561 1499 2587 αὐτόν
1515 2569 1545 2587 τε
1567 2563 1613 2587 καὶ
1630 2561 1693 2593 τοὺς
1711 2562 1808 2594 ἄλλους

1022 2608 1250 2643 παραληψομένου
1262 2616 1269 2623 ·
1285 2608 1298 2634 ὁ
1315 2607 1344 2634 δὲ
1360 2607 1491 2639 πεισθεὶς,
1508 2607 1586 2640 αὖθις
1602 2607 1756 2642 ἐπανῆλθεν
1769 2609 1808 2640 εἰς

1028 2652 1133 2687 Ῥωγώ.
1149 2652 1270 2680 Ἐκεῖθεν
1284 2653 1312 2680 δὲ
1328 2654 1342 2680 ὁ
1360 2654 1446 2687 μέγας
1463 2653 1621 2688 δομέστικος
1638 2654 1678 2685 είς
1695 2653 1808 2688 βασιλέα.

1023 2698 1125 2730 nam.
1143 2701 1190 2726 καὶ
1207 2699 1272 2733 περὶ
1291 2698 1432 2727 Κασασίλα
1451 2700 1499 2726 καὶ
1516 2699 1635 2733 Ῥωγοῦς
1652 2699 1691 2731 ὡς
1709 2708 1808 2732 προσε-

1023 2744 1151 2780 χώρησαν
1163 2745 1342 2780 ἀπαγγείλας,
1354 2746 1516 2780 ὲπιτραπείς
1526 2754 1556 2772 τε
1568 2746 1748 2779 παρ’έκείνου
1761 2747 1809 2773 ὄτα

1025 2791 1058 2818 ἂν
1098 2791 1190 2818 δίκαια
1202 2792 1249 2819 καὶ
1261 2792 1435 2828 συμφέροντα
1446 2792 1568 2823 εὐποιῒας
1579 2791 1662 2818 ἕνεκα
1674 2792 1808 2826 πράσσειν

1025 2838 1070 2872 πρ“
1080 2847 1093 2869 ς
1108 2838 1219 2871 αὐτοὺς,
1234 2839 1273 2870 εἰς
1287 2838 1335 2866 τὴν
1350 2838 1497 2869 ὑστεραίαν
1509 2837 1585 2869 αὖθις
1600 2838 1639 2868 si;
1653 2836 1752 2864 Ῥωγὼ
1766 2838 1808 2862 H—
