1932 3089
157 154 209 187 689

747 153 841 183 JOAN
848 152 911 182 NlS
931 152 1203 184 CANTACUZENI

1740 150 1794 182 65;)

155 210 320 245 Quanquam
343 208 365 237 si
395 207 513 236 maxime
530 207 637 239 liceret.
655 206 736 234 nobis
757 207 851 241 aliquo
867 205 974 236 modo}

1026 215 1049 234 ιν
1065 207 1096 234 οὐ
1117 207 1210 243 ῥᾴδιόν
1237 208 1311 234 ἐστιν
1340 207 1470 235 ἰάσασθαι
1486 206 1536 242 τὴν
1562 207 1679 240 ἔνδειαν,
1700 209 1793 235 καίτοι

156 255 304 284 obsidione
324 254 447 289 depulsis
474 260 571 280 secure
591 252 694 284 vivere,
713 259 748 279 ne
764 251 801 279 ita
825 251 949 287 quidem.

159 303 196 330 ob
222 305 334 336 accepta
360 301 459 328 damna
484 299 624 330 videlicet,
653 299 734 326 vobis
763 298 830 334 ipsis
847 299 952 326 utiliter

159 348 346 380 consuluisse,
366 355 381 374 a
397 346 571 381 sapientibus
589 345 764 372 videremini.
790 345 874 379 Atqui
889 352 952 379 gra-

159 394 235 422 viora
264 393 406 428 prioribus
433 392 460 419 in
485 396 628 426 posterum
657 390 844 426 exspectanda
876 395 951 418 sunt.

159 440 218 468 Non
237 439 310 466 enim
329 443 382 471 est,
415 446 469 465 non
486 442 538 466 est,
556 438 679 472 inquam.
697 437 749 464 nisi
770 437 836 472 quid
853 441 954 472 praeter

161 485 317 520 opinionem
335 484 369 512 de
383 485 454 512 cmlo
479 484 512 511 ad
527 485 644 512 salutem
666 489 785 511 vestram
805 484 954 518 expedien-

161 530 223 558 dam
242 531 407 566 impetretis,
427 530 501 565 quod
521 538 572 558 nos
598 531 633 558 ab
656 530 859 565 oppugnatione
877 537 955 557 revo-

161 576 266 603 caverit
283 585 289 602 :
307 580 337 603 ut
355 583 405 602 vos
419 583 482 602 cum
494 583 558 609 agro
572 575 667 602 urbem
681 581 792 609 quoque
805 573 956 601 amissuros

163 622 313 649 verisimile
341 622 397 649 llat.
427 621 510 648 Miror
535 627 626 648 autem
655 620 742 655 quod,
765 627 828 647 rum
847 619 954 653 iisdem,

163 668 207 694 vel
223 668 397 702 gravioribus
413 668 496 695 etiam
522 666 603 694 malis
616 673 698 700 quam
713 665 811 700 Rhogii
827 672 958 692 exercea-

166 714 244 741 mini.
262 719 290 740 et
315 714 406 741 velitis
429 713 522 740 nolitis
545 712 705 747 propediem
729 712 757 739 in
782 711 958 746 imperatoris

165 762 209 797 ius
223 769 254 787 ac
269 764 432 795 potestatem
461 759 569 786 venturi
585 758 658 789 sitis,
675 766 728 785 non
741 761 828 785 solum
845 765 893 785 eos
911 758 960 793 (ut

167 806 214 841 qui
232 807 289 834 suis
305 806 458 833 rationibus
471 805 540 832 bene
570 804 739 838 honesteque
754 806 958 838 prospexerint,

169 853 234 880 dum
249 857 394 887 antequam
417 852 444 878 in
466 856 621 878 extremum
648 850 844 877 delaberu-ntur
865 849 961 877 discri-

169 907 243 929 men.
265 899 381 925 salutem
410 902 438 925 et
467 896 643 924 commodum
671 896 778 923 consilii
808 896 960 922 mutatione
977 881 998 908 Β

170 945 222 973 sibi
249 945 440 980 quaesierunt)
466 951 520 970 non
543 942 754 974 commendetis,
783 941 831 969 sed
861 941 961 968 multas

170 991 263 1026 potius
278 990 459 1018 contumelias
482 989 508 1016 in
523 989 597 1024 ipsos
612 988 778 1020 effnderitis,
793 987 856 1022 quia
875 992 962 1014 lcmc-

172 1037 263 1064 ritatis
280 1044 311 1064 ac
326 1035 449 1063 stultitia:
465 1040 564 1062 vestra:
583 1035 650 1062 soeii
668 1041 731 1061 esse
744 1033 903 1060 noluerunt.
928 1032 962 1059 At

172 1085 245 1111 enim
271 1083 417 1111 intuemini
444 1082 594 1116 paulisper,
621 1089 702 1116 quam
742 1079 840 1114 iniqui,
881 1087 962 1115 quam

173 1129 299 1158 damnosi
313 1134 340 1157 et
355 1128 492 1156 vobismet
510 1128 585 1162 ipsis,
599 1133 624 1155 et
637 1127 750 1161 reliquis
774 1126 964 1154 Acsrnanibus

175 1177 245 1209 sitis,
263 1177 327 1204 dum
341 1175 367 1202 in
383 1175 434 1202 hac
446 1175 610 1209 cogitatione
623 1173 781 1208 persistitis.
798 1173 850 1207 Ipsi
863 1172 965 1207 quippe

175 1222 249 1250 bello
268 1221 425 1254 consumpti
451 1221 584 1255 periistis,
609 1224 636 1246 ct
659 1219 721 1246 aliis
747 1219 868 1254 oppidis,
894 1224 964 1246 tam—

176 1270 229 1297 etsi
254 1267 417 1296 defectionis
443 1271 540 1294 vestrr.
566 1266 638 1293 haud
656 1265 854 1300 participibus,
878 1272 966 1292 nocu-

177 1320 268 1343 menta
282 1323 336 1342 non
354 1313 475 1348 vulgaria
491 1313 641 1340 invexistis.
656 1312 800 1339 Evercitus
814 1311 966 1346 enimt65),

179 1370 212 1390 ac
230 1361 383 1396 praesertim
411 1365 511 1391 tantus,
537 1360 563 1386 in
593 1364 687 1386 extera
713 1359 825 1393 regione
851 1359 967 1392 hatrens,

181 1409 301 1436 hostium
314 1415 394 1443 agros
406 1407 587 1434 inclementer
604 1406 797 1441 depopulatur.
816 1406 864 1434 Sin
876 1411 968 1434 autem

181 1455 346 1482 esociorum
371 1461 476 1488 suaque
507 1453 648 1488 provincia
682 1453 840 1480 alimoniam
869 1453 969 1488 capiat,

182 1501 353 1536 repentinam
367 1500 405 1527 illi
429 1499 529 1526 {amem
562 1498 678 1526 inducit.
709 1498 796 1534 Agitis
820 1507 902 1534 porro
920 1499 972 1526 ini-

183 1548 328 1582 quissime,
351 1546 398 1581 qui
423 1553 472 1581 pro
498 1546 684 1573 Romanorum
712 1545 838 1590 imperio,
861 1545 933 1580 quod
955 1552 971 1571 a
986 1561 1008 1590 α

183 1594 248 1623 Julii
278 1594 394 1622 Caesaris
433 1593 519 1620 ferme
552 1591 724 1626 temporibus
754 1588 821 1626 ipsis
855 1591 972 1626 patrium

1027 1596 1078 1629 τὴν
1092 1594 1269 1631 Ταραντίνων
1292 1594 1383 1624 αὐτοῖς
1400 1592 1553 1629 ἀνθρώπων
1571 1591 1720 1628 βαρϐάρων
1751 1591 1818 1617 ἐπά-

185 1639 534 1675 est(64),Tarentinorum,
544 1638 686 1665 hominum
696 1637 876 1665 barbarorum
888 1630 1014 1675 domis?
1028 1649 1122 1675 γοντις
1141 1641 1241 1675 ἀρχήν.
1264 1639 1432 1675 ,Νικηφόρος
1449 1639 1515 1674 γὰρ,
1547 1638 1618 1673 ὑπὲρ
1644 1634 1674 1664 οὗ
1699 1636 1819 1672 μάλιστα

187 1688 327 1715 nationem
359 1684 546 1712 introducitis.
585 1683 756 1718 Nicephorus
787 1685 872 1717 enim,
898 1670 1009 1722 cujus:

996 1682 1009 1732 Ξ
1029 1685 1107 1714 αὐτοὶ
1123 1687 1214 1732 οἴεσθε
1230 1690 1279 1713 τὸν
1294 1687 1412 1722 πόλεμον
1434 1684 1585 1720 αἱρεῖσθαι,
1611 1683 1667 1732 οὗθ’
1680 1683 1746 1732 ὑμῖν
1757 1682 1821 1732 ρῦθν

188 1732 362 1768 potissimum
378 1739 459 1759 causa
475 1731 526 1758 hoc
542 1730 644 1758 bellum
663 1738 712 1757 vos
733 1730 850 1758 militare
867 1730 1006 1768 prome-1;

190 1778 310 1810 tnini,ad
327 1778 481 1805 libertatem
499 1777 582 1812 316
596 1784 685 1812 neque
700 1776 789 1809 vobis,
804 1785 895 1812 neque
912 1777 979 1805 sibi-
995 1774 1003 1782 ί

194 1830 251 1857 ruet
272 1823 437 1860 pariundam
451 1823 519 1850 satis
532 1823 614 1850 habet
628 1823 728 1850 virium
745 1830 753 1849 :
771 1831 864 1850 verum
876 1823 908 1851 ad
926 1823 979 1850 Ta-
998 1839 1006 1860 V-

192 1872 316 1900 rcntinos
340 1878 402 1897 cum
428 1871 590 1906 perfugerit,
622 1870 688 1896 inde
710 1870 822 1905 adjutus
843 1878 876 1898 ex
894 1871 980 1897 Acar-
993 1861 1009 1872 “’

193 1921 274 1948 nania
291 1920 485 1955 imperatorem
511 1927 541 1946 se
569 1918 748 1953 expulsurum
764 1917 902 1952 opinatur.
925 1917 982 1946 lloc

193 1972 284 1995 autem
300 1975 329 1994 se
348 1974 438 2002 posse.
463 1973 514 1993 nec
538 1966 599 1992 illos
622 1965 664 1992 fas
681 1969 723 1992 est
748 1965 855 2000 opinari
871 1972 934 1998 nec,
958 1966 981 1992 si

194 2018 335 2049 poterunt,
369 2014 429 2041 sine
466 2012 571 2047 magnis
604 2010 758 2042 laboribus,
798 2010 1009 2046 periculisque-

196 2061 336 2094 poterunt.
348 2057 401 2090 Qui
417 2057 499 2092 igitur
513 2056 565 2083 tale
583 2055 683 2083 bellum
695 2063 745 2090 pro
759 2055 837 2082 vobis
850 2055 985 2082 adversus

196 2105 390 2139 imperatorem
415 2103 566 2138 gerendum
594 2101 756 2136 sust-ipient,
785 2101 807 2128 si
829 2101 986 2136 superiores

197 2150 314 2179 evadere
347 2148 498 2183 quiverint,
527 2155 619 2174 nonne
657 2147 829 2182 provinciam
855 2152 986 2181 vestram,

199 2202 328 2231 tauquam
345 2194 468 2226 virtutis,
486 2194 726 2228 certaminumque
750 2194 899 2220 multorum
920 2202 988 2228 prte~

1001 252 1029 278 εί
1043 261 1076 287 γε
1094 252 1212 288 μάλιστα
1230 253 1295 288 ἐνῆν
1322 254 1416 288 τρόπῳ
1445 253 1477 289 δή
1507 262 1562 280 τινι
1581 255 1795 289 ἀναστήσαντας

1003 299 1076 333 ἡμᾶς
1087 299 1120 325 lx
1133 298 1183 333 τῆς
1200 299 1359 333 πολιορκίας
1384 299 1490 333 διάγειν
1503 300 1531 326 ὲν
1547 299 1635 335 ἀδείᾳ,
1652 300 1707 327 οὐδ’
1722 299 1796 327 οὕτω

1003 343 1218 376 λυσιτελούντως
1238 345 1330 379 σφίσιν
1348 344 1441 376 αὐτοῖς
1454 344 1488 371 ἂν
1509 344 1626 371 ἐδοκεῖτε
1651 345 1798 380 βεϐουλεῦ-

1003 392 1066 419 σθαι
1081 392 1157 427 παρὰ
1173 391 1342 427 σωφρονοῦσι
1352 392 1396 419 διὰ
1411 393 1461 428 τὴν
1473 393 1659 427 γεγενημένην
1671 392 1776 428 βλάβην
1787 401 1796 408 ·

1005 438 1064 466 νυνὶ
1085 438 1114 465 δι
1143 439 1291 473 συμϐαίνει
1307 439 1446 474 δεινότερα
1464 439 1609 466 πείσεσθαι
1637 439 1796 475 προσδοκᾷν

1005 484 1194 519 ὑπαρξάντων.
1213 485 1250 511 Οὐ
1270 484 1325 520 γάρ
1339 473 1424 528 ἐστιν,
1442 485 1493 511 οὐκ
1507 485 1584 511 ἔστιν
1609 473 1697 518 οὐδέν,
1713 485 1738 511 εί
1758 473 1796 520 μή

1005 539 1032 558 τι
1045 531 1201 566 παράλογον
1223 529 1253 563 ἐξ
1266 530 1382 565 οὖρανοῦ
1400 531 1468 566 πρὸς
1483 531 1624 566 σωτηρίαν
1645 531 1711 566 ὑμῖν
1727 539 1799 566 πρα-

1007 577 1098 612 χθείη,
1112 577 1126 602 ὃ
1144 576 1192 603 τοῦ
1215 577 1374 611 πολιορκεῖν
1398 577 1472 612 ἡμᾶς
1488 578 1578 603 πείσει
1605 577 1777 612 ἀποσχέσθαι
1790 585 1798 593 ο

1007 623 1077 650 ὥστε
1094 623 1166 653 είκδς
1185 623 1254 654 πρὸς
1268 624 1301 658 τῇ
1319 621 1396 658 χώρᾳ
1411 623 1457 650 καὶ
1466 622 1514 658 τὴν
1532 623 1608 650 πόλιν
1621 622 1694 658 ὑμᾶς
1708 631 1798 658 προσ-

1008 670 1130 697 απολιῖν.
1163 669 1303 704 Θαυμάζω
1328 670 1357 696 δὲ
1381 669 1459 704 ὑμῶν
1487 670 1512 696 εί
1527 671 1583 701 τοῖς
1603 670 1693 701 αὐτοῖς
1721 669 1801 704 ἢκαὶ

1011 717 1117 751 μείζοσι
1135 718 1230 748 κακοῖς
1252 715 1409 751 ὲνεχόμενοι
1429 715 1564 750 Ῥωγίοις,
1581 717 1629 742 καὶ
1655 715 1801 751 μέλλοντες

1011 762 1058 788 ὑπ’
1075 762 1199 796 ἀνάγκης
1209 762 1270 788 ὅσον
1285 761 1393 788 οὐδέπω
1417 760 1523 796 βασιλεῖ
1537 762 1711 797 προσχωρεῖν
1723 761 1804 787 αὐτοὶ

1010 809 1041 835 οὐ
1060 808 1139 844 μόνον
1157 809 1207 834 οὐκ
1232 809 1371 834 ἐπαινεῖτε
1401 807 1439 839 ὡς
1455 807 1546 839 καλῶς
1581 808 1629 833 καὶ
1647 806 1804 842 συμφερόν-

1012 864 1065 884 τως
1081 855 1189 886 ἑαυτοῖς
1219 853 1464 889 βεϐουλευμένους,
1481 854 1522 880 ὅτι
1544 854 1610 888 πρὶν
1625 854 1664 885 εἰς
1688 853 1804 888 ἔσχατον

1016 898 1140 927 κἰνδύνου
1153 901 1243 936 ἥκειν,
1263 900 1401 935 σωτηρίαν
1421 901 1470 926 καὶ
1491 899 1626 934 ὠφέλειαν
1639 899 1805 934 ἐπορίσαντο

1015 947 1124 978 ἑαυτοῖς
1153 948 1183 973 ὲκ
1199 946 1248 980 τῆς
1264 945 1428 981 μετασολῆς,
1445 946 1514 972 ἀλλὰ
1539 945 1589 972 καὶ
1607 944 1700 979 ὕϐρεις
1718 953 1805 971 κατα-

1016 995 1092 1029 χέετε
1112 993 1201 1019 αὐτῶν
1227 991 1340 1024 πολλὰς,
1356 992 1397 1019 ὅτι
1414 992 1444 1018 οὐ
1460 992 1510 1026 τῆς
1524 991 1608 1027 αὐτῆς
1637 992 1702 1026 ὑμῖν
1719 991 1807 1017 Mou-

1016 1040 1075 1071 λίας
1101 1039 1206 1066 εἵλοντο
1225 1036 1295 1065 εἶναι
1326 1037 1471 1065 κοινωνοί⁹
1489 1037 1579 1065 καίτοι
1606 1037 1743 1072 σκέψασθε
1768 1037 1808 1068 ὡς

1017 1086 1080 1112 οὔτε
1097 1086 1189 1112 δίκαια
1214 1083 1278 1111 οὔτε
1306 1084 1484 1119 συμφέροντα
1513 1083 1570 1110 οὗθ’
1597 1083 1716 1115 ἑαυτοῖς,
1744 1082 1808 1109 οὔτε

1019 1133 1075 1162 τοῖς
1092 1131 1182 1162 ἄλλοις
1190 1130 1356 1166 Ἀκαρνᾶσιν
1371 1130 1449 1157 αὐτοὶ
1466 1131 1568 1157 ποιεῖτε
1584 1130 1635 1164 τῆς
1648 1130 1734 1164 αὐτῆς
1749 1129 1811 1164 ἐχό-

1021 1186 1097 1214 μενοι
1119 1177 1234 1208 ἑννοίας.
1248 1177 1330 1203 Abte!
1347 1185 1377 1203 τε
1395 1176 1449 1211 γὰρ
1464 1176 1623 1203 ἀπολώλατε
1638 1175 1809 1210 διαφθαρέν-

1019 1232 1065 1255 τες
1080 1223 1133 1250 ὑπὸ
1150 1222 1196 1249 τοῦ
1211 1223 1344 1258 πολέμου,
1366 1222 1412 1249 καὶ
1427 1223 1489 1254 ταῖς
1504 1221 1599 1253 ἄλλαις
1616 1221 1711 1248 πόλεσι
1744 1221 1811 1255 βλά-

1021 1271 1072 1304 σης
1101 1270 1132 1296 οὐ
1152 1269 1265 1305 μετρίας
1289 1269 1371 1295 αῐτιοι
1400 1268 1566 1304 κατέστη-τε,
1595 1269 1718 1302 καίτοιγε
1747 1267 1812 1301 ὑμῖν

1023 1316 1156 1351 βασιλέως
1171 1316 1201 1342 οὐ
1219 1315 1450 1347 συναποστάσαις.
1466 1315 1585 1349 Στρατιὰ
1601 1314 1655 1349 γὰρ
1671 1305 1716 1340 ἐπὶ
1733 1313 1813 1348 ξένης

1022 1363 1202 1399 διατρίσονσα
1215 1363 1262 1389 καὶ
1278 1361 1396 1397 μάλιστα
1410 1361 1540 1397 τοσαύτη,
1555 1361 1605 1397 τὴν
1616 1361 1668 1397 μὲν
1678 1361 1812 1396 πολεμίαν

1024 1411 1112 1445 κείρει
1127 1408 1248 1445 ἀφειδῶς
1260 1417 1268 1425 ⁶
1284 1410 1314 1435 ὲν
1333 1409 1362 1436 δὲ
1379 1409 1429 1445 τῆς
1445 1409 1616 1444 συμμαχίδος
1645 1410 1693 1436 καὶ
1706 1408 1812 1440 οἰκείας

1024 1455 1194 1492 τρεφομένη,
1211 1455 1290 1490 λιμὸν
1316 1455 1384 1490 αὐτῇ
1407 1455 1541 1489 αἰφνίδιον
1556 1454 1654 1488 ἐπάγει
1668 1461 1674 1468 ·
1694 1454 1814 1481 ἀδικεῖτε

1024 1503 1052 1530 δὲ
1067 1503 1101 1529 τὰ
1117 1502 1229 1537 ἔσχατα,
1247 1501 1309 1528 ἀντὶ
1321 1501 1373 1536 τῆς
1389 1501 1534 1536 Ῥωμαίων
1551 1500 1701 1536 βασιλείας,
1717 1501 1734 1535 ἢ
1750 1508 1816 1535 σχε-

1026 1549 1070 1575 δὸν
1084 1548 1174 1579 αὐτοῖς
1192 1548 1224 1574 ἐκ
1239 1547 1293 1573 τῶν
1319 1546 1458 1582 Καίσαρος
1483 1546 1586 1581 χρόνων
1606 1545 1721 1581 πάτριός
1744 1546 1815 1577 ἐστι,

1030 1733 1121 1769 ἑαυτῷ
1134 1731 1190 1765 οἶός
1205 1733 1236 1760 τέ
1250 1734 1325 1760 ἔστιν
1338 1733 1465 1768 ἐξαρκεῖν
1483 1731 1552 1766 πρὸς
1567 1730 1617 1765 τὴν
1639 1728 1798 1762 ἐλευθερίαν
1812 1735 1819 1742 ·

1031 1780 1098 1808 ἀλλὰ
1115 1780 1294 1815 Ταραντίνοις
1320 1777 1500 1814 προσφυγὼν,
1525 1778 1558 1812 τῇ
1596 1774 1702 1802 ἐκεῖθεν
1734 1773 1822 1799 οἴεται

1031 1826 1146 1862 δυνάμει
1167 1825 1346 1861 Ἀκαρνανίας
1372 1823 1487 1860 βασιλέα
1512 1822 1662 1854 ὲξελάσειν.
1688 1820 1776 1847 Τοῦτο
1792 1819 1822 1844 δὲ

1032 1872 1095 1900 οὔτε
1110 1871 1274 1906 δυνήσεσθαι
1287 1870 1392 1897 οῐεσθαι
1412 1869 1494 1896 αὑτὸν
1514 1868 1602 1900 είκδς,
1628 1866 1685 1893 οὔτ’
1699 1866 1724 1892 εἰ
1741 1864 1823 1898 δυνή-

1035 1928 1112 1946 σεται
1127 1920 1191 1946 ἄνευ
1208 1918 1296 1944 πόνων
1316 1917 1444 1951 μεγάλων
1464 1916 1509 1942 καὶ
1524 1914 1667 1942 κινδύνων.
1686 1912 1756 1944 Τοὺς
1776 1911 1824 1940 οὖν

1035 1966 1155 2001 πόλεμον
1167 1964 1290 1991 τοιοῦτον
1301 1963 1372 1998 ὑπὲρ
1388 1962 1466 1998 ὑμῶν
1481 1962 1549 1997 πρὸς
1568 1961 1679 1997 βασιλέα
1691 1960 1826 1992 ἀναδεξα-

1037 2013 1148 2047 μένους,
1178 2011 1201 2037 εί
1235 2009 1376 2045 κρείττους
1401 2008 1564 2042 δυνήσονται
1595 2006 1736 2041 γενέσθαι,
1771 2005 1824 2032 οὐκ

1036 2057 1217 2092 οῐεσεεὺμᾶς
1246 2055 1296 2090 τῆς
1316 2054 1417 2091 ἀρετῆς
1443 2052 1526 2080 ἆθλον
1555 2053 1603 2079 καὶ
1630 2051 1685 2079 τῶν
1711 2052 1827 2086 ἀγώνων

1038 2103 1152 2139 σχήσειν
1169 2102 1224 2128 τῶν
1244 2101 1372 2134 πολλῶν;
1391 2101 1441 2127 οὐκ
1466 2100 1522 2134 ἄρα
1536 2099 1628 2133 δόξετε
1657 2099 1746 2134 ὀρθῶς
1761 2107 1829 2133 φρο-

1038 2151 1103 2176 νεῖν.
1120 2148 1192 2182 Ἐγὼ
1205 2148 1233 2175 δὲ
1247 2148 1271 2174 εἰ
1283 2147 1332 2175 καὶ
1341 2147 1402 2174 καθ’
1414 2147 1530 2178 ἑαυτοὺς
1544 2147 1624 2181 ὑμεῖς
1644 2145 1829 2182 Ἀκαρνανίας

1038 2197 1090 2232 τὴν
1107 2197 1193 2232 ἀρχὴν
1205 2195 1356 2231 Νικηφόρῳ
1373 2193 1507 2229 ἠδύνασθε
1520 2195 1685 2229 περιποιεῖν,
1704 2192 1832 2219 ὰδικοῦν‹

202 2242 287 2269 mium
307 2239 452 2267 habituros
467 2239 660 2266 arbitramini?
674 2238 733 2266 Non
749 2244 823 2266 recte
838 2240 946 2274 sapitis,
965 2248 974 2267 ε

1041 2252 1089 2274 τας
1106 2243 1138 2270 ἂν
1151 2242 1185 2268 τὰ
1197 2242 1315 2278 μέγιστα
1330 2240 1441 2276 βασιλέα
1452 2241 1580 2275 ἀπέφηνα
1592 2240 1675 2274 ὑμᾶς.
1685 2239 1833 2272 Ἀγγέλους

203 2288 254 2314 hoc
271 2293 326 2312 non
341 2284 462 2312 creditis.
480 2284 536 2318 Ego
559 2291 634 2315 vero,
649 2283 756 2310 etiamsi
772 2291 822 2318 per
844 2291 893 2311 vos
912 2283 991 2311 Nice-

202 2335 292 2369 phoro
307 2330 466 2359 Acarnania
495 2330 677 2365 principatum
704 2329 847 2364 acquirere
861 2329 990 2364 possetis,

205 2381 232 2408 in
246 2380 440 2414 imperatorem
455 2376 684 2412 injuriosissimos
696 2383 756 2403 esse
771 2377 991 2410 pronuntiarem.

206 2425 303 2460 Angeli
324 2423 397 2451 enim
425 2429 480 2449 non
506 2429 520 2448 a
547 2421 676 2448 Barbaris
699 2422 853 2449 Acarnania
880 2426 994 2454 asserta,

207 2471 391 2507 principatum
420 2467 560 2496 consecuti
585 2472 659 2499 sunt,
688 2467 736 2495 sed
746 2468 801 2503 jam
826 2473 881 2495 tum
904 2468 996 2503 subje-

208 2524 281 2547 ctam
298 2519 483 2545 ltomanormn
512 2516 738 2551 impcratOribus.
751 2524 814 2543 cum
842 2516 875 2543 ab
898 2516 939 2543 eis
951 2524 1000 2542 an-

210 2574 293 2593 nuam
306 2566 364 2600 ejus
376 2565 595 2599 procurationem
609 2563 753 2595 haberent,
765 2568 876 2597 propter
888 2562 1000 2595 bellum,

212 2613 285 2648 quod
309 2612 398 2640 Latini
413 2611 546 2638 Romanis
562 2610 728 2642 intulerunt,
746 2616 806 2636 eam
829 2608 881 2636 sibi
896 2614 924 2636 ut
940 2617 1003 2644 pro-

213 2659 301 2695 priam
317 2657 502 2685 vindicarunt.
529 2656 646 2690 Quibus,
664 2655 770 2682 Latinis
792 2655 915 2690 inquam,
939 2663 1005 2683 con-

1041 2290 1095 2324 γὰρ
1110 2289 1160 2315 οὑκ
1175 2289 1230 2315 ἀπὸ
1242 2288 1390 2324 βαρϐάρων
1399 2286 1580 2321 Ἀκαρνανίαν
1592 2285 1835 2319 ἐλευθερώσαντας

1044 2335 1200 2370 κτήσασθαι
1228 2334 1329 2369 συνέὁη
1357 2333 1406 2368 τὴν
1434 2333 1543 2368 ἀρχήν·
1572 2331 1630 2358 ἀλλ’
1656 2331 1835 2366 ὑποχειρίους

1044 2382 1126 2413 ιντας
1135 2381 1279 2416 Ῥωμαίων
1292 2379 1445 2414 βασιλεῦσι,
1462 2379 1507 2406 καὶ
1521 2377 1586 2413 παρ’
1599 2376 1712 2404 ἐκείνων
1727 2377 1837 2412 ἐτήσιον

1046 2427 1135 2462 ἀρχὴν
1155 2427 1204 2462 τῆς
1216 2426 1308 2461 χώρας
1324 2424 1590 2460 ὲπιτετραμμὲνους,
1621 2423 1839 2458 σφετερίσασθαι

1047 2472 1097 2507 τὴν
1114 2471 1201 2507 ἀρχὴν
1218 2471 1263 2497 διὰ
1275 2471 1320 2497 τὸν
1336 2469 1517 2504 ἐπενεχθέντα
1532 2470 1592 2495 τότε
1616 2469 1692 2503 παρὰ
1715 2469 1840 2494 Λατίνων

1060 2516 1209 2552 Ῥωμαίοις
1221 2517 1349 2550 πόλεμον·
1366 2513 1404 2543 ὧν
1419 2516 1451 2550 δὴ
1466 2515 1513 2542 τοῦ
1525 2515 1681 2550 κρείττονος
1693 2514 1842 2549 συγχωρή-

1051 2573 1093 2591 σει
1115 2563 1264 2596 Βυζαντίου
1291 2562 1490 2598 κρατησάντων
1511 2562 1559 2588 καὶ
1586 2560 1698 2595 Θρᾴκης
1719 2560 1842 2594 ἀπάσης,

1053 2609 1167 2637 καὶτῶν
1180 2610 1252 2636 κατὰ
1275 2608 1445 2636 Μακεδονίαν
1460 2607 1566 2634 πόλεων
1592 2606 1709 2638 πολλῶν,
1730 2605 1843 2640 βασιλέα

1057 2655 1107 2692 μὲν
1133 2655 1150 2690 ἡ
1170 2654 1315 2690 Ῥωμαίων
1344 2653 1462 2688 ὑπέθορε
1493 2653 1561 2687 πρὸς
1587 2651 1642 2678 ἔον
1663 2650 1845 2686 Ἀκαρνανίας

849 2717 956 2748 Jacobi
974 2717 1108 2748 Pontani
1126 2721 1209 2748 notae

252 2781 308 2815 (63)
325 2779 517 2815 Demosthenis
531 2778 670 2815 sententia
680 2779 785 2815 ~est_in
813 2778 998 2815 Olynthiacis.

219 2813 321 2851 quibus
335 2814 508 2851 orationibus
523 2814 705 2851 Athenienses
720 2813 753 2840 ad
769 2815 901 2851 auxilium
918 2813 1004 2849 Olyn-

223 2849 289 2879 tliiis
298 2855 392 2878 contra
413 2849 568 2884 Philippum
585 2849 727 2875 ferendum
741 2849 913 2879 cohortatur,
929 2856 962 2875 ne
978 2850 1003 2876 in

222 2895 271 2914 sua
298 2887 406 2921 regione
436 2883 543 2912 hostem
576 2884 706 2916 habeant,
732 2883 753 2909 si
785 2884 846 2910 illos
876 2883 1005 2910 deserue-

1056 2778 1121 2806 rint.

1390 2782 1398 2795 1

1096 2813 1152 2849 (Oli)
1173 2813 1239 2841 Inde
1267 2819 1353 2848 usque
1374 2820 1389 2840 a
1409 2811 1481 2840 Julio
1495 2811 1600 2839 (ἐπεῖπε
1619 2809 1736 2838 Romani
1755 2811 1849 2837 tenent

1060 2848 1251 2876 Acarnaniam.
