1932 3089
101 173 149 203 641

683 171 957 202 IIiSTORlARUM
979 171 1094 202 LIBER
1114 171 1156 200 Il.

1663 169 1718 201 642

101 230 130 255 δὲ
145 229 194 263 τὴν
210 229 296 264 ἀρχὴν
312 229 441 264 ’Ἄγγελοι
466 231 699 265 προσεποιήσαντο
718 231 823 261 ἑαυτοῖς
840 231 886 257 καὶ

947 237 1018 257 :essu
1045 230 1170 257 Numinis
1200 229 1337 265 Bjmutio,
1355 229 1480 257 universa
1504 229 1629 260 Thracia.
1648 228 1720 256 mul-

103 273 175 302 mm
193 273 279 304 ἄλλας
307 274 361 300 τῶν
389 274 524 309 ἑσπερίων
551 275 691 310 ἐπαρχιῶν
720 271 757 301 ὧν
774 275 884 302 ἔκαστοι

103 319 199 354 ἔτυχον
230 319 468 354 ἐπιτροπεύοντες,
483 319 526 347 διὰ
544 320 574 346 τὸ
588 320 727 354 βασιλεῦσι
743 320 886 353 Ῥωμαίων

103 365 186 392 δίοδον
203 366 254 392 οὐκ
271 363 341 392 εῖναι
357 366 425 400 πρὸς
441 367 540 399 αὐτοὺς
556 367 599 392 διὰ
612 366 723 402 Θρᾴκης
738 367 785 392 καὶ
794 366 887 393 Μακε-

103 411 191 442 δονίας
205 410 293 437 οὐσῶν
309 411 361 437 ὑπὸ
385 411 522 442 Λατίνοις.
536 411 669 446 ’Ύστερον
681 410 709 436 δὲ
726 411 799 437 ἔτεσι
822 410 887 436 πολ-

104 456 158 486 λοῖς
170 456 223 482 ὑπὸ
238 455 292 482 τῶν
304 456 494 489 Παλαιολόγων
513 456 672 490 ίθυνομένης
685 456 888 490 τῆςῬωμαίων

105 501 256 537 βασιλείας,
273 503 402 534 Λατίνους
418 502 467 537 μὲν
481 501 558 533 αὖθις
571 501 619 528 τοῦ
644 501 711 528 Θεοῦ
726 500 888 535 συναιρομέ-

104 557 160 580 νου,
179 548 230 581 τῆς
250 549 394 584 Ῥωμαίων
407 549 541 583 ἐξήλασαν
555 547 713 583 ἡγεμονίας·
734 548 779 573 καὶ
796 547 888 573 Ἀσίαν

105 595 151 620 καὶ
168 593 303 629 Εὐρώπην
320 595 385 628 ὅσης
414 591 499 628 ἦρχον
516 594 557 628 είς
571 593 599 620 ἓν
621 592 744 627 συνῆψαν
755 599 762 608 ·
787 593 888 628 Ἀκαρ-

105 640 201 666 νανίιν
226 639 255 666 δὲ
277 640 421 673 Ἀγγελους
451 639 640 672 ἀπαιτοῦντες,
679 638 730 665 οὐκ
759 638 889 673 ἠδύναντο

106 686 253 713 ἀπολαϐεῖν
263 693 271 702 ⁴
285 686 343 712 ἀλλ’
359 686 439 713 ἄδικα
454 686 501 712 καὶ
517 685 593 720 βίαια
608 685 758 717 ποιοῦντες,
775 684 891 711 ἀπεστέ-

110 740 174 766 ρουν
187 741 194 748 ·
211 732 259 758 καὶ
280 731 411 766 στρατιὰν
431 731 561 762 πολλάκις
577 731 621 757 ἐπ’
636 730 757 762 ἐκείνους
779 731 890 765 πέμψα-

107 785 160 808 σιν,
174 776 414 813 ὄπλατάντῄροντο,
427 778 475 803 καὶ¹
486 777 549 808 τοὺς
562 777 718 811 περιοίκους
730 773 890 811 συμμάχους

106 823 243 857 ἐπήγοντο
260 821 425 857 βαρὸάρους.
446 822 500 849 Τδν
518 821 695 856 βασιλεύοντα
709 821 739 848 δὲ
757 822 815 848 νυνὶ
831 822 891 848 ἑπι-

107 865 295 900 στρατεύοντα
310 865 386 900 ὑμῖν,
403 867 451 892 καὶ
465 867 497 901 τῇ
510 865 614 893 ἄνωθεν
629 866 775 902 ἐπικουρίᾳ
791 866 891 892 δουλω-

108 912 236 946 σάμενον,
254 911 304 937 οὐκ
319 912 421 938 ἀδικεῖν
442 911 476 938 ἄν
499 921 541 943 τις
554 912 622 946 φαίη
635 911 685 945 τὴν
699 911 801 947 ἑτέρων
818 919 890 946 παρ·
906 903 926 931 Β

107 959 273 993 αιρούμενον
303 958 391 992 ἀρχήν
404 965 411 972 ·
425 958 492 984 ἀλλά
507 958 624 992 μάλιστα
639 958 674 984 τὰ
695 957 787 984 δίκαια
804 958 891 984 ποιεῖν

106 1002 336 1037 ἀπολαμϐάνοντα
363 1002 412 1038 τὴν
442 1002 585 1038 πατρῴαν.
617 1003 647 1029 Εἰ
663 1002 717 1038 γὰρ
742 1003 892 1038 Νικηφόρῳ

106 1048 214 1075 δίκαιον
224 1049 255 1075 τὸ
266 1050 298 1075 ἐκ
313 1050 456 1084 προγόνων
471 1049 502 1076 οὐ
518 1049 622 1076 πολλῶν
640 1049 725 1076 ὅντων
736 1049 788 1082 τὴν
804 1048 892 1084 ἀρχὴν

107 1094 290 1128 κατάγεσθαι,
315 1095 406 1130 πολλῷ
423 1095 524 1130 μᾶλλον
551 1095 658 1130 βασιλεί
681 1095 733 1121 τῶν
758 1094 789 1127 ἐξ
806 1095 893 1130 ἀρχῆς

108 1139 328 1174 βασιλευσάντων
350 1140 494 1176 Ῥωμαίων
510 1140 567 1168 ὄντι
593 1141 718 1176 ἀπογόνῳ
748 1140 820 1168 κατὰ,
847 1140 893 1167 τὸν

107 1186 188 1220 λόγον
213 1186 263 1221 τῆς
287 1186 424 1222 διαδοχῆς.
448 1187 480 1213 El
505 1186 580 1214 δὲτὸ
607 1186 654 1214 τοῦ
682 1187 778 1222 χρόνου
806 1187 894 1222 μῆκος

107 1231 261 1265 ἀξιόχρεων
276 1231 350 1258 δοκεῖ
368 1232 436 1267 προς
452 1232 592 1259 δικαίωσιν
619 1233 695 1268 ὑμῖν,
713 1231 769 1259 ῖστε
797 1233 895 1260 τάναν-

62 1280 65 1282 ·
108 1274 156 1300 τία
183 1274 356 1310 λογιζόμενοι
381 1276 435 1302 τῶν
447 1276 532 1304 ὄντων
544 1284 552 1292 ”
569 1276 670 1312 μᾶλλον
687 1277 741 1313 γὰρ
755 1277 799 1304 διὰ
813 1276 894 1303 τοῦτο

107 1320 189 1355 δίκης
206 1320 286 1353 ἄξιοι,
308 1321 349 1347 ὅτι
375 1321 503 1348 τοσοῦτον
520 1322 616 1357 χρόνον
641 1322 770 1357 ἠδικεῖτε.
798 1323 830 1350 Et
847 1321 894 1350 οὖν

110 1367 221 1401 μηχανῇ
239 1375 269 1393 τε
280 1366 391 1403 οὐδεμιᾷ
407 1367 438 1394 τὸ
452 1368 555 1395 ἀλῶναι
569 1368 600 1395 ού
614 1368 730 1396 δύνασθε
743 1369 893 1404 διαφυγεῖν,

109 1412 137 1438 εί
147 1420 178 1438 τε
195 1412 243 1439 καὶ
266 1412 384 1447 δύναμις
397 1413 461 1448 ὑμῖν
472 1414 564 1449 παρῆν
583 1414 761 1450 ’Δκαρνανίας
782 1415 894 1450 βασιλέα

111 1457 280 1490 ἐξελαύνειν,
306 1458 337 1484 τὸ
366 1458 469 1486 ἀδικεῖν
485 1459 535 1486 οὐκ
547 1459 580 1486 ἂν
592 1457 627 1495 ἦν
643 1460 798 1495 διαφυγεῖν,
812 1461 838 1487 τί
856 1462 896 1489 δεῖ

110 1503 236 1539 ἀνήνυτα
262 1503 410 1536 πονοῦντας
445 1505 495 1540 τὴν
525 1506 715 1540 κακοπραγίαν
746 1507 895 1535 ἐπιτείνειν

938 277 1026 310 tisque
1063 276 1177 302 urbibus
1207 275 1371 302 Macedonia:
1402 275 1506 309 potitis,
1534 275 1719 301 Romanorum

936 321 1047 355 quidem
1065 320 1210 354 imperium
1231 319 1257 346 iu
1271 318 1411 346 Orientem
1425 327 1483 346 seso
1499 320 1632 346 contraxit
1648 319 1719 353 (65).

935 366 1116 394 Acarnanian:
1134 369 1224 392 autem
1251 365 1356 399 Angeli,
1381 365 1483 399 aliique
1507 365 1574 391 alias
1591 365 1718 392 occiden-

937 412 1006 439 tales
1023 411 1189 445 provincias,
1202 418 1318 444 quarum
1334 415 1464 444 praetores
1477 415 1565 441 erant,
1588 411 1638 437 sibi
1657 411 1722 436 sub-

937 457 1066 484 diderunt
1081 465 1088 483 :
1103 461 1247 491 propterea
1263 456 1334 490 quod
1353 456 1481 483 Romanis
1498 456 1720 491 imperatoribus,

938 503 1082 530 Thraciam
1099 507 1125 530 ct
1140 503 1324 530 Macedoniam
1356 502 1462 529 Latinis
1478 503 1634 530 tenentibus
1654 503 1720 538 (66),

938 550 972 577 ad
987 550 1047 577 illas
1063 549 1196 576 transitus
1212 557 1266 575 non
1282 550 1402 582 patebat.
1419 549 1541 575 Tandem
1561 554 1622 583 post
1635 557 1721 576 annos

939 595 1081 629 plurimos,
1107 601 1169 620 eum
1195 594 1341 628 imperium
1368 593 1554 620 Romanorum
1584 602 1598 620 a
1616 595 1720 621 Pala'o-

939 640 1008 675 logis
1025 642 1175 675 regeretur.
1192 639 1305 666 Latinos
1321 640 1375 666 Deo
1396 639 1548 674 opitulante
1565 640 1720 674 principatu:

939 686 1105 721 depulerunt
1142 690 1170 713 et
1195 686 1285 712 Asiam
1307 689 1389 720 atque
1419 685 1555 719 Europam
1580 694 1723 720 quousque

940 732 1122 766 imperabant,
1147 731 1245 759 iterum
1273 731 1478 765 conjunxeruut
1510 739 1517 757 :
1541 731 1722 758 Acarnaniam

940 776 974 804 ab
990 776 1100 811 Angelis
1123 776 1225 803 frustra
1250 776 1447 811 repetiverunt,
1473 776 1520 810 qui
1547 784 1594 810 per
1611 777 1664 803 vim
1696 780 1724 803 et

940 823 1030 850 scelus
1060 829 1121 849 eam
1149 822 1309 854 retinentes,
1336 822 1436 856 saepius
1464 827 1560 849 contra
1582 830 1610 848 se
1634 822 1725 850 missis

941 868 1117 900 exercitibus,
1131 876 1194 896 cum
1209 868 1307 895 vicinis
1325 867 1455 894 barbaris
1476 867 1508 894 ad
1535 868 1664 894 auxilium
1681 869 1724 895 in-

941 915 1044 942 vocatis
1069 914 1241 942 restiterunt.
1264 913 1461 947 Imperatorem
1478 920 1561 947 porro
1578 913 1660 944 hunc.
1677 913 1725 948 qui

941 967 1016 987 nunc
1030 967 1079 987 vos
1092 959 1196 987 ctelesti
1221 959 1305 986 t'ultus
1328 965 1380 992 ope
1403 958 1487 985 armis
1507 958 1624 993 subegit,
1645 967 1725 985 nemo

920 1006 1072 1042 vinjustum
1091 1013 1152 1033 esse
1178 1005 1290 1034 dixerit.
1314 1004 1379 1030 dum
1410 1003 1480 1030 alios
1504 1004 1639 1038 imperare
1669 1011 1724 1031 non

943 1053 1059 1085 patitur,
1096 1051 1144 1079 sed
1157 1050 1351 1087 justissimum,
1365 1049 1411 1084 qui
1425 1053 1566 1084 paternam
1581 1049 1726 1076 haeredita-

943 1101 997 1126 tem
1012 1101 1145 1132 reposcat.
1167 1097 1196 1125 Si
1217 1097 1290 1124 enim
1311 1103 1419 1132 aequum
1433 1099 1486 1126 est,
1505 1094 1689 1130 Nicephorum
1709 1102 1725 1122 a

943 1141 1094 1177 majoribus
1118 1140 1190 1168 haud
1216 1140 1254 1168 ita
1270 1139 1366 1167 multis
1378 1139 1559 1174 principatum
1578 1137 1725 1170 deducere,

943 1192 1047 1222 quanto
1071 1186 1176 1221 aequius
1192 1186 1398 1221 imperatorem,
1414 1185 1608 1218 imperatorum
1626 1183 1672 1218 qui
1691 1183 1727 1209 ab

944 1233 1023 1260 initio
1039 1232 1216 1260 Acarnaniam
1233 1234 1383 1259 tenuerunt
1412 1233 1541 1264 nepotem
1581 1235 1729 1256 successo-

944 1286 1058 1313 remque
1072 1277 1248 1313 legitimum?
1263 1276 1341 1310 Quod
1364 1276 1388 1303 si
1410 1274 1639 1310 longinquitatem
1660 1278 1730 1300 tem-

944 1325 1020 1360 poris
1048 1332 1138 1353 causa;
1170 1328 1269 1351 vestrae.
1299 1322 1367 1350 satis
1399 1320 1564 1356 patrocinari
1596 1319 1728 1350 censetis,

944 1418 987 1453 gis
1003 1417 1139 1452 supplicio
1163 1416 1238 1451 digiti
1261 1415 1339 1447 estis,
1364 1414 1410 1449 qui
1438 1413 1532 1441 tandiu
1561 1412 1587 1439 in
1607 1411 1730 1439 facienda

946 1463 1048 1499 injuria
1065 1461 1322 1498 perseveraveritis.
1338 1459 1409 1495 Ergo
1423 1459 1447 1486 si
1463 1458 1537 1486 nulla
1553 1457 1651 1484 fraude
1667 1464 1732 1484 eva—

946 1510 1012 1538 dere
1026 1510 1151 1545 potestis,
1167 1509 1233 1544 quin
1251 1505 1467 1537 convincamini,
1490 1504 1570 1539 317
1586 1508 1613 1530 et
1628 1503 1649 1530 si
1666 1503 1732 1529 \‘iri-

112 1549 234 1582 ἑαυτοῖς,
250 1550 296 1576 καὶ
312 1550 350 1585 μὴ
367 1550 546 1585 πειθομένους
573 1551 635 1586 ἐμοὶ
662 1551 697 1578 τὰ
712 1552 809 1587 βελτίω
824 1561 895 1589 συμ-

947 1556 999 1584 bus
1013 1555 1047 1583 ad
1062 1556 1253 1590 imperatorem
1267 1552 1422 1581 Acarnania
1443 1550 1606 1586 ejiciendum
1628 1549 1732 1577 valete-

111 1594 280 1628 ϐουλεύοντι,
296 1595 372 1631 σφίσι
382 1596 431 1631 μὲν
445 1597 537 1628 αὐτοῖς
551 1597 656 1629 αἰτίους
671 1598 797 1632 γενέσθαι
810 1599 896 1634 μεγά-

112 1641 169 1668 λων
189 1641 309 1676 ἁγαθῶν,
329 1643 402 1678 ἡμᾶς
423 1643 452 1670 δὲ
477 1643 567 1678 ὀλίγου
582 1644 665 1670 πόνου
693 1645 845 1677 ἀπαλλάξαι
868 1645 897 1672 δν

113 1688 309 1723 ὑπομενοῦμεν
321 1687 394 1723 ὑμᾶς
409 1690 660 1725 καταστρεφόμενοι
676 1699 683 1724 ;
697 1691 757 1717 Ὀτι
768 1691 797 1718 δὲ
812 1691 829 1727 ἡ
843 1691 898 1728 ἐμὴ

114 1734 281 1769 παραίνεσις
309 1735 488 1771 συμφέρουσα
522 1737 598 1771 ὑμῖν,
629 1736 717 1770 ἔξεστι
744 1738 899 1773 χρήσασθαι

115 1780 283 1815 συμϐούλοις
298 1781 353 1812 τοῖς
371 1782 515 1815 συγγενέσι
530 1782 577 1808 καὶ
596 1782 715 1817 ἑταίροις
731 1783 807 1816 ὑμῶν
829 1782 898 1809 Ἰνω-

116 1828 200 1861 γὶοις,
229 1827 255 1854 οῖ
273 1828 334 1862 ἐμοὶ
350 1827 439 1855 πάντα
466 1828 628 1863 ἀναθέμενοι
644 1829 678 1856 τὰ
696 1829 757 1855 κατ’
785 1830 897 1862 αὐτοὺς,

116 1873 184 1906 ὅσης
203 1873 365 1909 ἀπήλαυσαν
390 1874 495 1906 εὐνοίας
523 1876 570 1901 καὶ
597 1875 726 1911 προνοίας
755 1874 806 1911 τῆς
832 1875 900 1910 πρὸς

119 1918 264 1953 βασιλέως,
282 1919 503 1954 μαρτυρήσουσιν
521 1920 611 1947 αὐτοί,
643 1921 675 1947 Et
687 1919 734 1947 οὖν
750 1921 797 1947 καὶ
822 1921 901 1955 ὑμεῖς

119 1966 154 1991 τὰ
171 1964 291 2000 ὑμέτερα
310 1965 445 2000 ἀνάθησθε
460 1965 531 2001 ἐμοὶ,
548 1967 654 1993 εἴσεσθε
672 1966 761 1998 καλῶς
784 1966 821 1998 ὡς
833 1967 900 2001 ἀλη-

121 2009 165 2036 θεῖ
175 2009 223 2036 καὶ
237 2009 334 2045 δικαίῳ
352 2010 398 2036 καὶ
412 2010 553 2046 δυναμένῳ
567 2011 598 2038 εὖ
613 2012 699 2038 ποιεῖν
722 2010 901 2038 ἐπιστεύσατε

119 2056 208 2091 ἀνδρί.
245 2056 406 2091 ’Δπολογίαν
438 2057 489 2092 μὲν
519 2055 566 2084 οῦν
592 2058 638 2084 ἐπὶ
665 2059 722 2089 τοῖς
748 2058 902 2093 εἰρημένοις

119 2102 247 2129 ἀπαιτεῖν
260 2103 292 2129 ού
307 2102 412 2130 δίκαιον
425 2103 494 2136 νυνὶ,
507 2103 563 2130 τῶν
578 2103 707 2130 πλειόνων
721 2112 751 2130 τε
767 2104 901 2137 ἀπόντων,

120 2148 168 2175 καὶ
183 2148 260 2183 ὑμῶν
274 2149 450 2184 ἀμελετήτων
478 2149 546 2184 πρὸς
559 2150 621 2181 τοὺς
636 2150 732 2184 λόγους
742 2150 826 2177 ὄντων
836 2158 842 2165 ·
859 2151 904 2177 ὲκ-

120 2195 237 2229 κλησίαν
252 2195 281 2221 δὲ
294 2195 472 2231 ἀθροίσαντες
486 2196 534 2222 καὶ
546 2195 760 2232 βουλευσάμενοι
776 2197 839 2232 περὶ
850 2197 903 2224 τῶν

949 1603 993 1634 tis,
1003 1609 1057 1629 non
1071 1600 1188 1636 possetis
1203 1605 1292 1627 tamen
1308 1599 1415 1634 injuria:
1427 1597 1584 1633 opinionem
1600 1596 1730 1630 eliugvre,

947 1647 1025 1683 quid.
1049 1654 1152 1682 quasso,
1171 1646 1290 1673 inaniter
1315 1644 1482 1674 laborantes,
1501 1642 1638 1669 miseriam
1653 1641 1732 1668 vobis

948 1693 1120 1729 producitis?
1144 1692 1216 1726 Quin
1247 1691 1313 1718 mihi
1341 1689 1471 1718 salutaria
1500 1688 1622 1715 monenti
1652 1686 1734 1713 obse-

949 1745 1076 1776 quentes,
1085 1744 1113 1767 et
1121 1739 1199 1766 vobis
1214 1737 1383 1765 uberrimum
1397 1735 1514 1762 fructum
1530 1731 1730 1767 adipiscimiui:

949 1789 978 1811 et
990 1790 1040 1810 nos
1065 1790 1079 1809 a
1107 1782 1216 1810 tantillo
1233 1781 1338 1813 labore,
1356 1786 1438 1816 quem
1466 1777 1545 1805 vobis
1571 1775 1734 1804 edomandis

950 1827 1158 1861 sustinebimus,
1170 1827 1274 1855 liberos
1288 1833 1350 1854 esse
1362 1823 1470 1853 sinitis?
1486 1822 1622 1852 Caeterum
1635 1821 1734 1850 cohor-

951 1875 1081 1902 tationem
1108 1881 1197 1901 meam
1225 1877 1255 1900 ut
1283 1879 1338 1900 non
1366 1871 1491 1899 inutilem
1522 1870 1604 1897 rebus
1625 1870 1732 1898 w-srris.

951 1920 1050 1955 Rhogii
1072 1919 1180 1955 cognati
1210 1927 1242 1946 ac
1261 1919 1328 1946 socii
1348 1918 1431 1945 vestri
1448 1916 1633 1948 testabuntur,
1650 1915 1671 1942 si
1686 1922 1734 1942 eos

951 1967 1084 1994 adhibere
1109 1965 1284 1993 consiliarios
1309 1963 1454 1991 volueritis
1471 1969 1478 1987 :
1494 1961 1541 1996 qui
1565 1969 1626 1988 eum
1644 1960 1670 1987 in
1691 1967 1735 1986 ar-

951 2011 1036 2040 bitrio
1055 2019 1118 2038 meo
1138 2019 1188 2038 sua
1211 2009 1377 2046 posuissent,
1398 2013 1501 2043 quanta
1525 2014 1591 2035 cura
1617 2006 1735 2032 benevo-

951 2058 1092 2093 lentiaque
1115 2057 1148 2085 ab
1164 2057 1330 2091 imperatore
1345 2053 1448 2090 dignati
1466 2053 1532 2085 sint,
1549 2052 1599 2087 ipsi
1621 2052 1735 2086 loquen-

953 2109 1008 2132 tur.
1025 2104 1052 2132 Si
1077 2104 1142 2132 item
1155 2111 1206 2131 vos
1220 2107 1311 2130 vestra
1327 2101 1394 2129 mihi
1410 2100 1602 2135 permiseritis.
1619 2098 1735 2126 ellieiam

953 2155 984 2178 ut
1008 2157 1041 2178 ea
1065 2149 1170 2177 homini
1197 2148 1288 2176 veraci
1307 2152 1335 2174 et
1356 2147 1441 2182 justo,
1466 2150 1494 2173 et
1512 2145 1558 2180 qui
1574 2143 1735 2172 benefacere

953 2196 1051 2232 possit,
1079 2195 1240 2231 permisisse
1266 2194 1396 2229 praeclare
1420 2191 1588 2227 intelligatis.
1611 2190 1736 2224 Respon-

119 2241 245 2271 δεόντων,
263 2241 292 2272 ὲς
317 2242 367 2276 τὴν
392 2241 551 2276 ὑστεραίαν,
579 2243 603 2268 εί
618 2243 700 2274 δοκεῖ,
730 2242 843 2269 ἀπόδοτε
858 2243 896 2270 τδι

955 2243 1059 2271 sionem
1075 2242 1102 2269 in
1116 2249 1236 2277 praesens
1251 2247 1305 2267 non
1319 2239 1438 2274 postulo,
1453 2237 1561 2273 quando
1574 2236 1659 2270 major
1674 2242 1737 2270 pars

119 2286 212 2320 λόγον.
234 2285 263 2312 ’0
280 2286 329 2321 μὲν
342 2284 389 2313 οὗν
412 2287 498 2314 εἰπὼν
512 2287 625 2314 τοιαῦτα
653 2288 720 2323 πρὸς
750 2287 902 2323 ’Λρταίους,

120 2332 296 2368 ἀνεχώρησεν
319 2334 360 2365 είς
381 2334 411 2360 τὸ
442 2334 634 2369 στρατόπεδον,
668 2333 827 2362 Καὸασίλαν
855 2335 902 2361 καὶ

120 2378 184 2409 τοὺς
192 2378 288 2411 ἄλλους
296 2378 426 2413 Ῥωγίους
440 2379 610 2414 διαλέγεσθαι
628 2379 720 2411 αὐτοῖς
732 2379 901 2413 καταλιπὼν,

955 2289 1050 2320 abest;
1065 2293 1093 2316 et
1109 2295 1158 2315 vos
1180 2287 1213 2314 ad
1239 2284 1460 2320 respondendum
1487 2291 1543 2310 non
1562 2282 1629 2309 estis
1652 2281 1738 2308 medi-

957 2335 1015 2362 tati.
1034 2333 1086 2361 Ubi
1102 2337 1165 2361 aeto
1184 2337 1321 2360 conventu
1343 2331 1378 2358 de
1401 2337 1507 2358 summa
1524 2336 1615 2356 rerum
1632 2326 1738 2355 delibe-

956 2379 1095 2412 raveritis,
1117 2379 1239 2407 crastino
1253 2378 1310 2410 die,
1331 2377 1355 2405 si
1371 2377 1477 2409 libebit,
1491 2375 1663 2410 respondete.
1689 2373 1737 2401 His

752 2437 860 2469 Jacobi
878 2437 1010 2468 Pontani
1028 2441 1124 2469 notat.

159 2499 394 2537 (65)__Theodgro_
424 2499 535 2537 Lascari
567 2500 733 2536 imperatore
763 2499 905 2535 designato

123 2534 197 2565 circa
211 2535 328 2563 Nicaeam
345 2534 488 2570 Bithyniae.

161 2571 215 2605 (66)
238 2571 288 2597 Per
311 2577 399 2605 annos
409 2568 478 2605 'erre
494 2570 539 2597 65.
553 2569 669 2605 ilnlerea
689 2569 860 2605 Nicomediae,
876 2568 903 2596 in

125 2604 252 2641 Bithynia
269 2605 362 2641 sedem
378 2604 532 2632 habuerunt
546 2604 840 2641 Constantinopolitani
856 2604 906 2641 im-

163 2638 280 2667 ratores.
304 2638 414 2666 Primus
443 2643 534 2666 autem
558 2647 592 2666 ex
632 2638 736 2667 Latinis
759 2639 904 2673 imperavit

149 2673 381 2708 onstantinopoli,
407 2681 479 2701 anno
511 2673 618 2701 Domini
650 2675 730 2705 1200,
755 2674 905 2701 Balduinus

126 2709 245 2737 Flander
277 2709 417 2736 mensibus
443 2716 471 2735 Il.
498 2708 558 2741 Quo
584 2717 599 2736 a
618 2709 710 2737 Marsis
734 2713 762 2736 et
781 2708 906 2742 Bulgaris

127 2749 209 2778 capto
219 2748 302 2775 atque
316 2743 471 2776 interfecto,
489 2744 676 2778 interregnum
693 2743 743 2770 fuit
762 2751 835 2770 anno
849 2751 904 2770 uno

125 2783 157 2806 et
175 2779 317 2806 mensibus
342 2783 469 2813 quatuor.
495 2778 649 2810 Secundus,
676 2778 821 2810 Henricus,
841 2778 905 2805 Bal.

128 2813 205 2840 duini
223 2813 305 2846 ﬁlius,
322 2813 369 2848 qui
387 2813 449 2848 sine,
464 2813 557 2848 liberis
568 2813 644 2840 obiit.
658 2814 780 2845 Tertius,
796 2813 906 2845 Petrus,

129 2855 220 2876 comes
244 2847 477 2876 Altisiodorensis.
501 2847 630 2881 Quartus,
661 2849 810 2876 Robertus.
832 2848 903 2874 Petri

957 2500 1050 2528 Donec
1065 2500 1180 2528 Michael
1200 2499 1367 2534 Palatologus
1396 2497 1543 2534 imperium
1559 2494 1741 2534 [ἐρρίζωθ-

956 2539 1033 2570 plum
1062 2535 1163 2563 Grtecis
1188 2529 1416 2570 restituitranno
1436 2529 1544 2570 Domini
1566 2530 1644 2557 1258.
1665 2529 1741 2570 Quo-

958 2566 1040 2598 iuodo
1064 2570 1223 2605 praeclaram
1249 2569 1322 2605 illam
1341 2568 1440 2605 urbem.
1454 2566 1543 2605 Latini
1567 2566 1739 2605 occuparint,

956 2609 984 2640 et
1001 2600 1082 2640 quam
1104 2605 1246 2633 horribilia
1261 2604 1365 2640 scelera
1384 2602 1566 2640 designarit“,
1581 2601 1645 2640 fuse
1657 2600 1739 2638 doert

955 2637 1064 2667 Nicétas
1093 2641 1120 2667 in
1145 2639 1241 2666 Alexio
1259 2639 1412 2669 Comneno.
1437 2637 1486 2664 lib.
1510 2644 1552 2667 Ill,
1581 2637 1608 2662 in
1624 2637 1740 2668 imperio

955 2674 1042 2701 ΔιειῙί
1064 2675 1154 2706 Ducze,
1171 2679 1354 2709 cognomento
1366 2671 1542 2709 Murtzuphli.

992 2710 1048 2744 (67)
1070 2709 1129 2737 Non
1147 2705 1286 2736 'vult'dari
1303 2705 1541 2744 praescriptionem
1559 2706 1586 2733 in
1605 2705 1696 2744 regnis
1713 2709 1741 2744 et

956 2739 1105 2779 provinciis
1128 2753 1134 2772 :
1160 2749 1188 2771 et
1207 2744 1254 2778 qui
1283 2739 1326 2770 vel
1340 2739 1450 2779 centum
1476 2742 1556 2769 annis
1585 2739 1738 2779 possederit

958 2773 1151 2817 regnummon
1166 2773 1259 2817 sun-ni.
1282 2777 1354 2817 quod
1374 2778 1468 2817 inique
1493 2773 1644 2817 occuparit,
1657 2783 1690 2803 eo

957 2810 1064 2876 hirede
1079 2814 1201 2849 legitimo
1213 2810 1313 2847 depelli
1329 2819 1408 2847 posse
1419 2810 1431 2845 ;“
1444 2812 1477 2840 de
1493 2819 1546 2847 quo
1559 2810 1741 2847 jurecousulti

957 2857 982 2876 vt
1002 2854 1085 2876 enut.

956 2854 1085 2877 νιαεηιιι.

131 2883 210 2911 ﬁlius.
226 2884 355 2917 Quintus.
367 2882 514 2910 Balduinus
534 2885 679 2917 secundus,
696 2883 806 2910 Roberti
821 2883 903 2909 titius.
956 2912 960 2915 ι
