1932 3089
241 165 291 198 651

828 166 992 198 JOANNIS
1012 168 1280 200 CANTACUZENI
1809 167 1854 198 63.2

242 222 377 251 tentiores
402 222 586 255 existimatos,
612 220 696 249 urbes
723 220 905 256 subacturos;
928 223 1030 250 nihilo-

1089 225 1263 256 tzeaucla;.
1280 224 1311 251 El
1328 224 1350 251 δ’
1368 224 1420 259 ἄρα
1445 223 1492 250 καὶ
1507 223 1745 258 ’συγχωρήσαιμεν
1773 230 1852 257 παραο

245 270 336 297 minus
361 274 418 296 tum
435 275 546 304 quoque
566 267 665 294 misera
687 268 742 295 erit
771 272 861 295 vestra
883 273 911 295 et
932 268 1026 296 infelix

244 315 379 344 conditio.
395 314 557 342 Necessario
573 313 647 340 enim
661 313 715 340 illis
728 314 863 341 servietis.
883 314 941 341 Non
956 315 1028 342 enim

244 361 366 397 profecto
389 360 459 387 adeo
483 359 645 394 insipientes
660 363 735 391 sunt,
760 364 790 386 ut
812 359 885 394 quod
904 367 1032 394 saepenu-

243 414 319 434 mero
344 405 500 440 cupierunt,
526 405 549 432 si
581 405 607 432 id
627 409 690 439 post
719 412 833 440 magnos
867 405 976 432 labores
1001 410 1030 433 et

244 451 366 486 pericula
393 455 590 485 assequamur,
620 451 689 477 citra
719 451 802 477 ullam
836 451 1030 478 necessitatem

244 498 323 525 vobis
348 497 518 525 condonent.
545 496 631 530 Quale
657 502 747 524 autem
773 502 802 524 et
826 504 909 531 quam
930 497 1031 524 durum

245 542 456 570 Tarentinorum
485 542 656 577 aliorumque
689 541 848 569 Latinorum
886 542 1031 577 imperium

247 589 294 619 sit,
315 595 364 615 vos
378 587 549 618 experientia
569 587 626 622 ipsa
651 587 749 615 melius
762 594 844 622 quam
863 595 913 614 nos
929 595 1031 622 cogno-

245 633 333 661 vistis.
355 633 491 667 Quocirca
515 634 573 660 sive
599 633 798 668 adjuvabimini
824 641 839 660 a
862 633 1032 665 Tarentinis,

246 680 304 707 sive
321 687 392 712 non;
408 680 466 707 sive
479 687 528 707 nos
543 679 670 711 vicerint,
685 679 742 706 sive
753 687 768 706 a
784 679 865 706 nobis
876 679 1033 711 vincentur,

247 726 316 753 nihil
342 726 441 756 aberit,
459 718 606 760 quominus
630 725 657 752 in
678 725 809 752 extremis
836 725 915 752 malis
938 731 1033 752 verse-

248 772 328 798 mini.
348 771 401 798 Sed
423 778 512 806 neque
528 778 578 797 nos
594 771 778 797 diuturnitate
801 770 974 797 remissiores
995 770 1035 797 fa-

248 823 308 846 ctos
325 818 497 845 obsidionem
518 817 659 844 soluturos
682 816 811 843 arbitrari
828 817 970 851 prudentis
992 820 1034 844 est

248 863 378 891 hominis.
397 863 452 890 Nos
469 862 520 897 ipsi
535 862 644 897 quidem
670 870 723 889 non
743 869 852 897 semper
866 862 944 890 vobis
964 862 1034 889 assi-

1083 271 1166 304 σκευῇ
1184 270 1291 305 μεγάλῃ
1310 271 1493 304 Ταραντίνους
1510 270 1541 295 ἑκ
1556 270 1606 304 τῆς
1622 269 1724 300 οἰκείας
1735 270 1854 305 ὁρμηθέν-

1082 324 1130 347 τας
1147 315 1240 342 ἐνθάδε
1255 316 1344 351 ἥκειν,
1357 316 1454 350 ἄδηλον
1482 316 1532 350 μὲν
1545 315 1569 341 εί
1582 315 1630 341 οιαὶ
1652 315 1722 342 οὕτω
1738 316 1854 350 δυνήσον-

1081 369 1128 387 ται
1147 362 1222 395 ἡμᾶς
1231 362 1412 396 Ἀκαρνανίας
1425 361 1561 394 ἐξελάσαι,
1575 360 1599 387 οἳ
1614 360 1673 387 οὐδὲ
1687 360 1754 396 πρὸς
1770 361 1854 395 μόνους

1088 407 1270 443 Ἀκαρνάνας,
1287 408 1409 441 καίτοιγε
1424 408 1556 438 πολλάκις
1576 407 1805 441 ἐπιχειρήσαντες.
1820 407 1855 432 ῐσ-

1082 462 1170 488 χυσαν
1187 455 1271 489 χωρὶς
1290 453 1391 489 ζημίας
1419 453 1574 486 ἀπαλλάξαι
1591 452 1782 486 πολεμοῦντες.
1797 453 1825 478 Εί
1837 453 1855 478 δ’

1083 499 1138 534 ἄρα
1163 500 1210 526 καὶ
1225 497 1304 527 τοῦτο
1331 499 1442 534 δοίημεν
1465 500 1496 526 τὸ
1515 500 1594 534 ἡμῶν
1619 499 1717 529 αὐτοὺς
1738 498 1856 532 ὀφθέντας

1084 546 1226 580 κρείττους
1241 545 1472 581 παραστήσασθαι
1487 546 1537 578 τὰς
1563 545 1664 576 πόλεις,
1679 545 1738 570 τότε
1753 553 1782 578 γε
1802 545 1856 578 ὑμῖν

1084 591 1117 617 τὰ
1144 591 1297 627 πράγματα
1320 592 1450 626 οὐδεμιᾶς
1477 591 1583 626 βέλτιον
1607 591 1663 624 ἕξει
1687 591 1735 617 δυσ
1745 592 1854 626 τραγίας.

1091 638 1211 673 ’Δνάγκη
1226 638 1280 674 γὰρ
1295 638 1367 673 ὑμᾶς
1380 638 1473 670 αὐτοῖς
1488 637 1637 664 δουλεύειν.
1661 637 1700 663 Οὐ
1715 638 1770 672 [γὰρ
1780 637 1854 672 δήπου

1084 691 1116 716 γε
1133 684 1327 718 ἀνοηταίνουσι
1342 683 1480 715 τοσοῦτον,
1497 683 1567 710 ὥστε
1582 676 1612 709 οὗ
1628 683 1757 714 πολλάκις
1771 683 1855 709 ἐπεθύ-

1087 737 1188 764 μησαν,
1207 730 1275 763 μετὰ
1289 730 1352 761 τοὺς
1366 729 1502 764 μεγάλους
1517 731 1615 761 πόνους
1628 730 1676 756 καὶ
1693 729 1765 756 κινδύ
1772 738 1823 757 κους
1836 731 1856 755 εί

1086 774 1220 808 παρέσται
1246 775 1369 811 ἀνάγκης
1385 775 1514 810 οὐδεμιᾶς
1540 775 1684 811 παρούσης
1701 775 1763 810 ὑμῖν
1786 776 1856 811 προέι

1087 820 1160 847 σθαι.
1180 820 1277 847 Ὀποία
1293 821 1321 847 δὲ
1340 822 1355 856 ὴ
1372 821 1547 857 Ταραντίνων
1562 822 1608 848 καὶ
1624 822 1680 848 τῶν
1706 821 1790 849 ἄλλων
1811 822 1857 847 Λα-

1086 867 1166 894 τίνων
1195 867 1313 900 δουλεία,
1331 869 1407 894 αὐτοὶ
1437 869 1497 895 ἴστε
1526 869 1612 904 πείρᾳ.
1640 868 1744 904 βέλτιον
1769 869 1855 904 ἡμῶν·

248 921 387 948 (lt-bimus.
414 919 492 947 Nunc
520 919 593 947 enim
627 919 788 954 imperator,
815 918 953 945 arbitrans
975 919 1034 953 ipso

1089 912 1156 939 ὥστε
1168 912 1223 939 εἴτε
1245 914 1474 948 συμμαχήσουσιν
1499 914 1562 949 ὑμῖν
1577 916 1602 941 οἱ
1623 915 1794 950 Ταραντῖνοι,
1810 914 1855 941 είτε

248 971 349 995 eventu
366 966 473 998 doctos,
490 973 573 1001 quam
588 965 621 992 de
633 965 769 992 vobismet
783 964 852 991 male
868 964 1033 995 merueritis,

247 1018 352 1042 mutata
372 1013 515 1040 voluntate
534 1011 565 1039 ad
580 1019 609 1039 se
640 1018 812 1044 accessuros,
827 1015 855 1038 et
874 1011 931 1046 ipse
945 1010 1035 1038 adhuc

247 1063 400 1095 exspectat.
414 1063 441 1087 et
458 1065 527 1093 quas
540 1057 566 1084 in
581 1056 642 1084 aliis
666 1057 781 1084 urbibus
798 1057 907 1083 habetis
922 1055 1036 1083 faculta-

249 1112 300 1137 tes.
328 1105 448 1132 nondum
476 1104 503 1131 in
527 1103 596 1130 alios
618 1103 756 1137 dispertit.
775 1102 803 1130 Si
830 1109 876 1129 vos
898 1101 1034 1129 calculum

248 1151 414 1179 reducturos
425 1147 623 1184 desperaverit,
640 1156 694 1174 non
710 1152 816 1175 vestras
831 1147 973 1180 duntaxat,
987 1146 1034 1174 sed

247 1203 280 1226 et
305 1200 486 1232 cognatarum
519 1199 677 1222 vestrorum
704 1194 832 1221 fortunas
863 1194 1035 1220 Acarnanum

248 1242 450 1280 potentissimis
473 1241 559 1278 gratis
573 1241 659 1268 dabit.
677 1240 728 1273 Qui
756 1240 797 1267 sui
820 1244 941 1274 quaestus
963 1239 1037 1274 cupi-

247 1291 313 1318 dine
326 1288 469 1320 commoti,
483 1287 525 1315 vel
539 1287 608 1314 ultra
627 1286 701 1313 vires
717 1286 845 1318 animosi,
861 1290 890 1312 et
906 1293 990 1320 parvo
1002 1285 1036 1312 ab

248 1337 417 1372 imperatore
440 1338 552 1368 accepto
575 1331 713 1367 praesidio,
734 1335 764 1358 ut
788 1330 1036 1366 perniciosissimos

248 1384 343 1410 hostes
360 1389 408 1409 vos
424 1378 634 1416 oppugnabunt,
649 1386 700 1406 nec
715 1378 844 1405 obsidere
875 1377 1035 1408 cessabunt.

248 1430 339 1465 quoad
359 1428 486 1455 subactos
517 1433 580 1453 cum
601 1424 764 1460 conjugibus
786 1429 813 1451 et
830 1423 924 1451 liberis
948 1423 1036 1457 patria

247 1480 374 1503 extorres
390 1471 573 1501 reddiderint.
590 1470 646 1498 Nos
660 1478 723 1498 cum
744 1470 911 1504 imperatore
925 1469 1036 1496 domum

248 1525 432 1550 revertemur.
459 1518 557 1546 Videte
584 1516 684 1552 igitur,
711 1516 814 1551 quibus
840 1515 951 1542 casibus
984 1516 1037 1541 hoc

249 1566 353 1594 bellum
371 1573 420 1592 vos
434 1563 593 1598 obiectabit.
620 1562 648 1590 Si
675 1569 718 1589 me
742 1562 856 1589 meliora
874 1561 1034 1588 suadentem

249 1610 404 1641 audieritis,
418 1615 521 1642 vosque
538 1612 566 1635 et
586 1607 680 1635 urbem
694 1607 851 1642 imperatori
863 1605 1035 1638 dedideritis,

249 1658 368 1694 primum
396 1655 518 1691 quidem,
548 1653 622 1690 quod
649 1653 777 1686 studetis,
805 1653 963 1687 Nicephoro
987 1652 1037 1679 de-

212 1703 215 1705 ’
253 1707 339 1739 spata:
357 1706 450 1729 vestro
465 1700 639 1728 commodare
661 1699 774 1733 licebit;
789 1706 839 1734 ego
858 1699 932 1726 enim
953 1698 1036 1725 ﬁliam

249 1756 338 1776 meam
352 1748 376 1775 ei
396 1755 508 1774 uxorem
523 1747 698 1781 coniungant,
719 1745 792 1780 quod
807 1745 833 1772 in
854 1751 960 1772 summa
975 1744 1037 1771 [ριξ-

250 1795 334 1822 ritate
358 1793 516 1829 ponendum
545 1799 596 1820 nec
624 1799 673 1818 vos
698 1790 821 1818 nescitis.
846 1790 982 1818 Praeterea
1008 1793 1037 1816 ut

250 1842 336 1870 tilium
363 1848 452 1868 meum
478 1838 558 1874 323
583 1837 725 1870 educabo;
755 1841 782 1864 et
810 1837 970 1871 imperator,
990 1835 1037 1870 qui

250 1888 318 1916 mihi
337 1887 407 1914 bene
422 1886 491 1918 vult,
505 1892 565 1912 mea
577 1891 658 1911 causa
674 1882 828 1910 honoribus
840 1890 871 1910 ac
897 1881 1038 1909 beneﬁciis

243 1930 322 1969 apud
340 1933 479 1960 Romanos
493 1924 703 1966 amplitudinem
716 1929 775 1964 eius
786 1928 947 1956 illustrabit.
961 1928 1037 1955 Adde

250 1980 323 2016 quod
334 1984 361 2007 et
370 1979 448 2006 vobis
462 1986 516 2005 non
529 1985 615 2012 pauca
626 1976 691 2003 hinc
699 1975 884 2002 emolumenta
895 1974 1035 2008 parabilis.

249 2027 318 2055 Nam
339 2031 367 2053 ct.
384 2026 428 2052 hic
443 2031 510 2060 opes
528 2029 634 2050 vestras
654 2021 807 2050 cumulabit
822 2022 982 2055 imperator,
1009 2024 1038 2047 et

249 2081 310 2108 quze
326 2072 349 2098 N
362 2071 483 2106 cepltoro
504 2070 626 2104 despota:
649 2073 742 2095 vestro
760 2067 985 2102 assignabuntur,
1004 2074 1038 2094 ex

250 2120 284 2147 iis
313 2117 431 2144 fructum
462 2116 581 2150 aliquem
618 2114 744 2148 capietis.
772 2112 853 2139 Plura
886 2112 1038 2139 acervanda

251 2167 336 2194 dictis
349 2172 402 2192 non
418 2170 529 2194 censeo,
543 2169 606 2189 cum
619 2169 651 2188 ex
669 2162 723 2193 his,
739 2161 786 2194 qui
797 2160 917 2194 sapiunt,
931 2159 1039 2194 possint

253 2211 418 2245 intelligi-re.
441 2214 570 2244 quantam
593 2207 645 2234 vim
665 2206 798 2234 malorum
818 2206 932 2239 bellum,
952 2213 1040 2241 quan-

254 2263 308 2284 tam
327 2255 448 2283 vicissim
466 2254 603 2281 bonorum
618 2252 726 2287 copiam
744 2251 848 2279 deditio
863 2251 977 2278 allatura
992 2251 1037 2278 sit.
1056 2267 1078 2294 ι)

255 2303 309 2331 Vos
326 2301 513 2331 considerate,
528 2304 555 2327 et
569 2298 707 2326 utrumvis
723 2298 858 2333 eligitote.
875 2297 911 2325 Ut
923 2297 1040 2324 absolvit

255 2349 433 2380 domesticus,
447 2345 602 2374 Richardus
626 2345 697 2372 inter
723 2344 872 2372 familiares
892 2343 1041 2378 Nicephori

255 2396 359 2430 primas
373 2398 467 2422 tenere
493 2399 522 2419 se
540 2391 598 2426 ipse
612 2397 721 2425 quoque
736 2397 791 2416 non
805 2388 1041 2424 negabat,tamen

254 2441 287 2467 ad
312 2439 373 2466 illos
392 2445 501 2473 quoque
523 2435 708 2468 referendum,
726 2439 754 2462 et
775 2434 959 2461 communiter
975 2434 1041 2469 quid

255 2485 297 2519 agi
312 2483 484 2514 conveniret,
510 2481 724 2508 decernendum.
745 2480 921 2515 Approbante
944 2487 1042 2514 magno

255 2529 422 2560 domestico,
436 2528 480 2555 die
496 2527 621 2562 sequenti
640 2527 794 2554 rediturum
826 2533 1042 2561 responsumque

257 2576 407 2602 relaturum
425 2574 574 2609 pollicitus,
591 2573 619 2599 in
641 2572 738 2600 urbem
756 2580 788 2599 se
809 2572 922 2607 recepit.
942 2571 1042 2599 Coacto

255 2629 271 2648 e
297 2620 483 2655 praesentibus
507 2624 657 2651 conventu,
676 2623 816 2657 quwrunt,
841 2618 941 2653 ecquid
965 2626 994 2646 se
1015 2623 1043 2646 et

255 2667 387 2702 oppidum
419 2665 553 2699 tradant,
577 2665 724 2699 magnique
758 2664 900 2692 domestici
931 2665 1042 2692 monitis

256 2713 436 2748 obsequelanl
450 2712 603 2739 faciendam
619 2719 754 2739 consensu
775 2711 894 2740 ﬁrmant.
908 2711 1044 2739 Postridie

257 2758 554 2788 redienthichardus
579 2758 665 2786 Deum
696 2762 825 2788 testatur.
853 2758 929 2792 ipsos
954 2765 1043 2793 neque

257 2809 322 2835 odio
346 2807 531 2842 imperatoris,
558 2814 647 2841 neque
671 2806 713 2833 sui
737 2811 859 2840 quastus
884 2813 967 2833 causa
986 2807 1044 2841 ejus

255 2853 352 2882 frenos
366 2854 533 2885 excussisse,
554 2853 602 2880 sed
624 2853 783 2888 opinantes,
807 2851 829 2878 si
845 2852 926 2886 primi
946 2852 1044 2879 delice-

261 2905 332 2935 rent,
350 2901 470 2937 reliquos
489 2902 647 2929 Acarnanas
668 2904 823 2929 secuturos,
842 2902 870 2925 et
890 2897 942 2925 hoc
961 2901 1043 2927 modo

1088 959 1136 994 μὴ,
1152 959 1207 985 εἴτε
1223 961 1381 994 νικήσουσιν
1400 961 1484 996 ἡμᾶς,
1501 961 1557 987 εἴτε
1574 962 1770 997 ἡττηθήσονται
1780 962 1855 993 αὐτοὶ,

1086 1005 1163 1032 οὐδὲν
1189 1005 1253 1040 ὑμῖν
1269 1005 1390 1033 ἐλλείπει
1415 1007 1463 1033 τοῦ
1481 1005 1519 1042 μὴ
1549 1008 1588 1038 εις
1608 1007 1724 1042 ἔσχατον
1748 1007 1856 1034 κινδύνιιυ

1086 1049 1250 1084 ἁφικέσθαιο
1264 1051 1294 1077 οὐ
1323 1052 1376 1086 μὴν
1401 1051 1459 1078 ἀλλ’
1475 1052 1535 1079 οὐδὲ
1557 1053 1632 1088 ἡμᾶς
1652 1053 1856 1088 ὀλιγωρήσαντες

1086 1093 1129 1120 διὰ
1150 1095 1195 1121 τὸν
1211 1095 1317 1130 χρόνον,
1340 1096 1546 1132 ἀποστήσεσθαι
1569 1097 1619 1132 τῆς
1635 1097 1791 1132 πολιορκίας
1811 1098 1857 1123 ota-

1087 1138 1161 1172 σθαι,
1180 1139 1243 1166 νοῦν
1269 1140 1385 1175 ἑχόντων
1411 1142 1485 1168 ἑστιν
1512 1141 1679 1177 ἀνθρώπων.
1703 1143 1739 1169 Οὐ
1763 1142 1811 1176 γὰρ
1830 1141 1857 1176 δὴ

1086 1185 1162 1211 αὐτοὶ
1184 1185 1371 1221 καθοδούμεθα
1386 1187 1466 1223 μέχρι
1484 1189 1585 1220 παντὸς
1601 1189 1675 1223 ὑμᾶς
1700 1188 1858 1225 πολιορκοῦν-

1086 1239 1140 1262 τες.
1160 1231 1217 1258 Νῦν
1245 1232 1295 1267 μὲν
1328 1233 1382 1268 γὰρ
1409 1233 1538 1268 βασιλεὺς
1566 1235 1692 1270 οἰόμενος
1725 1234 1754 1268 ιε
1781 1236 1857 1262 αὐτῶν

1086 1277 1261 1313 διδαχθέντας
1289 1279 1343 1305 τῶν
1360 1280 1532 1314 πραγμάτων
1558 1282 1595 1312 ὡς
1627 1283 1660 1308 οὺ
1685 1282 1858 1310 λυσιτελοῦντα

1087 1324 1286 1352 ἐϐουλεύσασθε
1306 1325 1370 1360 ὑμῖν
1385 1327 1486 1359 αὐτοῖς,
1509 1328 1694 1362 μεταγνόντες
1709 1330 1856 1364 ’προσχωρῆ-

1089 1379 1149 1398 σετε
1168 1371 1254 1406 αὐτῷ,
1280 1371 1362 1402 αὐτός
1384 1381 1413 1397 τε
1431 1373 1472 1398 ἔτι
1490 1374 1646 1408 περιμένει,
1671 1375 1717 1401 καὶ
1742 1376 1798 1402 οὐδὲ
1819 1376 1858 1405 τὰς

1089 1419 1201 1453 κτήσεις
1213 1418 1291 1453 ὑμῶν
1305 1418 1353 1450 τὰς
1369 1419 1398 1446 ἐν
1418 1421 1478 1449 ταῖς
1500 1420 1595 1452 ἄλλαις
1610 1423 1708 1448 πόλεσι
1723 1422 1859 1457 παρέσχετο

1088 1465 1212 1499 ἑτέροιςο
1238 1464 1271 1491 ἂν
1300 1465 1327 1491 δὲ
1344 1465 1459 1500 ἀπογνῷ
1474 1467 1524 1501 τὴν
1542 1468 1727 1502 μεταμέλειαν
1743 1468 1822 1503 ὑμῶν,
1834 1467 1858 1492 οὐ

1090 1512 1168 1546 μόνον
1184 1511 1217 1538 τὰ
1240 1512 1361 1548 ὑμετέρα
1384 1513 1524 1547 κτήματα,
1550 1513 1619 1540 ἀλλὰ
1647 1514 1760 1542 καὶτῶν
1786 1514 1858 1541 ἄλλων

1090 1559 1228 1591 συγγενῶν
1243 1557 1321 1592 ὑμῶν
1343 1559 1399 1589 τοῖς
1414 1557 1615 1590 δυνατωτάτοις
1639 1560 1804 1594 Ἀκαρνάνων
1818 1568 1859 1584 παι

1091 1602 1209 1637 ραδώσει
1223 1610 1231 1617 ⁸
1249 1602 1274 1628 οἳ
1290 1603 1402 1638 κέρδους
1417 1603 1498 1630 ἕνεκα
1518 1605 1596 1637 ἰδίου,
1614 1606 1662 1633 καὶ
1680 1607 1746 1642 ὑπὲρ
1761 1606 1858 1640 δύναμιν

1090 1649 1292 1683 πολεμήσουσιν
1312 1649 1376 1684 ὑμῖν
1400 1650 1437 1682 ὡς
1468 1650 1687 1685 πολεμιωτάτοις
1713 1653 1758 1679 καὶ
1780 1652 1858 1686 ὀλίγην

1091 1696 1199 1730 ἔχοντες
1228 1697 1260 1722 ὲκ
1278 1696 1410 1731 βασιλέως
1439 1698 1582 1733 στρατιάν,
1600 1699 1648 1726 καὶ
1675 1701 1724 1726 οὐκ
1745 1700 1858 1734 ἀνήσουσι

1091 1741 1301 1775 πολιορκοῦντες
1317 1742 1398 1776 ἄχρις
1419 1739 1450 1769 οὗ
1469 1745 1716 1779 παραστησάμενοι
1731 1745 1819 1775 αὐτούς
1835 1751 1857 1769 τε

1091 1789 1138 1815 καὶ
1153 1790 1288 1821 γυναῖκας
1303 1789 1351 1815 καὶ
1365 1788 1459 1823 τέκνα,
1479 1790 1611 1824 θήσουσιν
1637 1791 1802 1826 ὑπερορίους.
1817 1791 1858 1817 Βι-

1092 1835 1182 1866 σιλεῦς
1196 1835 1223 1860 δὲ
1236 1835 1282 1861 καὶ
1292 1835 1373 1870 ἡμεῖς
1391 1835 1482 1862 οἴκαδε
1499 1837 1725 1872 ἀναχωρήσομεν.
1735 1836 1859 1870 ’Σκέψασθι

1090 1881 1136 1908 οὖν
1148 1879 1175 1908 οἵ
1189 1881 1281 1908 κακῶν
1294 1882 1308 1908 ό
1319 1881 1387 1917 πρὸς
1402 1881 1516 1916 βασιλέα
1530 1883 1648 1917 πόλεμος
1659 1884 1723 1918 ὑμῖν
1740 1885 1858 1918 χωρήσ.ιο

1092 1929 1138 1955 ἐὰν
1151 1928 1174 1955 δ’
1206 1928 1268 1962 ἐμοὶ
1284 1928 1319 1954 τὰ
1343 1927 1440 1962 βελτίω
1467 1929 1647 1963 παραινοῦντι
1672 1929 1796 1963 πείθησθε
1820 1927 1858 1956 καὶ

1092 1975 1206 2005 ἑαυτοὺς
1225 1974 1333 2010 βασιλεῖ
1350 1975 1396 2001 καὶ
1423 1975 1472 2010 τὴν
1487 1976 1563 2001 πόλιν
1594 1976 1749 2011 παραδῶτε,
1765 1975 1857 2009 πρῶτον

1094 2022 1154 2057 μὲν,
1173 2022 1241 2056 ὅπερ
1255 2021 1334 2048 αὐτοὶ
1350 2021 1394 2047 διὰ
1411 2021 1531 2055 σπουδῆς
1545 2022 1668 2048 ποιεῖσθε
1683 2022 1712 2048 τὸ
1726 2021 1858 2058 Νικηφόρφ

1092 2068 1130 2103 τῷ
1159 2068 1236 2102 ὑμῶν
1251 2068 1370 2102 δεσπότῃ
1387 2066 1523 2101 ὠφέλειάν
1538 2075 1598 2092 τινα
1614 2067 1733 2102 ἐξευρεῖν
1755 2066 1856 2098 ἐξεσται.

1099 2114 1171 2149 Ἐγὼ
1192 2114 1247 2149 γὰρ
1264 2114 1339 2149 αὐτῷ
1358 2114 1406 2148 τὴν
1427 2113 1498 2149 ἐμὴν
1513 2115 1696 2149 κατεγγυὴσω
1720 2113 1856 2147 Θύγατέρα·

1093 2162 1161 2195 ὅπερ
1178 2161 1218 2187 ὅτι
1243 2168 1276 2194 γε
1302 2160 1409 2192 οὐδενὸς
1432 2159 1560 2195 δεύτερον
1582 2161 1622 2191 εἰς
1642 2160 1765 2195 εὐτυχίας
1781 2159 1856 2191 λόγον.

1093 2207 1148 2233 οὐδ’
1165 2207 1242 2240 αὐτοὶ
1259 2206 1381 2239 ἀγνοεῖτε
1411 2205 1510 2239 δήπου.
1531 2204 1604 2238 Ἐγώ
1631 2213 1661 2232 τε
1686 2205 1738 2240 γὰρ
1753 2204 1787 2234 ὡς
1811 2203 1856 2228 υἱῖν

1094 2244 1236 2287 ικθρέψω’
1260 2251 1307 2278 καὶ
1322 2251 1450 2286 βασιλεὺς
1467 2251 1517 2285 τῆς
1537 2251 1577 2282 είς
1594 2251 1644 2286 ἐμὲ
1659 2251 1760 2281 εὐνοίας
1779 2250 1855 2277 ἕνεκα,

1092 2299 1186 2332 τιμαῖς
1203 2306 1232 2324 τε
1247 2298 1293 2323 καὶ
1319 2296 1432 2327 πολλαῖς
1451 2297 1624 2332 εὐεργεσίαις
1641 2295 1775 2331 περιφανῆ
1795 2293 1856 2328 παρὰ

1098 2344 1245 2379 Ῥωμαίοις
1264 2343 1353 2378 θήσει.
1371 2341 1486 2369 Ἔπειτα
1512 2343 1559 2368 καὶ
1585 2343 1693 2372 ἑαυτοῖς
1709 2343 1756 2368 οὐκ
1776 2339 1856 2373 ὀλίγων

1092 2392 1172 2418 τινῶν
1189 2390 1301 2425 ἀγαθῶν
1330 2389 1412 2416 αἴτιοι
1438 2388 1599 2423 γενήσεσθε.
1620 2387 1753 2416 Ἐνταῦθά
1767 2395 1792 2413 τε
1813 2385 1856 2418 γὰρ

1094 2437 1166 2471 ὑμᾶς
1181 2434 1211 2463 εὖ
1225 2437 1333 2470 ποιήσει
1361 2435 1500 2470 βασιλεὺς,
1511 2431 1552 2465 οἷς
1569 2435 1659 2469 εἴχετε
1682 2435 1804 2469 πρότερον
1818 2430 1856 2456 καὶ

1092 2483 1175 2518 ἕτερα
1198 2482 1327 2518 προσθείς
1339 2490 1346 2497 ”
1362 2483 1409 2509 καὶ
1432 2481 1486 2508 τῶν
1510 2481 1664 2516 Νικηφόρῳ
1681 2480 1718 2516 τῷ
1743 2479 1810 2514 ὑμῶν
1822 2477 1857 2502 δε-

1095 2530 1182 2564 σπότῃ
1198 2528 1486 2563 ἁπονεμηθησομέιίων
1521 2528 1692 2554 ἀπολαύσετε
1720 2527 1749 2552 τὸ
1779 2524 1855 2559 μέροῦ

1094 2575 1182 2601 Πλείω
1203 2575 1253 2610 μὲν
1266 2574 1312 2601 οὖν
1332 2575 1424 2601 οὐκέτι
1444 2574 1499 2600 δεῖν
1514 2573 1605 2608 οἴομαι
1622 2574 1771 2608 συνείρειν,
1790 2567 1855 2595 ἱκανά

1094 2623 1148 2658 γὰρ
1165 2621 1231 2656 παρ’
1255 2620 1285 2648 εὖ
1307 2621 1438 2656 φρονοῦσι
1456 2619 1504 2646 καὶ
1526 2620 1561 2647 τὰ
1585 2619 1716 2654 είρημένα
1729 2636 1736 2649 ,
1756 2617 1817 2643 ὅσων
1832 2620 1855 2638 τε

1094 2668 1186 2695 κακῶν
1201 2668 1266 2701 ὑμῖν
1277 2668 1291 2694 ὁ
1307 2667 1424 2702 πόλεμος
1443 2668 1530 2698 αἴτιος
1545 2667 1621 2693 ἐσται
1634 2663 1804 2699 καταμαθεῖνν
1819 2658 1855 2684 καὶ

1094 2717 1164 2742 ὅτων
1180 2714 1292 2748 ἀγαθῶν
1305 2715 1335 2740 τὸ
1348 2713 1546 2748 προσχωρῆσαι
1558 2713 1672 2749 βασιλεῖ.
1688 2711 1763 2746 Ὑμῖν
1772 2708 1796 2734 δὲ
1809 2703 1856 2736 ὲεέ⁴

1096 2769 1158 2788 σται
1186 2760 1428 2794 διασκεψαμένοις,
1443 2760 1497 2786 τῶν
1523 2760 1677 2795 εἰρημένων
1709 2752 1854 2791 προσθέσθαι

1095 2806 1248 2840 ὁποτέροις.
1264 2805 1383 2832 Τοιαῦτα
1397 2805 1583 2839 διειλεγμένου
1598 2804 1644 2830 τοῦ
1660 2801 1773 2838 μεγάλου
1788 2798 1856 2831 δαμε-

1097 2853 1198 2885 στίκου,
1221 2853 1236 2878 ό
1256 2851 1410 2887 Ῥιτζάρδος
1429 2851 1483 2878 τῶν
1506 2851 1553 2886 μὲν
1574 2849 1721 2884 Νικηφόρῳ
1747 2848 1856 2880 συμπαρ-

1096 2900 1179 2926 όντων
1200 2898 1289 2926 ἄλλων
1310 2898 1448 2933 ὡμολόγει
1479 2897 1524 2924 καὶ
1547 2898 1627 2928 αὐτὸς
1659 2894 1797 2931 προέχειν,
1812 2887 1857 2915 δεῖν
