  <div class='ocr_page' id='page_1' title='image "/cluster/home/n/w/nwhite01/storage/ocr_20150623/153/njp.32101010943478/337.png"; bbox 0 0 1932 3089; ppageno 0'>
   <div class='ocr_carea' id='block_1_1' title="bbox 205 161 257 191">
    <p class='ocr_par' dir='ltr' id='par_1_1' title="bbox 205 161 257 191">
     <span class='ocr_line' id='line_1_1' title="bbox 205 161 257 191; baseline 0 0"><span class='ocrx_word' id='word_1_1' title='bbox 205 161 257 191; x_wconf 62' lang='lat' dir='ltr'><strong>(iV-7</strong></span> 
     </span>
    </p>
   </div>
   <div class='ocr_carea' id='block_1_2' title="bbox 782 158 1231 197">
    <p class='ocr_par' dir='ltr' id='par_1_2' title="bbox 782 158 1231 197">
     <span class='ocr_line' id='line_1_2' title="bbox 782 158 1231 197; baseline -0.004 0"><span class='ocrx_word' id='word_1_2' title='bbox 782 165 944 197; x_wconf 81' lang='lat' dir='ltr'><strong>IOANNIS</strong></span> <span class='ocrx_word' id='word_1_3' title='bbox 966 158 1231 196; x_wconf 71' lang='lat' dir='ltr'><strong>CANTACUZENI</strong></span> 
     </span>
    </p>
   </div>
   <div class='ocr_carea' id='block_1_3' title="bbox 1769 169 1818 201">
    <p class='ocr_par' dir='ltr' id='par_1_3' title="bbox 1769 169 1818 201">
     <span class='ocr_line' id='line_1_3' title="bbox 1769 169 1818 201; baseline 0.02 -1"><span class='ocrx_word' id='word_1_4' title='bbox 1769 169 1818 201; x_wconf 75' lang='lat'><strong>668</strong></span> 
     </span>
    </p>
   </div>
   <div class='ocr_carea' id='block_1_4' title="bbox 207 221 996 262">
    <p class='ocr_par' dir='ltr' id='par_1_4' title="bbox 207 221 996 262">
     <span class='ocr_line' id='line_1_4' title="bbox 207 221 996 262; baseline 0.005 -15"><span class='ocrx_word' id='word_1_5' title='bbox 207 221 284 248; x_wconf 81' lang='lat' dir='ltr'><strong>nefas</strong></span> <span class='ocrx_word' id='word_1_6' title='bbox 307 222 594 262; x_wconf 81' lang='lat' dir='ltr'><strong>erat)_discessisset,</strong></span> <span class='ocrx_word' id='word_1_7' title='bbox 614 231 732 258; x_wconf 89' lang='lat' dir='ltr'><strong>prlmum</strong></span> <span class='ocrx_word' id='word_1_8' title='bbox 759 225 872 258; x_wconf 78' lang='lat' dir='ltr'><strong>quidem</strong></span> <span class='ocrx_word' id='word_1_9' title='bbox 896 225 944 252; x_wconf 83' lang='lat' dir='ltr'><strong>ditt</strong></span> <span class='ocrx_word' id='word_1_10' title='bbox 971 224 996 251; x_wconf 92' lang='lat' dir='ltr'><strong>in</strong></span> 
     </span>
    </p>
   </div>
   <div class='ocr_carea' id='block_1_5' title="bbox 1047 221 1819 262">
    <p class='ocr_par' dir='ltr' id='par_1_5' title="bbox 1050 223 1819 261">
     <span class='ocr_line' id='line_1_5' title="bbox 1050 223 1819 261; baseline 0.004 -10"><span class='ocrx_word' id='word_1_11' title='bbox 1050 225 1085 251; x_wconf 82' lang='grc' dir='ltr'><strong>τὰ</strong></span> <span class='ocrx_word' id='word_1_12' title='bbox 1112 225 1213 260; x_wconf 75' lang='grc' dir='ltr'><strong>βελτίω</strong></span> <span class='ocrx_word' id='word_1_13' title='bbox 1234 223 1450 259; x_wconf 83' lang='grc' dir='ltr'><strong>συμϐουλεύουσι</strong></span> <span class='ocrx_word' id='word_1_14' title='bbox 1474 224 1513 259; x_wconf 83' lang='grc' dir='ltr'><strong>μὴ</strong></span> <span class='ocrx_word' id='word_1_15' title='bbox 1540 224 1701 257; x_wconf 77' lang='grc' dir='ltr'><strong>πείθεσθαι,</strong></span> <span class='ocrx_word' id='word_1_16' title='bbox 1731 227 1819 261; x_wconf 85' lang='grc' dir='ltr'><strong>πρῶτα</strong></span> 
     </span>
    </p>
   </div>
   <div class='ocr_carea' id='block_1_6' title="bbox 206 267 996 302">
    <p class='ocr_par' dir='ltr' id='par_1_6' title="bbox 206 267 996 302">
     <span class='ocr_line' id='line_1_6' title="bbox 206 267 996 302; baseline 0.006 -10"><span class='ocrx_word' id='word_1_17' title='bbox 206 267 379 294; x_wconf 71' lang='lat' dir='ltr'><strong>monasteriis</strong></span> <span class='ocrx_word' id='word_1_18' title='bbox 394 267 466 302; x_wconf 90' lang='lat' dir='ltr'><strong>apud</strong></span> <span class='ocrx_word' id='word_1_19' title='bbox 479 269 551 295; x_wconf 74' lang='lat' dir='ltr'><strong>Atho</strong></span> <span class='ocrx_word' id='word_1_20' title='bbox 567 274 685 296; x_wconf 93' lang='lat' dir='ltr'><strong>montem</strong></span> <span class='ocrx_word' id='word_1_21' title='bbox 699 270 767 297; x_wconf 78' lang='lat' dir='ltr'><strong>vixit</strong></span> <span class='ocrx_word' id='word_1_22' title='bbox 779 290 787 302; x_wconf 92' lang='lat'><strong>,</strong></span> <span class='ocrx_word' id='word_1_23' title='bbox 802 271 901 298; x_wconf 87' lang='lat' dir='ltr'><strong>deinde</strong></span> <span class='ocrx_word' id='word_1_24' title='bbox 916 277 996 298; x_wconf 85' lang='lat' dir='ltr'><strong>cura-</strong></span> 
     </span>
    </p>
   </div>
   <div class='ocr_carea' id='block_1_7' title="bbox 207 311 996 351">
    <p class='ocr_par' dir='ltr' id='par_1_7' title="bbox 207 311 996 351">
     <span class='ocr_line' id='line_1_7' title="bbox 207 311 996 351; baseline 0.009 -14"><span class='ocrx_word' id='word_1_25' title='bbox 207 311 281 338; x_wconf 90' lang='lat' dir='ltr'><strong>tione</strong></span> <span class='ocrx_word' id='word_1_26' title='bbox 290 312 378 338; x_wconf 87' lang='lat' dir='ltr'><strong>morbi</strong></span> <span class='ocrx_word' id='word_1_27' title='bbox 391 318 514 347; x_wconf 82' lang='lat' dir='ltr'><strong>urgente,</strong></span> <span class='ocrx_word' id='word_1_28' title='bbox 525 314 748 342; x_wconf 73' lang='lat' dir='ltr'><strong>Thessalonicam</strong></span> <span class='ocrx_word' id='word_1_29' title='bbox 759 317 846 344; x_wconf 81' lang='lat' dir='ltr'><strong>venit.</strong></span> <span class='ocrx_word' id='word_1_30' title='bbox 856 317 906 343; x_wconf 84' lang='lat' dir='ltr'><strong>Hic</strong></span> <span class='ocrx_word' id='word_1_31' title='bbox 929 324 996 351; x_wconf 76' lang='lat' dir='ltr'><strong>ergo</strong></span> 
     </span>
    </p>
   </div>
   <div class='ocr_carea' id='block_1_8' title="bbox 205 356 996 395">
    <p class='ocr_par' dir='ltr' id='par_1_8' title="bbox 205 356 996 395">
     <span class='ocr_line' id='line_1_8' title="bbox 205 356 996 395; baseline 0.01 -14"><span class='ocrx_word' id='word_1_32' title='bbox 205 356 306 388; x_wconf 79' lang='lat' dir='ltr'><strong>aliique</strong></span> <span class='ocrx_word' id='word_1_33' title='bbox 332 357 457 383; x_wconf 79' lang='lat' dir='ltr'><strong>monachi</strong></span> <span class='ocrx_word' id='word_1_34' title='bbox 483 357 624 386; x_wconf 87' lang='lat' dir='ltr'><strong>Barlaamo</strong></span> <span class='ocrx_word' id='word_1_35' title='bbox 646 368 732 387; x_wconf 65' lang='lat' dir='ltr'><strong>sacrae</strong></span> <span class='ocrx_word' id='word_1_36' title='bbox 749 361 850 395; x_wconf 88' lang='lat' dir='ltr'><strong>quietis</strong></span> <span class='ocrx_word' id='word_1_37' title='bbox 869 361 996 389; x_wconf 86' lang='lat' dir='ltr'><strong>instituto</strong></span> 
     </span>
    </p>
   </div>
   <div class='ocr_carea' id='block_1_9' title="bbox 208 402 997 438">
    <p class='ocr_par' dir='ltr' id='par_1_9' title="bbox 208 402 997 438">
     <span class='ocr_line' id='line_1_9' title="bbox 208 402 997 438; baseline 0.01 -11"><span class='ocrx_word' id='word_1_38' title='bbox 208 402 359 433; x_wconf 87' lang='lat' dir='ltr'><strong>Insultanti,</strong></span> <span class='ocrx_word' id='word_1_39' title='bbox 374 403 521 438; x_wconf 70' lang='lat' dir='ltr'><strong>multisque</strong></span> <span class='ocrx_word' id='word_1_40' title='bbox 532 405 665 433; x_wconf 86' lang='lat' dir='ltr'><strong>conviciis</strong></span> <span class='ocrx_word' id='word_1_41' title='bbox 685 406 752 434; x_wconf 90' lang='lat' dir='ltr'><strong>illud</strong></span> <span class='ocrx_word' id='word_1_42' title='bbox 766 407 918 434; x_wconf 86' lang='lat' dir='ltr'><strong>cumulanti</strong></span> <span class='ocrx_word' id='word_1_43' title='bbox 935 415 997 435; x_wconf 90' lang='lat' dir='ltr'><strong>suc-</strong></span> 
     </span>
    </p>
   </div>
   <div class='ocr_carea' id='block_1_10' title="bbox 205 448 995 489">
    <p class='ocr_par' dir='ltr' id='par_1_10' title="bbox 205 448 995 489">
     <span class='ocr_line' id='line_1_10' title="bbox 205 448 995 489; baseline 0.013 -18"><span class='ocrx_word' id='word_1_44' title='bbox 205 451 359 478; x_wconf 81' lang='lat' dir='ltr'><strong>censentes,</strong></span> <span class='ocrx_word' id='word_1_45' title='bbox 381 448 549 482; x_wconf 87' lang='lat' dir='ltr'><strong>quibusdam</strong></span> <span class='ocrx_word' id='word_1_46' title='bbox 565 451 664 479; x_wconf 83' lang='lat' dir='ltr'><strong>amicis</strong></span> <span class='ocrx_word' id='word_1_47' title='bbox 685 453 718 479; x_wconf 88' lang='lat' dir='ltr'><strong>ad</strong></span> <span class='ocrx_word' id='word_1_48' title='bbox 736 453 812 480; x_wconf 90' lang='lat' dir='ltr'><strong>illum</strong></span> <span class='ocrx_word' id='word_1_49' title='bbox 833 461 883 488; x_wconf 90' lang='lat' dir='ltr'><strong>pro</strong></span> <span class='ocrx_word' id='word_1_50' title='bbox 898 454 995 489; x_wconf 75' lang='lat' dir='ltr'><strong>legatis</strong></span> 
     </span>
    </p>
   </div>
   <div class='ocr_carea' id='block_1_11' title="bbox 207 492 997 534">
    <p class='ocr_par' dir='ltr' id='par_1_11' title="bbox 207 492 997 534">
     <span class='ocr_line' id='line_1_11' title="bbox 207 492 997 534; baseline 0.014 -17"><span class='ocrx_word' id='word_1_51' title='bbox 207 492 258 524; x_wconf 76' lang='lat' dir='ltr'><strong>osi,</strong></span> <span class='ocrx_word' id='word_1_52' title='bbox 273 493 414 527; x_wconf 74' lang='lat' dir='ltr'><strong>rogabant,</strong></span> <span class='ocrx_word' id='word_1_53' title='bbox 432 499 464 522; x_wconf 87' lang='lat' dir='ltr'><strong>ut</strong></span> <span class='ocrx_word' id='word_1_54' title='bbox 480 496 544 522; x_wconf 91' lang='lat' dir='ltr'><strong>talia</strong></span> <span class='ocrx_word' id='word_1_55' title='bbox 560 501 588 524; x_wconf 88' lang='lat' dir='ltr'><strong>et</strong></span> <span class='ocrx_word' id='word_1_56' title='bbox 602 498 716 532; x_wconf 85' lang='lat' dir='ltr'><strong>sentire,</strong></span> <span class='ocrx_word' id='word_1_57' title='bbox 732 504 761 526; x_wconf 87' lang='lat' dir='ltr'><strong>et</strong></span> <span class='ocrx_word' id='word_1_58' title='bbox 774 499 848 534; x_wconf 90' lang='lat' dir='ltr'><strong>loqui</strong></span> <span class='ocrx_word' id='word_1_59' title='bbox 864 500 997 528; x_wconf 76' lang='lat' dir='ltr'><strong>adversus</strong></span> 
     </span>
    </p>
   </div>
   <div class='ocr_carea' id='block_1_12' title="bbox 205 538 997 581">
    <p class='ocr_par' dir='ltr' id='par_1_12' title="bbox 205 538 997 581">
     <span class='ocr_line' id='line_1_12' title="bbox 205 538 997 581; baseline 0.011 -17"><span class='ocrx_word' id='word_1_60' title='bbox 205 538 378 572; x_wconf 86' lang='lat' dir='ltr'><strong>quiescentes</strong></span> <span class='ocrx_word' id='word_1_61' title='bbox 389 540 459 575; x_wconf 89' lang='lat' dir='ltr'><strong>(sive</strong></span> <span class='ocrx_word' id='word_1_62' title='bbox 473 542 625 577; x_wconf 86' lang='lat' dir='ltr'><strong>solitarios)</strong></span> <span class='ocrx_word' id='word_1_63' title='bbox 637 543 788 577; x_wconf 72' lang='lat' dir='ltr'><strong>desineret,</strong></span> <span class='ocrx_word' id='word_1_64' title='bbox 801 549 829 572; x_wconf 88' lang='lat' dir='ltr'><strong>et</strong></span> <span class='ocrx_word' id='word_1_65' title='bbox 842 553 875 572; x_wconf 89' lang='lat' dir='ltr'><strong>ne</strong></span> <span class='ocrx_word' id='word_1_66' title='bbox 885 551 997 581; x_wconf 84' lang='lat' dir='ltr'><strong>propter</strong></span> 
     </span>
    </p>
   </div>
   <div class='ocr_carea' id='block_1_13' title="bbox 206 584 995 625">
    <p class='ocr_par' dir='ltr' id='par_1_13' title="bbox 206 584 995 625">
     <span class='ocr_line' id='line_1_13' title="bbox 206 584 995 625; baseline 0.011 -16"><span class='ocrx_word' id='word_1_67' title='bbox 206 584 287 610; x_wconf 90' lang='lat' dir='ltr'><strong>unius</strong></span> <span class='ocrx_word' id='word_1_68' title='bbox 311 584 478 619; x_wconf 78' lang='lat' dir='ltr'><strong>imperitiam</strong></span> <span class='ocrx_word' id='word_1_69' title='bbox 503 595 600 615; x_wconf 86' lang='lat' dir='ltr'><strong>omnes</strong></span> <span class='ocrx_word' id='word_1_70' title='bbox 625 589 781 621; x_wconf 80' lang='lat' dir='ltr'><strong>damnaret.</strong></span> <span class='ocrx_word' id='word_1_71' title='bbox 806 591 935 625; x_wconf 81' lang='lat' dir='ltr'><strong>quodque</strong></span> <span class='ocrx_word' id='word_1_72' title='bbox 962 591 995 618; x_wconf 87' lang='lat' dir='ltr'><strong>ad</strong></span> 
     </span>
    </p>
   </div>
   <div class='ocr_carea' id='block_1_14' title="bbox 167 625 997 672">
    <p class='ocr_par' dir='ltr' id='par_1_14' title="bbox 167 625 997 672">
     <span class='ocr_line' id='line_1_14' title="bbox 167 625 997 672; baseline 0.011 -17"><span class='ocrx_word' id='word_1_73' title='bbox 167 625 170 629; x_wconf 75' lang='grc'><em>’</em></span> <span class='ocrx_word' id='word_1_74' title='bbox 205 628 294 663; x_wconf 84' lang='lat' dir='ltr'><strong>ipsum</strong></span> <span class='ocrx_word' id='word_1_75' title='bbox 306 631 446 664; x_wconf 88' lang='lat' dir='ltr'><strong>attineret,</strong></span> <span class='ocrx_word' id='word_1_76' title='bbox 460 640 589 667; x_wconf 84' lang='lat' dir='ltr'><strong>supremo</strong></span> <span class='ocrx_word' id='word_1_77' title='bbox 609 642 641 662; x_wconf 85' lang='lat' dir='ltr'><strong>ac</strong></span> <span class='ocrx_word' id='word_1_78' title='bbox 655 636 855 669; x_wconf 72' lang='lat' dir='ltr'><strong>perfecnis~imo</strong></span> <span class='ocrx_word' id='word_1_79' title='bbox 874 637 934 663; x_wconf 69' lang='lat' dir='ltr'><strong>vitae</strong></span> <span class='ocrx_word' id='word_1_80' title='bbox 950 645 997 672; x_wconf 73' lang='lat' dir='ltr'><strong>ge-</strong></span> 
     </span>
    </p>
   </div>
   <div class='ocr_carea' id='block_1_15' title="bbox 205 676 997 716">
    <p class='ocr_par' dir='ltr' id='par_1_15' title="bbox 205 676 997 716">
     <span class='ocr_line' id='line_1_15' title="bbox 205 676 997 716; baseline 0.013 -16"><span class='ocrx_word' id='word_1_81' title='bbox 205 682 271 701; x_wconf 78' lang='lat' dir='ltr'><strong>nere</strong></span> <span class='ocrx_word' id='word_1_82' title='bbox 291 676 416 704; x_wconf 83' lang='lat' dir='ltr'><strong>homines</strong></span> <span class='ocrx_word' id='word_1_83' title='bbox 436 679 572 711; x_wconf 89' lang='lat' dir='ltr'><strong>privatum</strong></span> <span class='ocrx_word' id='word_1_84' title='bbox 588 679 650 710; x_wconf 86' lang='lat' dir='ltr'><strong>iret,</strong></span> <span class='ocrx_word' id='word_1_85' title='bbox 666 681 730 707; x_wconf 91' lang='lat' dir='ltr'><strong>dum</strong></span> <span class='ocrx_word' id='word_1_86' title='bbox 752 689 813 716; x_wconf 68' lang='lat' dir='ltr'><strong>qua:</strong></span> <span class='ocrx_word' id='word_1_87' title='bbox 829 690 882 708; x_wconf 88' lang='lat' dir='ltr'><strong>non</strong></span> <span class='ocrx_word' id='word_1_88' title='bbox 904 687 997 710; x_wconf 88' lang='lat' dir='ltr'><strong>essent</strong></span> 
     </span>
    </p>
   </div>
   <div class='ocr_carea' id='block_1_16' title="bbox 206 721 998 762">
    <p class='ocr_par' dir='ltr' id='par_1_16' title="bbox 206 721 998 762">
     <span class='ocr_line' id='line_1_16' title="bbox 206 721 998 762; baseline 0.013 -17"><span class='ocrx_word' id='word_1_89' title='bbox 206 721 382 753; x_wconf 84' lang='lat' dir='ltr'><strong>mentiretur,</strong></span> <span class='ocrx_word' id='word_1_90' title='bbox 408 728 435 750; x_wconf 87' lang='lat' dir='ltr'><strong>et</strong></span> <span class='ocrx_word' id='word_1_91' title='bbox 450 724 595 752; x_wconf 83' lang='lat' dir='ltr'><strong>calumniis</strong></span> <span class='ocrx_word' id='word_1_92' title='bbox 628 732 657 753; x_wconf 91' lang='lat' dir='ltr'><strong>ut</strong></span> <span class='ocrx_word' id='word_1_93' title='bbox 672 727 764 753; x_wconf 86' lang='lat' dir='ltr'><strong>nescio</strong></span> <span class='ocrx_word' id='word_1_94' title='bbox 780 736 895 762; x_wconf 85' lang='lat' dir='ltr'><strong>quorum</strong></span> <span class='ocrx_word' id='word_1_95' title='bbox 914 729 998 755; x_wconf 89' lang='lat' dir='ltr'><strong>malo-</strong></span> 
     </span>
    </p>
   </div>
   <div class='ocr_carea' id='block_1_17' title="bbox 206 768 997 808">
    <p class='ocr_par' dir='ltr' id='par_1_17' title="bbox 206 768 997 808">
     <span class='ocr_line' id='line_1_17' title="bbox 206 768 997 808; baseline 0.013 -16"><span class='ocrx_word' id='word_1_96' title='bbox 206 775 266 793; x_wconf 88' lang='lat' dir='ltr'><strong>rum</strong></span> <span class='ocrx_word' id='word_1_97' title='bbox 283 768 415 802; x_wconf 71' lang='lat' dir='ltr'><strong>originem</strong></span> <span class='ocrx_word' id='word_1_98' title='bbox 432 777 614 807; x_wconf 77' lang='lat' dir='ltr'><strong>oppugnaret,</strong></span> <span class='ocrx_word' id='word_1_99' title='bbox 637 773 889 808; x_wconf 76' lang='lat' dir='ltr'><strong>abstinendumque</strong></span> <span class='ocrx_word' id='word_1_100' title='bbox 912 775 946 802; x_wconf 86' lang='lat' dir='ltr'><strong>ab</strong></span> <span class='ocrx_word' id='word_1_101' title='bbox 963 784 997 803; x_wconf 88' lang='lat' dir='ltr'><strong>eo</strong></span> 
     </span>
    </p>
   </div>
   <div class='ocr_carea' id='block_1_18' title="bbox 205 814 996 854">
    <p class='ocr_par' dir='ltr' id='par_1_18' title="bbox 205 814 996 854">
     <span class='ocr_line' id='line_1_18' title="bbox 205 814 996 854; baseline 0.014 -16"><span class='ocrx_word' id='word_1_102' title='bbox 205 814 371 847; x_wconf 67' lang='lat' dir='ltr'><strong>persuadere</strong></span> <span class='ocrx_word' id='word_1_103' title='bbox 390 821 547 844; x_wconf 80' lang='lat' dir='ltr'><strong>conaretur.</strong></span> <span class='ocrx_word' id='word_1_104' title='bbox 571 818 624 845; x_wconf 77' lang='lat' dir='ltr'><strong>Sed</strong></span> <span class='ocrx_word' id='word_1_105' title='bbox 644 819 665 846; x_wconf 89' lang='lat' dir='ltr'><strong>si</strong></span> <span class='ocrx_word' id='word_1_106' title='bbox 690 820 757 854; x_wconf 88' lang='lat' dir='ltr'><strong>quid</strong></span> <span class='ocrx_word' id='word_1_107' title='bbox 777 821 900 848; x_wconf 80' lang='lat' dir='ltr'><strong>audisset</strong></span> <span class='ocrx_word' id='word_1_108' title='bbox 917 821 996 849; x_wconf 89' lang='lat' dir='ltr'><strong>inde-</strong></span> 
     </span>
    </p>
   </div>
   <div class='ocr_carea' id='block_1_19' title="bbox 205 860 997 901">
    <p class='ocr_par' dir='ltr' id='par_1_19' title="bbox 205 860 997 901">
     <span class='ocr_line' id='line_1_19' title="bbox 205 860 997 901; baseline 0.011 -16"><span class='ocrx_word' id='word_1_109' title='bbox 205 860 325 890; x_wconf 78' lang='lat' dir='ltr'><strong>centius,</strong></span> <span class='ocrx_word' id='word_1_110' title='bbox 353 861 468 889; x_wconf 67' lang='lat' dir='ltr'><strong>iu~citiae</strong></span> <span class='ocrx_word' id='word_1_111' title='bbox 489 863 606 890; x_wconf 84' lang='lat' dir='ltr'><strong>dicentis</strong></span> <span class='ocrx_word' id='word_1_112' title='bbox 628 865 801 893; x_wconf 78' lang='lat' dir='ltr'><strong>ascriberet:</strong></span> <span class='ocrx_word' id='word_1_113' title='bbox 825 862 911 901; x_wconf 84' lang='lat' dir='ltr'><strong>ipsam</strong></span> <span class='ocrx_word' id='word_1_114' title='bbox 934 867 997 894; x_wconf 74' lang='lat' dir='ltr'><strong>vitae</strong></span> 
     </span>
    </p>
   </div>
   <div class='ocr_carea' id='block_1_20' title="bbox 1048 271 1819 309">
    <p class='ocr_par' dir='ltr' id='par_1_20' title="bbox 1048 271 1819 309">
     <span class='ocr_line' id='line_1_20' title="bbox 1048 271 1819 309; baseline 0.003 -12"><span class='ocrx_word' id='word_1_115' title='bbox 1048 271 1100 305; x_wconf 69' lang='grc' dir='ltr'><strong>μὲν</strong></span> <span class='ocrx_word' id='word_1_116' title='bbox 1124 271 1166 305; x_wconf 74' lang='grc' dir='ltr'><strong>ἐφ’</strong></span> <span class='ocrx_word' id='word_1_117' title='bbox 1193 271 1286 297; x_wconf 74' lang='grc' dir='ltr'><strong>ἱκανὸν</strong></span> <span class='ocrx_word' id='word_1_118' title='bbox 1312 271 1341 297; x_wconf 80' lang='grc' dir='ltr'><strong>ὲν</strong></span> <span class='ocrx_word' id='word_1_119' title='bbox 1367 271 1424 302; x_wconf 85' lang='grc' dir='ltr'><strong>τοῖς</strong></span> <span class='ocrx_word' id='word_1_120' title='bbox 1447 271 1519 298; x_wconf 80' lang='grc' dir='ltr'><strong>κατά</strong></span> <span class='ocrx_word' id='word_1_121' title='bbox 1534 272 1580 297; x_wconf 53' lang='grc' dir='ltr'><strong>τὴν</strong></span> <span class='ocrx_word' id='word_1_122' title='bbox 1611 271 1685 298; x_wconf 85' lang='grc' dir='ltr'><strong>Ἀθω</strong></span> <span class='ocrx_word' id='word_1_123' title='bbox 1709 271 1819 309; x_wconf 67' lang='grc' dir='ltr'><strong>διέτριψε</strong></span> 
     </span>
    </p>
   </div>
   <div class='ocr_carea' id='block_1_21' title="bbox 1024 317 1819 360">
    <p class='ocr_par' dir='ltr' id='par_1_21' title="bbox 1024 317 1819 360">
     <span class='ocr_line' id='line_1_21' title="bbox 1024 317 1819 360; baseline 0.003 -17"><span class='ocrx_word' id='word_1_124' title='bbox 1024 351 1028 360; x_wconf 55' lang='grc' dir='ltr'><strong>Ι</strong></span> <span class='ocrx_word' id='word_1_125' title='bbox 1047 317 1283 352; x_wconf 81' lang='grc' dir='ltr'><strong>φροντιστηρίοις.</strong></span> <span class='ocrx_word' id='word_1_126' title='bbox 1305 317 1422 343; x_wconf 78' lang='grc' dir='ltr'>Ἔπειτα</span> <span class='ocrx_word' id='word_1_127' title='bbox 1449 317 1499 351; x_wconf 84' lang='grc' dir='ltr'><strong>τῆς</strong></span> <span class='ocrx_word' id='word_1_128' title='bbox 1519 318 1583 351; x_wconf 85' lang='grc' dir='ltr'><strong>περὶ</strong></span> <span class='ocrx_word' id='word_1_129' title='bbox 1598 318 1629 344; x_wconf 74' lang='grc' dir='ltr'><strong>τὸ</strong></span> <span class='ocrx_word' id='word_1_130' title='bbox 1658 318 1735 352; x_wconf 88' lang='grc' dir='ltr'><strong>σῶμα</strong></span> <span class='ocrx_word' id='word_1_131' title='bbox 1751 327 1819 346; x_wconf 84' lang='grc' dir='ltr'><strong>νοσο-</strong></span> 
     </span>
    </p>
   </div>
   <div class='ocr_carea' id='block_1_22' title="bbox 1047 361 1819 399">
    <p class='ocr_par' dir='ltr' id='par_1_22' title="bbox 1047 361 1819 399">
     <span class='ocr_line' id='line_1_22' title="bbox 1047 361 1819 399; baseline 0.003 -10"><span class='ocrx_word' id='word_1_132' title='bbox 1047 363 1148 398; x_wconf 79' lang='grc' dir='ltr'><strong>κομίας</strong></span> <span class='ocrx_word' id='word_1_133' title='bbox 1163 363 1341 397; x_wconf 78' lang='grc' dir='ltr'><strong>ἐπειγούσης,</strong></span> <span class='ocrx_word' id='word_1_134' title='bbox 1362 361 1446 398; x_wconf 83' lang='grc' dir='ltr'><strong>ἦλθεν</strong></span> <span class='ocrx_word' id='word_1_135' title='bbox 1462 364 1502 394; x_wconf 74' lang='grc' dir='ltr'><strong>είς</strong></span> <span class='ocrx_word' id='word_1_136' title='bbox 1519 364 1728 399; x_wconf 81' lang='grc' dir='ltr'><strong>Θεσσαλονίκην.</strong></span> <span class='ocrx_word' id='word_1_137' title='bbox 1744 361 1819 396; x_wconf 67' lang='grc' dir='ltr'><strong>Οὗτος</strong></span> 
     </span>
    </p>
   </div>
   <div class='ocr_carea' id='block_1_23' title="bbox 1047 409 1819 445">
    <p class='ocr_par' dir='ltr' id='par_1_23' title="bbox 1047 409 1819 445">
     <span class='ocr_line' id='line_1_23' title="bbox 1047 409 1819 445; baseline 0.001 -9"><span class='ocrx_word' id='word_1_138' title='bbox 1047 409 1078 444; x_wconf 83' lang='grc' dir='ltr'><strong>δὴ</strong></span> <span class='ocrx_word' id='word_1_139' title='bbox 1096 410 1153 444; x_wconf 81' lang='grc' dir='ltr'><strong>ἆμα</strong></span> <span class='ocrx_word' id='word_1_140' title='bbox 1169 411 1225 441; x_wconf 80' lang='grc' dir='ltr'><strong>τοῖς</strong></span> <span class='ocrx_word' id='word_1_141' title='bbox 1247 409 1338 441; x_wconf 81' lang='grc' dir='ltr'><strong>ἄλλοις</strong></span> <span class='ocrx_word' id='word_1_142' title='bbox 1347 410 1378 436; x_wconf 79' lang='grc' dir='ltr'><strong>οὐ</strong></span> <span class='ocrx_word' id='word_1_143' title='bbox 1395 411 1516 445; x_wconf 79' lang='grc' dir='ltr'><strong>μετρίως</strong></span> <span class='ocrx_word' id='word_1_144' title='bbox 1525 410 1740 445; x_wconf 69' lang='grc' dir='ltr'><strong>δυσχεράναντες</strong></span> <span class='ocrx_word' id='word_1_145' title='bbox 1756 411 1819 437; x_wconf 82' lang='grc' dir='ltr'><strong>κατὰ</strong></span> 
     </span>
    </p>
   </div>
   <div class='ocr_carea' id='block_1_24' title="bbox 1047 455 1819 491">
    <p class='ocr_par' dir='ltr' id='par_1_24' title="bbox 1047 455 1819 491">
     <span class='ocr_line' id='line_1_24' title="bbox 1047 455 1819 491; baseline 0.001 -10"><span class='ocrx_word' id='word_1_146' title='bbox 1047 455 1181 490; x_wconf 84' lang='grc' dir='ltr'><strong>Βαρλαάμ</strong></span> <span class='ocrx_word' id='word_1_147' title='bbox 1202 455 1237 482; x_wconf 90' lang='grc' dir='ltr'><strong>τά</strong></span> <span class='ocrx_word' id='word_1_148' title='bbox 1263 455 1314 490; x_wconf 82' lang='grc' dir='ltr'><strong>τῆς</strong></span> <span class='ocrx_word' id='word_1_149' title='bbox 1331 456 1409 490; x_wconf 82' lang='grc' dir='ltr'><strong>ἱερᾶς</strong></span> <span class='ocrx_word' id='word_1_150' title='bbox 1424 455 1540 491; x_wconf 81' lang='grc' dir='ltr'><strong>ἡσυχίας</strong></span> <span class='ocrx_word' id='word_1_151' title='bbox 1557 455 1759 491; x_wconf 70' lang='grc' dir='ltr'><strong>ὲξορχουμένου,</strong></span> <span class='ocrx_word' id='word_1_152' title='bbox 1776 457 1819 482; x_wconf 78' lang='grc' dir='ltr'><strong>καὶ</strong></span> 
     </span>
    </p>
   </div>
   <div class='ocr_carea' id='block_1_25' title="bbox 1047 501 1818 536">
    <p class='ocr_par' dir='ltr' id='par_1_25' title="bbox 1047 501 1818 536">
     <span class='ocr_line' id='line_1_25' title="bbox 1047 501 1818 536; baseline 0.001 -9"><span class='ocrx_word' id='word_1_153' title='bbox 1047 501 1151 531; x_wconf 80' lang='grc' dir='ltr'><strong>πολλὰς</strong></span> <span class='ocrx_word' id='word_1_154' title='bbox 1172 501 1258 535; x_wconf 78' lang='grc' dir='ltr'><strong>αὐτῆς</strong></span> <span class='ocrx_word' id='word_1_155' title='bbox 1276 501 1458 536; x_wconf 79' lang='grc' dir='ltr'><strong>καταχέοντος</strong></span> <span class='ocrx_word' id='word_1_156' title='bbox 1472 502 1521 532; x_wconf 68' lang='grc' dir='ltr'><strong>τὰς</strong></span> <span class='ocrx_word' id='word_1_157' title='bbox 1544 501 1690 536; x_wconf 81' lang='grc' dir='ltr'><strong>λοιδορίας,</strong></span> <span class='ocrx_word' id='word_1_158' title='bbox 1704 502 1757 528; x_wconf 76' lang='grc' dir='ltr'><strong>τισὶ</strong></span> <span class='ocrx_word' id='word_1_159' title='bbox 1770 501 1818 528; x_wconf 86' lang='grc' dir='ltr'><strong>τῶν</strong></span> 
     </span>
    </p>
   </div>
   <div class='ocr_carea' id='block_1_26' title="bbox 1047 547 1820 583">
    <p class='ocr_par' dir='ltr' id='par_1_26' title="bbox 1047 547 1820 583">
     <span class='ocr_line' id='line_1_26' title="bbox 1047 547 1820 583; baseline 0.001 -10"><span class='ocrx_word' id='word_1_160' title='bbox 1047 547 1132 582; x_wconf 83' lang='grc' dir='ltr'><strong>φίλων</strong></span> <span class='ocrx_word' id='word_1_161' title='bbox 1144 548 1214 583; x_wconf 69' lang='grc' dir='ltr'><strong>πρὸς</strong></span> <span class='ocrx_word' id='word_1_162' title='bbox 1230 548 1313 574; x_wconf 73' lang='grc' dir='ltr'><strong>αὑτὸν</strong></span> <span class='ocrx_word' id='word_1_163' title='bbox 1330 547 1500 583; x_wconf 79' lang='grc' dir='ltr'><strong>χρησάμενοι</strong></span> <span class='ocrx_word' id='word_1_164' title='bbox 1519 548 1713 582; x_wconf 81' lang='grc' dir='ltr'><strong>πρεσϐευταῖς,</strong></span> <span class='ocrx_word' id='word_1_165' title='bbox 1725 549 1820 575; x_wconf 74' lang='grc' dir='ltr'><strong>ἐδέοντο</strong></span> 
     </span>
    </p>
   </div>
   <div class='ocr_carea' id='block_1_27' title="bbox 1047 593 1820 628">
    <p class='ocr_par' dir='ltr' id='par_1_27' title="bbox 1047 593 1820 628">
     <span class='ocr_line' id='line_1_27' title="bbox 1047 593 1820 628; baseline -0.001 -7"><span class='ocrx_word' id='word_1_166' title='bbox 1047 594 1182 621; x_wconf 74' lang='grc' dir='ltr'><strong>παύεσθαι</strong></span> <span class='ocrx_word' id='word_1_167' title='bbox 1197 593 1245 620; x_wconf 82' lang='grc' dir='ltr'><strong>τοῦ</strong></span> <span class='ocrx_word' id='word_1_168' title='bbox 1256 593 1370 620; x_wconf 82' lang='grc' dir='ltr'><strong>τοιαῦτα</strong></span> <span class='ocrx_word' id='word_1_169' title='bbox 1386 593 1434 620; x_wconf 78' lang='grc' dir='ltr'><strong>καὶ</strong></span> <span class='ocrx_word' id='word_1_170' title='bbox 1452 595 1577 628; x_wconf 75' lang='grc' dir='ltr'><strong>φρονεῖν.</strong></span> <span class='ocrx_word' id='word_1_171' title='bbox 1595 593 1643 620; x_wconf 72' lang='grc' dir='ltr'><strong>καὶ</strong></span> <span class='ocrx_word' id='word_1_172' title='bbox 1658 593 1744 627; x_wconf 83' lang='grc' dir='ltr'><strong>λέγειν</strong></span> <span class='ocrx_word' id='word_1_173' title='bbox 1756 595 1820 621; x_wconf 80' lang='grc' dir='ltr'><strong>κατά</strong></span> 
     </span>
    </p>
   </div>
   <div class='ocr_carea' id='block_1_28' title="bbox 1046 635 1821 671">
    <p class='ocr_par' dir='ltr' id='par_1_28' title="bbox 1046 635 1821 671">
     <span class='ocr_line' id='line_1_28' title="bbox 1046 635 1821 671; baseline 0 -9"><span class='ocrx_word' id='word_1_174' title='bbox 1046 636 1101 662; x_wconf 85' lang='grc' dir='ltr'><strong>τῶν</strong></span> <span class='ocrx_word' id='word_1_175' title='bbox 1116 635 1321 671; x_wconf 72' lang='grc' dir='ltr'><strong>ἡσυχαζόντων·</strong></span> <span class='ocrx_word' id='word_1_176' title='bbox 1336 636 1384 663; x_wconf 75' lang='grc' dir='ltr'><strong>καὶ</strong></span> <span class='ocrx_word' id='word_1_177' title='bbox 1401 636 1439 671; x_wconf 79' lang='grc' dir='ltr'><strong>μὴ</strong></span> <span class='ocrx_word' id='word_1_178' title='bbox 1456 636 1501 663; x_wconf 83' lang='grc' dir='ltr'><strong>διὰ</strong></span> <span class='ocrx_word' id='word_1_179' title='bbox 1513 636 1562 671; x_wconf 82' lang='grc' dir='ltr'><strong>τὴν</strong></span> <span class='ocrx_word' id='word_1_180' title='bbox 1581 636 1707 671; x_wconf 75' lang='grc' dir='ltr'><strong>ἀπειρίαν</strong></span> <span class='ocrx_word' id='word_1_181' title='bbox 1726 636 1780 667; x_wconf 77' lang='grc' dir='ltr'><strong>ἐνὸς</strong></span> <span class='ocrx_word' id='word_1_182' title='bbox 1792 637 1821 662; x_wconf 91' lang='grc' dir='ltr'><strong>τά</strong></span> 
     </span>
    </p>
   </div>
   <div class='ocr_carea' id='block_1_29' title="bbox 1049 681 1820 717">
    <p class='ocr_par' dir='ltr' id='par_1_29' title="bbox 1049 681 1820 717">
     <span class='ocr_line' id='line_1_29' title="bbox 1049 681 1820 717; baseline -0.001 -9"><span class='ocrx_word' id='word_1_183' title='bbox 1049 683 1092 708; x_wconf 77' lang='grc' dir='ltr'><strong>ίτα</strong></span> <span class='ocrx_word' id='word_1_184' title='bbox 1114 683 1224 709; x_wconf 87' lang='grc' dir='ltr'><strong>πάντων</strong></span> <span class='ocrx_word' id='word_1_185' title='bbox 1245 681 1507 717; x_wconf 79' lang='grc' dir='ltr'><strong>καταψηφίζεσθαι,</strong></span> <span class='ocrx_word' id='word_1_186' title='bbox 1532 682 1578 708; x_wconf 78' lang='grc' dir='ltr'><strong>καὶ</strong></span> <span class='ocrx_word' id='word_1_187' title='bbox 1600 681 1632 707; x_wconf 84' lang='grc' dir='ltr'><strong>τό</strong></span> <span class='ocrx_word' id='word_1_188' title='bbox 1648 690 1679 714; x_wconf 81' lang='grc' dir='ltr'><strong>γε</strong></span> <span class='ocrx_word' id='word_1_189' title='bbox 1695 682 1733 713; x_wconf 85' lang='grc' dir='ltr'><strong>είς</strong></span> <span class='ocrx_word' id='word_1_190' title='bbox 1746 682 1820 708; x_wconf 65' lang='grc' dir='ltr'><strong>αὑτὸν</strong></span> 
     </span>
    </p>
   </div>
   <div class='ocr_carea' id='block_1_30' title="bbox 1043 725 1820 764">
    <p class='ocr_par' dir='ltr' id='par_1_30' title="bbox 1043 725 1820 764">
     <span class='ocr_line' id='line_1_30' title="bbox 1043 725 1820 764; baseline 0 -11"><span class='ocrx_word' id='word_1_191' title='bbox 1043 725 1125 764; x_wconf 21' lang='grc' dir='ltr'><strong>ξῆκον.</strong></span> <span class='ocrx_word' id='word_1_192' title='bbox 1142 727 1188 753; x_wconf 79' lang='grc' dir='ltr'><strong>τοῦ</strong></span> <span class='ocrx_word' id='word_1_193' title='bbox 1212 729 1367 762; x_wconf 76' lang='grc' dir='ltr'><strong>ἀκροτάτου</strong></span> <span class='ocrx_word' id='word_1_194' title='bbox 1385 728 1442 763; x_wconf 81' lang='grc' dir='ltr'><strong>βίου</strong></span> <span class='ocrx_word' id='word_1_195' title='bbox 1460 728 1517 754; x_wconf 76' lang='grc' dir='ltr'><strong>καὶ.</strong></span> <span class='ocrx_word' id='word_1_196' title='bbox 1532 728 1582 762; x_wconf 87' lang='grc' dir='ltr'><strong>τῆς</strong></span> <span class='ocrx_word' id='word_1_197' title='bbox 1598 727 1764 761; x_wconf 80' lang='grc' dir='ltr'><strong>τελεωτάτης</strong></span> <span class='ocrx_word' id='word_1_198' title='bbox 1776 735 1820 753; x_wconf 85' lang='grc' dir='ltr'><strong>πο-</strong></span> 
     </span>
    </p>
   </div>
   <div class='ocr_carea' id='block_1_31' title="bbox 1047 772 1821 808">
    <p class='ocr_par' dir='ltr' id='par_1_31' title="bbox 1047 772 1821 808">
     <span class='ocr_line' id='line_1_31' title="bbox 1047 772 1821 808; baseline 0 -10"><span class='ocrx_word' id='word_1_199' title='bbox 1047 773 1152 805; x_wconf 80' lang='grc' dir='ltr'><strong>λιτείας</strong></span> <span class='ocrx_word' id='word_1_200' title='bbox 1177 774 1239 804; x_wconf 76' lang='grc' dir='ltr'><strong>τοὺς</strong></span> <span class='ocrx_word' id='word_1_201' title='bbox 1267 773 1429 808; x_wconf 79' lang='grc' dir='ltr'><strong>ἀνθρώπους</strong></span> <span class='ocrx_word' id='word_1_202' title='bbox 1457 774 1623 808; x_wconf 80' lang='grc' dir='ltr'><strong>ἀποστερεῖν</strong></span> <span class='ocrx_word' id='word_1_203' title='bbox 1646 772 1680 799; x_wconf 65' lang='grc' dir='ltr'><strong>τὰ</strong></span> <span class='ocrx_word' id='word_1_204' title='bbox 1703 773 1750 798; x_wconf 72' lang='grc' dir='ltr'><strong>οὐκ</strong></span> <span class='ocrx_word' id='word_1_205' title='bbox 1764 773 1821 798; x_wconf 70' lang='grc' dir='ltr'><strong>ὄντα</strong></span> 
     </span>
    </p>
   </div>
   <div class='ocr_carea' id='block_1_32' title="bbox 1049 818 1821 853">
    <p class='ocr_par' dir='ltr' id='par_1_32' title="bbox 1049 818 1821 853">
     <span class='ocr_line' id='line_1_32' title="bbox 1049 818 1821 853; baseline -0.001 -8"><span class='ocrx_word' id='word_1_206' title='bbox 1049 819 1301 853; x_wconf 64' lang='grc' dir='ltr'><strong>καταψευδῦμενον,</strong></span> <span class='ocrx_word' id='word_1_207' title='bbox 1319 819 1367 845; x_wconf 74' lang='grc' dir='ltr'><strong>καὶ</strong></span> <span class='ocrx_word' id='word_1_208' title='bbox 1390 819 1427 850; x_wconf 85' lang='grc' dir='ltr'><strong>ὼς</strong></span> <span class='ocrx_word' id='word_1_209' title='bbox 1443 819 1537 846; x_wconf 80' lang='grc' dir='ltr'><strong>κακῶν</strong></span> <span class='ocrx_word' id='word_1_210' title='bbox 1553 819 1644 845; x_wconf 75' lang='grc' dir='ltr'><strong>αἰτίαν</strong></span> <span class='ocrx_word' id='word_1_211' title='bbox 1658 818 1821 845; x_wconf 83' lang='grc' dir='ltr'><strong>διαϐάλλοντα</strong></span> 
     </span>
    </p>
   </div>
   <div class='ocr_carea' id='block_1_33' title="bbox 1050 866 1821 901">
    <p class='ocr_par' dir='ltr' id='par_1_33' title="bbox 1050 866 1821 901">
     <span class='ocr_line' id='line_1_33' title="bbox 1050 866 1821 901; baseline 0.001 -10"><span class='ocrx_word' id='word_1_212' title='bbox 1050 866 1096 891; x_wconf 75' lang='grc' dir='ltr'><strong>καὶ</strong></span> <span class='ocrx_word' id='word_1_213' title='bbox 1111 866 1239 892; x_wconf 78' lang='grc' dir='ltr'><strong>πείθοντα</strong></span> <span class='ocrx_word' id='word_1_214' title='bbox 1253 866 1404 900; x_wconf 66' lang='grc' dir='ltr'><strong>ἀπέχεσθαι</strong></span> <span class='ocrx_word' id='word_1_215' title='bbox 1420 866 1518 900; x_wconf 83' lang='grc' dir='ltr'><strong>αὐτῆς.</strong></span> <span class='ocrx_word' id='word_1_216' title='bbox 1539 866 1611 892; x_wconf 83' lang='grc' dir='ltr'><strong>Ἀλλ’</strong></span> <span class='ocrx_word' id='word_1_217' title='bbox 1624 868 1648 892; x_wconf 83' lang='grc' dir='ltr'><strong>εἰ</strong></span> <span class='ocrx_word' id='word_1_218' title='bbox 1672 867 1719 901; x_wconf 87' lang='grc' dir='ltr'><strong>μέν</strong></span> <span class='ocrx_word' id='word_1_219' title='bbox 1739 875 1762 892; x_wconf 88' lang='grc' dir='ltr'><strong>τι</strong></span> <span class='ocrx_word' id='word_1_220' title='bbox 1778 866 1821 892; x_wconf 75' lang='grc' dir='ltr'><strong>καὶ</strong></span> 
     </span>
    </p>
   </div>
   <div class='ocr_carea' id='block_1_34' title="bbox 207 899 996 946">
    <p class='ocr_par' dir='ltr' id='par_1_34' title="bbox 207 906 995 944">
     <span class='ocr_line' id='line_1_34' title="bbox 207 906 995 944; baseline 0.013 -14"><span class='ocrx_word' id='word_1_221' title='bbox 207 906 340 932; x_wconf 84' lang='lat' dir='ltr'><strong>rationem</strong></span> <span class='ocrx_word' id='word_1_222' title='bbox 362 913 482 934; x_wconf 85' lang='lat' dir='ltr'><strong>sanctam</strong></span> <span class='ocrx_word' id='word_1_223' title='bbox 516 914 543 935; x_wconf 89' lang='lat' dir='ltr'><strong>ct</strong></span> <span class='ocrx_word' id='word_1_224' title='bbox 557 909 677 936; x_wconf 77' lang='lat' dir='ltr'><strong>divinant</strong></span> <span class='ocrx_word' id='word_1_225' title='bbox 696 911 821 944; x_wconf 78' lang='lat' dir='ltr'><strong>duceret,</strong></span> <span class='ocrx_word' id='word_1_226' title='bbox 838 918 866 939; x_wconf 88' lang='lat' dir='ltr'><strong>et</strong></span> <span class='ocrx_word' id='word_1_227' title='bbox 880 912 905 939; x_wconf 92' lang='lat' dir='ltr'><strong>ci</strong></span> <span class='ocrx_word' id='word_1_228' title='bbox 919 912 995 939; x_wconf 84' lang='lat' dir='ltr'><strong>obla-</strong></span> 
     </span>
    </p>
   </div>
   <div class='ocr_carea' id='block_1_35' title="bbox 1047 899 1820 946">
    <p class='ocr_par' dir='ltr' id='par_1_35' title="bbox 1051 911 1820 946">
     <span class='ocr_line' id='line_1_35' title="bbox 1051 911 1820 946; baseline -0.003 -8"><span class='ocrx_word' id='word_1_229' title='bbox 1051 911 1126 946; x_wconf 75' lang='grc' dir='ltr'><strong>παρά</strong></span> <span class='ocrx_word' id='word_1_230' title='bbox 1139 912 1169 938; x_wconf 77' lang='grc' dir='ltr'><strong>τὺ</strong></span> <span class='ocrx_word' id='word_1_231' title='bbox 1188 911 1329 946; x_wconf 78' lang='grc' dir='ltr'><strong>προσῆκον</strong></span> <span class='ocrx_word' id='word_1_232' title='bbox 1348 912 1482 946; x_wconf 72' lang='grc' dir='ltr'><strong>ἠκουσται</strong></span> <span class='ocrx_word' id='word_1_233' title='bbox 1502 911 1592 946; x_wconf 82' lang='grc' dir='ltr'><strong>αὐτῷ,</strong></span> <span class='ocrx_word' id='word_1_234' title='bbox 1607 913 1640 946; x_wconf 83' lang='grc' dir='ltr'><strong>τῇ</strong></span> <span class='ocrx_word' id='word_1_235' title='bbox 1656 912 1763 946; x_wconf 70' lang='grc' dir='ltr'><strong>ἀπειρία</strong></span> <span class='ocrx_word' id='word_1_236' title='bbox 1777 911 1820 937; x_wconf 80' lang='grc' dir='ltr'><strong>τοῦ</strong></span> 
     </span>
    </p>
   </div>
   <div class='ocr_carea' id='block_1_36' title="bbox 207 952 994 989">
    <p class='ocr_par' dir='ltr' id='par_1_36' title="bbox 207 952 994 989">
     <span class='ocr_line' id='line_1_36' title="bbox 207 952 994 989; baseline 0.011 -13"><span class='ocrx_word' id='word_1_237' title='bbox 207 955 279 978; x_wconf 73' lang='lat' dir='ltr'><strong>trace</strong></span> <span class='ocrx_word' id='word_1_238' title='bbox 301 952 458 980; x_wconf 54' lang='lat' dir='ltr'><strong>desisteret.</strong></span> <span class='ocrx_word' id='word_1_239' title='bbox 475 953 501 981; x_wconf 88' lang='lat' dir='ltr'><strong>Si</strong></span> <span class='ocrx_word' id='word_1_240' title='bbox 532 955 597 989; x_wconf 85' lang='lat' dir='ltr'><strong>quid</strong></span> <span class='ocrx_word' id='word_1_241' title='bbox 621 956 704 983; x_wconf 82' lang='lat' dir='ltr'><strong>ctiam</strong></span> <span class='ocrx_word' id='word_1_242' title='bbox 722 957 854 984; x_wconf 84' lang='lat' dir='ltr'><strong>adversus</strong></span> <span class='ocrx_word' id='word_1_243' title='bbox 872 959 994 985; x_wconf 69' lang='lat' dir='ltr'><strong>eamdi-nt</strong></span> 
     </span>
    </p>
   </div>
   <div class='ocr_carea' id='block_1_37' title="bbox 206 997 996 1038">
    <p class='ocr_par' dir='ltr' id='par_1_37' title="bbox 206 997 996 1038">
     <span class='ocr_line' id='line_1_37' title="bbox 206 997 996 1038; baseline 0.01 -15"><span class='ocrx_word' id='word_1_244' title='bbox 206 997 304 1023; x_wconf 75' lang='lat' dir='ltr'><strong>affectu</strong></span> <span class='ocrx_word' id='word_1_245' title='bbox 319 1006 372 1024; x_wconf 93' lang='lat' dir='ltr'><strong>nou</strong></span> <span class='ocrx_word' id='word_1_246' title='bbox 385 1002 455 1026; x_wconf 81' lang='lat' dir='ltr'><strong>t-ono</strong></span> <span class='ocrx_word' id='word_1_247' title='bbox 469 1007 482 1026; x_wconf 95' lang='lat' dir='ltr'><strong>a</strong></span> <span class='ocrx_word' id='word_1_248' title='bbox 502 1006 576 1027; x_wconf 83' lang='lat' dir='ltr'><strong>ret-to</strong></span> <span class='ocrx_word' id='word_1_249' title='bbox 593 1001 717 1030; x_wconf 87' lang='lat' dir='ltr'><strong>detortus</strong></span> <span class='ocrx_word' id='word_1_250' title='bbox 732 1004 952 1038; x_wconf 82' lang='lat' dir='ltr'><strong>conscripsisset,</strong></span> <span class='ocrx_word' id='word_1_251' title='bbox 967 1009 996 1031; x_wconf 88' lang='lat' dir='ltr'><strong>nt</strong></span> 
     </span>
    </p>
   </div>
   <div class='ocr_carea' id='block_1_38' title="bbox 206 1044 996 1079">
    <p class='ocr_par' dir='ltr' id='par_1_38' title="bbox 206 1044 996 1079">
     <span class='ocr_line' id='line_1_38' title="bbox 206 1044 996 1079; baseline 0.009 -10"><span class='ocrx_word' id='word_1_252' title='bbox 206 1044 361 1077; x_wconf 86' lang='lat' dir='ltr'><strong>perditione</strong></span> <span class='ocrx_word' id='word_1_253' title='bbox 374 1045 498 1079; x_wconf 77' lang='lat' dir='ltr'><strong>dignum,</strong></span> <span class='ocrx_word' id='word_1_254' title='bbox 514 1047 630 1074; x_wconf 80' lang='lat' dir='ltr'><strong>flammis</strong></span> <span class='ocrx_word' id='word_1_255' title='bbox 644 1048 775 1075; x_wconf 81' lang='lat' dir='ltr'><strong>aboleret.</strong></span> <span class='ocrx_word' id='word_1_256' title='bbox 786 1049 840 1075; x_wconf 81' lang='lat' dir='ltr'><strong>Nec</strong></span> <span class='ocrx_word' id='word_1_257' title='bbox 850 1049 923 1076; x_wconf 88' lang='lat' dir='ltr'><strong>enim</strong></span> <span class='ocrx_word' id='word_1_258' title='bbox 934 1057 996 1077; x_wconf 73' lang='lat' dir='ltr'><strong>esse</strong></span> 
     </span>
    </p>
   </div>
   <div class='ocr_carea' id='block_1_39' title="bbox 207 1090 994 1130">
    <p class='ocr_par' dir='ltr' id='par_1_39' title="bbox 207 1090 994 1130">
     <span class='ocr_line' id='line_1_39' title="bbox 207 1090 994 1130; baseline 0.009 -15"><span class='ocrx_word' id='word_1_259' title='bbox 207 1090 255 1117; x_wconf 84' lang='lat' dir='ltr'><strong>fas.</strong></span> <span class='ocrx_word' id='word_1_260' title='bbox 271 1098 321 1117; x_wconf 81' lang='lat' dir='ltr'><strong>nec</strong></span> <span class='ocrx_word' id='word_1_261' title='bbox 332 1092 482 1117; x_wconf 81' lang='lat' dir='ltr'><strong>secundum</strong></span> <span class='ocrx_word' id='word_1_262' title='bbox 496 1093 641 1125; x_wconf 79' lang='lat' dir='ltr'><strong>rationem,</strong></span> <span class='ocrx_word' id='word_1_263' title='bbox 652 1096 806 1129; x_wconf 68' lang='lat' dir='ltr'><strong>quemp’am</strong></span> <span class='ocrx_word' id='word_1_264' title='bbox 818 1096 994 1130; x_wconf 77' lang='lat' dir='ltr'><strong>geometrica,</strong></span> 
     </span>
    </p>
   </div>
   <div class='ocr_carea' id='block_1_40' title="bbox 207 1135 993 1174">
    <p class='ocr_par' dir='ltr' id='par_1_40' title="bbox 207 1135 993 1174">
     <span class='ocr_line' id='line_1_40' title="bbox 207 1135 993 1174; baseline 0.01 -15"><span class='ocrx_word' id='word_1_265' title='bbox 207 1135 400 1166; x_wconf 82' lang='lat' dir='ltr'><strong>astronomiea,</strong></span> <span class='ocrx_word' id='word_1_266' title='bbox 417 1141 444 1162; x_wconf 90' lang='lat' dir='ltr'><strong>et</strong></span> <span class='ocrx_word' id='word_1_267' title='bbox 457 1145 634 1164; x_wconf 87' lang='lat' dir='ltr'><strong>numerorum</strong></span> <span class='ocrx_word' id='word_1_268' title='bbox 648 1140 844 1174; x_wconf 81' lang='lat' dir='ltr'><strong>proportiones</strong></span> <span class='ocrx_word' id='word_1_269' title='bbox 856 1140 993 1167; x_wconf 86' lang='lat' dir='ltr'><strong>volentem</strong></span> 
     </span>
    </p>
   </div>
   <div class='ocr_carea' id='block_1_41' title="bbox 207 1179 994 1217">
    <p class='ocr_par' dir='ltr' id='par_1_41' title="bbox 207 1179 994 1217">
     <span class='ocr_line' id='line_1_41' title="bbox 207 1179 994 1217; baseline 0.011 -12"><span class='ocrx_word' id='word_1_270' title='bbox 207 1179 363 1214; x_wconf 79' lang='lat' dir='ltr'><strong>percipere,</strong></span> <span class='ocrx_word' id='word_1_271' title='bbox 392 1181 494 1208; x_wconf 86' lang='lat' dir='ltr'><strong>nedum</strong></span> <span class='ocrx_word' id='word_1_272' title='bbox 526 1183 560 1210; x_wconf 89' lang='lat' dir='ltr'><strong>ad</strong></span> <span class='ocrx_word' id='word_1_273' title='bbox 601 1184 824 1213; x_wconf 86' lang='lat' dir='ltr'><strong>indoctissimum</strong></span> <span class='ocrx_word' id='word_1_274' title='bbox 844 1206 851 1217; x_wconf 91' lang='lat'><strong>,</strong></span> <span class='ocrx_word' id='word_1_275' title='bbox 879 1187 925 1213; x_wconf 85' lang='lat' dir='ltr'><strong>scd</strong></span> <span class='ocrx_word' id='word_1_276' title='bbox 960 1187 994 1214; x_wconf 89' lang='lat' dir='ltr'><strong>ad</strong></span> 
     </span>
    </p>
   </div>
   <div class='ocr_carea' id='block_1_42' title="bbox 207 1226 995 1268">
    <p class='ocr_par' dir='ltr' id='par_1_42' title="bbox 207 1226 995 1268">
     <span class='ocr_line' id='line_1_42' title="bbox 207 1226 995 1268; baseline 0.014 -18"><span class='ocrx_word' id='word_1_277' title='bbox 207 1226 396 1253; x_wconf 73' lang='lat' dir='ltr'><strong>doctissimum</strong></span> <span class='ocrx_word' id='word_1_278' title='bbox 410 1229 555 1258; x_wconf 78' lang='lat' dir='ltr'><strong>\‘ent&#39;tare.</strong></span> <span class='ocrx_word' id='word_1_279' title='bbox 574 1229 600 1256; x_wconf 95' lang='lat' dir='ltr'><strong>iu</strong></span> <span class='ocrx_word' id='word_1_280' title='bbox 619 1238 681 1257; x_wconf 84' lang='lat' dir='ltr'><strong>\era</strong></span> <span class='ocrx_word' id='word_1_281' title='bbox 700 1235 791 1258; x_wconf 89' lang='lat' dir='ltr'><strong>autem</strong></span> <span class='ocrx_word' id='word_1_282' title='bbox 822 1233 995 1268; x_wconf 79' lang='lat' dir='ltr'><strong>philosophia</strong></span> 
     </span>
    </p>
   </div>
   <div class='ocr_carea' id='block_1_43' title="bbox 207 1272 994 1312">
    <p class='ocr_par' dir='ltr' id='par_1_43' title="bbox 207 1272 994 1312">
     <span class='ocr_line' id='line_1_43' title="bbox 207 1272 994 1312; baseline 0.013 -16"><span class='ocrx_word' id='word_1_283' title='bbox 207 1274 236 1297; x_wconf 81' lang='lat' dir='ltr'><strong>et</strong></span> <span class='ocrx_word' id='word_1_284' title='bbox 258 1272 414 1306; x_wconf 80' lang='lat' dir='ltr'><strong>cognitione</strong></span> <span class='ocrx_word' id='word_1_285' title='bbox 439 1281 530 1300; x_wconf 87' lang='lat' dir='ltr'><strong>rerum</strong></span> <span class='ocrx_word' id='word_1_286' title='bbox 552 1275 702 1304; x_wconf 59' lang='lat' dir='ltr'><strong>caelestium</strong></span> <span class='ocrx_word' id='word_1_287' title='bbox 737 1277 880 1312; x_wconf 86' lang='lat' dir='ltr'><strong>profanum</strong></span> <span class='ocrx_word' id='word_1_288' title='bbox 895 1287 927 1306; x_wconf 90' lang='lat' dir='ltr'><strong>ac</strong></span> <span class='ocrx_word' id='word_1_289' title='bbox 940 1287 994 1306; x_wconf 90' lang='lat' dir='ltr'><strong>non</strong></span> 
     </span>
    </p>
   </div>
   <div class='ocr_carea' id='block_1_44' title="bbox 209 1316 994 1358">
    <p class='ocr_par' dir='ltr' id='par_1_44' title="bbox 209 1316 994 1358">
     <span class='ocr_line' id='line_1_44' title="bbox 209 1316 994 1358; baseline 0.015 -17"><span class='ocrx_word' id='word_1_290' title='bbox 209 1316 346 1343; x_wconf 87' lang='lat' dir='ltr'><strong>initiatum</strong></span> <span class='ocrx_word' id='word_1_291' title='bbox 373 1319 531 1353; x_wconf 84' lang='lat' dir='ltr'><strong>magistrum</strong></span> <span class='ocrx_word' id='word_1_292' title='bbox 558 1322 700 1350; x_wconf 88' lang='lat' dir='ltr'><strong>adhibere.</strong></span> <span class='ocrx_word' id='word_1_293' title='bbox 736 1323 898 1358; x_wconf 81' lang='lat' dir='ltr'><strong>Oportuisse</strong></span> <span class='ocrx_word' id='word_1_294' title='bbox 919 1327 994 1354; x_wconf 89' lang='lat' dir='ltr'><strong>enim</strong></span> 
     </span>
    </p>
   </div>
   <div class='ocr_carea' id='block_1_45' title="bbox 208 1362 994 1405">
    <p class='ocr_par' dir='ltr' id='par_1_45' title="bbox 208 1362 994 1405">
     <span class='ocr_line' id='line_1_45' title="bbox 208 1362 994 1405; baseline 0.015 -18"><span class='ocrx_word' id='word_1_295' title='bbox 208 1362 286 1388; x_wconf 81' lang='grc' dir='ltr'><strong>ἱΙίιιιιι</strong></span> <span class='ocrx_word' id='word_1_296' title='bbox 312 1368 341 1390; x_wconf 91' lang='lat' dir='ltr'><strong>ut</strong></span> <span class='ocrx_word' id='word_1_297' title='bbox 360 1364 565 1400; x_wconf 76' lang='lat' dir='ltr'><strong>philosophum,</strong></span> <span class='ocrx_word' id='word_1_298' title='bbox 584 1373 609 1394; x_wconf 93' lang='lat' dir='ltr'><strong>el</strong></span> <span class='ocrx_word' id='word_1_299' title='bbox 624 1368 804 1404; x_wconf 75' lang='lat' dir='ltr'><strong>intelligentia</strong></span> <span class='ocrx_word' id='word_1_300' title='bbox 823 1376 994 1405; x_wconf 63' lang='lat' dir='ltr'><strong>praestantem</strong></span> 
     </span>
    </p>
   </div>
   <div class='ocr_carea' id='block_1_46' title="bbox 208 1409 995 1453">
    <p class='ocr_par' dir='ltr' id='par_1_46' title="bbox 208 1409 995 1453">
     <span class='ocr_line' id='line_1_46' title="bbox 208 1409 995 1453; baseline 0.014 -19"><span class='ocrx_word' id='word_1_301' title='bbox 208 1409 313 1442; x_wconf 83' lang='lat' dir='ltr'><strong>multis,</strong></span> <span class='ocrx_word' id='word_1_302' title='bbox 332 1411 469 1446; x_wconf 86' lang='lat' dir='ltr'><strong>siquidem</strong></span> <span class='ocrx_word' id='word_1_303' title='bbox 496 1414 557 1440; x_wconf 87' lang='lat' dir='ltr'><strong>talia</strong></span> <span class='ocrx_word' id='word_1_304' title='bbox 575 1414 681 1442; x_wconf 85' lang='lat' dir='ltr'><strong>discere</strong></span> <span class='ocrx_word' id='word_1_305' title='bbox 695 1416 834 1450; x_wconf 85' lang='lat' dir='ltr'><strong>cupiebat,</strong></span> <span class='ocrx_word' id='word_1_306' title='bbox 854 1422 901 1444; x_wconf 89' lang='lat' dir='ltr'><strong>aut</strong></span> <span class='ocrx_word' id='word_1_307' title='bbox 919 1418 995 1453; x_wconf 89' lang='lat' dir='ltr'><strong>prius</strong></span> 
     </span>
    </p>
   </div>
   <div class='ocr_carea' id='block_1_47' title="bbox 208 1458 994 1501">
    <p class='ocr_par' dir='ltr' id='par_1_47' title="bbox 208 1458 994 1501">
     <span class='ocr_line' id='line_1_47' title="bbox 208 1458 994 1501; baseline 0.014 -18"><span class='ocrx_word' id='word_1_308' title='bbox 208 1458 338 1491; x_wconf 57' lang='lat' dir='ltr'><strong>quaesisse</strong></span> <span class='ocrx_word' id='word_1_309' title='bbox 362 1467 377 1486; x_wconf 89' lang='lat' dir='ltr'><strong>a</strong></span> <span class='ocrx_word' id='word_1_310' title='bbox 396 1460 450 1487; x_wconf 87' lang='lat' dir='ltr'><strong>Deo</strong></span> <span class='ocrx_word' id='word_1_311' title='bbox 476 1461 631 1497; x_wconf 81' lang='lat' dir='ltr'><strong>hujusntodi</strong></span> <span class='ocrx_word' id='word_1_312' title='bbox 653 1465 740 1499; x_wconf 79' lang='lat' dir='ltr'><strong>gratia</strong></span> <span class='ocrx_word' id='word_1_313' title='bbox 763 1465 904 1499; x_wconf 75' lang='lat' dir='ltr'><strong>dignatnm</strong></span> <span class='ocrx_word' id='word_1_314' title='bbox 921 1467 994 1501; x_wconf 89' lang='lat' dir='ltr'><strong>(non</strong></span> 
     </span>
    </p>
   </div>
   <div class='ocr_carea' id='block_1_48' title="bbox 207 1505 993 1550">
    <p class='ocr_par' dir='ltr' id='par_1_48' title="bbox 207 1505 993 1550">
     <span class='ocr_line' id='line_1_48' title="bbox 207 1505 993 1550; baseline 0.011 -19"><span class='ocrx_word' id='word_1_315' title='bbox 207 1505 280 1532; x_wconf 89' lang='lat' dir='ltr'><strong>enim</strong></span> <span class='ocrx_word' id='word_1_316' title='bbox 297 1506 415 1534; x_wconf 81' lang='lat' dir='ltr'><strong>humano</strong></span> <span class='ocrx_word' id='word_1_317' title='bbox 431 1508 570 1536; x_wconf 86' lang='lat' dir='ltr'><strong>intellectu</strong></span> <span class='ocrx_word' id='word_1_318' title='bbox 598 1511 723 1538; x_wconf 84' lang='lat' dir='ltr'><strong>studiove</strong></span> <span class='ocrx_word' id='word_1_319' title='bbox 736 1512 785 1538; x_wconf 80' lang='lat' dir='ltr'><strong>ista</strong></span> <span class='ocrx_word' id='word_1_320' title='bbox 800 1513 993 1550; x_wconf 84' lang='lat' dir='ltr'><strong>acquiruntur)</strong></span> 
     </span>
    </p>
   </div>
   <div class='ocr_carea' id='block_1_49' title="bbox 208 1552 992 1591">
    <p class='ocr_par' dir='ltr' id='par_1_49' title="bbox 208 1552 992 1591">
     <span class='ocr_line' id='line_1_49' title="bbox 208 1552 992 1591; baseline 0.01 -14"><span class='ocrx_word' id='word_1_321' title='bbox 208 1556 235 1577; x_wconf 89' lang='lat' dir='ltr'><strong>et</strong></span> <span class='ocrx_word' id='word_1_322' title='bbox 250 1552 357 1579; x_wconf 80' lang='lat' dir='ltr'><strong>sincero</strong></span> <span class='ocrx_word' id='word_1_323' title='bbox 373 1554 474 1584; x_wconf 75' lang='lat' dir='ltr'><strong>animo,</strong></span> <span class='ocrx_word' id='word_1_324' title='bbox 492 1559 574 1589; x_wconf 87' lang='lat' dir='ltr'><strong>atque</strong></span> <span class='ocrx_word' id='word_1_325' title='bbox 587 1556 620 1581; x_wconf 82' lang='lat' dir='ltr'><strong>ab</strong></span> <span class='ocrx_word' id='word_1_326' title='bbox 636 1557 710 1583; x_wconf 91' lang='lat' dir='ltr'><strong>omni</strong></span> <span class='ocrx_word' id='word_1_327' title='bbox 726 1557 893 1591; x_wconf 80' lang='lat' dir='ltr'><strong>malignitate</strong></span> <span class='ocrx_word' id='word_1_328' title='bbox 908 1567 992 1586; x_wconf 77' lang='lat' dir='ltr'><strong>VuCIlO</strong></span> 
     </span>
    </p>
   </div>
   <div class='ocr_carea' id='block_1_50' title="bbox 208 1598 994 1639">
    <p class='ocr_par' dir='ltr' id='par_1_50' title="bbox 208 1598 994 1639">
     <span class='ocr_line' id='line_1_50' title="bbox 208 1598 994 1639; baseline 0.011 -16"><span class='ocrx_word' id='word_1_329' title='bbox 208 1598 351 1629; x_wconf 86' lang='lat' dir='ltr'><strong>accedere,</strong></span> <span class='ocrx_word' id='word_1_330' title='bbox 370 1604 397 1626; x_wconf 83' lang='lat' dir='ltr'><strong>et</strong></span> <span class='ocrx_word' id='word_1_331' title='bbox 419 1599 453 1626; x_wconf 85' lang='lat' dir='ltr'><strong>de</strong></span> <span class='ocrx_word' id='word_1_332' title='bbox 477 1601 578 1634; x_wconf 84' lang='lat' dir='ltr'><strong>quibus</strong></span> <span class='ocrx_word' id='word_1_333' title='bbox 599 1602 692 1633; x_wconf 88' lang='lat' dir='ltr'><strong>vellet,</strong></span> <span class='ocrx_word' id='word_1_334' title='bbox 709 1611 805 1637; x_wconf 80' lang='lat' dir='ltr'><strong>rogare</strong></span> <span class='ocrx_word' id='word_1_335' title='bbox 822 1604 914 1631; x_wconf 89' lang='lat' dir='ltr'><strong>doceri</strong></span> <span class='ocrx_word' id='word_1_336' title='bbox 931 1606 994 1639; x_wconf 84' lang='lat' dir='ltr'><strong>(qui</strong></span> 
     </span>
    </p>
   </div>
   <div class='ocr_carea' id='block_1_51' title="bbox 209 1644 998 1684">
    <p class='ocr_par' dir='ltr' id='par_1_51' title="bbox 209 1644 998 1684">
     <span class='ocr_line' id='line_1_51' title="bbox 209 1644 998 1684; baseline 0.01 -15"><span class='ocrx_word' id='word_1_337' title='bbox 209 1644 303 1678; x_wconf 76' lang='lat' dir='ltr'><strong>utique</strong></span> <span class='ocrx_word' id='word_1_338' title='bbox 317 1644 475 1672; x_wconf 81' lang='lat' dir='ltr'><strong>divinarum</strong></span> <span class='ocrx_word' id='word_1_339' title='bbox 491 1654 582 1673; x_wconf 82' lang='lat' dir='ltr'><strong>rerum</strong></span> <span class='ocrx_word' id='word_1_340' title='bbox 596 1655 708 1682; x_wconf 74' lang='lat' dir='ltr'><strong>gnarus.</strong></span> <span class='ocrx_word' id='word_1_341' title='bbox 724 1653 752 1675; x_wconf 91' lang='lat' dir='ltr'><strong>ct</strong></span> <span class='ocrx_word' id='word_1_342' title='bbox 770 1654 903 1679; x_wconf 78' lang='lat' dir='ltr'><strong>quantum</strong></span> <span class='ocrx_word' id='word_1_343' title='bbox 922 1652 998 1684; x_wconf 85' lang='lat' dir='ltr'><strong>quis-</strong></span> 
     </span>
    </p>
   </div>
   <div class='ocr_carea' id='block_1_52' title="bbox 207 1691 997 1732">
    <p class='ocr_par' dir='ltr' id='par_1_52' title="bbox 207 1691 997 1732">
     <span class='ocr_line' id='line_1_52' title="bbox 207 1691 997 1732; baseline 0.013 -18"><span class='ocrx_word' id='word_1_344' title='bbox 207 1698 260 1724; x_wconf 82' lang='lat' dir='ltr'><strong>que</strong></span> <span class='ocrx_word' id='word_1_345' title='bbox 277 1691 359 1725; x_wconf 86' lang='lat' dir='ltr'><strong>hujus</strong></span> <span class='ocrx_word' id='word_1_346' title='bbox 377 1691 529 1726; x_wconf 77' lang='lat' dir='ltr'><strong>disciplina:</strong></span> <span class='ocrx_word' id='word_1_347' title='bbox 546 1698 668 1727; x_wconf 85' lang='lat' dir='ltr'><strong>caperet,</strong></span> <span class='ocrx_word' id='word_1_348' title='bbox 688 1694 761 1722; x_wconf 84' lang='lat' dir='ltr'><strong>haud</strong></span> <span class='ocrx_word' id='word_1_349' title='bbox 779 1696 899 1726; x_wconf 83' lang='lat' dir='ltr'><strong>nescius.</strong></span> <span class='ocrx_word' id='word_1_350' title='bbox 920 1697 997 1732; x_wconf 81' lang='lat' dir='ltr'><strong>juxta</strong></span> 
     </span>
    </p>
   </div>
   <div class='ocr_carea' id='block_1_53' title="bbox 208 1737 997 1772">
    <p class='ocr_par' dir='ltr' id='par_1_53' title="bbox 208 1737 997 1772">
     <span class='ocr_line' id='line_1_53' title="bbox 208 1737 997 1772; baseline 0.011 -10"><span class='ocrx_word' id='word_1_351' title='bbox 208 1737 307 1763; x_wconf 64' lang='lat' dir='ltr'><strong>tiiv‘na‘</strong></span> <span class='ocrx_word' id='word_1_352' title='bbox 323 1739 492 1772; x_wconf 75' lang='lat' dir='ltr'><strong>purgationis</strong></span> <span class='ocrx_word' id='word_1_353' title='bbox 516 1740 656 1767; x_wconf 84' lang='lat' dir='ltr'><strong>modulum</strong></span> <span class='ocrx_word' id='word_1_354' title='bbox 680 1748 734 1768; x_wconf 87' lang='lat' dir='ltr'><strong>non</strong></span> <span class='ocrx_word' id='word_1_355' title='bbox 751 1743 841 1769; x_wconf 85' lang='lat' dir='ltr'><strong>statim</strong></span> <span class='ocrx_word' id='word_1_356' title='bbox 866 1743 900 1771; x_wconf 85' lang='lat' dir='ltr'><strong>ab</strong></span> <span class='ocrx_word' id='word_1_357' title='bbox 919 1744 997 1771; x_wconf 92' lang='lat' dir='ltr'><strong>initio</strong></span> 
     </span>
    </p>
   </div>
   <div class='ocr_carea' id='block_1_54' title="bbox 209 1783 998 1821">
    <p class='ocr_par' dir='ltr' id='par_1_54' title="bbox 209 1783 998 1821">
     <span class='ocr_line' id='line_1_54' title="bbox 209 1783 998 1821; baseline 0.011 -13"><span class='ocrx_word' id='word_1_358' title='bbox 209 1791 289 1810; x_wconf 80' lang='lat' dir='ltr'><strong>aures</strong></span> <span class='ocrx_word' id='word_1_359' title='bbox 309 1783 436 1811; x_wconf 78' lang='lat' dir='ltr'><strong>flmeidas</strong></span> <span class='ocrx_word' id='word_1_360' title='bbox 458 1785 572 1812; x_wconf 87' lang='lat' dir='ltr'><strong>tonitrui</strong></span> <span class='ocrx_word' id='word_1_361' title='bbox 593 1787 684 1813; x_wconf 88' lang='lat' dir='ltr'><strong>sonitu</strong></span> <span class='ocrx_word' id='word_1_362' title='bbox 702 1787 856 1821; x_wconf 89' lang='lat' dir='ltr'><strong>imbuissct,</strong></span> <span class='ocrx_word' id='word_1_363' title='bbox 872 1790 919 1816; x_wconf 89' lang='lat' dir='ltr'><strong>sed</strong></span> <span class='ocrx_word' id='word_1_364' title='bbox 936 1790 998 1818; x_wconf 68' lang='lat' dir='ltr'><strong>vitat</strong></span> 
     </span>
    </p>
   </div>
   <div class='ocr_carea' id='block_1_55' title="bbox 209 1829 998 1870">
    <p class='ocr_par' dir='ltr' id='par_1_55' title="bbox 209 1829 998 1870">
     <span class='ocr_line' id='line_1_55' title="bbox 209 1829 998 1870; baseline 0.01 -15"><span class='ocrx_word' id='word_1_365' title='bbox 209 1829 286 1863; x_wconf 88' lang='lat' dir='ltr'><strong>prius</strong></span> <span class='ocrx_word' id='word_1_366' title='bbox 300 1831 486 1863; x_wconf 66' lang='lat' dir='ltr'><strong>accusatione,</strong></span> <span class='ocrx_word' id='word_1_367' title='bbox 502 1832 642 1868; x_wconf 89' lang='lat' dir='ltr'><strong>multaque</strong></span> <span class='ocrx_word' id='word_1_368' title='bbox 665 1833 790 1867; x_wconf 88' lang='lat' dir='ltr'><strong>scientia,</strong></span> <span class='ocrx_word' id='word_1_369' title='bbox 805 1835 885 1870; x_wconf 78' lang='lat'><strong>332</strong></span> <span class='ocrx_word' id='word_1_370' title='bbox 898 1840 925 1863; x_wconf 91' lang='lat' dir='ltr'><strong>et</strong></span> <span class='ocrx_word' id='word_1_371' title='bbox 939 1843 998 1863; x_wconf 82' lang='lat' dir='ltr'><strong>orn-</strong></span> 
     </span>
    </p>
   </div>
   <div class='ocr_carea' id='block_1_56' title="bbox 209 1875 998 1912">
    <p class='ocr_par' dir='ltr' id='par_1_56' title="bbox 209 1875 998 1912">
     <span class='ocr_line' id='line_1_56' title="bbox 209 1875 998 1912; baseline 0.011 -11"><span class='ocrx_word' id='word_1_372' title='bbox 209 1875 284 1902; x_wconf 83' lang='lat' dir='ltr'><strong>nium</strong></span> <span class='ocrx_word' id='word_1_373' title='bbox 301 1876 498 1911; x_wconf 77' lang='lat' dir='ltr'><strong>cogitationum</strong></span> <span class='ocrx_word' id='word_1_374' title='bbox 517 1882 700 1912; x_wconf 84' lang='lat' dir='ltr'><strong>terrenarum,</strong></span> <span class='ocrx_word' id='word_1_375' title='bbox 716 1887 748 1908; x_wconf 88' lang='lat' dir='ltr'><strong>ac</strong></span> <span class='ocrx_word' id='word_1_376' title='bbox 766 1881 866 1908; x_wconf 89' lang='lat' dir='ltr'><strong>rationi</strong></span> <span class='ocrx_word' id='word_1_377' title='bbox 882 1889 998 1910; x_wconf 89' lang='lat' dir='ltr'><strong>consen-</strong></span> 
     </span>
    </p>
   </div>
   <div class='ocr_carea' id='block_1_57' title="bbox 209 1922 996 1962">
    <p class='ocr_par' dir='ltr' id='par_1_57' title="bbox 209 1922 996 1962">
     <span class='ocr_line' id='line_1_57' title="bbox 209 1922 996 1962; baseline 0.01 -14"><span class='ocrx_word' id='word_1_378' title='bbox 209 1922 333 1949; x_wconf 81' lang='lat' dir='ltr'><strong>tientium</strong></span> <span class='ocrx_word' id='word_1_379' title='bbox 366 1925 634 1959; x_wconf 78' lang='lat' dir='ltr'><strong>repngnantiumque</strong></span> <span class='ocrx_word' id='word_1_380' title='bbox 674 1926 846 1962; x_wconf 80' lang='lat' dir='ltr'><strong>depositione</strong></span> <span class='ocrx_word' id='word_1_381' title='bbox 874 1929 996 1956; x_wconf 86' lang='lat' dir='ltr'><strong>animum</strong></span> 
     </span>
    </p>
   </div>
   <div class='ocr_carea' id='block_1_58' title="bbox 208 1970 998 2010">
    <p class='ocr_par' dir='ltr' id='par_1_58' title="bbox 208 1970 998 2010">
     <span class='ocr_line' id='line_1_58' title="bbox 208 1970 998 2010; baseline 0.008 -15"><span class='ocrx_word' id='word_1_382' title='bbox 208 1976 360 2003; x_wconf 70' lang='lat' dir='ltr'><strong>expurgare</strong></span> <span class='ocrx_word' id='word_1_383' title='bbox 376 1970 527 2001; x_wconf 85' lang='lat' dir='ltr'><strong>docuisset,</strong></span> <span class='ocrx_word' id='word_1_384' title='bbox 541 1975 569 1998; x_wconf 87' lang='lat' dir='ltr'><strong>et</strong></span> <span class='ocrx_word' id='word_1_385' title='bbox 582 1971 618 1998; x_wconf 76' lang='lat' dir='ltr'><strong>ita</strong></span> <span class='ocrx_word' id='word_1_386' title='bbox 631 1971 663 1998; x_wconf 89' lang='lat' dir='ltr'><strong>ad</strong></span> <span class='ocrx_word' id='word_1_387' title='bbox 676 1979 752 1999; x_wconf 86' lang='lat' dir='ltr'><strong>sacra</strong></span> <span class='ocrx_word' id='word_1_388' title='bbox 767 1973 901 2001; x_wconf 85' lang='lat' dir='ltr'><strong>vestibula</strong></span> <span class='ocrx_word' id='word_1_389' title='bbox 917 1975 998 2010; x_wconf 85' lang='lat' dir='ltr'><strong>hujus</strong></span> 
     </span>
    </p>
   </div>
   <div class='ocr_carea' id='block_1_59' title="bbox 208 2013 998 2050">
    <p class='ocr_par' dir='ltr' id='par_1_59' title="bbox 208 2013 998 2050">
     <span class='ocr_line' id='line_1_59' title="bbox 208 2013 998 2050; baseline 0.009 -10"><span class='ocrx_word' id='word_1_390' title='bbox 208 2013 308 2041; x_wconf 77' lang='lat' dir='ltr'><strong>divinae</strong></span> <span class='ocrx_word' id='word_1_391' title='bbox 320 2016 460 2049; x_wconf 73' lang='lat' dir='ltr'><strong>sapientiae</strong></span> <span class='ocrx_word' id='word_1_392' title='bbox 471 2016 613 2047; x_wconf 86' lang='lat' dir='ltr'><strong>accedere,</strong></span> <span class='ocrx_word' id='word_1_393' title='bbox 626 2017 710 2044; x_wconf 89' lang='lat' dir='ltr'><strong>multa</strong></span> <span class='ocrx_word' id='word_1_394' title='bbox 723 2018 819 2050; x_wconf 87' lang='lat' dir='ltr'><strong>Deum,</strong></span> <span class='ocrx_word' id='word_1_395' title='bbox 828 2019 911 2046; x_wconf 88' lang='lat' dir='ltr'><strong>multa</strong></span> <span class='ocrx_word' id='word_1_396' title='bbox 926 2021 998 2048; x_wconf 70' lang='lat' dir='ltr'><strong>viros</strong></span> 
     </span>
    </p>
   </div>
   <div class='ocr_carea' id='block_1_60' title="bbox 209 2061 996 2098">
    <p class='ocr_par' dir='ltr' id='par_1_60' title="bbox 209 2061 996 2098">
     <span class='ocr_line' id='line_1_60' title="bbox 209 2061 996 2098; baseline 0.008 -11"><span class='ocrx_word' id='word_1_397' title='bbox 209 2061 261 2088; x_wconf 87' lang='lat' dir='ltr'><strong>hac</strong></span> <span class='ocrx_word' id='word_1_398' title='bbox 286 2061 454 2096; x_wconf 56' lang='lat' dir='ltr'><strong>perfectione</strong></span> <span class='ocrx_word' id='word_1_399' title='bbox 477 2063 574 2097; x_wconf 78' lang='lat' dir='ltr'><strong>dignos</strong></span> <span class='ocrx_word' id='word_1_400' title='bbox 600 2063 710 2091; x_wconf 83' lang='lat' dir='ltr'><strong>habitos</strong></span> <span class='ocrx_word' id='word_1_401' title='bbox 727 2069 896 2098; x_wconf 85' lang='lat' dir='ltr'><strong>precantem,</strong></span> <span class='ocrx_word' id='word_1_402' title='bbox 916 2069 946 2092; x_wconf 83' lang='lat' dir='ltr'><strong>ut</strong></span> <span class='ocrx_word' id='word_1_403' title='bbox 963 2066 996 2093; x_wconf 93' lang='lat' dir='ltr'><strong>ad</strong></span> 
     </span>
    </p>
   </div>
   <div class='ocr_carea' id='block_1_61' title="bbox 209 2107 996 2146">
    <p class='ocr_par' dir='ltr' id='par_1_61' title="bbox 209 2107 996 2146">
     <span class='ocr_line' id='line_1_61' title="bbox 209 2107 996 2146; baseline 0.006 -13"><span class='ocrx_word' id='word_1_404' title='bbox 209 2115 278 2141; x_wconf 83' lang='lat' dir='ltr'><strong>opus</strong></span> <span class='ocrx_word' id='word_1_405' title='bbox 302 2112 356 2134; x_wconf 90' lang='lat' dir='ltr'><strong>tam</strong></span> <span class='ocrx_word' id='word_1_406' title='bbox 372 2107 500 2140; x_wconf 85' lang='lat' dir='ltr'><strong>sublime,</strong></span> <span class='ocrx_word' id='word_1_407' title='bbox 516 2113 543 2135; x_wconf 88' lang='lat' dir='ltr'><strong>et</strong></span> <span class='ocrx_word' id='word_1_408' title='bbox 560 2108 679 2136; x_wconf 87' lang='lat' dir='ltr'><strong>humana</strong></span> <span class='ocrx_word' id='word_1_409' title='bbox 703 2109 834 2137; x_wconf 82' lang='lat' dir='ltr'><strong>facultate</strong></span> <span class='ocrx_word' id='word_1_410' title='bbox 857 2112 996 2146; x_wconf 88' lang='lat' dir='ltr'><strong>superius,</strong></span> 
     </span>
    </p>
   </div>
   <div class='ocr_carea' id='block_1_62' title="bbox 210 2153 996 2191">
    <p class='ocr_par' dir='ltr' id='par_1_62' title="bbox 210 2153 996 2191">
     <span class='ocr_line' id='line_1_62' title="bbox 210 2153 996 2191; baseline 0.008 -13"><span class='ocrx_word' id='word_1_411' title='bbox 210 2153 370 2187; x_wconf 87' lang='lat' dir='ltr'><strong>adjumento</strong></span> <span class='ocrx_word' id='word_1_412' title='bbox 387 2153 439 2179; x_wconf 89' lang='lat' dir='ltr'><strong>sibi</strong></span> <span class='ocrx_word' id='word_1_413' title='bbox 455 2161 515 2180; x_wconf 86' lang='lat' dir='ltr'><strong>esse</strong></span> <span class='ocrx_word' id='word_1_414' title='bbox 538 2162 571 2180; x_wconf 93' lang='lat' dir='ltr'><strong>ne</strong></span> <span class='ocrx_word' id='word_1_415' title='bbox 588 2155 774 2190; x_wconf 77' lang='lat' dir='ltr'><strong>recusarent),</strong></span> <span class='ocrx_word' id='word_1_416' title='bbox 794 2161 841 2183; x_wconf 87' lang='lat' dir='ltr'><strong>aut</strong></span> <span class='ocrx_word' id='word_1_417' title='bbox 853 2161 996 2191; x_wconf 85' lang='lat' dir='ltr'><strong>postquam</strong></span> 
     </span>
    </p>
   </div>
   <div class='ocr_carea' id='block_1_63' title="bbox 211 2199 996 2236">
    <p class='ocr_par' dir='ltr' id='par_1_63' title="bbox 211 2199 996 2236">
     <span class='ocr_line' id='line_1_63' title="bbox 211 2199 996 2236; baseline 0.006 -11"><span class='ocrx_word' id='word_1_418' title='bbox 211 2205 324 2232; x_wconf 84' lang='lat' dir='ltr'><strong>propter</strong></span> <span class='ocrx_word' id='word_1_419' title='bbox 346 2199 480 2225; x_wconf 85' lang='lat' dir='ltr'><strong>desidiam</strong></span> <span class='ocrx_word' id='word_1_420' title='bbox 506 2208 584 2227; x_wconf 88' lang='lat' dir='ltr'><strong>suam</strong></span> <span class='ocrx_word' id='word_1_421' title='bbox 611 2201 764 2228; x_wconf 85' lang='lat' dir='ltr'><strong>inconsulto</strong></span> <span class='ocrx_word' id='word_1_422' title='bbox 782 2202 815 2229; x_wconf 88' lang='lat' dir='ltr'><strong>ad</strong></span> <span class='ocrx_word' id='word_1_423' title='bbox 841 2203 996 2236; x_wconf 78' lang='lat' dir='ltr'><strong>proximum</strong></span> 
     </span>
    </p>
   </div>
   <div class='ocr_carea' id='block_1_64' title="bbox 210 2241 1034 2276">
    <p class='ocr_par' dir='ltr' id='par_1_64' title="bbox 210 2241 1034 2276">
     <span class='ocr_line' id='line_1_64' title="bbox 210 2241 1034 2276; baseline 0.007 -5"><span class='ocrx_word' id='word_1_424' title='bbox 210 2245 388 2276; x_wconf 74' lang='lat' dir='ltr'><strong>accessisset,</strong></span> <span class='ocrx_word' id='word_1_425' title='bbox 406 2245 529 2272; x_wconf 87' lang='lat' dir='ltr'><strong>auditum</strong></span> <span class='ocrx_word' id='word_1_426' title='bbox 549 2254 706 2274; x_wconf 86' lang='lat' dir='ltr'><strong>sermonem</strong></span> <span class='ocrx_word' id='word_1_427' title='bbox 722 2247 795 2275; x_wconf 81' lang='lat' dir='ltr'><strong>illius</strong></span> <span class='ocrx_word' id='word_1_428' title='bbox 811 2248 926 2276; x_wconf 73' lang='lat' dir='ltr'><strong>inscitia:</strong></span> <span class='ocrx_word' id='word_1_429' title='bbox 945 2250 995 2276; x_wconf 88' lang='lat' dir='ltr'><strong>lri-</strong></span> <span class='ocrx_word' id='word_1_430' title='bbox 1012 2241 1034 2268; x_wconf 75' lang='grc' dir='ltr'><strong>ι)</strong></span> 
     </span>
    </p>
   </div>
   <div class='ocr_carea' id='block_1_65' title="bbox 212 2290 998 2329">
    <p class='ocr_par' dir='ltr' id='par_1_65' title="bbox 212 2290 998 2329">
     <span class='ocr_line' id='line_1_65' title="bbox 212 2290 998 2329; baseline 0.006 -13"><span class='ocrx_word' id='word_1_431' title='bbox 212 2290 295 2317; x_wconf 78' lang='lat' dir='ltr'><strong>itu-re</strong></span> <span class='ocrx_word' id='word_1_432' title='bbox 309 2298 317 2317; x_wconf 89' lang='lat'>:</span> <span class='ocrx_word' id='word_1_433' title='bbox 333 2297 384 2317; x_wconf 88' lang='lat' dir='ltr'><strong>nec</strong></span> <span class='ocrx_word' id='word_1_434' title='bbox 399 2291 475 2318; x_wconf 90' lang='lat' dir='ltr'><strong>velut</strong></span> <span class='ocrx_word' id='word_1_435' title='bbox 489 2291 581 2318; x_wconf 84' lang='lat' dir='ltr'><strong>dedita</strong></span> <span class='ocrx_word' id='word_1_436' title='bbox 603 2300 697 2326; x_wconf 87' lang='lat' dir='ltr'><strong>opera,</strong></span> <span class='ocrx_word' id='word_1_437' title='bbox 714 2297 742 2320; x_wconf 92' lang='lat' dir='ltr'><strong>et</strong></span> <span class='ocrx_word' id='word_1_438' title='bbox 759 2297 887 2328; x_wconf 90' lang='lat' dir='ltr'><strong>tanquam</strong></span> <span class='ocrx_word' id='word_1_439' title='bbox 906 2295 998 2329; x_wconf 82' lang='lat' dir='ltr'><strong>inspe-</strong></span> 
     </span>
    </p>
   </div>
   <div class='ocr_carea' id='block_1_66' title="bbox 211 2335 1000 2375">
    <p class='ocr_par' dir='ltr' id='par_1_66' title="bbox 211 2335 1000 2375">
     <span class='ocr_line' id='line_1_66' title="bbox 211 2335 1000 2375; baseline 0.008 -14"><span class='ocrx_word' id='word_1_440' title='bbox 211 2341 298 2362; x_wconf 66' lang='lat' dir='ltr'><strong>ratum</strong></span> <span class='ocrx_word' id='word_1_441' title='bbox 315 2335 420 2363; x_wconf 81' lang='lat' dir='ltr'><strong>lucrum</strong></span> <span class='ocrx_word' id='word_1_442' title='bbox 435 2344 466 2363; x_wconf 91' lang='lat' dir='ltr'><strong>ea</strong></span> <span class='ocrx_word' id='word_1_443' title='bbox 482 2337 566 2364; x_wconf 83' lang='lat' dir='ltr'><strong>verba</strong></span> <span class='ocrx_word' id='word_1_444' title='bbox 582 2339 712 2372; x_wconf 88' lang='lat' dir='ltr'><strong>arripere,</strong></span> <span class='ocrx_word' id='word_1_445' title='bbox 728 2343 943 2375; x_wconf 79' lang='lat' dir='ltr'><strong>arroganterque</strong></span> <span class='ocrx_word' id='word_1_446' title='bbox 972 2344 1000 2368; x_wconf 91' lang='lat' dir='ltr'><strong>et</strong></span> 
     </span>
    </p>
   </div>
   <div class='ocr_carea' id='block_1_67' title="bbox 211 2382 1000 2418">
    <p class='ocr_par' dir='ltr' id='par_1_67' title="bbox 211 2382 1000 2418">
     <span class='ocr_line' id='line_1_67' title="bbox 211 2382 1000 2418; baseline 0.008 -11"><span class='ocrx_word' id='word_1_447' title='bbox 211 2382 332 2416; x_wconf 76' lang='lat' dir='ltr'><strong>prnjeete</strong></span> <span class='ocrx_word' id='word_1_448' title='bbox 346 2382 373 2409; x_wconf 93' lang='lat' dir='ltr'><strong>in</strong></span> <span class='ocrx_word' id='word_1_449' title='bbox 389 2391 492 2410; x_wconf 88' lang='lat' dir='ltr'><strong>sacram</strong></span> <span class='ocrx_word' id='word_1_450' title='bbox 506 2385 626 2418; x_wconf 81' lang='lat' dir='ltr'><strong>quietem</strong></span> <span class='ocrx_word' id='word_1_451' title='bbox 640 2384 781 2417; x_wconf 86' lang='lat' dir='ltr'><strong>invadere,</strong></span> <span class='ocrx_word' id='word_1_452' title='bbox 792 2389 819 2412; x_wconf 86' lang='lat' dir='ltr'><strong>et</strong></span> <span class='ocrx_word' id='word_1_453' title='bbox 831 2392 863 2412; x_wconf 87' lang='lat' dir='ltr'><strong>ea</strong></span> <span class='ocrx_word' id='word_1_454' title='bbox 877 2385 1000 2413; x_wconf 82' lang='lat' dir='ltr'><strong>fruentes</strong></span> 
     </span>
    </p>
   </div>
   <div class='ocr_carea' id='block_1_68' title="bbox 211 2428 1000 2466">
    <p class='ocr_par' dir='ltr' id='par_1_68' title="bbox 211 2428 1000 2466">
     <span class='ocr_line' id='line_1_68' title="bbox 211 2428 1000 2466; baseline 0.009 -13"><span class='ocrx_word' id='word_1_455' title='bbox 211 2428 363 2456; x_wconf 84' lang='lat' dir='ltr'><strong>maledictis</strong></span> <span class='ocrx_word' id='word_1_456' title='bbox 375 2430 567 2462; x_wconf 71' lang='lat' dir='ltr'><strong>conscindere,</strong></span> <span class='ocrx_word' id='word_1_457' title='bbox 577 2431 750 2466; x_wconf 80' lang='lat' dir='ltr'><strong>impostores,</strong></span> <span class='ocrx_word' id='word_1_458' title='bbox 765 2432 920 2464; x_wconf 84' lang='lat' dir='ltr'><strong>mendaces,</strong></span> <span class='ocrx_word' id='word_1_459' title='bbox 931 2432 1000 2460; x_wconf 82' lang='lat' dir='ltr'><strong>Mas-</strong></span> 
     </span>
    </p>
   </div>
   <div class='ocr_carea' id='block_1_69' title="bbox 204 2473 995 2512">
    <p class='ocr_par' dir='ltr' id='par_1_69' title="bbox 204 2473 995 2512">
     <span class='ocr_line' id='line_1_69' title="bbox 204 2473 995 2512; baseline 0.006 -12"><span class='ocrx_word' id='word_1_460' title='bbox 204 2473 328 2501; x_wconf 69' lang='lat' dir='ltr'><strong>saliauos</strong></span> <span class='ocrx_word' id='word_1_461' title='bbox 350 2482 519 2510; x_wconf 86' lang='lat' dir='ltr'><strong>nuncupare,</strong></span> <span class='ocrx_word' id='word_1_462' title='bbox 537 2484 572 2503; x_wconf 84' lang='lat' dir='ltr'><strong>ex</strong></span> <span class='ocrx_word' id='word_1_463' title='bbox 587 2484 620 2503; x_wconf 90' lang='lat' dir='ltr'><strong>eo</strong></span> <span class='ocrx_word' id='word_1_464' title='bbox 641 2477 714 2512; x_wconf 89' lang='lat' dir='ltr'><strong>quod</strong></span> <span class='ocrx_word' id='word_1_465' title='bbox 737 2477 860 2505; x_wconf 85' lang='lat' dir='ltr'><strong>audisset</strong></span> <span class='ocrx_word' id='word_1_466' title='bbox 884 2482 995 2506; x_wconf 89' lang='lat' dir='ltr'><strong>sanctos</strong></span> 
     </span>
    </p>
   </div>
   <div class='ocr_carea' id='block_1_70' title="bbox 210 2518 995 2556">
    <p class='ocr_par' dir='ltr' id='par_1_70' title="bbox 210 2518 995 2556">
     <span class='ocr_line' id='line_1_70' title="bbox 210 2518 995 2556; baseline 0.009 -12"><span class='ocrx_word' id='word_1_467' title='bbox 210 2518 314 2545; x_wconf 91' lang='lat' dir='ltr'><strong>lumine</strong></span> <span class='ocrx_word' id='word_1_468' title='bbox 334 2520 526 2554; x_wconf 82' lang='lat' dir='ltr'><strong>circumfundi,</strong></span> <span class='ocrx_word' id='word_1_469' title='bbox 545 2522 664 2556; x_wconf 91' lang='lat' dir='ltr'><strong>plurium</strong></span> <span class='ocrx_word' id='word_1_470' title='bbox 681 2523 910 2550; x_wconf 72' lang='lat' dir='ltr'><strong>contumeliarum</strong></span> <span class='ocrx_word' id='word_1_471' title='bbox 929 2532 995 2551; x_wconf 91' lang='lat' dir='ltr'><strong>ansa</strong></span> 
     </span>
    </p>
   </div>
   <div class='ocr_carea' id='block_1_71' title="bbox 209 2565 995 2602">
    <p class='ocr_par' dir='ltr' id='par_1_71' title="bbox 209 2565 995 2602">
     <span class='ocr_line' id='line_1_71' title="bbox 209 2565 995 2602; baseline 0.008 -11"><span class='ocrx_word' id='word_1_472' title='bbox 209 2571 318 2599; x_wconf 86' lang='lat' dir='ltr'><strong>arrepta</strong></span> <span class='ocrx_word' id='word_1_473' title='bbox 346 2565 480 2594; x_wconf 82' lang='lat' dir='ltr'><strong>\idelicet.</strong></span> <span class='ocrx_word' id='word_1_474' title='bbox 507 2567 667 2602; x_wconf 86' lang='lat' dir='ltr'><strong>Quanquam</strong></span> <span class='ocrx_word' id='word_1_475' title='bbox 689 2568 829 2596; x_wconf 90' lang='lat' dir='ltr'><strong>doctorem</strong></span> <span class='ocrx_word' id='word_1_476' title='bbox 853 2569 935 2597; x_wconf 82' lang='lat' dir='ltr'><strong>istum</strong></span> <span class='ocrx_word' id='word_1_477' title='bbox 961 2569 995 2598; x_wconf 85' lang='lat' dir='ltr'><strong>de</strong></span> 
     </span>
    </p>
   </div>
   <div class='ocr_carea' id='block_1_72' title="bbox 209 2611 994 2646">
    <p class='ocr_par' dir='ltr' id='par_1_72' title="bbox 209 2611 994 2646">
     <span class='ocr_line' id='line_1_72' title="bbox 209 2611 994 2646; baseline 0.006 -8"><span class='ocrx_word' id='word_1_478' title='bbox 209 2611 270 2638; x_wconf 70' lang='lat' dir='ltr'><strong>aliis</strong></span> <span class='ocrx_word' id='word_1_479' title='bbox 293 2611 403 2646; x_wconf 84' lang='lat' dir='ltr'><strong>quidem</strong></span> <span class='ocrx_word' id='word_1_480' title='bbox 424 2613 520 2640; x_wconf 87' lang='lat' dir='ltr'><strong>merito</strong></span> <span class='ocrx_word' id='word_1_481' title='bbox 537 2613 661 2644; x_wconf 87' lang='lat' dir='ltr'><strong>forsitan,</strong></span> <span class='ocrx_word' id='word_1_482' title='bbox 676 2614 710 2641; x_wconf 91' lang='lat' dir='ltr'><strong>de</strong></span> <span class='ocrx_word' id='word_1_483' title='bbox 733 2614 785 2641; x_wconf 90' lang='lat' dir='ltr'><strong>hoc</strong></span> <span class='ocrx_word' id='word_1_484' title='bbox 805 2619 896 2642; x_wconf 84' lang='lat' dir='ltr'><strong>autem</strong></span> <span class='ocrx_word' id='word_1_485' title='bbox 911 2624 927 2642; x_wconf 84' lang='lat' dir='ltr'><strong>a</strong></span> <span class='ocrx_word' id='word_1_486' title='bbox 945 2624 994 2643; x_wconf 93' lang='lat' dir='ltr'><strong>ne-</strong></span> 
     </span>
    </p>
   </div>
   <div class='ocr_carea' id='block_1_73' title="bbox 210 2655 994 2695">
    <p class='ocr_par' dir='ltr' id='par_1_73' title="bbox 210 2655 994 2695">
     <span class='ocr_line' id='line_1_73' title="bbox 210 2655 994 2695; baseline 0.006 -13"><span class='ocrx_word' id='word_1_487' title='bbox 210 2658 284 2683; x_wconf 82' lang='lat' dir='ltr'><strong>mine</strong></span> <span class='ocrx_word' id='word_1_488' title='bbox 299 2665 377 2691; x_wconf 78' lang='lat' dir='ltr'><strong>posse</strong></span> <span class='ocrx_word' id='word_1_489' title='bbox 395 2658 568 2692; x_wconf 80' lang='lat' dir='ltr'><strong>reprehendi.</strong></span> <span class='ocrx_word' id='word_1_490' title='bbox 580 2655 647 2686; x_wconf 85' lang='lat' dir='ltr'><strong>Nam</strong></span> <span class='ocrx_word' id='word_1_491' title='bbox 663 2664 690 2686; x_wconf 92' lang='lat' dir='ltr'><strong>et</strong></span> <span class='ocrx_word' id='word_1_492' title='bbox 705 2661 773 2686; x_wconf 87' lang='lat' dir='ltr'><strong>alios</strong></span> <span class='ocrx_word' id='word_1_493' title='bbox 787 2661 888 2687; x_wconf 90' lang='lat' dir='ltr'><strong>multos</strong></span> <span class='ocrx_word' id='word_1_494' title='bbox 902 2668 994 2695; x_wconf 88' lang='lat' dir='ltr'><strong>perse—</strong></span> 
     </span>
    </p>
   </div>
   <div class='ocr_carea' id='block_1_74' title="bbox 210 2702 993 2738">
    <p class='ocr_par' dir='ltr' id='par_1_74' title="bbox 210 2702 993 2738">
     <span class='ocr_line' id='line_1_74' title="bbox 210 2702 993 2738; baseline 0.006 -11"><span class='ocrx_word' id='word_1_495' title='bbox 210 2702 329 2728; x_wconf 76' lang='lat' dir='ltr'><strong>eutinis</strong></span> <span class='ocrx_word' id='word_1_496' title='bbox 350 2703 518 2737; x_wconf 87' lang='lat' dir='ltr'><strong>temporibus</strong></span> <span class='ocrx_word' id='word_1_497' title='bbox 535 2711 584 2738; x_wconf 88' lang='lat' dir='ltr'><strong>pro</strong></span> <span class='ocrx_word' id='word_1_498' title='bbox 606 2703 715 2732; x_wconf 86' lang='lat' dir='ltr'><strong>Christo</strong></span> <span class='ocrx_word' id='word_1_499' title='bbox 738 2704 911 2737; x_wconf 81' lang='lat' dir='ltr'><strong>dimicantes,</strong></span> <span class='ocrx_word' id='word_1_500' title='bbox 941 2705 993 2732; x_wconf 91' lang='lat' dir='ltr'><strong>hoc</strong></span> 
     </span>
    </p>
   </div>
   <div class='ocr_carea' id='block_1_75' title="bbox 211 2747 994 2786">
    <p class='ocr_par' dir='ltr' id='par_1_75' title="bbox 211 2747 994 2786">
     <span class='ocr_line' id='line_1_75' title="bbox 211 2747 994 2786; baseline 0.005 -12"><span class='ocrx_word' id='word_1_501' title='bbox 211 2747 334 2776; x_wconf 73' lang='lat' dir='ltr'><strong>divinum</strong></span> <span class='ocrx_word' id='word_1_502' title='bbox 350 2749 442 2776; x_wconf 89' lang='lat' dir='ltr'><strong>lumen</strong></span> <span class='ocrx_word' id='word_1_503' title='bbox 455 2750 623 2778; x_wconf 80' lang='lat' dir='ltr'><strong>eonvestisse</strong></span> <span class='ocrx_word' id='word_1_504' title='bbox 640 2751 708 2786; x_wconf 67' lang='lat'><strong>(&#39;17),</strong></span> <span class='ocrx_word' id='word_1_505' title='bbox 725 2754 754 2778; x_wconf 86' lang='lat' dir='ltr'><strong>et</strong></span> <span class='ocrx_word' id='word_1_506' title='bbox 775 2756 897 2778; x_wconf 86' lang='lat' dir='ltr'><strong>sanetum</strong></span> <span class='ocrx_word' id='word_1_507' title='bbox 909 2751 994 2778; x_wconf 79' lang='grc' dir='ltr'><strong>Δηιο-</strong></span> 
     </span>
    </p>
   </div>
   <div class='ocr_carea' id='block_1_76' title="bbox 1047 958 1820 993">
    <p class='ocr_par' dir='ltr' id='par_1_76' title="bbox 1047 958 1820 993">
     <span class='ocr_line' id='line_1_76' title="bbox 1047 958 1820 993; baseline -0.001 -9"><span class='ocrx_word' id='word_1_508' title='bbox 1047 959 1173 990; x_wconf 85' lang='grc' dir='ltr'><strong>είπόντος</strong></span> <span class='ocrx_word' id='word_1_509' title='bbox 1193 958 1434 993; x_wconf 79' lang='grc' dir='ltr'><strong>προσλογίζεσθαι·</strong></span> <span class='ocrx_word' id='word_1_510' title='bbox 1454 958 1541 992; x_wconf 72' lang='grc' dir='ltr'><strong>αὐτὴν</strong></span> <span class='ocrx_word' id='word_1_511' title='bbox 1564 959 1593 984; x_wconf 77' lang='grc' dir='ltr'><strong>δὲ</strong></span> <span class='ocrx_word' id='word_1_512' title='bbox 1617 958 1740 992; x_wconf 74' lang='grc' dir='ltr'><strong>ἡγεῖσθαι</strong></span> <span class='ocrx_word' id='word_1_513' title='bbox 1756 958 1820 984; x_wconf 81' lang='grc' dir='ltr'><strong>θεῖόν</strong></span> 
     </span>
    </p>
   </div>
   <div class='ocr_carea' id='block_1_77' title="bbox 1046 1003 1820 1039">
    <p class='ocr_par' dir='ltr' id='par_1_77' title="bbox 1046 1003 1820 1039">
     <span class='ocr_line' id='line_1_77' title="bbox 1046 1003 1820 1039; baseline 0 -9"><span class='ocrx_word' id='word_1_514' title='bbox 1046 1012 1072 1030; x_wconf 79' lang='grc' dir='ltr'><strong>τι</strong></span> <span class='ocrx_word' id='word_1_515' title='bbox 1084 1004 1179 1038; x_wconf 85' lang='grc' dir='ltr'><strong>χρῆμα</strong></span> <span class='ocrx_word' id='word_1_516' title='bbox 1192 1004 1240 1030; x_wconf 75' lang='grc' dir='ltr'><strong>καὶ</strong></span> <span class='ocrx_word' id='word_1_517' title='bbox 1256 1004 1342 1036; x_wconf 79' lang='grc' dir='ltr'><strong>ιερδν,</strong></span> <span class='ocrx_word' id='word_1_518' title='bbox 1356 1005 1405 1031; x_wconf 80' lang='grc' dir='ltr'><strong>καὶ</strong></span> <span class='ocrx_word' id='word_1_519' title='bbox 1419 1004 1466 1032; x_wconf 75' lang='grc' dir='ltr'><strong>τοῦ</strong></span> <span class='ocrx_word' id='word_1_520' title='bbox 1481 1013 1510 1032; x_wconf 86' lang='grc' dir='ltr'><strong>τε</strong></span> <span class='ocrx_word' id='word_1_521' title='bbox 1527 1004 1588 1031; x_wconf 81' lang='grc' dir='ltr'><strong>κατ’</strong></span> <span class='ocrx_word' id='word_1_522' title='bbox 1603 1004 1686 1039; x_wconf 81' lang='grc' dir='ltr'><strong>αὐτῆς</strong></span> <span class='ocrx_word' id='word_1_523' title='bbox 1696 1003 1820 1031; x_wconf 78' lang='grc' dir='ltr'><strong>παύεσθαι</strong></span> 
     </span>
    </p>
   </div>
   <div class='ocr_carea' id='block_1_78' title="bbox 1046 1049 1821 1085">
    <p class='ocr_par' dir='ltr' id='par_1_78' title="bbox 1046 1049 1821 1085">
     <span class='ocr_line' id='line_1_78' title="bbox 1046 1049 1821 1085; baseline -0.001 -9"><span class='ocrx_word' id='word_1_524' title='bbox 1046 1050 1148 1083; x_wconf 81' lang='grc' dir='ltr'><strong>λέγειν.</strong></span> <span class='ocrx_word' id='word_1_525' title='bbox 1173 1050 1254 1076; x_wconf 78' lang='grc' dir='ltr'><strong>’Δλλὰ</strong></span> <span class='ocrx_word' id='word_1_526' title='bbox 1280 1050 1327 1076; x_wconf 75' lang='grc' dir='ltr'><strong>καὶ</strong></span> <span class='ocrx_word' id='word_1_527' title='bbox 1342 1049 1368 1076; x_wconf 87' lang='grc' dir='ltr'><strong>εῐ</strong></span> <span class='ocrx_word' id='word_1_528' title='bbox 1399 1059 1426 1076; x_wconf 93' lang='grc' dir='ltr'><strong>τι</strong></span> <span class='ocrx_word' id='word_1_529' title='bbox 1451 1051 1654 1085; x_wconf 76' lang='grc' dir='ltr'><strong>συναρπασθεὶς</strong></span> <span class='ocrx_word' id='word_1_530' title='bbox 1679 1049 1821 1085; x_wconf 71' lang='grc' dir='ltr'><strong>συνιγραψε</strong></span> 
     </span>
    </p>
   </div>
   <div class='ocr_carea' id='block_1_79' title="bbox 1047 1096 1820 1132">
    <p class='ocr_par' dir='ltr' id='par_1_79' title="bbox 1047 1096 1820 1132">
     <span class='ocr_line' id='line_1_79' title="bbox 1047 1096 1820 1132; baseline -0.001 -10"><span class='ocrx_word' id='word_1_531' title='bbox 1047 1097 1107 1122; x_wconf 71' lang='grc' dir='ltr'><strong>κατ’</strong></span> <span class='ocrx_word' id='word_1_532' title='bbox 1131 1096 1228 1131; x_wconf 77' lang='grc' dir='ltr'><strong>αὐτῆς,</strong></span> <span class='ocrx_word' id='word_1_533' title='bbox 1254 1097 1292 1128; x_wconf 82' lang='grc' dir='ltr'><strong>ὥς</strong></span> <span class='ocrx_word' id='word_1_534' title='bbox 1318 1096 1457 1128; x_wconf 79' lang='grc' dir='ltr'><strong>ἀπωλείας</strong></span> <span class='ocrx_word' id='word_1_535' title='bbox 1473 1097 1538 1130; x_wconf 78' lang='grc' dir='ltr'><strong>ἄξια</strong></span> <span class='ocrx_word' id='word_1_536' title='bbox 1555 1097 1730 1132; x_wconf 82' lang='grc' dir='ltr'>παραδιδόναι</span> <span class='ocrx_word' id='word_1_537' title='bbox 1750 1096 1820 1130; x_wconf 84' lang='grc' dir='ltr'><strong>πυρί.</strong></span> 
     </span>
    </p>
   </div>
   <div class='ocr_carea' id='block_1_80' title="bbox 1046 1142 1819 1179">
    <p class='ocr_par' dir='ltr' id='par_1_80' title="bbox 1046 1142 1819 1179">
     <span class='ocr_line' id='line_1_80' title="bbox 1046 1142 1819 1179; baseline 0 -10"><span class='ocrx_word' id='word_1_538' title='bbox 1046 1142 1114 1170; x_wconf 72' lang='grc' dir='ltr'><strong>Οὐδὶ</strong></span> <span class='ocrx_word' id='word_1_539' title='bbox 1131 1143 1184 1177; x_wconf 86' lang='grc' dir='ltr'><strong>γὰρ</strong></span> <span class='ocrx_word' id='word_1_540' title='bbox 1199 1144 1283 1176; x_wconf 80' lang='grc' dir='ltr'><strong>ὅσιον,</strong></span> <span class='ocrx_word' id='word_1_541' title='bbox 1300 1143 1361 1170; x_wconf 72' lang='grc' dir='ltr'><strong>οὐδὲ</strong></span> <span class='ocrx_word' id='word_1_542' title='bbox 1384 1143 1474 1175; x_wconf 78' lang='grc' dir='ltr'><strong>ἄλλως</strong></span> <span class='ocrx_word' id='word_1_543' title='bbox 1487 1143 1554 1170; x_wconf 84' lang='grc' dir='ltr'><strong>νοῦν</strong></span> <span class='ocrx_word' id='word_1_544' title='bbox 1570 1143 1646 1179; x_wconf 75' lang='grc' dir='ltr'><strong>ἔχον,</strong></span> <span class='ocrx_word' id='word_1_545' title='bbox 1658 1143 1819 1179; x_wconf 78' lang='grc' dir='ltr'><strong>γεωμετρίαν</strong></span> 
     </span>
    </p>
   </div>
   <div class='ocr_carea' id='block_1_81' title="bbox 1048 1189 1820 1225">
    <p class='ocr_par' dir='ltr' id='par_1_81' title="bbox 1048 1189 1820 1225">
     <span class='ocr_line' id='line_1_81' title="bbox 1048 1189 1820 1225; baseline 0 -10"><span class='ocrx_word' id='word_1_546' title='bbox 1048 1189 1097 1223; x_wconf 79' lang='grc' dir='ltr'><strong>μὲν</strong></span> <span class='ocrx_word' id='word_1_547' title='bbox 1127 1191 1175 1216; x_wconf 77' lang='grc' dir='ltr'><strong>καὶ</strong></span> <span class='ocrx_word' id='word_1_548' title='bbox 1209 1190 1412 1225; x_wconf 77' lang='grc' dir='ltr'><strong>ἀστρονομίαν,</strong></span> <span class='ocrx_word' id='word_1_549' title='bbox 1445 1189 1494 1216; x_wconf 79' lang='grc' dir='ltr'><strong>καὶ</strong></span> <span class='ocrx_word' id='word_1_550' title='bbox 1520 1189 1648 1225; x_wconf 77' lang='grc' dir='ltr'><strong>ἀριθμῶν</strong></span> <span class='ocrx_word' id='word_1_551' title='bbox 1683 1189 1820 1223; x_wconf 79' lang='grc' dir='ltr'><strong>ἀναλογίας</strong></span> 
     </span>
    </p>
   </div>
   <div class='ocr_carea' id='block_1_82' title="bbox 1047 1235 1820 1272">
    <p class='ocr_par' dir='ltr' id='par_1_82' title="bbox 1047 1235 1820 1272">
     <span class='ocr_line' id='line_1_82' title="bbox 1047 1235 1820 1272; baseline 0 -10"><span class='ocrx_word' id='word_1_552' title='bbox 1047 1236 1209 1272; x_wconf 88' lang='grc' dir='ltr'><strong>βουλόμενόν</strong></span> <span class='ocrx_word' id='word_1_553' title='bbox 1231 1245 1294 1263; x_wconf 86' lang='grc' dir='ltr'><strong>τινα</strong></span> <span class='ocrx_word' id='word_1_554' title='bbox 1316 1235 1522 1264; x_wconf 78' lang='grc' dir='ltr'><strong>ἐκδιδάσκεσθαι</strong></span> <span class='ocrx_word' id='word_1_555' title='bbox 1538 1237 1576 1272; x_wconf 86' lang='grc' dir='ltr'><strong>μὴ</strong></span> <span class='ocrx_word' id='word_1_556' title='bbox 1588 1236 1629 1271; x_wconf 85' lang='grc' dir='ltr'><strong>τῷ</strong></span> <span class='ocrx_word' id='word_1_557' title='bbox 1640 1236 1820 1272; x_wconf 77' lang='grc' dir='ltr'><strong>ἀμαθεστάτῳ,</strong></span> 
     </span>
    </p>
   </div>
   <div class='ocr_carea' id='block_1_83' title="bbox 1045 1281 1820 1317">
    <p class='ocr_par' dir='ltr' id='par_1_83' title="bbox 1045 1281 1820 1317">
     <span class='ocr_line' id='line_1_83' title="bbox 1045 1281 1820 1317; baseline 0 -10"><span class='ocrx_word' id='word_1_558' title='bbox 1045 1282 1114 1308; x_wconf 83' lang='grc' dir='ltr'><strong>ἀλλά</strong></span> <span class='ocrx_word' id='word_1_559' title='bbox 1131 1282 1169 1316; x_wconf 86' lang='grc' dir='ltr'><strong>τῷ</strong></span> <span class='ocrx_word' id='word_1_560' title='bbox 1183 1282 1329 1315; x_wconf 81' lang='grc' dir='ltr'><strong>δεινοτάτῳ</strong></span> <span class='ocrx_word' id='word_1_561' title='bbox 1342 1283 1408 1317; x_wconf 70' lang='grc' dir='ltr'><strong>περὶ</strong></span> <span class='ocrx_word' id='word_1_562' title='bbox 1421 1281 1509 1308; x_wconf 80' lang='grc' dir='ltr'><strong>ταῦτα</strong></span> <span class='ocrx_word' id='word_1_563' title='bbox 1519 1282 1628 1317; x_wconf 78' lang='grc' dir='ltr'><strong>φοιτᾷν·</strong></span> <span class='ocrx_word' id='word_1_564' title='bbox 1642 1282 1691 1317; x_wconf 81' lang='grc' dir='ltr'><strong>τῆς</strong></span> <span class='ocrx_word' id='word_1_565' title='bbox 1703 1282 1730 1308; x_wconf 73' lang='grc' dir='ltr'><strong>δὲ</strong></span> <span class='ocrx_word' id='word_1_566' title='bbox 1744 1281 1820 1312; x_wconf 79' lang='grc' dir='ltr'><strong>δντως</strong></span> 
     </span>
    </p>
   </div>
   <div class='ocr_carea' id='block_1_84' title="bbox 1046 1326 1820 1362">
    <p class='ocr_par' dir='ltr' id='par_1_84' title="bbox 1046 1326 1820 1362">
     <span class='ocr_line' id='line_1_84' title="bbox 1046 1326 1820 1362; baseline -0.001 -9"><span class='ocrx_word' id='word_1_567' title='bbox 1046 1327 1218 1362; x_wconf 76' lang='grc' dir='ltr'><strong>φιλοσοφίας,</strong></span> <span class='ocrx_word' id='word_1_568' title='bbox 1244 1327 1292 1354; x_wconf 83' lang='grc' dir='ltr'><strong>καὶ</strong></span> <span class='ocrx_word' id='word_1_569' title='bbox 1316 1328 1368 1361; x_wconf 83' lang='grc' dir='ltr'><strong>τῆς</strong></span> <span class='ocrx_word' id='word_1_570' title='bbox 1397 1326 1463 1361; x_wconf 75' lang='grc' dir='ltr'><strong>περὶ</strong></span> <span class='ocrx_word' id='word_1_571' title='bbox 1492 1326 1632 1362; x_wconf 73' lang='grc' dir='ltr'><strong>οὐρανίων</strong></span> <span class='ocrx_word' id='word_1_572' title='bbox 1659 1327 1820 1362; x_wconf 78' lang='grc' dir='ltr'><strong>πραγμάτων</strong></span> 
     </span>
    </p>
   </div>
   <div class='ocr_carea' id='block_1_85' title="bbox 1045 1370 1821 1408">
    <p class='ocr_par' dir='ltr' id='par_1_85' title="bbox 1045 1370 1821 1408">
     <span class='ocr_line' id='line_1_85' title="bbox 1045 1370 1821 1408; baseline -0.003 -9"><span class='ocrx_word' id='word_1_573' title='bbox 1045 1373 1174 1407; x_wconf 84' lang='grc' dir='ltr'><strong>γνώσεως</strong></span> <span class='ocrx_word' id='word_1_574' title='bbox 1204 1372 1244 1408; x_wconf 85' lang='grc' dir='ltr'><strong>τῷ</strong></span> <span class='ocrx_word' id='word_1_575' title='bbox 1274 1372 1340 1407; x_wconf 70' lang='grc' dir='ltr'><strong>περὶ⁵</strong></span> <span class='ocrx_word' id='word_1_576' title='bbox 1369 1372 1458 1399; x_wconf 85' lang='grc' dir='ltr'><strong>ταῦτα</strong></span> <span class='ocrx_word' id='word_1_577' title='bbox 1488 1372 1606 1407; x_wconf 83' lang='grc' dir='ltr'><strong>ἀμυήτῳ</strong></span> <span class='ocrx_word' id='word_1_578' title='bbox 1631 1371 1746 1407; x_wconf 84' lang='grc' dir='ltr'><strong>χρῆσθαι</strong></span> <span class='ocrx_word' id='word_1_579' title='bbox 1757 1370 1821 1397; x_wconf 79' lang='grc' dir='ltr'><strong>διδα-</strong></span> 
     </span>
    </p>
   </div>
   <div class='ocr_carea' id='block_1_86' title="bbox 1047 1416 1820 1454">
    <p class='ocr_par' dir='ltr' id='par_1_86' title="bbox 1047 1416 1820 1454">
     <span class='ocr_line' id='line_1_86' title="bbox 1047 1416 1820 1454; baseline -0.003 -9"><span class='ocrx_word' id='word_1_580' title='bbox 1047 1419 1151 1452; x_wconf 84' lang='grc' dir='ltr'><strong>οκάλῳ.</strong></span> <span class='ocrx_word' id='word_1_581' title='bbox 1173 1419 1275 1453; x_wconf 80' lang='grc' dir='ltr'><strong>Ἐχρῆν</strong></span> <span class='ocrx_word' id='word_1_582' title='bbox 1293 1418 1347 1454; x_wconf 81' lang='grc' dir='ltr'><strong>γὰρ</strong></span> <span class='ocrx_word' id='word_1_583' title='bbox 1367 1418 1449 1445; x_wconf 72' lang='grc' dir='ltr'><strong>αὐτὸν</strong></span> <span class='ocrx_word' id='word_1_584' title='bbox 1465 1417 1532 1444; x_wconf 71' lang='grc' dir='ltr'><strong>ὅντα</strong></span> <span class='ocrx_word' id='word_1_585' title='bbox 1548 1418 1703 1452; x_wconf 78' lang='grc' dir='ltr'><strong>φιλόσοφον,</strong></span> <span class='ocrx_word' id='word_1_586' title='bbox 1716 1416 1820 1444; x_wconf 76' lang='grc' dir='ltr'><strong>καὶτῶν</strong></span> 
     </span>
    </p>
   </div>
   <div class='ocr_carea' id='block_1_87' title="bbox 1047 1463 1820 1500">
    <p class='ocr_par' dir='ltr' id='par_1_87' title="bbox 1047 1463 1820 1500">
     <span class='ocr_line' id='line_1_87' title="bbox 1047 1463 1820 1500; baseline -0.005 -8"><span class='ocrx_word' id='word_1_587' title='bbox 1047 1465 1154 1493; x_wconf 80' lang='grc' dir='ltr'><strong>πολλῶν</strong></span> <span class='ocrx_word' id='word_1_588' title='bbox 1177 1465 1347 1500; x_wconf 78' lang='grc' dir='ltr'><strong>ὑπερέχοντα</strong></span> <span class='ocrx_word' id='word_1_589' title='bbox 1377 1465 1497 1495; x_wconf 84' lang='grc' dir='ltr'><strong>συνέσει,</strong></span> <span class='ocrx_word' id='word_1_590' title='bbox 1524 1466 1585 1499; x_wconf 82' lang='grc' dir='ltr'><strong>είγε</strong></span> <span class='ocrx_word' id='word_1_591' title='bbox 1611 1465 1675 1499; x_wconf 81' lang='grc' dir='ltr'><strong>περὶ</strong></span> <span class='ocrx_word' id='word_1_592' title='bbox 1702 1463 1820 1490; x_wconf 85' lang='grc' dir='ltr'><strong>τοιούτων</strong></span> 
     </span>
    </p>
   </div>
   <div class='ocr_carea' id='block_1_88' title="bbox 1047 1508 1821 1546">
    <p class='ocr_par' dir='ltr' id='par_1_88' title="bbox 1047 1508 1821 1546">
     <span class='ocr_line' id='line_1_88' title="bbox 1047 1508 1821 1546; baseline -0.003 -9"><span class='ocrx_word' id='word_1_593' title='bbox 1047 1511 1133 1538; x_wconf 76' lang='grc' dir='ltr'><strong>ἐδεῖτο</strong></span> <span class='ocrx_word' id='word_1_594' title='bbox 1150 1511 1247 1546; x_wconf 82' lang='grc' dir='ltr'><strong>μαθεῖν</strong></span> <span class='ocrx_word' id='word_1_595' title='bbox 1264 1511 1450 1546; x_wconf 80' lang='grc' dir='ltr'><strong>πραγμάτων,</strong></span> <span class='ocrx_word' id='word_1_596' title='bbox 1467 1511 1484 1546; x_wconf 78' lang='grc' dir='ltr'><strong>ἢ</strong></span> <span class='ocrx_word' id='word_1_597' title='bbox 1504 1511 1640 1546; x_wconf 83' lang='grc' dir='ltr'><strong>πρότερον</strong></span> <span class='ocrx_word' id='word_1_598' title='bbox 1657 1508 1821 1545; x_wconf 65' lang='grc' dir='ltr'><strong>διερευνησά-</strong></span> 
     </span>
    </p>
   </div>
   <div class='ocr_carea' id='block_1_89' title="bbox 1049 1555 1822 1592">
    <p class='ocr_par' dir='ltr' id='par_1_89' title="bbox 1049 1555 1822 1592">
     <span class='ocr_line' id='line_1_89' title="bbox 1049 1555 1822 1592; baseline -0.003 -10"><span class='ocrx_word' id='word_1_599' title='bbox 1049 1565 1141 1591; x_wconf 82' lang='grc' dir='ltr'><strong>μενον,</strong></span> <span class='ocrx_word' id='word_1_600' title='bbox 1165 1557 1204 1591; x_wconf 84' lang='grc' dir='ltr'><strong>τῷ</strong></span> <span class='ocrx_word' id='word_1_601' title='bbox 1227 1558 1303 1591; x_wconf 80' lang='grc' dir='ltr'><strong>παρὰ</strong></span> <span class='ocrx_word' id='word_1_602' title='bbox 1320 1557 1380 1591; x_wconf 85' lang='grc' dir='ltr'><strong>Θεῷ</strong></span> <span class='ocrx_word' id='word_1_603' title='bbox 1399 1557 1448 1591; x_wconf 81' lang='grc' dir='ltr'><strong>τῆς</strong></span> <span class='ocrx_word' id='word_1_604' title='bbox 1464 1557 1595 1592; x_wconf 75' lang='grc' dir='ltr'><strong>τοιαύτης</strong></span> <span class='ocrx_word' id='word_1_605' title='bbox 1621 1557 1728 1592; x_wconf 80' lang='grc' dir='ltr'><strong>χάριτος</strong></span> <span class='ocrx_word' id='word_1_606' title='bbox 1749 1555 1822 1590; x_wconf 72' lang='grc' dir='ltr'><strong>ἠξιω-</strong></span> 
     </span>
    </p>
   </div>
   <div class='ocr_carea' id='block_1_90' title="bbox 1051 1599 1820 1639">
    <p class='ocr_par' dir='ltr' id='par_1_90' title="bbox 1051 1599 1820 1639">
     <span class='ocr_line' id='line_1_90' title="bbox 1051 1599 1820 1639; baseline -0.007 -9"><span class='ocrx_word' id='word_1_607' title='bbox 1051 1605 1123 1638; x_wconf 79' lang='grc' dir='ltr'><strong>μένῳ</strong></span> <span class='ocrx_word' id='word_1_608' title='bbox 1141 1604 1182 1635; x_wconf 78' lang='grc' dir='ltr'><strong>(οὺ</strong></span> <span class='ocrx_word' id='word_1_609' title='bbox 1203 1603 1258 1638; x_wconf 90' lang='grc' dir='ltr'><strong>γάρ</strong></span> <span class='ocrx_word' id='word_1_610' title='bbox 1274 1603 1306 1638; x_wconf 80' lang='grc' dir='ltr'><strong>δὴ</strong></span> <span class='ocrx_word' id='word_1_611' title='bbox 1325 1603 1486 1639; x_wconf 71' lang='grc' dir='ltr'><strong>ἀνθρωπίνῃ</strong></span> <span class='ocrx_word' id='word_1_612' title='bbox 1512 1611 1545 1636; x_wconf 87' lang='grc' dir='ltr'><strong>γε</strong></span> <span class='ocrx_word' id='word_1_613' title='bbox 1570 1603 1679 1629; x_wconf 78' lang='grc' dir='ltr'><strong>συνέσει</strong></span> <span class='ocrx_word' id='word_1_614' title='bbox 1696 1602 1712 1636; x_wconf 78' lang='grc' dir='ltr'><strong>ἢ</strong></span> <span class='ocrx_word' id='word_1_615' title='bbox 1727 1599 1820 1634; x_wconf 80' lang='grc' dir='ltr'><strong>σπουδῇ</strong></span> 
     </span>
    </p>
   </div>
   <div class='ocr_carea' id='block_1_91' title="bbox 1048 1647 1822 1684">
    <p class='ocr_par' dir='ltr' id='par_1_91' title="bbox 1048 1647 1822 1684">
     <span class='ocr_line' id='line_1_91' title="bbox 1048 1647 1822 1684; baseline -0.005 -8"><span class='ocrx_word' id='word_1_616' title='bbox 1048 1650 1082 1676; x_wconf 79' lang='grc' dir='ltr'><strong>τὰ</strong></span> <span class='ocrx_word' id='word_1_617' title='bbox 1097 1649 1209 1676; x_wconf 76' lang='grc' dir='ltr'><strong>τοιαῦτι</strong></span> <span class='ocrx_word' id='word_1_618' title='bbox 1233 1648 1421 1683; x_wconf 78' lang='grc' dir='ltr'><strong>περιγίνεται)</strong></span> <span class='ocrx_word' id='word_1_619' title='bbox 1438 1649 1524 1682; x_wconf 81' lang='grc' dir='ltr'><strong>ἀδόλῳ</strong></span> <span class='ocrx_word' id='word_1_620' title='bbox 1541 1648 1652 1684; x_wconf 81' lang='grc' dir='ltr'><strong>γνώμῃ.</strong></span> <span class='ocrx_word' id='word_1_621' title='bbox 1670 1647 1717 1674; x_wconf 75' lang='grc' dir='ltr'><strong>καὶ</strong></span> <span class='ocrx_word' id='word_1_622' title='bbox 1740 1647 1822 1678; x_wconf 82' lang='grc' dir='ltr'><strong>πάσης</strong></span> 
     </span>
    </p>
   </div>
   <div class='ocr_carea' id='block_1_92' title="bbox 1048 1689 1820 1730">
    <p class='ocr_par' dir='ltr' id='par_1_92' title="bbox 1048 1689 1820 1730">
     <span class='ocr_line' id='line_1_92' title="bbox 1048 1689 1820 1730; baseline -0.008 -8"><span class='ocrx_word' id='word_1_623' title='bbox 1048 1695 1248 1730; x_wconf 70' lang='grc' dir='ltr'><strong>ἀντηλλαγμένη</strong></span> <span class='ocrx_word' id='word_1_624' title='bbox 1264 1695 1435 1729; x_wconf 81' lang='grc' dir='ltr'><strong>κακουργίας</strong></span> <span class='ocrx_word' id='word_1_625' title='bbox 1452 1694 1626 1728; x_wconf 77' lang='grc' dir='ltr'><strong>προσελθεῖν,</strong></span> <span class='ocrx_word' id='word_1_626' title='bbox 1644 1694 1691 1720; x_wconf 77' lang='grc' dir='ltr'><strong>καὶ</strong></span> <span class='ocrx_word' id='word_1_627' title='bbox 1715 1692 1774 1727; x_wconf 70' lang='grc' dir='ltr'><strong>περὶ</strong></span> <span class='ocrx_word' id='word_1_628' title='bbox 1788 1689 1820 1716; x_wconf 80' lang='grc' dir='ltr'><strong>ὢν</strong></span> 
     </span>
    </p>
   </div>
   <div class='ocr_carea' id='block_1_93' title="bbox 1048 1737 1821 1776">
    <p class='ocr_par' dir='ltr' id='par_1_93' title="bbox 1048 1737 1821 1776">
     <span class='ocr_line' id='line_1_93' title="bbox 1048 1737 1821 1776; baseline -0.006 -8"><span class='ocrx_word' id='word_1_629' title='bbox 1048 1742 1178 1768; x_wconf 68' lang='grc' dir='ltr'><strong>ἐϐούλετο</strong></span> <span class='ocrx_word' id='word_1_630' title='bbox 1207 1741 1311 1768; x_wconf 80' lang='grc' dir='ltr'><strong>δεῖσθαι</strong></span> <span class='ocrx_word' id='word_1_631' title='bbox 1336 1741 1433 1776; x_wconf 77' lang='grc' dir='ltr'><strong>μαθεῖν</strong></span> <span class='ocrx_word' id='word_1_632' title='bbox 1453 1738 1481 1776; x_wconf 79' lang='grc' dir='ltr'><strong>(ἦ</strong></span> <span class='ocrx_word' id='word_1_633' title='bbox 1507 1741 1562 1775; x_wconf 73' lang='grc' dir='ltr'><strong>γὰρ</strong></span> <span class='ocrx_word' id='word_1_634' title='bbox 1588 1741 1623 1766; x_wconf 84' lang='grc' dir='ltr'><strong>ἂν</strong></span> <span class='ocrx_word' id='word_1_635' title='bbox 1638 1741 1736 1770; x_wconf 74' lang='grc' dir='ltr'><strong>ἐκεῖνος</strong></span> <span class='ocrx_word' id='word_1_636' title='bbox 1750 1737 1821 1772; x_wconf 76' lang='grc' dir='ltr'><strong>σοφδς</strong></span> 
     </span>
    </p>
   </div>
   <div class='ocr_carea' id='block_1_94' title="bbox 1049 1786 1821 1822">
    <p class='ocr_par' dir='ltr' id='par_1_94' title="bbox 1049 1786 1821 1822">
     <span class='ocr_line' id='line_1_94' title="bbox 1049 1786 1821 1822; baseline -0.005 -9"><span class='ocrx_word' id='word_1_637' title='bbox 1049 1786 1088 1813; x_wconf 83' lang='grc' dir='ltr'><strong>ὢν</strong></span> <span class='ocrx_word' id='word_1_638' title='bbox 1108 1787 1142 1813; x_wconf 87' lang='grc' dir='ltr'><strong>τά</strong></span> <span class='ocrx_word' id='word_1_639' title='bbox 1160 1787 1221 1814; x_wconf 82' lang='grc' dir='ltr'><strong>θεῖα</strong></span> <span class='ocrx_word' id='word_1_640' title='bbox 1243 1787 1290 1812; x_wconf 84' lang='grc' dir='ltr'><strong>καὶ</strong></span> <span class='ocrx_word' id='word_1_641' title='bbox 1311 1787 1398 1821; x_wconf 86' lang='grc' dir='ltr'><strong>μέτρα</strong></span> <span class='ocrx_word' id='word_1_642' title='bbox 1428 1786 1602 1822; x_wconf 71' lang='grc' dir='ltr'><strong>μαθημάτων</strong></span> <span class='ocrx_word' id='word_1_643' title='bbox 1618 1786 1724 1819; x_wconf 74' lang='grc' dir='ltr'><strong>ἑκάστῳ</strong></span> <span class='ocrx_word' id='word_1_644' title='bbox 1745 1791 1821 1818; x_wconf 78' lang='grc' dir='ltr'><strong>προσο</strong></span> 
     </span>
    </p>
   </div>
   <div class='ocr_carea' id='block_1_95' title="bbox 1049 1829 1820 1869">
    <p class='ocr_par' dir='ltr' id='par_1_95' title="bbox 1049 1829 1820 1869">
     <span class='ocr_line' id='line_1_95' title="bbox 1049 1829 1820 1869; baseline -0.006 -10"><span class='ocrx_word' id='word_1_645' title='bbox 1049 1834 1153 1869; x_wconf 72' lang='grc' dir='ltr'><strong>ἠκοντα</strong></span> <span class='ocrx_word' id='word_1_646' title='bbox 1171 1832 1252 1863; x_wconf 80' lang='grc' dir='ltr'><strong>είδὼς</strong></span> <span class='ocrx_word' id='word_1_647' title='bbox 1276 1832 1349 1859; x_wconf 82' lang='grc' dir='ltr'><strong>κατὰ</strong></span> <span class='ocrx_word' id='word_1_648' title='bbox 1365 1832 1417 1866; x_wconf 74' lang='grc' dir='ltr'><strong>τὴν</strong></span> <span class='ocrx_word' id='word_1_649' title='bbox 1433 1832 1482 1866; x_wconf 85' lang='grc' dir='ltr'><strong>τῆς</strong></span> <span class='ocrx_word' id='word_1_650' title='bbox 1498 1831 1661 1866; x_wconf 79' lang='grc' dir='ltr'><strong>καθάρσεως</strong></span> <span class='ocrx_word' id='word_1_651' title='bbox 1678 1829 1820 1863; x_wconf 73' lang='grc' dir='ltr'><strong>ἀναλογίαν,</strong></span> 
     </span>
    </p>
   </div>
   <div class='ocr_carea' id='block_1_96' title="bbox 1048 1873 1864 1922">
    <p class='ocr_par' dir='ltr' id='par_1_96' title="bbox 1048 1873 1864 1922">
     <span class='ocr_line' id='line_1_96' title="bbox 1048 1873 1864 1922; baseline -0.007 -16"><span class='ocrx_word' id='word_1_652' title='bbox 1048 1880 1100 1906; x_wconf 78' lang='grc' dir='ltr'><strong>οὐκ</strong></span> <span class='ocrx_word' id='word_1_653' title='bbox 1121 1879 1154 1906; x_wconf 80' lang='grc' dir='ltr'><strong>ἂν</strong></span> <span class='ocrx_word' id='word_1_654' title='bbox 1180 1878 1375 1905; x_wconf 78' lang='grc' dir='ltr'><strong>ὲνεπίστευσεν</strong></span> <span class='ocrx_word' id='word_1_655' title='bbox 1393 1878 1462 1913; x_wconf 83' lang='grc' dir='ltr'><strong>ἀκοῇ</strong></span> <span class='ocrx_word' id='word_1_656' title='bbox 1489 1877 1578 1913; x_wconf 83' lang='grc' dir='ltr'><strong>σαθρᾷ</strong></span> <span class='ocrx_word' id='word_1_657' title='bbox 1595 1877 1708 1913; x_wconf 82' lang='grc' dir='ltr'><strong>βροντῆς</strong></span> <span class='ocrx_word' id='word_1_658' title='bbox 1720 1873 1782 1911; x_wconf 81' lang='grc' dir='ltr'><strong>ἦχον</strong></span> <span class='ocrx_word' id='word_1_659' title='bbox 1794 1875 1820 1922; x_wconf 68' lang='grc' dir='ltr'><strong>ὲκ</strong></span> <span class='ocrx_word' id='word_1_660' title='bbox 1862 1918 1864 1922; x_wconf 26' lang='grc'><strong><em>⁵</em></strong></span> 
     </span>
    </p>
   </div>
   <div class='ocr_carea' id='block_1_97' title="bbox 1050 1919 1821 1960">
    <p class='ocr_par' dir='ltr' id='par_1_97' title="bbox 1050 1919 1821 1960">
     <span class='ocr_line' id='line_1_97' title="bbox 1050 1919 1821 1960; baseline -0.01 -8"><span class='ocrx_word' id='word_1_661' title='bbox 1050 1924 1202 1960; x_wconf 86' lang='grc' dir='ltr'><strong>προοιμίων</strong></span> <span class='ocrx_word' id='word_1_662' title='bbox 1219 1924 1311 1956; x_wconf 81' lang='grc' dir='ltr'><strong>εὐθὺς,</strong></span> <span class='ocrx_word' id='word_1_663' title='bbox 1324 1923 1391 1950; x_wconf 76' lang='grc' dir='ltr'><strong>ἀλλὰ</strong></span> <span class='ocrx_word' id='word_1_664' title='bbox 1402 1922 1460 1958; x_wconf 87' lang='grc' dir='ltr'><strong>βίου</strong></span> <span class='ocrx_word' id='word_1_665' title='bbox 1482 1923 1620 1958; x_wconf 83' lang='grc' dir='ltr'><strong>πρότερον</strong></span> <span class='ocrx_word' id='word_1_666' title='bbox 1643 1922 1766 1957; x_wconf 77' lang='grc' dir='ltr'><strong>ἀκριϐεἱᾳ.</strong></span> <span class='ocrx_word' id='word_1_667' title='bbox 1779 1919 1821 1946; x_wconf 71' lang='grc' dir='ltr'><strong>καὶ</strong></span> 
     </span>
    </p>
   </div>
   <div class='ocr_carea' id='block_1_98' title="bbox 1049 1964 1821 2006">
    <p class='ocr_par' dir='ltr' id='par_1_98' title="bbox 1049 1964 1821 2006">
     <span class='ocr_line' id='line_1_98' title="bbox 1049 1964 1821 2006; baseline -0.006 -9"><span class='ocrx_word' id='word_1_668' title='bbox 1049 1971 1134 2006; x_wconf 84' lang='grc' dir='ltr'><strong>πολλῇ</strong></span> <span class='ocrx_word' id='word_1_669' title='bbox 1152 1970 1310 2006; x_wconf 74' lang='grc' dir='ltr'><strong>φιλοσοφία,</strong></span> <span class='ocrx_word' id='word_1_670' title='bbox 1326 1970 1374 1996; x_wconf 75' lang='grc' dir='ltr'><strong>καὶ</strong></span> <span class='ocrx_word' id='word_1_671' title='bbox 1395 1969 1491 1996; x_wconf 85' lang='grc' dir='ltr'><strong>πασῶν</strong></span> <span class='ocrx_word' id='word_1_672' title='bbox 1507 1969 1613 2004; x_wconf 73' lang='grc' dir='ltr'><strong>γηΐνων</strong></span> <span class='ocrx_word' id='word_1_673' title='bbox 1628 1969 1734 1996; x_wconf 75' lang='grc' dir='ltr'><strong>ἐννοιῶν</strong></span> <span class='ocrx_word' id='word_1_674' title='bbox 1755 1964 1821 1992; x_wconf 80' lang='grc' dir='ltr'><strong>εὐλό-</strong></span> 
     </span>
    </p>
   </div>
   <div class='ocr_carea' id='block_1_99' title="bbox 1047 2011 1820 2052">
    <p class='ocr_par' dir='ltr' id='par_1_99' title="bbox 1047 2011 1820 2052">
     <span class='ocr_line' id='line_1_99' title="bbox 1047 2011 1820 2052; baseline -0.008 -8"><span class='ocrx_word' id='word_1_675' title='bbox 1047 2026 1104 2052; x_wconf 89' lang='grc' dir='ltr'><strong>γων</strong></span> <span class='ocrx_word' id='word_1_676' title='bbox 1125 2025 1155 2043; x_wconf 88' lang='grc' dir='ltr'><strong>τε</strong></span> <span class='ocrx_word' id='word_1_677' title='bbox 1177 2017 1224 2043; x_wconf 85' lang='grc' dir='ltr'><strong>καὶ</strong></span> <span class='ocrx_word' id='word_1_678' title='bbox 1251 2017 1288 2050; x_wconf 85' lang='grc' dir='ltr'><strong>μὴ</strong></span> <span class='ocrx_word' id='word_1_679' title='bbox 1313 2015 1445 2042; x_wconf 83' lang='grc' dir='ltr'><strong>τοιούτων</strong></span> <span class='ocrx_word' id='word_1_680' title='bbox 1465 2015 1612 2048; x_wconf 78' lang='grc' dir='ltr'><strong>ἀποθέσει,</strong></span> <span class='ocrx_word' id='word_1_681' title='bbox 1632 2015 1680 2050; x_wconf 79' lang='grc' dir='ltr'><strong>τὴν</strong></span> <span class='ocrx_word' id='word_1_682' title='bbox 1694 2013 1777 2048; x_wconf 80' lang='grc' dir='ltr'><strong>ψυχὴν</strong></span> <span class='ocrx_word' id='word_1_683' title='bbox 1791 2011 1820 2038; x_wconf 83' lang='grc' dir='ltr'><strong>ἂν</strong></span> 
     </span>
    </p>
   </div>
   <div class='ocr_carea' id='block_1_100' title="bbox 1049 2057 1819 2100">
    <p class='ocr_par' dir='ltr' id='par_1_100' title="bbox 1049 2057 1819 2100">
     <span class='ocr_line' id='line_1_100' title="bbox 1049 2057 1819 2100; baseline -0.01 -9"><span class='ocrx_word' id='word_1_684' title='bbox 1049 2064 1183 2100; x_wconf 83' lang='grc' dir='ltr'><strong>πρότερον</strong></span> <span class='ocrx_word' id='word_1_685' title='bbox 1207 2063 1327 2094; x_wconf 70' lang='grc' dir='ltr'><strong>ἐδίδαξεν</strong></span> <span class='ocrx_word' id='word_1_686' title='bbox 1348 2063 1512 2097; x_wconf 69' lang='grc' dir='ltr'><strong>ἐκκαθᾶραι,</strong></span> <span class='ocrx_word' id='word_1_687' title='bbox 1530 2062 1578 2088; x_wconf 76' lang='grc' dir='ltr'><strong>καὶ</strong></span> <span class='ocrx_word' id='word_1_688' title='bbox 1591 2062 1664 2089; x_wconf 79' lang='grc' dir='ltr'><strong>οὕτω</strong></span> <span class='ocrx_word' id='word_1_689' title='bbox 1677 2061 1729 2087; x_wconf 89' lang='grc' dir='ltr'><strong>τῶν</strong></span> <span class='ocrx_word' id='word_1_690' title='bbox 1747 2057 1819 2093; x_wconf 74' lang='grc' dir='ltr'><strong>ἱερῶν</strong></span> 
     </span>
    </p>
   </div>
   <div class='ocr_carea' id='block_1_101' title="bbox 1047 2104 1821 2145">
    <p class='ocr_par' dir='ltr' id='par_1_101' title="bbox 1047 2104 1821 2145">
     <span class='ocr_line' id='line_1_101' title="bbox 1047 2104 1821 2145; baseline -0.009 -9"><span class='ocrx_word' id='word_1_691' title='bbox 1047 2110 1195 2145; x_wconf 76' lang='grc' dir='ltr'><strong>προθύρων</strong></span> <span class='ocrx_word' id='word_1_692' title='bbox 1215 2109 1264 2143; x_wconf 85' lang='grc' dir='ltr'><strong>τῆς</strong></span> <span class='ocrx_word' id='word_1_693' title='bbox 1279 2108 1355 2139; x_wconf 82' lang='grc' dir='ltr'><strong>θείας</strong></span> <span class='ocrx_word' id='word_1_694' title='bbox 1372 2109 1490 2142; x_wconf 80' lang='grc' dir='ltr'><strong>ταυτησὶ</strong></span> <span class='ocrx_word' id='word_1_695' title='bbox 1505 2108 1601 2142; x_wconf 72' lang='grc' dir='ltr'><strong>σοφίας</strong></span> <span class='ocrx_word' id='word_1_696' title='bbox 1617 2107 1760 2134; x_wconf 74' lang='grc' dir='ltr'><strong>ἐπιϐαίνειν</strong></span> <span class='ocrx_word' id='word_1_697' title='bbox 1772 2104 1821 2130; x_wconf 82' lang='grc' dir='ltr'><strong>δέο-</strong></span> 
     </span>
    </p>
   </div>
   <div class='ocr_carea' id='block_1_102' title="bbox 1050 2150 1820 2192">
    <p class='ocr_par' dir='ltr' id='par_1_102' title="bbox 1050 2150 1820 2192">
     <span class='ocr_line' id='line_1_102' title="bbox 1050 2150 1820 2192; baseline -0.01 -9"><span class='ocrx_word' id='word_1_698' title='bbox 1050 2164 1142 2192; x_wconf 84' lang='grc' dir='ltr'><strong>μενον,</strong></span> <span class='ocrx_word' id='word_1_699' title='bbox 1163 2157 1211 2182; x_wconf 80' lang='grc' dir='ltr'><strong>καὶ</strong></span> <span class='ocrx_word' id='word_1_700' title='bbox 1226 2155 1295 2181; x_wconf 84' lang='grc' dir='ltr'><strong>Θεοῦ</strong></span> <span class='ocrx_word' id='word_1_701' title='bbox 1309 2155 1396 2181; x_wconf 83' lang='grc' dir='ltr'><strong>πολλὰ</strong></span> <span class='ocrx_word' id='word_1_702' title='bbox 1413 2155 1460 2181; x_wconf 72' lang='grc' dir='ltr'><strong>καὶ</strong></span> <span class='ocrx_word' id='word_1_703' title='bbox 1483 2154 1590 2189; x_wconf 83' lang='grc' dir='ltr'><strong>ἀνδρῶν</strong></span> <span class='ocrx_word' id='word_1_704' title='bbox 1609 2154 1664 2180; x_wconf 84' lang='grc' dir='ltr'><strong>τῶν</strong></span> <span class='ocrx_word' id='word_1_705' title='bbox 1676 2154 1710 2180; x_wconf 85' lang='grc' dir='ltr'><strong>τὰ</strong></span> <span class='ocrx_word' id='word_1_706' title='bbox 1721 2150 1820 2178; x_wconf 77' lang='grc' dir='ltr'><strong>τοιαῦτα</strong></span> 
     </span>
    </p>
   </div>
   <div class='ocr_carea' id='block_1_103' title="bbox 1049 2197 1820 2236">
    <p class='ocr_par' dir='ltr' id='par_1_103' title="bbox 1049 2197 1820 2236">
     <span class='ocr_line' id='line_1_103' title="bbox 1049 2197 1820 2236; baseline -0.009 -8"><span class='ocrx_word' id='word_1_707' title='bbox 1049 2201 1180 2228; x_wconf 84' lang='grc' dir='ltr'><strong>δύνασθαι</strong></span> <span class='ocrx_word' id='word_1_708' title='bbox 1201 2201 1364 2236; x_wconf 77' lang='grc' dir='ltr'><strong>ἠξιωμένων</strong></span> <span class='ocrx_word' id='word_1_709' title='bbox 1400 2199 1569 2235; x_wconf 78' lang='grc' dir='ltr'><strong>συνάρασθαι</strong></span> <span class='ocrx_word' id='word_1_710' title='bbox 1593 2200 1662 2235; x_wconf 85' lang='grc' dir='ltr'><strong>πρδς</strong></span> <span class='ocrx_word' id='word_1_711' title='bbox 1692 2198 1722 2224; x_wconf 79' lang='grc' dir='ltr'><strong>τὸ</strong></span> <span class='ocrx_word' id='word_1_712' title='bbox 1749 2197 1820 2231; x_wconf 73' lang='grc' dir='ltr'><strong>ἔργον</strong></span> 
     </span>
    </p>
   </div>
   <div class='ocr_carea' id='block_1_104' title="bbox 1048 2244 1820 2284">
    <p class='ocr_par' dir='ltr' id='par_1_104' title="bbox 1048 2244 1820 2284">
     <span class='ocr_line' id='line_1_104' title="bbox 1048 2244 1820 2284; baseline -0.008 -9"><span class='ocrx_word' id='word_1_713' title='bbox 1048 2248 1135 2280; x_wconf 76' lang='grc' dir='ltr'><strong>οὕτως</strong></span> <span class='ocrx_word' id='word_1_714' title='bbox 1163 2248 1192 2275; x_wconf 84' lang='grc' dir='ltr'><strong>δν</strong></span> <span class='ocrx_word' id='word_1_715' title='bbox 1222 2247 1342 2282; x_wconf 81' lang='grc' dir='ltr'><strong>ὑψηλὸν,</strong></span> <span class='ocrx_word' id='word_1_716' title='bbox 1376 2248 1424 2273; x_wconf 88' lang='grc' dir='ltr'><strong>καὶ</strong></span> <span class='ocrx_word' id='word_1_717' title='bbox 1452 2248 1501 2284; x_wconf 67' lang='grc' dir='ltr'><strong>τὴν</strong></span> <span class='ocrx_word' id='word_1_718' title='bbox 1529 2246 1703 2281; x_wconf 74' lang='grc' dir='ltr'><strong>ἀνθρωπίνην</strong></span> <span class='ocrx_word' id='word_1_719' title='bbox 1744 2244 1820 2277; x_wconf 74' lang='grc' dir='ltr'><strong>ὑπερο</strong></span> 
     </span>
    </p>
   </div>
   <div class='ocr_carea' id='block_1_105' title="bbox 1049 2290 1819 2327">
    <p class='ocr_par' dir='ltr' id='par_1_105' title="bbox 1049 2290 1819 2327">
     <span class='ocr_line' id='line_1_105' title="bbox 1049 2290 1819 2327; baseline -0.008 -7"><span class='ocrx_word' id='word_1_720' title='bbox 1049 2294 1141 2320; x_wconf 78' lang='grc' dir='ltr'><strong>ϐαῖνον</strong></span> <span class='ocrx_word' id='word_1_721' title='bbox 1153 2293 1281 2327; x_wconf 83' lang='grc' dir='ltr'><strong>δύναμιν)</strong></span> <span class='ocrx_word' id='word_1_722' title='bbox 1293 2299 1301 2308; x_wconf 90' lang='grc'><strong>·</strong></span> <span class='ocrx_word' id='word_1_723' title='bbox 1321 2292 1338 2327; x_wconf 82' lang='grc' dir='ltr'><strong>ἢ</strong></span> <span class='ocrx_word' id='word_1_724' title='bbox 1352 2292 1447 2327; x_wconf 81' lang='grc' dir='ltr'><strong>ἐπειδή</strong></span> <span class='ocrx_word' id='word_1_725' title='bbox 1463 2300 1495 2326; x_wconf 83' lang='grc' dir='ltr'><strong>γε</strong></span> <span class='ocrx_word' id='word_1_726' title='bbox 1514 2291 1559 2318; x_wconf 90' lang='grc' dir='ltr'><strong>διά</strong></span> <span class='ocrx_word' id='word_1_727' title='bbox 1581 2291 1717 2327; x_wconf 81' lang='grc' dir='ltr'><strong>ρᾳθυμίαν</strong></span> <span class='ocrx_word' id='word_1_728' title='bbox 1732 2290 1819 2323; x_wconf 79' lang='grc' dir='ltr'><strong>ἀπερι-</strong></span> 
     </span>
    </p>
   </div>
   <div class='ocr_carea' id='block_1_106' title="bbox 1050 2334 1818 2374">
    <p class='ocr_par' dir='ltr' id='par_1_106' title="bbox 1050 2334 1818 2374">
     <span class='ocr_line' id='line_1_106' title="bbox 1050 2334 1818 2374; baseline -0.008 -9"><span class='ocrx_word' id='word_1_729' title='bbox 1050 2340 1177 2372; x_wconf 70' lang='grc' dir='ltr'><strong>σκέπτως</strong></span> <span class='ocrx_word' id='word_1_730' title='bbox 1192 2338 1231 2374; x_wconf 80' lang='grc' dir='ltr'><strong>τῷ</strong></span> <span class='ocrx_word' id='word_1_731' title='bbox 1248 2338 1429 2374; x_wconf 86' lang='grc' dir='ltr'><strong>προστυχόντι</strong></span> <span class='ocrx_word' id='word_1_732' title='bbox 1445 2337 1654 2373; x_wconf 81' lang='grc' dir='ltr'><strong>προσεχώρησε,</strong></span> <span class='ocrx_word' id='word_1_733' title='bbox 1677 2338 1708 2371; x_wconf 87' lang='grc' dir='ltr'><strong>τῇ</strong></span> <span class='ocrx_word' id='word_1_734' title='bbox 1726 2334 1818 2362; x_wconf 69' lang='grc' dir='ltr'><strong>ἐκείνου</strong></span> 
     </span>
    </p>
   </div>
   <div class='ocr_carea' id='block_1_107' title="bbox 1049 2379 1820 2421">
    <p class='ocr_par' dir='ltr' id='par_1_107' title="bbox 1049 2379 1820 2421">
     <span class='ocr_line' id='line_1_107' title="bbox 1049 2379 1820 2421; baseline -0.008 -9"><span class='ocrx_word' id='word_1_735' title='bbox 1049 2386 1156 2421; x_wconf 79' lang='grc' dir='ltr'><strong>ἀμαθίᾳ</strong></span> <span class='ocrx_word' id='word_1_736' title='bbox 1192 2384 1431 2420; x_wconf 85' lang='grc' dir='ltr'><strong>προσλογίσασθαι</strong></span> <span class='ocrx_word' id='word_1_737' title='bbox 1461 2383 1525 2415; x_wconf 81' lang='grc' dir='ltr'><strong>τοὺς</strong></span> <span class='ocrx_word' id='word_1_738' title='bbox 1558 2383 1675 2417; x_wconf 86' lang='grc' dir='ltr'><strong>λόγους,</strong></span> <span class='ocrx_word' id='word_1_739' title='bbox 1702 2381 1764 2408; x_wconf 73' lang='grc' dir='ltr'><strong>ἀλλὰ</strong></span> <span class='ocrx_word' id='word_1_740' title='bbox 1788 2379 1820 2413; x_wconf 81' lang='grc' dir='ltr'><strong>μὴ</strong></span> 
     </span>
    </p>
   </div>
   <div class='ocr_carea' id='block_1_108' title="bbox 1049 2427 1819 2467">
    <p class='ocr_par' dir='ltr' id='par_1_108' title="bbox 1049 2427 1819 2467">
     <span class='ocr_line' id='line_1_108' title="bbox 1049 2427 1819 2467; baseline -0.009 -9"><span class='ocrx_word' id='word_1_741' title='bbox 1049 2431 1146 2467; x_wconf 81' lang='grc' dir='ltr'><strong>ὥσπερ</strong></span> <span class='ocrx_word' id='word_1_742' title='bbox 1164 2430 1322 2466; x_wconf 77' lang='grc' dir='ltr'><strong>ἐξεπίτηδες</strong></span> <span class='ocrx_word' id='word_1_743' title='bbox 1339 2431 1435 2464; x_wconf 86' lang='grc' dir='ltr'><strong>ὥσπερ</strong></span> <span class='ocrx_word' id='word_1_744' title='bbox 1449 2431 1523 2461; x_wconf 75' lang='grc' dir='ltr'><strong>τινὸς</strong></span> <span class='ocrx_word' id='word_1_745' title='bbox 1545 2429 1664 2464; x_wconf 84' lang='grc' dir='ltr'><strong>ἐρμαίου</strong></span> <span class='ocrx_word' id='word_1_746' title='bbox 1684 2427 1819 2461; x_wconf 77' lang='grc' dir='ltr'><strong>λαϐόμενον</strong></span> 
     </span>
    </p>
   </div>
   <div class='ocr_carea' id='block_1_109' title="bbox 1048 2471 1819 2511">
    <p class='ocr_par' dir='ltr' id='par_1_109' title="bbox 1048 2471 1819 2511">
     <span class='ocr_line' id='line_1_109' title="bbox 1048 2471 1819 2511; baseline -0.004 -7"><span class='ocrx_word' id='word_1_747' title='bbox 1048 2478 1103 2504; x_wconf 85' lang='grc' dir='ltr'><strong>τῶν</strong></span> <span class='ocrx_word' id='word_1_748' title='bbox 1119 2478 1219 2511; x_wconf 86' lang='grc' dir='ltr'><strong>λόγων,</strong></span> <span class='ocrx_word' id='word_1_749' title='bbox 1245 2476 1371 2508; x_wconf 82' lang='grc' dir='ltr'><strong>αὐθαδῶς</strong></span> <span class='ocrx_word' id='word_1_750' title='bbox 1399 2477 1447 2502; x_wconf 80' lang='grc' dir='ltr'><strong>καὶ</strong></span> <span class='ocrx_word' id='word_1_751' title='bbox 1464 2475 1589 2511; x_wconf 82' lang='grc' dir='ltr'><strong>θρασέως</strong></span> <span class='ocrx_word' id='word_1_752' title='bbox 1611 2475 1672 2501; x_wconf 75' lang='grc' dir='ltr'><strong>κατ’</strong></span> <span class='ocrx_word' id='word_1_753' title='bbox 1686 2474 1765 2506; x_wconf 80' lang='grc' dir='ltr'><strong>αὐτῆς</strong></span> <span class='ocrx_word' id='word_1_754' title='bbox 1778 2471 1819 2504; x_wconf 78' lang='grc' dir='ltr'><strong>τῆς</strong></span> 
     </span>
    </p>
   </div>
   <div class='ocr_carea' id='block_1_110' title="bbox 1051 2516 1820 2559">
    <p class='ocr_par' dir='ltr' id='par_1_110' title="bbox 1051 2516 1820 2559">
     <span class='ocr_line' id='line_1_110' title="bbox 1051 2516 1820 2559; baseline -0.009 -9"><span class='ocrx_word' id='word_1_755' title='bbox 1051 2525 1127 2559; x_wconf 78' lang='grc' dir='ltr'><strong>ἱερᾶς</strong></span> <span class='ocrx_word' id='word_1_756' title='bbox 1142 2523 1267 2558; x_wconf 81' lang='grc' dir='ltr'><strong>χωρῆσαι</strong></span> <span class='ocrx_word' id='word_1_757' title='bbox 1280 2521 1409 2558; x_wconf 77' lang='grc' dir='ltr'><strong>ἡσυχίας,</strong></span> <span class='ocrx_word' id='word_1_758' title='bbox 1426 2522 1473 2548; x_wconf 79' lang='grc' dir='ltr'><strong>καὶ</strong></span> <span class='ocrx_word' id='word_1_759' title='bbox 1490 2522 1547 2552; x_wconf 86' lang='grc' dir='ltr'><strong>τοῖς</strong></span> <span class='ocrx_word' id='word_1_760' title='bbox 1565 2520 1730 2556; x_wconf 75' lang='grc' dir='ltr'><strong>ἡσυχάζουσι</strong></span> <span class='ocrx_word' id='word_1_761' title='bbox 1745 2516 1820 2545; x_wconf 63' lang='grc' dir='ltr'><strong>πολλὰ</strong></span> 
     </span>
    </p>
   </div>
   <div class='ocr_carea' id='block_1_111' title="bbox 1052 2562 1820 2611">
    <p class='ocr_par' dir='ltr' id='par_1_111' title="bbox 1052 2562 1820 2611">
     <span class='ocr_line' id='line_1_111' title="bbox 1052 2562 1820 2611; baseline -0.008 -14"><span class='ocrx_word' id='word_1_762' title='bbox 1052 2569 1274 2606; x_wconf 67' lang='grc' dir='ltr'><strong>προστρίψασθαι</strong></span> <span class='ocrx_word' id='word_1_763' title='bbox 1293 2568 1383 2603; x_wconf 74' lang='grc' dir='ltr'><strong>ὀνείδη</strong></span> <span class='ocrx_word' id='word_1_764' title='bbox 1397 2587 1405 2600; x_wconf 86' lang='grc'><strong>,</strong></span> <span class='ocrx_word' id='word_1_765' title='bbox 1425 2568 1590 2599; x_wconf 82' lang='grc' dir='ltr'><strong>ἀπατεῶνας</strong></span> <span class='ocrx_word' id='word_1_766' title='bbox 1613 2567 1756 2597; x_wconf 85' lang='grc' dir='ltr'><strong>καλοῦντα,</strong></span> <span class='ocrx_word' id='word_1_767' title='bbox 1779 2562 1820 2611; x_wconf 55' lang='lat' dir='ltr'><strong>xu}</strong></span> 
     </span>
    </p>
   </div>
   <div class='ocr_carea' id='block_1_112' title="bbox 1051 2611 1818 2648">
    <p class='ocr_par' dir='ltr' id='par_1_112' title="bbox 1051 2611 1818 2648">
     <span class='ocr_line' id='line_1_112' title="bbox 1051 2611 1818 2648; baseline -0.003 -9"><span class='ocrx_word' id='word_1_768' title='bbox 1051 2613 1233 2648; x_wconf 77' lang='grc' dir='ltr'><strong>ψευδομένους</strong></span> <span class='ocrx_word' id='word_1_769' title='bbox 1255 2611 1389 2639; x_wconf 83' lang='grc' dir='ltr'><strong>καλοῦντα</strong></span> <span class='ocrx_word' id='word_1_770' title='bbox 1409 2612 1457 2638; x_wconf 75' lang='grc' dir='ltr'><strong>καὶ</strong></span> <span class='ocrx_word' id='word_1_771' title='bbox 1481 2611 1690 2642; x_wconf 82' lang='grc' dir='ltr'><strong>Μασσαλιανοὺς</strong></span> <span class='ocrx_word' id='word_1_772' title='bbox 1703 2629 1710 2642; x_wconf 87' lang='grc'><strong>,</strong></span> <span class='ocrx_word' id='word_1_773' title='bbox 1726 2611 1756 2636; x_wconf 81' lang='grc' dir='ltr'><strong>ὲκ</strong></span> <span class='ocrx_word' id='word_1_774' title='bbox 1777 2615 1818 2633; x_wconf 81' lang='grc' dir='ltr'><strong>του</strong></span> 
     </span>
    </p>
   </div>
   <div class='ocr_carea' id='block_1_113' title="bbox 1052 2652 1818 2693">
    <p class='ocr_par' dir='ltr' id='par_1_113' title="bbox 1052 2652 1818 2693">
     <span class='ocr_line' id='line_1_113' title="bbox 1052 2652 1818 2693; baseline 0 -9"><span class='ocrx_word' id='word_1_775' title='bbox 1052 2658 1111 2692; x_wconf 83' lang='grc' dir='ltr'><strong>φῶς</strong></span> <span class='ocrx_word' id='word_1_776' title='bbox 1137 2658 1371 2693; x_wconf 72' lang='grc' dir='ltr'><strong>περιαστράπτειν</strong></span> <span class='ocrx_word' id='word_1_777' title='bbox 1397 2658 1462 2690; x_wconf 80' lang='grc' dir='ltr'><strong>τοὺς</strong></span> <span class='ocrx_word' id='word_1_778' title='bbox 1490 2659 1586 2691; x_wconf 81' lang='grc' dir='ltr'><strong>ἁγίους</strong></span> <span class='ocrx_word' id='word_1_779' title='bbox 1610 2657 1754 2692; x_wconf 77' lang='grc' dir='ltr'><strong>ἀκηκοέναι</strong></span> <span class='ocrx_word' id='word_1_780' title='bbox 1777 2652 1818 2684; x_wconf 71' lang='grc' dir='ltr'><strong>τὰς</strong></span> 
     </span>
    </p>
   </div>
   <div class='ocr_carea' id='block_1_114' title="bbox 1053 2700 1820 2740">
    <p class='ocr_par' dir='ltr' id='par_1_114' title="bbox 1053 2700 1820 2740">
     <span class='ocr_line' id='line_1_114' title="bbox 1053 2700 1820 2740; baseline -0.004 -10"><span class='ocrx_word' id='word_1_781' title='bbox 1053 2704 1181 2740; x_wconf 85' lang='grc' dir='ltr'><strong>ἀφορμὰς</strong></span> <span class='ocrx_word' id='word_1_782' title='bbox 1203 2704 1334 2738; x_wconf 76' lang='grc' dir='ltr'><strong>εἰληφότα</strong></span> <span class='ocrx_word' id='word_1_783' title='bbox 1362 2704 1416 2730; x_wconf 88' lang='grc' dir='ltr'><strong>τῶν</strong></span> <span class='ocrx_word' id='word_1_784' title='bbox 1442 2704 1547 2730; x_wconf 89' lang='grc' dir='ltr'><strong>πολλῶν</strong></span> <span class='ocrx_word' id='word_1_785' title='bbox 1578 2703 1725 2739; x_wconf 89' lang='grc' dir='ltr'><strong>λοιδοριῶν·</strong></span> <span class='ocrx_word' id='word_1_786' title='bbox 1740 2700 1820 2728; x_wconf 85' lang='grc' dir='ltr'><strong>καίτοι</strong></span> 
     </span>
    </p>
   </div>
   <div class='ocr_carea' id='block_1_115' title="bbox 1052 2747 1820 2785">
    <p class='ocr_par' dir='ltr' id='par_1_115' title="bbox 1052 2747 1820 2785">
     <span class='ocr_line' id='line_1_115' title="bbox 1052 2747 1820 2785; baseline -0.005 -9"><span class='ocrx_word' id='word_1_787' title='bbox 1052 2758 1084 2784; x_wconf 83' lang='grc' dir='ltr'><strong>γε</strong></span> <span class='ocrx_word' id='word_1_788' title='bbox 1105 2750 1145 2784; x_wconf 85' lang='grc' dir='ltr'><strong>τῷ</strong></span> <span class='ocrx_word' id='word_1_789' title='bbox 1161 2749 1309 2783; x_wconf 75' lang='grc' dir='ltr'><strong>διδάξαντι,</strong></span> <span class='ocrx_word' id='word_1_790' title='bbox 1326 2750 1391 2785; x_wconf 71' lang='grc' dir='ltr'><strong>περὶ</strong></span> <span class='ocrx_word' id='word_1_791' title='bbox 1405 2749 1495 2777; x_wconf 81' lang='grc' dir='ltr'><strong>ἄλλων</strong></span> <span class='ocrx_word' id='word_1_792' title='bbox 1517 2751 1568 2785; x_wconf 82' lang='grc' dir='ltr'><strong>μὲν</strong></span> <span class='ocrx_word' id='word_1_793' title='bbox 1588 2750 1620 2776; x_wconf 83' lang='grc' dir='ltr'><strong>ἀν</strong></span> <span class='ocrx_word' id='word_1_794' title='bbox 1631 2757 1672 2780; x_wconf 80' lang='grc' dir='ltr'><strong>τις</strong></span> <span class='ocrx_word' id='word_1_795' title='bbox 1697 2747 1820 2783; x_wconf 71' lang='grc' dir='ltr'><strong>μέμφοιτο</strong></span> 
     </span>
    </p>
   </div>
   <div class='ocr_carea' id='block_1_116' title="bbox 848 2804 1216 2835">
    <p class='ocr_par' dir='ltr' id='par_1_116' title="bbox 848 2804 1216 2835">
     <span class='ocr_line' id='line_1_116' title="bbox 848 2804 1216 2835; baseline 0.003 -1"><span class='ocrx_word' id='word_1_796' title='bbox 848 2804 955 2835; x_wconf 82' lang='lat' dir='ltr'><strong>Jacobi</strong></span> <span class='ocrx_word' id='word_1_797' title='bbox 973 2805 1104 2835; x_wconf 71' lang='lat' dir='ltr'><strong>l’ontani</strong></span> <span class='ocrx_word' id='word_1_798' title='bbox 1121 2809 1216 2835; x_wconf 71' lang='lat' dir='ltr'><strong>nolet.</strong></span> 
     </span>
    </p>
   </div>
   <div class='ocr_carea' id='block_1_117' title="bbox 250 2853 1001 2896">
    <p class='ocr_par' dir='ltr' id='par_1_117' title="bbox 250 2853 1001 2896">
     <span class='ocr_line' id='line_1_117' title="bbox 250 2853 1001 2896; baseline 0.004 -16"><span class='ocrx_word' id='word_1_799' title='bbox 250 2853 308 2888; x_wconf 83' lang='lat'><strong>(77)</strong></span> <span class='ocrx_word' id='word_1_800' title='bbox 328 2853 384 2896; x_wconf 71' lang='lat' dir='ltr'><strong>[loc</strong></span> <span class='ocrx_word' id='word_1_801' title='bbox 408 2863 440 2883; x_wconf 78' lang='lat' dir='ltr'><strong>ex</strong></span> <span class='ocrx_word' id='word_1_802' title='bbox 457 2856 846 2896; x_wconf 68' lang='lat' dir='ltr'><strong>historiismartyrumpatet,</strong></span> <span class='ocrx_word' id='word_1_803' title='bbox 859 2856 887 2883; x_wconf 89' lang='lat' dir='ltr'><strong>in</strong></span> <span class='ocrx_word' id='word_1_804' title='bbox 900 2856 1001 2896; x_wconf 81' lang='lat' dir='ltr'><strong>quibus</strong></span> 
     </span>
    </p>
   </div>
   <div class='ocr_carea' id='block_1_118' title="bbox 215 2890 997 2923">
    <p class='ocr_par' dir='ltr' id='par_1_118' title="bbox 215 2890 997 2923">
     <span class='ocr_line' id='line_1_118' title="bbox 215 2890 997 2923; baseline 0.005 -9"><span class='ocrx_word' id='word_1_805' title='bbox 215 2890 426 2923; x_wconf 66' lang='lat' dir='ltr'><strong>perste..elegas,</strong></span> <span class='ocrx_word' id='word_1_806' title='bbox 439 2900 486 2920; x_wconf 89' lang='lat' dir='ltr'><strong>eos</strong></span> <span class='ocrx_word' id='word_1_807' title='bbox 501 2897 564 2920; x_wconf 80' lang='lat' dir='ltr'><strong>ante</strong></span> <span class='ocrx_word' id='word_1_808' title='bbox 579 2890 698 2922; x_wconf 43' lang='lat' dir='ltr'><strong>iudicu‘m</strong></span> <span class='ocrx_word' id='word_1_809' title='bbox 713 2890 871 2923; x_wconf 78' lang='lat' dir='ltr'><strong>tribunalia,</strong></span> <span class='ocrx_word' id='word_1_810' title='bbox 885 2896 911 2919; x_wconf 90' lang='lat' dir='ltr'><strong>et</strong></span> <span class='ocrx_word' id='word_1_811' title='bbox 927 2891 997 2919; x_wconf 81' lang='lat' dir='ltr'><strong>inter</strong></span> 
     </span>
    </p>
   </div>
   <div class='ocr_carea' id='block_1_119' title="bbox 1056 2854 1818 2892">
    <p class='ocr_par' dir='ltr' id='par_1_119' title="bbox 1056 2854 1818 2892">
     <span class='ocr_line' id='line_1_119' title="bbox 1056 2854 1818 2892; baseline -0.008 -9"><span class='ocrx_word' id='word_1_812' title='bbox 1056 2865 1153 2884; x_wconf 85' lang='lat' dir='ltr'><strong>manus</strong></span> <span class='ocrx_word' id='word_1_813' title='bbox 1173 2857 1334 2884; x_wconf 75' lang='lat' dir='ltr'><strong>carnificum</strong></span> <span class='ocrx_word' id='word_1_814' title='bbox 1351 2857 1457 2885; x_wconf 67' lang='lat' dir='ltr'><strong>caelesti</strong></span> <span class='ocrx_word' id='word_1_815' title='bbox 1475 2857 1592 2892; x_wconf 89' lang='lat' dir='ltr'><strong>quodam</strong></span> <span class='ocrx_word' id='word_1_816' title='bbox 1616 2854 1756 2890; x_wconf 84' lang='lat' dir='ltr'><strong>splendore</strong></span> <span class='ocrx_word' id='word_1_817' title='bbox 1771 2858 1818 2892; x_wconf 75' lang='lat' dir='ltr'><strong>ctr-</strong></span> 
     </span>
    </p>
   </div>
   <div class='ocr_carea' id='block_1_120' title="bbox 1051 2890 1821 2923">
    <p class='ocr_par' dir='ltr' id='par_1_120' title="bbox 1051 2890 1821 2923">
     <span class='ocr_line' id='line_1_120' title="bbox 1051 2890 1821 2923; baseline -0.006 -5"><span class='ocrx_word' id='word_1_818' title='bbox 1051 2892 1193 2920; x_wconf 88' lang='lat' dir='ltr'><strong>eumfusos</strong></span> <span class='ocrx_word' id='word_1_819' title='bbox 1217 2892 1302 2919; x_wconf 83' lang='lat' dir='ltr'><strong>fuisse</strong></span> <span class='ocrx_word' id='word_1_820' title='bbox 1319 2901 1326 2920; x_wconf 88' lang='lat'><strong>:</strong></span> <span class='ocrx_word' id='word_1_821' title='bbox 1342 2900 1397 2922; x_wconf 79' lang='lat' dir='ltr'><strong>uno</strong></span> <span class='ocrx_word' id='word_1_822' title='bbox 1413 2890 1489 2923; x_wconf 71' lang='lat' dir='ltr'><strong>simio</strong></span> <span class='ocrx_word' id='word_1_823' title='bbox 1503 2892 1574 2920; x_wconf 85' lang='lat' dir='ltr'><strong>Deus</strong></span> <span class='ocrx_word' id='word_1_824' title='bbox 1589 2898 1652 2919; x_wconf 88' lang='lat' dir='ltr'><strong>suos</strong></span> <span class='ocrx_word' id='word_1_825' title='bbox 1675 2896 1732 2916; x_wconf 86' lang='lat' dir='ltr'><strong>esse</strong></span> <span class='ocrx_word' id='word_1_826' title='bbox 1748 2890 1821 2914; x_wconf 73' lang='lat' dir='ltr'><strong>:estct</strong></span> 
     </span>
    </p>
   </div>
  </div>
