1932 3089
91 190 139 223 689

642 199 912 231 HISTORIARUM
937 202 1050 234 LIBER
1075 203 1138 236 [L3

1647 210 1709 241 670‘

89 247 135 281 τῆς
148 246 287 279 κοινωνίας
303 247 356 274 τῶν
368 247 526 283 ὀρθοδόξων,
553 251 577 277 εἰ
603 251 641 288 μὴ
661 254 862 288 ὲπιστρέφοιεν,

919 255 942 282 ἰη
966 257 1048 292 caput
1064 259 1205 292 invadens,
1221 260 1284 296 quia
1304 262 1380 289 dolor
1407 263 1581 292 acutissimus
1593 264 1700 292 videba-

90 292 311 328 άλλῚπιμένοιεν
327 295 359 329 τῇ
379 295 474 330 κακίᾳ.
502 295 540 322 Οὐ
568 296 621 333 μὴν
648 299 748 325 ἐκεῖνοι
780 300 866 335 μόνοι,

91 338 153 365 ἀλλὰ
162 339 209 365 καὶ
224 340 250 366 ετ
261 348 302 371 τις
316 340 396 372 ἄλλος
408 341 522 377 ὕστερον
534 344 590 374 τοῖς
603 343 670 376 ἴσοις
684 346 868 381 ῑπιχειρήσοι,

91 385 133 409 καὶ
149 383 266 419 Παλαμᾷ.
279 385 394 416 καὶτοῖς
410 385 515 418 λοιποῖς
535 387 636 419 (ὓς-οὐκ
645 389 734 424 ὀρθῶς
749 392 868 426 φρονοῦ-

91 437 129 455 σιν
141 429 232 456 αἰτίαν
243 429 389 464 ἐπαγάγοι,
400 431 452 457 ὑπὸ
466 432 515 468 τὴν
530 433 615 469 αὐτὴν
631 435 774 470 ἐπιτιμίαν
786 434 867 471 εἶναι,

90 476 111 501 εἰ
124 475 159 510 μὴ
173 477 340 510 μεταὸάλλοι
362 478 409 504 καὶ
429 478 511 511 αὐτὸς
520 488 528 495 ⁶
542 480 588 506 ἐπὶ
599 480 704 514 τούτοις
718 482 746 509 δὲ
762 483 808 510 καὶ
823 485 867 511 τό·

89 529 137 555 μον
151 521 293 553 συνθέντες
317 523 387 550 κατὰ
403 523 434 550 τὸ
460 525 574 559 ἀρχαῖον
594 526 649 553 τῶν
666 527 781 555 συνόδων
797 528 867 562 ἔθος,

89 566 132 591 καὶ
142 565 350 600 ὐπογράψαντες
373 567 455 594 αὐτὸν
470 569 485 595 δ
499 578 527 596 τε
544 572 720 607 πατριάρχης
742 572 867 609 Ἰωάννης

920 306 974 333 tur,
992 310 1067 337 spem
1086 313 1180 339 parum
1204 306 1302 334 bonam
1322 307 1466 336 afferebat.
1485 309 1602 337 Rursum
1619 310 1700 337 tertio

919 352 980 381 post
995 348 1040 376 die
1052 358 1067 376 a
1086 358 1164 378 mane
1181 352 1257 380 visus
1272 353 1351 380 dolor
1367 350 1519 386 remittere.
1537 360 1566 383 et
1588 356 1701 384 medicis

919 389 989 417 bona
1013 399 1075 426 spes
1093 393 1206 422 aﬂ’ulsit.
1223 395 1301 423 Circa
1320 398 1463 425 meridiem
1480 400 1622 434 repentina
1639 408 1699 426 mu-

919 435 995 467 tatio,
1013 437 1205 471 imperatorem
1221 440 1275 467 vita
1290 449 1352 468 mox
1377 443 1527 471 cariturum
1553 444 1698 478 signiﬁcat.

918 483 944 506 et
959 482 1057 510 medici
1072 491 1181 519 quoque
1195 486 1310 514 salutem
1324 488 1383 522 ejus
1394 488 1549 523 desperant.
1562 489 1628 517 Cum
1643 490 1700 517 lucc

917 528 1106 562 vulgarentur.
1118 530 1151 557 ad
1168 539 1296 566 magnum
1318 533 1500 562 domesticum
1519 535 1614 564 adiens
1628 537 1700 571 Apo-

918 574 1039 601 cauchus
1065 575 1135 603 sacri
1163 577 1285 605 cubiculi
1311 579 1467 613 praefectus,
1492 580 1630 612 hortatur,
1657 583 1698 609 uti
1749 589 1750 592 ‘

90 611 131 637 καὶ
145 611 296 646 ἀρχιερέων
313 613 369 640 ὅσοι
390 614 451 640 τότε
467 615 605 650 παρῆσαν,
623 616 738 652 ὕστερον
751 619 806 654 γὰρ
821 621 868 648 καὶ

919 619 1115 653 rempublicam
1130 628 1263 655 capessat,
1278 628 1305 650 et
1312 611 1432 658 insignia
1449 624 1623 658 imperatoria
1641 631 1702 660 post

89 656 171 690 ἕτεροι
186 656 280 683 πολλοὶ
291 658 349 690 τοῖς
365 659 509 694 προτέροις
535 661 744 697 ὑπογεγράφασι
759 664 868 700 σύμψη-

919 664 978 698 ejus
994 664 1100 692 obitum
1117 665 1182 700 (jam
1196 667 1269 694 enim
1285 656 1494 696 conclamatum
1503 671 1574 704 esse)
1596 656 1700 698 induat.

90 709 130 734 φοι
144 702 324 736 γεγενημένοι
343 703 460 740 Παλαμᾷ
484 706 531 732 καὶ
552 707 608 738 τοῖς
631 708 705 743 αὐτῷ
732 709 867 744 συνοῦσιν,

919 709 1002 737 Plane
1017 710 1085 737 nihil
1101 711 1237 739 facturum
1254 713 1318 740 novi
1333 723 1340 741 :
1357 713 1405 741 sed
1423 714 1496 749 quod
1511 702 1569 749 ipse
1585 716 1702 750 impera-

90 747 279 782 ἐγχειρίζουσιν
295 749 493 781 εἰςδικαίωσιν.
521 752 602 779 Ἀλλὰ
616 752 703 780 ταῦτα
721 755 771 787 μὲν
787 755 868 783 ὕστε-

920 759 963 781 tor
976 762 1039 782 eum
1058 763 1158 790 cogere
1171 757 1271 792 sapius
1286 758 1405 785 voluerit
1419 747 1571 795 :‘quodque
1588 747 1701 788 Romani

91 801 140 827 ρον.
153 794 221 821 Τότε
248 794 276 821 δι
296 796 312 830 ή
329 795 439 828 σύνοδος
453 797 514 823 ἐπεὶ
539 797 686 832 διελέλυτο,
710 800 766 827 τῶν
781 801 868 828 ἄλλων

919 807 972 827 non
989 802 1069 835 pauci
1083 801 1188 834 norint,
1204 803 1251 840 qui
1271 810 1328 830 non
1344 804 1478 831 minorem
1494 805 1531 837 ei,
1549 813 1630 840 quam
1654 807 1703 833 im-

90 839 206 867 ἑκάστων
222 840 478 876 διεσκεδασμένων,
504 843 518 868 ὸ
535 842 662 877 βασιλεὺς
679 845 822 873 ἐκέλευσεν
839 847 868 874 ὲν

919 846 1039 880 peratori
1053 846 1187 874 honorem
1201 838 1310 882 semper
1321 848 1493 876 habuissent.
1516 838 1611 885 Neque
1637 859 1703 878 vero
1721 873 1726 877 ,

89 885 119 919 τῇ
134 886 198 920 μονῇ
213 885 270 912 τῶν
288 885 411 920 Ὀδηγῶν
426 887 586 924 ἀναπαὺλης
599 889 672 921 τινὸς
687 892 778 925 τυχεῖν
789 900 796 907 ·
821 893 868 918 καὶ

920 890 1008 918 multo
1025 891 1119 919 labore
1146 897 1174 920 et
1200 893 1351 921 certamine
1376 902 1434 921 rem
1463 894 1602 930 indigere;
1619 897 1702 923 verbo

90 931 225 965 γενόμενος
241 931 311 963 ἐκεῖ,
327 932 367 963 εἰς
382 931 431 967 τὴν
446 932 592 968 ὑστεραίαν
607 934 710 970 ἤρξατο
721 937 868 969 πυρέττειν

921 941 1027 963 tantum
1051 937 1218 965 voluntatem
1243 946 1320 966 suam
1345 939 1474 971 declaret,
1499 942 1647 976 statimque
1671 943 1703 968 li-

90 976 190 1011 ὁμαλῶς
200 985 207 993 ·
228 977 277 1003 καὶ
292 977 377 1004 ίδόκει
389 979 445 1008 τοῖς
459 979 515 1004 τῶν
531 979 632 1014 ἰατρῶν
647 982 725 1007 παισὶ¹
740 982 790 1016 τὴν
800 983 869 1010 κατὰ

920 982 1017 1010 henter
1031 990 1060 1010 se
1074 983 1242 1011 subditur-os.
1257 985 1333 1017 Quod
1351 986 1383 1012 ad
1400 993 1428 1013 se
1444 979 1583 1020 attineret,
1596 992 1623 1015 et
1640 993 1702 1015 ante

91 1022 135 1057 τὴν
144 1022 251 1049 σύνοδον
265 1023 386 1058 ταραχὴν
398 1024 444 1050 καὶ
457 1024 562 1051 ἀσιτίαν
582 1024 628 1051 τοῦ
643 1026 760 1061 πυρετοῦ
778 1027 869 1054 αἰτίαν

919 1029 946 1056 in
965 1028 1040 1056 omni
1058 1029 1123 1060 vita.
1141 1033 1170 1056 et
1188 1029 1238 1057 hoc
1257 1034 1377 1064 tempere
1393 1038 1446 1058 non
1465 1031 1556 1059 minus
1578 1037 1702 1067 paratum

91 1069 256 1103 γεγενῆσθαι.
274 1069 391 1104 Δευτέρα
415 1070 444 1097 δὲ
459 1071 560 1106 ἡμέρα,
574 1071 642 1107 πρὸς
655 1073 687 1108 τῇ
702 1073 810 1110 κεφαλῇ
826 1073 869 1100 ιν.

919 1081 978 1101 esse
997 1075 1056 1110 ejus
1080 1071 1245 1103 utilita'tibus
1272 1075 1426 1106 inservire:
1449 1084 1504 1104 non
1533 1077 1622 1104 solum
1647 1087 1702 1106 non

92 1113 191 1147 σκῆψαν
216 1114 247 1140 τὸ
264 1113 368 1145 κακὸν,
394 1115 516 1149 πονηρὰς
540 1117 655 1151 παρεῖχε
669 1117 719 1148 τὰς
744 1118 867 1150 ἐλπίδας.

919 1124 1078 1154 parcentem
1097 1120 1223 1154 pecuniis
1237 1124 1265 1148 et
1283 1120 1404 1148 fortunis
1421 1122 1500 1154 suis;
1524 1122 1571 1149 scd
1591 1128 1620 1150 et
1642 1131 1702 1151 san-

96 1157 229 1191 Ἐφαίνετο
244 1157 301 1192 γὰρ
327 1158 381 1184 τῶν
408 1157 655 1190 ὀξυτάτων·εἴναι.
673 1160 760 1197 Τρίτῃ
778 1161 806 1188 δὲ
833 1164 866 1198 τῇ

919 1165 1028 1199 guinem
1040 1165 1140 1200 cupide
1156 1173 1207 1200 pro
1223 1165 1283 1200 ejus
1300 1166 1453 1193 rationibus
1465 1166 1629 1199 efi‘usurum,
1642 1176 1704 1195 cum
1746 1164 1750 1167 ’

94 1202 144 1236 μετ’
161 1203 256 1238 αὐτὴν,
273 1203 357 1230 ἕωθεν
378 1204 427 1239 μὲν
453 1204 541 1231 ἐδόκει
566 1205 708 1233 ἐνδιδόναι.
739 1208 786 1234 καὶ
809 1210 867 1241 τοῖς

919 1210 1039 1237 omnium
1047 1210 1074 1237 ei
1084 1210 1230 1245 plurimum
1245 1211 1346 1239 debeat
1357 1220 1363 1237 ε
1375 1211 1467 1239 multis
1476 1212 1549 1239 enim
1565 1213 1705 1241 beneﬁciis

93 1248 185 1282 ἰατροῖς
198 1248 333 1282 ὑπέφαινε
347 1250 468 1284 χρηστὰς
484 1251 604 1286 ἐλπίδας,
622 1252 683 1280 ἐπεὶ
698 1253 727 1280 δὲ
738 1255 789 1290 ἤδη
801 1257 866 1292 περὶ

919 1256 976 1291 ejus
1006 1256 1228 1291 nsum,quando
1259 1264 1321 1283 eum
1343 1264 1398 1283 non
1427 1256 1508 1284 modo
1535 1265 1550 1285 a
1571 1258 1706 1292 principio

93 1293 260 1328 μεημὸρίαν
275 1291 320 1330 ἦν,
342 1294 493 1328 μεταϐαλὸν
514 1296 644 1332 ἐξαίφνης
657 1298 688 1324 οὐ
712 1299 782 1333 μετὰ
797 1301 864 1328 πολὺ

919 1301 1072 1337 imperatori
1099 1301 1298 1329 commendarit
1333 1301 1552 1336 familiaremque
1571 1291 1707 1330 reddide-

92 1340 314 1376 ἀποτεθνήξεσθαι
327 1341 419 1378 ἐδήλου
433 1341 544 1376 βασιλέα
554 1350 562 1358 ·
574 1344 620 1370 καὶ
635 1345 738 1380 ἰατροῖς
750 1345 865 1381 οὐδεμία

919 1347 952 1376 rit
970 1356 977 1381 ;
999 1347 1048 1375 sed
1075 1348 1157 1375 etiam
1187 1352 1282 1382 postea
1304 1348 1371 1375 iram
1391 1347 1464 1375 illius
1494 1348 1528 1375 ab
1552 1356 1585 1376 eo
1607 1349 1706 1384 deprc-

93 1387 219 1421 σωτηρίας
232 1386 396 1414 ὑπελείπετο
414 1387 501 1419 ἐλπίς.
522 1389 600 1416 Ἐπεὶ
623 1390 652 1416 δὲ
680 1392 793 1420 τοιαῦτα
810 1394 864 1420 διε-

919 1398 991 1420 catus
1016 1394 1048 1421 sit
1075 1398 1103 1421 et
1132 1401 1241 1421 carcere
1279 1393 1413 1426 liberarit,
1443 1398 1470 1420 et
1494 1394 1521 1421 in
1547 1395 1619 1423 hanc
1640 1403 1705 1423 con.

92 1430 229 1467 θρυλλήθη,
246 1431 287 1467 τῷ
305 1432 414 1467 μεγάλῳ
428 1433 582 1469 δομεστίκῳ
603 1435 771 1472 ’Δπόκαυχος
783 1438 796 1464 ό
813 1448 865 1467 πα-

919 1437 1065 1470 ditionem,
1083 1438 1109 1465 in
1146 1445 1200 1473 qua
1230 1438 1310 1465 hodie
1343 1438 1397 1471 sit,
1426 1438 1595 1473 perduxerit.
1637 1439 1707 1467 Hac-

93 1477 291 1512 ρακοιμώμενος
305 1478 471 1513 προσελθὼν,
488 1481 796 1518 συνεϐούλευενιχδοϐαι
809 1486 864 1514 τῶν
914 1487 995 1510 lenus
1028 1482 1228 1517 ApocauchUS.
1260 1491 1373 1518 ηπικηυε
1399 1483 1566 1512 (Ῐοιῐιεειίειιδ
1594 1485 1704 1519 Pallium

92 1522 263 1558 πραγμάτων,
277 1525 323 1550 καὶ
340 1527 512 1560 παρασήμοις
531 1528 692 1562 κοσμεῖσθαι
712 1529 863 1565 βασιλικοῖς

919 1528 997 1555 silens
1026 1535 1034 1554 :
1061 1527 1120 1555 Non
1147 1533 1224 1563 puto,
1251 1528 1350 1564 inquit,
1368 1529 1430 1556 talia
1455 1529 1488 1557 de
1508 1536 1537 1557 re
1560 1530 1707 1566 aliquando

95 1568 156 1601 μετὰ
165 1568 211 1604 τὴν
229 1569 362 1604 βασιλέως
379 1570 520 1607 τελευτὴν,
544 1572 657 1606 βασιλέα
669 1574 723 1610 γὰρ
741 1574 866 1612 ὲνγζῶσιν

919 1573 1070 1600 occurrisse
1099 1573 1192 1600 animo
1219 1581 1280 1601 meo
1296 1581 1364 1607 ;nec
1388 1581 1421 1602 eo
1452 1581 1494 1601 me
1522 1574 1706 1609 improbitatis

93 1612 128 1639 ἔτι
142 1613 177 1649 μὴ
203 1612 276 1641 εἶναι
304 1615 471 1650 προσδοκᾷν·
500 1617 608 1649 πάντως
624 1618 652 1645 δὲ
677 1620 753 1646 οὐδὲν
771 1622 864 1649 καινὸν

93 1661 218 1694 ποιήσειν,
233 1661 293 1687 ἀλλ’
311 1662 379 1697 ὅπερ
393 1662 473 1694 αὐτός
491 1671 520 1689 τε
538 1664 667 1697 πολλάκις
680 1666 837 1701 ἠνάγκασεν
851 1669 866 1696 ὁ

95 1704 211 1738 βασιλεὺς
222 1706 273 1734 καὶ
290 1707 433 1742 Ῥωμαίων
447 1708 497 1735 οὐκ
512 1708 597 1744 ὀλίγοι
623 1710 714 1738 ἰσασιν
738 1713 865 1748 οὐδαμῶς

93 1751 187 1778 ﬁdem
212 1753 298 1788 τιμὴν
312 1753 484 1786 ἀποδιδόντες
514 1754 656 1789 βασιλέως.
678 1756 716 1783 Οὐ
737 1757 791 1791 μὴν
806 1757 867 1784 οὺδι

95 1798 184 1825 πολλοῦ
211 1798 357 1834 δεήσεσθαι
375 1799 456 1825 πόνου
485 1799 531 1826 καὶ
557 1799 686 1834 ἀγώνωνσ
708 1801 766 1828 ἀλλ’
786 1802 868 1837 ἀρκεῖ

97 1844 169 1876 μόνον
179 1845 275 1874 εἰπεῖν,
288 1846 335 1870 καὶ
348 1843 448 1875 πάντας
459 1844 530 1879 ἔχειν
539 1845 726 1877 ὑπακούοντας
738 1846 866 1881 ἑτοίμως.

95 1889 172 1916 Αὐτόν
187 1898 215 1916 τε
235 1889 369 1925 πρότερον
382 1898 411 1916 τε
424 1890 498 1925 παρὰ
515 1890 603 1916 πάντα
614 1891 659 1917 τὸν
675 1891 743 1926 βίον,
758 1893 806 1918 καὶ
820 1892 868 1918 νῦν

95 1934 138 1969 οὐχ
162 1932 241 1970 ἧττον
258 1934 367 1968 ἕτοιμον
383 1932 453 1961 εἶναι
468 1935 502 1961 τὰ
525 1934 675 1962 λυσιτελεῖν
690 1936 765 1971 αὐτῷ
779 1937 867 1962 ποιεῖν

95 1979 226 2012 δοκοῦντα,
256 1980 287 2006 οὐ
305 1979 384 2014 μόνον
404 1980 552 2015 χρημάτων
579 1981 626 2007 καὶ
642 1981 773 2015 καμάτων
789 1981 869 2015 ἀφει-

96 2025 196 2060 δοῦντα,
211 2027 280 2053 ἀλλὰ
295 2026 342 2053 καὶ
368 2025 457 2061 ψυχὴν
484 2026 633 2062 προθύμως
649 2028 719 2062 ὑπὲρ
744 2027 798 2054 τῶν
815 2027 870 2063 ἰδίᾳ

97 2079 119 2097 τι
135 2071 206 2107 αὐτῷ
219 2072 405 2107 διαφερόντων
422 2073 584 2107 προϊέμενον
606 2074 713 2100 πάντων
730 2073 802 2108 αὐτῷ
818 2069 871 2108 μά-

97 2115 166 2143 λιστα.
182 2118 248 2144 ὄντα
274 2117 434 2152 ὀφειλέτην·
458 2118 562 2145 πολλῶν
589 2119 642 2154 γὰρ
657 2118 872 2146 ἀπολελαυκέναι

97 2161 146 2188 τῶν
157 2162 320 2196 εὐεργεσιῶν
335 2163 390 2189 τῶν
411 2163 477 2198 παρ’
489 2163 583 2196 αὐτοῦ,
606 2164 636 2190 οὐ
664 2163 770 2199 βασιλεῖ
790 2165 871 2199 μόνον

915 1617 1080 1651 processisse
1109 1617 1341 1650 existimandum,
1366 1622 1396 1645 ut
1420 1619 1584 1654 imperatore
1615 1619 1706 1646 adhuc

915 1661 989 1694 vivo,
1000 1663 1136 1689 autetiam
1147 1670 1181 1689 eo
1191 1667 1309 1694 mortuo.
1320 1662 1363 1690 vel
1377 1663 1425 1690 abs
1435 1668 1471 1696 te,
1482 1662 1524 1690 vel
1536 1662 1569 1690 ab
1576 1663 1630 1690 alio
1638 1670 1706 1697 quo-

916 1713 1023 1741 cunque
1033 1707 1157 1740 inducar,
1167 1708 1303 1736 utamoris
1312 1709 1363 1735 mei
1373 1716 1436 1743 erga
1444 1708 1530 1741 illum,
1538 1708 1604 1741 sive,
1615 1714 1708 1736 utme~

916 1751 972 1779 lius
978 1751 1078 1785 dicam,
1088 1760 1238 1781 consensus
1247 1758 1329 1789 atque
1339 1754 1553 1788 conspirationis
1563 1754 1706 1781 immemor

917 1798 969 1826 sim
983 1806 991 1825 :
1008 1803 1037 1826 et
1055 1799 1190 1833 neglectis
1205 1806 1267 1834 quae
1282 1800 1463 1827 communiter
1479 1800 1539 1834 ejus
1556 1800 1661 1831 liberis,
1678 1805 1707 1826 et

917 1844 1048 1878 Augustae
1062 1843 1231 1876 conducant,
1250 1844 1355 1878 privata
1373 1849 1517 1872 consecter
1540 1844 1703 1871 commoda:

919 1893 999 1923 teque
1012 1896 1124 1916 summae
1138 1889 1239 1916 damno
1249 1889 1382 1922 stultitiae,
1394 1889 1416 1917 si
1428 1889 1490 1917 talia
1512 1889 1579 1917 mihi
1598 1894 1624 1917 te
1641 1897 1705 1925 per-

919 1940 1067 1960 suasurum
1082 1935 1237 1969 speravisti.
1252 1934 1301 1961 lllo
1315 1935 1405 1962 denuo
1431 1935 1595 1962 sententiam
1615 1943 1704 1968 suam,

920 1984 951 2007 ut
968 1980 1074 2013 utilem,
1091 1984 1219 2015 urgente:
1232 1980 1325 2012 Cessa.
1340 1980 1448 2015 inquit:
1464 1980 1510 2015 qui
1523 1980 1595 2007 enim
1613 1981 1702 2008 amico

920 2030 1028 2052 mortuo
1041 2026 1114 2060 leges
1123 2025 1314 2054 amicitiamnon
1333 2031 1433 2058 servat,
1446 2026 1492 2053 hic
1503 2033 1552 2053 nec
1562 2026 1624 2053 vivo
1639 2034 1670 2053 ve
1676 2034 1704 2053 re

921 2071 1026 2099 amicus
1047 2074 1117 2099 erat.
1141 2070 1187 2098 Sic
1209 2070 1393 2105 Apocauchus
1418 2072 1552 2106 gravitate
1581 2072 1704 2106 responsi

922 2117 1081 2150 deterritus,
1097 2124 1195 2152 magno
1209 2116 1362 2144 domestico
1380 2117 1512 2144 molestus
1532 2124 1592 2145 esse
1613 2117 1702 2145 desiit.

923 2162 977 2190 Sed
992 2167 1109 2189 matrem
1124 2162 1184 2197 ejus
1201 2161 1381 2194 conveniens,
1398 2162 1470 2189 idem
1486 2162 1525 2189 illi
1541 2163 1705 2197 persuade-re

97 2206 142 2241 τὴν
156 2207 241 2242 ἀρχὴν
259 2209 304 2235 καὶ
316 2209 526 2244 προσαγαγόντα
541 2209 589 2235 καὶ
603 2208 794 2240 οἰκειώσαντα,
805 2209 869 2235 ἁ).λὰ

925 2208 1087 2236 nitebatur:
1107 2211 1192 2241 ratus,
1215 2208 1238 2235 si
1252 2207 1279 2235 id
1305 2213 1531 2242 consequeretur.
1557 2208 1635 2243 quod
1648 2214 1705 2236 stu-

66 2280 71 2284 _
100 2253 140 2279 καὶ
155 2254 266 2290 ὕστερον
288 2254 419 2289 βασιλέως
432 2254 603 2290 ὠργισμένου
629 2255 869 2289 παραιτησάμενον

924 2253 1041 2286 duisset,
1064 2252 1215 2288 perfectum
1242 2252 1424 2280 habiturum:
1442 2261 1496 2280 non
1519 2254 1593 2280 enim
1617 2254 1703 2280 ﬁlium

99 2299 184 2332 αὐτὸν,
203 2300 252 2327 καὶ
272 2299 318 2326 τοῦ
331 2299 519 2335 δεσμωτηρίου
532 2299 732 2333 ἀπαλλάξαντα,
760 2301 807 2326 καὶ
821 2300 871 2335 μέ-

923 2298 1005 2326 matri
1025 2298 1272 2330 contradicturum,
1287 2298 1309 2325 si
1326 2298 1392 2332 quid
1411 2298 1456 2326 illa
1481 2303 1511 2325 ut
1533 2299 1599 2326 utile
1618 2303 1645 2326 et
1662 2299 1705 2333 ju-

715 2357 824 2388 Jecobi
839 2357 979 2389 Gretseri
997 2359 1090 2387 notae.

101 2424 185 2448 mento
193 2419 273 2456 editi.
288 2419 344 2449 Nec
361 2420 474 2456 quaestio
489 2420 559 2448 inter
571 2419 740 2456 Barlaamum
753 2425 780 2447 et
792 2419 869 2456 Pala-

101 2463 165 2490 ntam
189 2455 240 2482 fuit
263 2457 297 2483 de
323 2455 497 2490 proicessione
513 2455 599 2482 sancti
621 2455 749 2490 Spiritus,
774 2456 820 2490 sed
836 2455 868 2482 de

102 2489 196 2524 lumine
211 2489 357 2524 Thaborlo,
379 2491 466 2524 deque
488 2489 650 2517 substantia
661 2494 689 2516 et
712 2489 870 2523 operatione

103 2523 196 2550 divina.
226 2523 324 2552 Verum
348 2525 393 2552 hic
416 2523 497 2558 hujus
519 2524 702 2551 adnotationis
725 2524 788 2551 tinis
815 2525 869 2555 sit.

103 2558 174 2593 cuius
186 2566 239 2585 non
254 2559 404 2593 prolixitas.
419 2560 463 2586 sed
480 2560 506 2585 in
520 2559 630 2585 historia
649 2564 701 2585 tam
715 2559 830 2586 obscura
843 2561 872 2585 et.

103 2591 187 2626 ignota
206 2591 307 2620 utilitas
322 2593 487 2621 considerari
509 2601 523 2620 a
546 2593 646 2620 lectore
662 2592 761 2625 debet;
787 2594 871 2619 facem

103 2627 170 2662 enim
183 2628 356 2662 preportabit
369 2629 506 2660 omnibus,
521 2636 579 2661 qua-
595 2628 804 2662 Cantacuzenus
826 2635 873 2654 va-

105 2661 148 2687 riis
157 2661 197 2688 sui
209 2663 298 2696 operis
309 2663 374 2690 locis
385 2663 418 2690 de
429 2663 577 2693 Barlaamo,
589 2661 872 2697 Acindyuo,Gregora,

105 2701 248 2731 eor_mnque
260 2697 434 2731 opinionibus
450 2698 549 2731 scripta
564 2696 681 2731 reliquit.

136 2729 233 2757 Tomus
259 2729 286 2757 in
306 2732 415 2766 synodis
438 2729 542 2758 libellus
563 2729 699 2766 estfacta
716 2735 743 2758 et
766 2730 874 2758 decreta

105 2763 168 2801 eius,
185 2770 211 2792 et
226 2769 310 2792 totum
321 2763 401 2799 illud,
417 2767 486 2800 quod
505 2767 565 2793 ﬁdei
581 2765 774 2801 professionem
791 2773 874 2800 expo-

106 2798 291 2835 sitionemque
302 2798 433 2828 continef
441 2798 633 2834 complectens.
658 2801 790 2833 Quocirca
812 2798 871 2835 epi-

107 2835 169 2860 stola
184 2836 269 2861 sancti
283 2834 380 2861 Leonis
394 2835 426 2862 ad
441 2835 596 2862 Flavianum
613 2841 705 2862 contra
721 2835 870 2869 Eutychen,

108 2873 154 2900 qua
169 2868 293 2903 exposuit
307 2871 466 2897 sententiam
488 2869 614 2897 Ecclesiae
628 2869 765 2897 catholica:
775 2868 872 2903 saepis

919 2419 988 2446 sime
1003 2418 1029 2444 in
1045 2416 1167 2445 conciliis
1180 2415 1280 2444 dicitur
1295 2421 1385 2444 tomus
1399 2426 1406 2444 :
1430 2422 1458 2444 et
1471 2418 1600 2445 ἑνωτικδν
1614 2419 1702 2450 Zeno-

919 2455 962 2480 nis
975 2452 1152 2488 imperatoris
1178 2457 1258 2488 typus
1278 2456 1305 2478 et
1323 2451 1433 2488 ξκθεσις
1456 2451 1585 2485 Heraclii,
1603 2456 1704 2488 quibus

920 2487 984 2524 lldei
998 2486 1054 2514 suae
1068 2494 1117 2514 seu
1133 2487 1260 2524 perﬁdiae
1276 2486 1518 2524 potius__rationem
1536 2486 1702 2524 reddebant,

921 2522 986 2550 tomi
1000 2525 1064 2556 sunt
1074 2528 1081 2552 ;
1092 2526 1124 2556 Aut
1137 2525 1164 2546 et
1175 2520 1354 2556 constitutum
1369 2520 1457 2556 Vigilii
1473 2522 1544 2556 apud
1556 2520 1703 2553 Baroniuni

921 2562 994 2584 tomo
1013 2555 1067 2582 Vll.
1091 2554 1159 2582 llinc
1182 2555 1308 2582 videlicet
1329 2563 1344 2582 a
1361 2554 1520 2584 continente
1539 2558 1703 2587 transfertur

921 2592 954 2627 ad
971 2591 1028 2627 ipsa
1039 2591 1174 2627 dogmata,
1188 2594 1218 2627 ut
1230 2594 1318 2627 tomus
1330 2589 1431 2618 Leonis
1441 2595 1537 2618 contra
1551 2592 1702 2627 Eutychen,

922 2626 957 2653 sit
973 2623 1059 2660 ipsum
1079 2623 1176 2660 dogma
1198 2623 1325 2660 Ecclesiae
1340 2630 1435 2651 contra
1451 2626 1576 2652 eumdem
1595 2623 1703 2656 tiasreti;

922 2668 995 2687 cum.
1012 2659 1080 2686 Hinc
1096 2659 1207 2694 verbum
1223 2659 1423 2694 Τομογραφείν,
1434 2659 1501 2694 ὅπερ
1523 2660 1581 2687 ἐστὶ
1594 2662 1624 2688 τὺ
1642 2671 1702 2690 συν-

922 2694 1098 2735 τετμημένως
1111 2692 1256 2725 ἐκδιδόναι,
1265 2692 1382 2720 καὶοῖον
1396 2692 1534 2734 ὀρίζεσῆαι
1547 2695 1581 2722 τὰ
1595 2696 1638 2723 διὰ
1651 2706 1703 2737 μοι-

923 2737 998 2761 κρων
1012 2727 1218 2761 διαλαληθέντα,
1236 2729 1282 2753 καὶ
1305 2728 1443 2761 γραφέντα
1463 2729 1605 2761 πολλάκις.
1622 2736 1650 2758 ut
1665 2737 1703 2759 ait

923 2737 940 2756 κ
984 2738 998 2755 ν
1012 2735 1218 2762 οιαΑαΑηυιντα,
1236 2735 1282 2753 και
1305 2735 1443 2762 γραφεντα
1463 2735 1605 2761 πολλακις.
1622 2736 1650 2758 ut
1665 2735 1700 2759 ait

922 2738 1081 2791 Pmotheus
1096 2761 1250 2797 patriarcha
1272 2761 1585 2796 Coustantinopolttanus
1602 2764 1649 2792 lib.
1672 2765 1700 2797 Ξ,

924 2802 1020 2826 eontra
1035 2797 1216 2834 Nicephorum
1232 2796 1390 2834 Gregoram,
1414 2805 1497 2832 agens
1506 2798 1546 2834 _de
1570 2799 1622 2826 hoc
1640 2796 1704 2834 ipso

923 2837 1000 2860 torno
1025 2832 1121 2866 synodi
1145 2830 1453 2865 Constantinopolitania
1480 2832 1612 2861 adversus
1638 2830 1704 2860 Ποτ-

924 2869 1053 2895 laamum.
