1932 3089
102 169 157 202 705

668 166 940 199 HISTORIARUM
962 165 1076 195 LIBER
1096 165 1140 194 Ill

1659 163 1713 195 τοις

106 227 158 262 μὲν
173 224 234 254 οῖδα
248 226 316 261 παρ’
329 225 449 261 ἐμαυτοῦ
459 234 466 242 ·
485 226 539 253 τῶν
553 226 582 253 δὲ
598 225 698 261 ἀκριϐῆ
720 225 770 260 τὴν
786 223 889 258 γνῶσιν

941 221 986 256 qui
1020 229 1053 248 ea
1077 221 1220 252 fecerunt,
1256 226 1306 254 ego
1330 224 1451 253 praesens
1481 217 1560 252 (86),
1585 217 1638 244 alia
1670 226 1718 253 per

104 273 196 306 ἔσχον.
223 272 313 299 αὐτῶν
339 273 565 307 ἀπαγγειλάντων
581 272 636 301 τῶν
655 271 828 306 πραξάντων,
843 269 887 295 διὰ

105 318 137 344 τὸ
151 318 252 351 πολλὰς
266 317 312 344 καὶ
332 319 455 352 συνεχεῖς
467 318 508 353 ἐφ’
523 317 632 345 ἅπαντα
648 316 692 344 τὸν
705 315 752 342 τοῦ
767 315 886 349 πολέμου

104 363 201 398 χρόνον
217 364 266 394 τὰς
282 363 431 398 μεταϐολὰς
448 362 700 398 ὕπομεμενηκέναι·
719 361 789 388 ὥστε
817 360 889 392 εἰκὸς

107 407 147 442 μὴ
166 407 220 434 τῶν
231 408 429 442 πραττομένων
443 408 533 442 μόνον,
549 408 617 435 ἀλλὰ
633 408 680 434 καὶ
697 406 889 442 βουλευμάτων

107 453 284 487 ἀπορρήτων,
300 452 348 479 καὶ
375 453 458 479 δόλων
487 452 535 480 καὶ
560 452 723 483 ἐπιϐουλῶν,
750 451 797 478 καὶ
822 450 889 481 ὅλως

107 497 229 529 πάντων,
244 498 290 524 καὶ
306 497 360 523 τῶν
384 497 582 533 πραττομένων
603 497 740 532 φανερῶς,
760 496 807 522 καὶ
835 494 889 520 τῶν

109 542 221 577 ἀφανῶς
245 543 527 577 κατασκευαζομένων
551 544 658 576 ἀγνοεῖν
673 542 767 577 μηδέν.
783 541 820 568 Οΰ
836 539 890 575 μὴν

107 588 165 614 ἀλλ’
181 589 249 622 ὅπερ
264 588 332 623 ἔφην
343 589 373 622 ἐξ
381 589 480 624 ἀρχῆς,
493 589 553 615 οὐδὲ
564 589 612 623 τῆς
625 587 754 622 ἀληθείας
771 586 890 621 προστή-

109 642 190 667 σομαι
205 634 283 661 οὐδέν
292 643 300 650 ·
313 634 370 660 ἀλλ’
381 634 418 664 ὡς
430 634 499 660 αὐτὰ
509 633 588 668 ἔσχον
595 633 629 660 τὰ
643 633 793 668 πράγματα
801 632 890 666 ἀπαγ-

106 678 190 713 γελῶ.
207 679 275 713 πλὴν
290 680 313 705 εί
330 679 367 714 μή
383 678 434 705 πού
453 687 479 705 τι
493 679 653 713 πειρήσομαι
673 677 754 708 ἑκὼν,
768 677 821 703 τῶν
839 678 890 704 ὅσα

105 726 161 750 τισὶ
174 723 307 758 λοιδορίαν
320 724 335 758 ἤ
352 724 456 758 μέμψιν
468 724 599 758 εἰρημένα
618 724 762 758 ἐμποιήσει
773 731 781 740 ·
794 722 824 748 οὐ
836 722 890 756 γὰρ

107 769 169 803 ἐμοὶ
183 770 259 803 φίλον
268 769 298 795 τὺ
311 769 386 800 τινὰς
394 770 570 804 κακηγορεῖν,
585 769 635 796 κᾶν
646 769 671 795 εί
684 769 783 799 πάντες
795 768 890 794 είδεῖεν

106 810 257 845 ἄνθρωποι.
279 813 330 838 Ἢν
347 812 375 839 δέ
389 812 441 839 πού
455 821 481 839 τι
504 813 643 846 φαίνωμαι
654 813 833 847 διηγούμενος
851 812 889 847 μὴ

106 857 145 889 ὼς
160 857 318 889 δοξάζουσιν
331 858 357 884 οί
373 858 475 890 πολλοὶ,
488 859 519 885 οὐ
534 858 588 893 χρὴ
605 857 766 892 θαυμάζειν.
782 858 819 884 οὐ
835 858 889 892 γὰρ

107 903 139 929 τδ
151 904 188 937 μὴ
201 903 288 929 ταῦτά
302 904 358 935 τοῖς
375 903 483 934 πολλοῖς
501 903 670 938 φθέγγεσθαι
693 904 803 937 φεύγων
812 903 889 937 λογο·

109 951 216 985 ποιήσω
234 950 268 977 τὰ
283 950 320 984 μὴ
336 949 416 976 ὅντα·
438 949 495 976 ἀλλ’
507 949 545 979 ὡς
561 949 654 984 έχουσι
678 949 712 975 τά
736 948 888 983 πράγματα

109 993 301 1027 ἀπαγγέλλων,
320 994 426 1029 χαίρειν
444 994 517 1020 ἐάσω
540 994 589 1023 τὰς
604 993 681 1025 δόξας
697 992 750 1020 τῶν
772 993 888 1024 πολλῶν,

109 1039 146 1070 ὡς
162 1039 339 1074 ψευδομένας.
349 1038 577 1074 Τετελευτηκότος
589 1039 680 1065 τοίνυν
694 1039 739 1065 τοῦ
756 1038 890 1073 βασιλέως

114 1083 285 1119 Ἀνδρονίκου
300 1085 347 1112 τοῦ
363 1085 435 1117 νέου,
451 1085 468 1119 ὴ
483 1084 557 1119 αὑτῷ
582 1083 699 1118 σύζυγος
713 1085 796 1111 Ἄννα
811 1085 827 1119 ή
840 1084 889 1119 βα-

109 1131 189 1162 σιλὶς,
203 1131 242 1162 είς
266 1132 362 1165 τρίτην
380 1130 429 1164 μὲν
447 1129 553 1164 ἡμέραν
575 1129 787 1165 διεκαρτέρησεν
809 1131 838 1156 ἐν
854 1131 889 1165 τῇ

111 1179 179 1212 μονῇ
197 1177 251 1203 τῶν
274 1175 408 1209 Ὀδηγῶν.
428 1175 506 1202 Μετὰ
533 1174 614 1201 τοῦτο
637 1175 665 1207 δὲ
688 1175 718 1201 ἐν
741 1174 890 1209 βασιλείοις

108 1223 252 1257 γενομένη,
280 1221 427 1255 ἐπένθησεν
451 1221 495 1254 ἐφ’
522 1220 640 1255 ἡμέραις
666 1219 755 1251 ἐννέα,
779 1219 889 1246 πάντων

109 1267 244 1301 ὁσημέραι
261 1266 329 1300 πρὸς
351 1265 386 1291 τὰ
398 1265 522 1300 βασίλεια
539 1264 777 1300 παραγινομένων.
792 1265 822 1290 οὐ
835 1265 891 1292 τῶν

111 1311 301 1346 συγκλητικῶν
325 1311 405 1345 μόνον
423 1311 470 1337 καὶ
492 1310 728 1344 στρατευομένων,
757 1309 826 1337 ἀλλὰ
844 1311 891 1337 καὶ

110 1357 165 1382 τῶν
190 1356 248 1382 ὅσοι
273 1356 427 1387 Βυζαντίων
451 1353 521 1389 ἦσαν
537 1355 564 1381 ἐν
589 1354 661 1389 λόγῳ
684 1355 731 1381 καὶ
751 1356 828 1389 κοινῇ
845 1354 890 1381 τὸν

110 1401 262 1429 ἀπελθόντα
286 1400 458 1435 θρηνούντων
479 1399 602 1434 βασιλέα.
627 1399 796 1434 Δομέστικος
825 1399 853 1425 δὲ
877 1399 891 1426 ό

111 1446 211 1480 μέγας,
222 1445 252 1477 ἐξ
269 1445 353 1480 αὐτῆς
365 1445 470 1480 ἡμέρας
487 1442 521 1480 ἧς
534 1443 711 1478 ἐτελεύτησεν
726 1444 739 1469 6
753 1443 890 1478 βασιλεὺς,

111 1491 215 1526 οὐδαμῆ
230 1491 284 1517 τῶν
300 1490 444 1525 βασιλείων
456 1490 562 1525 ἀπέστη
574 1498 581 1505 ·
597 1489 664 1516 ἀλλὰ
676 1489 730 1516 τῶν
740 1498 770 1516 τε
783 1489 891 1516 οίκείων

938 267 1073 301 Ineipsum
1086 266 1150 293 novi
1168 273 1176 292 ι
1190 265 1242 292 alia
1256 272 1289 291 ex
1306 271 1354 291 ore
1371 264 1504 298 ipsorum.
1520 271 1534 290 a
1546 264 1646 298 quibus
1657 270 1718 292 acta

939 316 1014 344 sunt,
1025 311 1058 338 ad
1070 317 1189 346 unguem
1205 309 1299 337 didici.
1316 309 1350 336 Et
1371 316 1433 335 cum
1456 308 1614 343 frequentes
1629 309 1719 337 conti-

939 361 1090 391 nentesque
1115 360 1172 383 toto
1203 363 1236 382 eo
1262 359 1383 389 tempore
1410 355 1575 382 mutationes
1603 355 1716 389 fuerintl

939 401 1086 429 verisimile
1099 405 1151 432 est,
1162 408 1216 428 non
1229 405 1367 436 gestorum
1385 400 1476 431 modo,
1492 401 1539 427 sed
1554 405 1582 427 et
1606 403 1717 428 consul-

941 452 1030 474 torum
1054 454 1229 480 arcanorum,
1247 451 1272 473 ct
1289 446 1424 476 fraudum.
1441 446 1671 481 insidiarnmqne.
1688 453 1717 475 et

940 501 1054 528 prorsus
1084 492 1206 520 omnium
1234 499 1348 526 quaeque
1377 492 1464 526 palam
1497 497 1577 524 acta,
1604 501 1718 527 qumque

940 539 1047 566 occulte
1060 541 1216 573 comparata
1232 541 1306 568 sunt,
1322 538 1388 564 nihil
1405 545 1446 564 mc
1462 537 1564 572 fugere.
1575 538 1719 566 Verumta-

941 593 1002 612 men
1017 584 1089 619 quod
1105 584 1132 610 iu
1148 583 1285 610 vestibulo
1309 583 1400 617 operis
1423 583 1475 609 mei
1493 591 1552 610 sum
1569 584 1716 618 pollicitus.

940 630 1048 658 veritati
1066 630 1135 656 nihil
1147 629 1313 661 anteferam;
1333 629 1379 656 sed
1395 634 1423 656 nt
1438 637 1481 656 res
1498 634 1659 664 evenerunt,
1680 631 1718 658 ita

941 684 988 703 eas
1018 675 1171 710 explanabo
1193 683 1200 701 :
1224 678 1339 708 excepto
1371 675 1444 708 quod
1473 675 1572 702 alicubi
1598 676 1720 710 prudens

941 722 1098 755 praeteribo,
1108 727 1168 754 quae
1180 720 1321 746 nonnullis
1330 719 1455 746 convicio
1469 725 1515 746 aut
1525 721 1717 754 vituperationi

941 771 999 790 esse
1016 763 1121 798 possint
1137 770 1210 789 :non
1224 763 1296 789 enim
1321 763 1388 789 mihi
1402 763 1520 789 amicqu
1531 768 1572 791 est
1590 764 1718 799 cuiquam

941 809 1101 840 conviciari,
1119 808 1225 835 etiamsi
1245 808 1398 834 mortalium
1422 816 1502 835 nemo
1527 817 1582 835 rem
1602 809 1718 844 ignoret.

941 854 1019 887 Quod
1053 853 1075 881 si
1105 854 1241 881 interdum
1271 853 1394 887 quaedam
1426 862 1505 881 secus
1529 862 1612 888 quam
1642 855 1719 883 multi

940 900 1089 935 opinantur
1104 899 1219 927 videbor
1245 907 1382 933 exponere
1397 900 1465 934 (87),
1492 908 1525 926 ne
1541 899 1576 926 sit
1601 900 1713 928 mirum.

942 945 999 972 Non
1017 945 1090 972 enim
1119 945 1184 971 dum
1207 944 1263 971 vito
1279 945 1374 971 eadem
1402 952 1464 971 cum
1493 945 1587 972 multis
1612 945 1717 976 dicere,

941 998 1009 1018 nova
1027 991 1219 1018 comminiscar
1235 999 1242 1017 ι
1262 990 1310 1017 sed
1329 998 1373 1017 res
1387 993 1416 1016 ut
1439 997 1468 1017 se
1482 989 1585 1018 habent
1597 998 1717 1018 comme-
1750 998 1754 1001 '

941 1042 1060 1067 morans,
1079 1035 1150 1069 vulgi
1175 1034 1317 1069 opiniones
1342 1039 1371 1060 ut
1388 1034 1468 1061 falsas
1494 1034 1584 1061 valere
1605 1034 1718 1069 jubeho.

941 1080 1047 1107 Mortuo
1073 1080 1155 1114 igitur
1170 1079 1326 1107 Andronico
1344 1080 1454 1114 iuniore
1467 1080 1642 1114 imperatore.
1661 1082 1717 1108 Au-

940 1129 1017 1161 gusta
1038 1126 1128 1152 triduo
1157 1126 1185 1152 in
1216 1125 1383 1152 monasterio
1410 1124 1584 1160 Hodegoru‘m
1607 1127 1718 1154 mansit.

941 1172 1036 1198 Postea
1053 1171 1079 1198 iu
1093 1171 1195 1206 regiam
1213 1178 1345 1206 regressa,
1360 1171 1456 1198 diebus
1473 1178 1572 1198 novem
1586 1172 1673 1199 luctui
1690 1180 1720 1200 se

940 1217 1056 1249 dedidit,
1073 1224 1134 1243 cum
1151 1216 1274 1251 quotidie
1288 1224 1395 1247 omnes,
1414 1224 1468 1243 non
1485 1221 1626 1244 senatores
1639 1219 1720 1246 modo

940 1269 972 1289 ac
991 1262 1084 1293 duces.
1100 1261 1146 1288 sed
1173 1265 1307 1296 quotquot
1322 1261 1444 1296 Byaantii
1465 1262 1623 1289 eminebant
1644 1270 1722 1290 acce-

942 1307 1063 1338 derent,
1105 1311 1133 1333 et
1164 1306 1324 1333 defunctum
1359 1306 1551 1340 imperatorem
1582 1309 1720 1335 communi

941 1352 1134 1380 lamentatione
1163 1356 1407 1386 prosequerentur.
1436 1352 1548 1387 Magnus
1564 1360 1645 1387 perro
1675 1354 1722 1381 do-

941 1398 1072 1429 mesticus
1090 1398 1123 1425 ab
1144 1405 1177 1424 eo
1191 1398 1250 1431 ipso
1276 1397 1330 1427 die.
1347 1405 1402 1432 qum
1427 1398 1576 1432 imperator
1601 1400 1719 1426 animam

941 1444 1040 1477 edidit,
1056 1451 1071 1470 a
1089 1443 1190 1478 palatio
1213 1450 1346 1477 nusquam
1373 1443 1551 1476 discedebat;
1573 1447 1621 1471 sed
1641 1446 1722 1479 quin—

942 1491 1041 1526 gentis.
1057 1490 1156 1525 partim
1172 1489 1240 1520 suis,
1254 1489 1352 1524 partim
1377 1489 1563 1523 imperatoriis
1586 1491 1611 1516 in
1635 1499 1668 1517 eo
1686 1491 1719 1518 ad

111 1537 159 1563 καὶ
175 1535 229 1563 τῶν
243 1535 391 1570 βασιλικῶν
406 1535 603 1566 πεντακοσίους
614 1534 684 1569 ἔχων
702 1534 755 1566 ὀὓς
775 1535 890 1568 ἐγκατέ-

943 1536 1096 1564 custodiam
1122 1534 1279 1566 collocatis,
1297 1541 1432 1561 summum
1461 1534 1582 1562 studium
1607 1536 1721 1569 diligen-

110 1590 195 1614 στησε
203 1582 257 1612 τοῖς
266 1580 410 1615 βασιλείοις
422 1581 556 1615 φρουρὰν,
567 1580 610 1606 διὰ
627 1580 720 1615 πάσης
731 1580 891 1615 ἐπιμελείας

111 1627 232 1652 ἐποιεῖτο
258 1626 305 1652 καὶ
328 1625 447 1659 σπουδῆς
462 1625 515 1652 τῶν
533 1625 598 1656 ῐσως
626 1625 843 1660 νεωτεριούντων
857 1626 890 1652 ἂ.-

111 1672 281 1707 παμδλύνειν
302 1671 352 1702 τὰς
372 1670 477 1705 ὁρμάς·
504 1671 573 1704 μετὰ
600 1670 627 1696 δὲ
646 1671 696 1705 τὴν
726 1671 824 1706 ἐνάτην
838 1669 891 1697 τῶν

110 1718 157 1744 ἐπὶ
175 1718 230 1748 τοῖς
251 1715 458 1752 τετελευτηκόσι
494 1715 615 1751 συνήθως
629 1716 817 1751 γεγενημένων
836 1716 892 1742 ἱλα-

110 1763 199 1798 σμῶν,
220 1762 269 1798 τὴν
291 1762 340 1797 μὲν
357 1761 478 1796 φρουρὰν
505 1762 555 1796 τὴν
573 1761 675 1796 πολλὴν
705 1761 816 1793 ἐξέδαλε
837 1761 891 1787 τῶν

110 1809 266 1844 βασιλείων,
280 1808 386 1841 ὀλίγους
408 1808 585 1842 καταστήσας
602 1807 660 1834 ὅσοι
685 1808 733 1834 καὶ
759 1807 891 1842 πρότερον

108 1855 138 1887 ἐξ
156 1854 234 1884 tow;
249 1851 333 1888 ἦσαν·
356 1852 436 1884 αὐτὸς
462 1852 489 1879 δὲ
513 1852 583 1879 οῐκοι
607 1852 736 1886 γεγονὼς.
769 1851 891 1886 συνήθως

108 1898 269 1932 ἐπεμελεῖτο
288 1897 341 1923 τῶν
356 1897 544 1932 πραγμάτων·
562 1898 610 1923 καὶ
625 1897 681 1927 τοῖς
698 1904 726 1922 τε
740 1895 789 1926 τὰς
803 1895 890 1930 ἀρχὰς

110 1943 361 1979 ἐπιτετραμμένοις
392 1942 446 1968 τῶν
476 1942 616 1977 ἐπαρχιῶν
643 1941 688 1968 καὶ
711 1941 765 1967 τῶν
789 1941 891 1966 πόλεων

109 1989 228 2025 παρῄνει
239 1989 282 2016 διὰ
302 1989 473 2024 γραμμάτων
491 1989 621 2023 ἀτρεμεῖν
637 1989 684 2015 καὶ
699 1987 781 2022 μηδὲν
795 1995 892 2013 νεωτε-

109 2037 207 2072 ρίζειν,
223 2036 260 2066 ὡς
275 2035 323 2069 τῆς
339 2042 370 2060 τε
386 2033 587 2067 καλοκάγαθίας
601 2033 708 2068 καὶτῆς
723 2033 762 2063 είς
777 2032 891 2067 βασιλέα

107 2083 216 2113 εὐνοίας
232 2081 311 2113 ἀξίας
330 2079 550 2115 ἀποληψομένοις
571 2079 620 2111 τὰς
644 2079 823 2113 εὐεργεσίας·
842 2077 890 2103 καὶ

107 2126 264 2152 τούναντίον
280 2126 314 2160 ἦν
338 2133 379 2156 τις
396 2123 593 2158 νεωτερίζοιεν,
619 2122 812 2153 τίσονσιδίκας
823 2129 830 2137 ·
844 2122 892 2148 καὶ

108 2162 165 2202 τοῖς
174 2172 228 2198 τῶν
242 2171 379 2205 δημοσίων
394 2168 579 2204 συνεισφορῶν
593 2168 642 2204 τὴν
657 2168 800 2203 εἴσπραξιν
812 2169 893 2201 ἐγκε-

942 1583 1060 1616 tiamque
1075 1580 1265 1614 impendebat.
1285 1583 1314 1606 ut
1333 1580 1354 1606 si
1380 1579 1426 1614 qui
1442 1579 1557 1607 fortasse
1574 1588 1619 1607 res
1636 1589 1721 1608 novas

940 1630 1122 1656 attentarent,
1138 1632 1234 1652 eorum
1249 1630 1366 1651 conatus
1381 1625 1553 1659 infringeret.
1567 1625 1630 1652 Post
1647 1626 1719 1653 diem

939 1680 1053 1704 nonum,
1069 1676 1190 1706 peracta,
1207 1677 1237 1698 ut
1251 1671 1362 1700 assolet.
1373 1678 1422 1705 pro
1438 1670 1574 1698 defunctis
1588 1672 1718 1706 piaculari

940 1719 1125 1753 caaremonia,
1154 1720 1282 1745 custodes
1304 1725 1320 1745 e
1349 1718 1448 1752 palatio
1475 1718 1588 1746 dimittit
1615 1720 1720 1754 (paucis

940 1765 1065 1796 retentis,
1080 1769 1147 1799 quot
1158 1763 1288 1790 nimirum
1304 1767 1421 1790 etantea
1435 1770 1495 1790 esse
1509 1764 1719 1798 consueverant)

941 1811 997 1845 ipse
1007 1811 1091 1843 domi,
1109 1814 1140 1837 ut
1155 1816 1274 1843 semper,
1288 1809 1445 1843 reipublicae
1458 1809 1577 1836 animum
1594 1810 1720 1837 intende-

940 1856 986 1883 bat
1003 1876 1010 1887 ,
1035 1860 1064 1883 et
1099 1846 1208 1882 urbium
1238 1854 1498 1889 provinciarumque
1527 1859 1648 1881 rectores
1669 1862 1719 1888 per

940 1902 1058 1929 littteras
1069 1900 1205 1931 monebat,
1221 1907 1254 1927 ne
1272 1899 1355 1926 rebus
1371 1899 1449 1926 novis
1459 1899 1610 1927 studerent.
1625 1904 1718 1933 utpote

941 1947 1023 1989 hujus
1045 1953 1101 1973 suae
1117 1945 1264 1980 probitatis
1289 1950 1316 1971 et
1331 1945 1446 1978 egregiae
1474 1944 1500 1970 in
1525 1941 1718 1978 imperatorem

941 1990 1091 2017 voluntatis
1108 1990 1242 2024 condigna
1260 1989 1368 2024 prmmia
1383 1994 1546 2023 accepturos
1560 1998 1568 2016 :
1588 1995 1681 2017 contra
1696 1991 1718 2017 si

940 2035 1006 2070 quid
1023 2036 1256 2067 machinarentur,
1273 2042 1367 2070 poenas
1384 2034 1507 2062 daturos.
1530 2035 1721 2068 Quaestoribus

942 2082 1007 2108 item
1035 2081 1203 2112 mandabat.
1231 2089 1264 2108 ne
1296 2080 1362 2115 quid
1396 2081 1508 2108 sceleris
1540 2082 1567 2108 in
1606 2082 1720 2117 pecunia

941 2127 1127 2161 designarent,
1143 2127 1214 2162 quod
1236 2126 1428 2159 nihilominus,
1453 2134 1534 2161 quam
1556 2127 1722 2161 imperatore

942 2172 1005 2201 vivo
1034 2172 1154 2199 rationes
1192 2172 1305 2199 relaturi
1331 2175 1434 2199 essent.
1465 2173 1553 2206 Atque
1584 2173 1617 2199 ad
1648 2173 1722 2200 hunc

108 2216 294 2252 χειρισμένοις
308 2216 430 2253 ,ἐκέλευε
445 2216 613 2250 κακουργεῖν
630 2214 694 2250 περὶ
713 2214 748 2240 τὰ
764 2215 890 2248 χρήματα

947 2217 1055 2244 modum
1070 2217 1168 2244 diebus
1183 2217 1244 2251 plus
1259 2216 1368 2251 triginta
1394 2217 1485 2244 missis
1499 2217 1621 2251 epistulis
1641 2217 1722 2253 35o

111 2264 206 2298 μηδὲν,
223 2262 260 2293 ὡς
280 2262 356 2288 οὐδὲν
379 2262 506 2288 ἐλατττον
524 2261 540 2296 ἢ
556 2261 688 2296 βασιλέως
709 2261 810 2294 ζῶντος
826 2262 890 2295 περὶ

108 2308 200 2335 αὐτῶν
222 2308 386 2342 παρέξουσιν
411 2307 536 2338 εὐθύνας.
552 2306 607 2333 Καὶ
624 2306 718 2333 τοῦτον
735 2307 780 2333 τὸν
790 2309 890 2341 τρόπον

109 2356 139 2380 ἐν
157 2354 279 2380 πλείοσιν
293 2353 310 2387 ἢ
326 2353 474 2388 τριάκοντα
488 2353 606 2387 ήμέραις
622 2352 693 2386 ὑπὲρ
710 2352 890 2382 πεντακοσίας

108 2403 153 2436 ἐφ’
167 2403 284 2436 ἑκάστης
297 2403 414 2436 πέμπων
427 2402 549 2436 γραφὰς,
567 2400 607 2432 είς
616 2400 744 2427 τοσοῦτον
761 2400 891 2431 εὐταξίας

110 2450 158 2476 καὶ
176 2447 331 2479 εὐπειθείας
340 2447 390 2482 τὴν
405 2447 459 2473 ὑπὸ
480 2445 631 2481 Ῥωμαίους
650 2446 741 2472 πᾶσαν
757 2446 890 2479 κατέστη-

110 2503 157 2521 σεν
174 2494 334 2530 ἠγεμονίαν,
347 2492 385 2524 ὥς
398 2492 486 2519 δοκεῖν
501 2490 594 2518 καινδν
621 2491 704 2526 μηδὲν
720 2490 890 2525 συμϐεϐηκέε

110 2550 166 2572 ναι,
178 2540 245 2566 ἀλλὰ
259 2539 309 2574 ζῇν
323 2538 364 2564 ἐτι
379 2538 490 2572 βασιλέα
516 2537 563 2563 καὶ
578 2537 631 2567 τοῖς
657 2537 816 2572 πράγμασιν
830 2536 894 2570 ἐφε-

111 2586 219 2612 στάναι.
236 2584 319 2611 οὐδὲν
333 2583 387 2617 γὰρ
409 2581 472 2608 οὔτε
488 2582 586 2616 μικρὸν
595 2580 657 2607 οὔτε
676 2581 747 2615 μέγα
761 2581 875 2615 ἐκινήθη
885 2587 892 2594 ·

112 2632 183 2666 πλὴν
200 2632 224 2657 οί
247 2630 317 2657 κατὰ
334 2629 481 2655 Θετταλίαν
498 2628 572 2663 μόνοι
589 2627 736 2661 νεμόμενοι
758 2626 892 2659 Ἀλϐανοὶ,

945 2263 1062 2297 amplius
1084 2262 1241 2297 quingentis
1266 2263 1297 2289 ad
1315 2268 1418 2288 tantum
1446 2262 1570 2290 ordinem
1590 2264 1722 2291 obedien-

945 2308 1066 2342 tiamque
1082 2308 1235 2334 Romanum
1258 2307 1403 2341 imperium
1422 2308 1580 2334 universum
1606 2308 1720 2342 redegit,

946 2358 976 2380 ut
989 2353 1056 2380 nihil
1072 2354 1134 2380 novi
1153 2353 1311 2386 contigisse,
1327 2352 1374 2379 sed
1388 2352 1537 2386 imperator
1551 2353 1640 2380 adhuc
1654 2361 1721 2381 aura

944 2398 1017 2425 vesci
1033 2403 1061 2425 et
1077 2406 1194 2433 praeesse
1216 2399 1297 2425 rebus
1318 2398 1470 2425 videretur.
1485 2398 1558 2425 Nulli
1582 2399 1656 2425 enim
1673 2406 1723 2426 nec

938 2443 1019 2478 ’parvi
1045 2451 1098 2471 nec
1118 2443 1207 2478 magni
1234 2448 1324 2470 motus
1347 2443 1548 2476 audiebantur;
1574 2443 1627 2470 nisi
1650 2444 1722 2478 quod

945 2487 1041 2514 Albani
1058 2488 1085 2514 in
1100 2487 1240 2514 Thessalia
1264 2492 1350 2513 murte
1373 2487 1548 2521 imperatoris
1574 2487 1722 2518 intellecta,

942 2533 1026 2560 urbes
1041 2532 1098 2560 illic
1109 2532 1298 2563 incursabant.
1324 2537 1351 2559 et
1372 2535 1536 2567 (quanquam
1562 2541 1615 2559 non
1629 2532 1726 2559 admo-

942 2578 1019 2614 dum)
1032 2578 1272 2613 depraedabantur.
1299 2577 1359 2610 Quo
1381 2583 1525 2612 comperto
1548 2585 1662 2612 magnus
1675 2577 1724 2604 do-

943 2624 1074 2652 mesticus
1101 2630 1182 2658 quam
1212 2623 1331 2658 primum
1363 2630 1397 2650 eo
1430 2625 1555 2650 nuntium
1589 2623 1722 2656 expedit:

743 2691 851 2722 Jacobi
867 2690 997 2721 Pontani
1015 2693 1109 2721 notae.

147 2762 204 2796 (36)
221 2760 355 2793 Compara
369 2756 499 2796 haec-eunt
511 2754 557 2796 ii_s,_
568 2761 632 2796 quae
643 2753 825 2796 iu_p£9_(2miq,
841 2761 889 2780 seu

112 2799 138 2825 in
149 2787 268 2832 ‘e—pi'stola
289 2787 457 2831 responsoria
471 2787 634 2832 Christoiluli
648 2787 894 2832 qti;_N‘ilutlt‘diI:UIl-

112 2824 223 2861 tur...“
243 2831 301 2860 hoc,
320 2824 369 2854 non
385 2826 434 2852 ista
457 2833 472 2851 α
489 2824 632 2858 majoribus
646 2824 735 2855 didici,
750 2827 795 2849 aut
815 2824 894 2857 fama:

114 2867 239 2900 fubuliave
253 2863 356 2895 ineptia,
372 2866 425 2887 etc.

983 2752 1037 2786 (87)
1057 2751 1185 2779 Conferes
1201 2750 1281 2786 etiam
1305 2751 1377 2786 hunc
1390 2750 1480 2786 locum
1504 2756 1565 2776 cum
1588 2749 1651 2780 illis.
1665 2756 1726 2786 quae

947 2783 1010 2815 sunt
1029 2783 1057 2813 in
1081 2790 1201 2812 extrema
1220 2785 1332 2819 epistola
1356 2785 1416 2811 ΝιΙί.
1433 2785 1597 2818 Quapropter
1616 2789 1642 2809 ut
1665 2783 1725 2817 plu-

948 2824 1040 2848 rimum
1057 2822 1178 2848 humatur
1190 2820 1248 2846 vitae
1260 2820 1470 2846 commodatur-us
1497 2823 1550 2845 etc.
