1932 3089
143 133 193 165 7l‘i

733 131 854 162 JOANN
861 132 894 161 lS
923 132 965 161 CA
971 132 1116 163 NTACUZ
1123 132 1185 162 ENI

1714 135 1765 166 ’ΞΟ

144 193 236 223 refert,
256 199 316 226 qua:
338 199 353 218 a
370 198 467 226 magno
485 190 636 217 domestico
651 189 799 223 acceperit,
817 189 928 223 ctjnssa

987 189 1008 215 ts
1020 197 1080 216 τινα
1098 190 1142 215 καὶ
1173 190 1239 216 ἄλλα
1257 190 1328 223 ἔχειν
1341 189 1480 224 ἀνέκφορκ
1507 190 1535 215 ἐν
1554 192 1586 224 τῇ
1608 191 1692 227 ψυχῇ.
1713 194 1764 220 Αὐ-

145 238 235 266 υῐῖὶείι.
250 238 315 270 Qua:
331 241 383 263 tam
398 236 560 270 insperatos,
574 240 601 262 et
614 235 812 269 inexspectatos
823 242 929 261 sermo-

145 291 193 310 nes
217 283 329 310 auribus
345 281 474 309 hauriens
490 281 680 312 contristatur,
696 285 724 308 et
739 280 773 307 ad
789 284 929 314 stuporem

145 331 270 362 miratur,
296 329 359 363 quid
379 335 442 355 eum
459 327 492 354 ad
512 327 569 355 haec
587 327 742 362 cogitanda,
759 332 787 354 ct
802 326 854 353 sibi
869 326 928 353 elo-

144 374 252 409 qneuda
278 373 435 408 perpulerit.
460 372 562 400 Tamen
586 376 616 398 ut
633 380 661 399 se
677 371 796 407 collegit,
810 371 833 398 ei
849 371 930 398 vicis-

144 422 194 448 sim
219 419 337 445 nuntiari
359 419 438 453 jubet
454 417 529 444 nulla
553 418 658 445 ratione
675 417 734 444 haec
748 418 836 451 ipsum
854 417 928 451 loqui

144 465 254 496 decere,
274 471 365 498 neque
378 464 438 499 ejus
459 463 580 498 ingenio,
597 470 686 497 neque
703 470 796 489 amore
809 463 930 496 illo,quo

145 518 174 538 se
192 511 249 544 ipse
265 515 292 537 et
310 510 459 543 imperator
476 513 572 536 mutuo
589 508 746 539 dilexerint,
763 515 899 542 quemque
916 515 931 535 a

145 556 263 590 pueritia
280 563 367 590 usque
381 555 414 582 ad
429 555 481 582 hoc
496 559 603 588 tempus
625 562 724 589 purum
739 553 932 585 sincerumque

145 601 346 633 conservarint,
363 601 445 636 digna
458 607 528 628 esse.
545 599 679 632 Quocirca
691 606 720 626 se
729 598 842 626 credere.
851 598 932 624 etiam

146 657 202 676 non
227 655 318 682 posse,
346 654 408 674 eum
425 652 537 682 propter
553 645 693 673 hominem
710 645 816 672 fatuum
833 652 866 672 eo
880 645 934 672 ira-

147 695 254 722 cundia:
271 693 497 729 aegritudinisque
511 693 689 728 processisse.
719 692 823 719 Deinde
839 699 868 719 se
883 698 933 719 nec

147 741 258 767 audisse
282 738 347 774 quid
374 738 498 772 diceret;
523 746 574 766 nec
600 739 622 765 si
647 738 743 765 audire
765 737 932 772 contigisset,

148 792 239 819 operat:
256 784 375 818 pretium
392 789 537 810 censuram
556 781 639 809 fuisse
655 782 794 809 hominem
807 781 932 813 multare,

148 829 258 864 quando
281 829 396 863 ipsemet
420 835 474 854 non
498 826 631 854 minorem
658 835 740 861 quam
759 827 827 861 ipsa.
843 832 870 854 et
885 835 932 860 pu-

149 874 242 901 ttiendi
255 881 270 900 a
285 873 386 908 quibus
403 872 526 900 oﬂ‘cnsus
539 872 585 903 sit,
599 876 626 898 et
638 871 806 906 ignoscendi,
823 871 844 898 si
858 871 932 900 velit.

149 920 342 948 auctoritatem
368 918 478 946 habeat.
497 918 681 951 Quamobrem
699 917 720 944 si
737 921 849 952 propter
867 917 932 944 illud

148 967 264 994 verbum
285 966 418 992 duntaxat
432 964 632 1000 indignaretur,
648 971 663 990 ιι
677 963 823 997 semetipso
838 963 933 997 magis,

149 1019 231 1046 quam
249 1011 283 1039 ab
301 1011 346 1038 illa
364 1018 458 1046 ptnnas
472 1018 581 1038 sumere
596 1009 754 1037 convenire.
771 1010 799 1037 Si
814 1017 868 1044 quo
881 1010 934 1036 alio

148 1057 201 1085 sibi
228 1065 298 1093 opus
319 1057 364 1088 sit,
379 1056 452 1090 quod
471 1056 529 1090 ipsa
546 1063 631 1090 usque
646 1063 720 1082 nunc
738 1055 855 1090 ignoret,
872 1062 934 1082 cum

150 1103 249 1130 ﬁducia
265 1102 369 1137 aperiat
386 1110 392 1127 :
412 1100 480 1127 nihil
496 1100 553 1127 fore
564 1120 571 1133 ,
588 1100 614 1126 in
633 1108 687 1134 quo
701 1100 761 1135 ejus
774 1100 865 1126 animo
880 1107 934 1127 non

149 1150 268 1177 libenter
293 1146 480 1184 gratiﬁcatura
507 1146 553 1175 sit.
580 1145 631 1172 nisi
654 1145 738 1172 multo
761 1145 877 1172 maxime
901 1145 934 1173 ad

149 1192 332 1229 praestandum
349 1190 520 1226 impossibile
538 1190 630 1217 fuerit.
648 1190 693 1218 Sic
706 1191 865 1225 imperati-ix
877 1199 934 1218 ma-

149 1247 203 1275 gno
220 1238 372 1266 domestico
395 1236 618 1272 respondendum
634 1238 749 1264 curavit.
771 1237 821 1270 Qui
837 1238 869 1264 ad
890 1246 936 1272 pa-

150 1284 311 1316 triarcham,
336 1282 371 1310 Et
398 1287 425 1309 ιιι
443 1281 552 1316 penitus
573 1282 625 1308 vim
651 1281 796 1308 verborum
811 1291 934 1310 meorum

151 1333 271 1365 ignoras,
299 1329 400 1364 inquit,
427 1333 455 1356 et
478 1328 599 1364 Augusta
624 1335 639 1355 a
658 1328 824 1364 cogitatione
839 1337 934 1357 eorum

150 1384 210 1411 qua:
235 1376 313 1406 fiunt,
329 1375 407 1402 abest
423 1374 594 1409 longissime.
613 1373 648 1401 Ut
660 1380 751 1402 autem
764 1380 791 1401 et
807 1379 834 1401 ιιι
852 1375 933 1408 scias,

150 1426 177 1447 ct
203 1420 242 1448 illi
267 1427 398 1455 exponas,
423 1427 503 1454 quam
529 1427 582 1446 non
605 1419 698 1454 iniqua
721 1420 748 1446 in
771 1421 853 1447 corde
875 1428 935 1448 meo

150 1476 269 1500 versam,
297 1468 360 1495 audi
390 1468 452 1502 quis
468 1467 503 1494 sit
525 1474 601 1494 meus
623 1467 655 1494 de
674 1468 810 1501 republica
826 1476 933 1497 sensus.

152 1513 237 1540 Meam
255 1521 316 1540 cum
332 1512 463 1539 defuncto
478 1511 643 1545 imperatore
661 1519 675 1538 a
691 1512 783 1546 pueris
795 1512 935 1546 perlectis-

150 1560 247 1586 simam
274 1557 422 1585 amicitiam
437 1577 444 1588 ,
467 1560 495 1583 et
517 1561 542 1583 te
562 1557 669 1584 nescire
684 1557 816 1584 credibile
833 1562 892 1592 est;
908 1562 935 1586 et

151 1603 310 1638 imperati-ix
331 1602 358 1628 in
370 1602 458 1636 patria
469 1601 558 1628 adhuc
568 1601 669 1636 degens
682 1609 760 1630 nosse
773 1603 819 1638 qui
831 1604 937 1638 potuit?

151 1649 229 1683 Quod
245 1657 311 1677 vero
324 1649 357 1675 ad
372 1648 474 1676 bellum
491 1652 585 1675 cantra
599 1656 681 1676 avum
702 1654 730 1677 et
744 1649 894 1684 inceptum,
910 1654 938 1677 et

153 1696 260 1722 linilum
283 1695 392 1726 attinet,
414 1693 523 1729 quando
550 1695 663 1730 reliquis
678 1695 805 1722 omnibus
822 1696 937 1722 multum

153 1746 181 1771 et
202 1741 277 1770 varie
291 1740 457 1774 immutatis,
481 1741 662 1775 omnibusque
683 1742 892 1769 adversantibus
910 1743 937 1768 in

152 1793 292 1816 extremas
309 1787 364 1814 fere
380 1785 553 1813 diﬂicultates
564 1786 685 1820 devenit,
699 1794 779 1821 quam
796 1793 938 1823 promptus

153 1835 178 1862 ci
198 1834 306 1868 adjutor
323 1832 490 1866 exstiterim,
514 1839 564 1859 nec
579 1832 685 1867 corpori
704 1841 776 1866 meo,
792 1841 841 1860 nec
857 1841 939 1868 pecu-

152 1880 217 1912 niis,
240 1887 290 1906 nec
304 1879 348 1906 alii
368 1879 486 1913 cuipiam
505 1883 596 1905 rerum
610 1886 732 1905 mearum
747 1887 871 1914 parcens,
889 1880 938 1907 sed

153 1925 324 1960 temporibus
339 1923 457 1956 miseris,
476 1927 504 1950 et
518 1923 623 1951 amicos
637 1931 781 1959 germanos
797 1927 939 1959 requiren-

153 1971 238 2004 tibus,
250 1971 342 1998 omnia
353 1970 378 1997 ei
394 1969 482 1997 factus
494 1969 556 2002 sim,
572 1970 730 2004 nullumque
742 1970 859 1998 cilicium
872 1979 939 2005 pree-

154 2019 341 2051 termiserim;
357 2022 382 2045 et
397 2022 543 2052 postquam
556 2025 647 2045 rerum
660 2025 795 2045 summam
807 2019 937 2051 obtinuit,

154 2069 286 2099 quantum
311 2064 344 2092 ad
369 2069 497 2091 externos
521 2065 624 2095 hostes,
643 2063 761 2096 Grzccos,
777 2064 899 2099 inquam,
912 2068 940 2091 et

152 2112 300 2142 Batbaros,
327 2115 354 2138 et
379 2110 412 2137 ad
436 2110 602 2137 domesticos
629 2109 803 2137 insidiatores
829 2111 938 2143 attinet,

154 2157 237 2192 358
262 2155 402 2191 quomodo
428 2162 478 2190 ego
495 2160 622 2190 tanquam
639 2155 710 2182 alter
723 2155 766 2182 ille
781 2155 805 2182 ei
821 2155 940 2182 collabo-

981 234 1043 259 τίκα
1060 234 1109 268 μὲν
1121 233 1168 260 οὖν
1185 235 1199 260 ὁ
1215 234 1385 269 πατριάρχης
1400 235 1484 261 ἐποίει
1500 235 1533 262 τὰ
1551 237 1765 271 κεκελευσμένα,

983 280 1029 306 καὶ
1044 281 1078 314 τῦ
1095 280 1212 315 βασιλίδι
1241 281 1408 315 ἀπήγγειλεν
1423 281 1473 307 ὅσα
1495 283 1508 308 ό
1532 281 1618 316 μέγας
1638 283 1765 317 δομέστι-

983 333 1029 356 κος
1046 325 1114 360 πρὸς
1130 325 1211 351 αὑτὸν
1235 325 1399 361 διαλεχθείη.
1432 327 1465 352 Ἠ
1483 326 1511 353 δὲ
1529 327 1635 358 ἐλπίδος
1652 337 1682 354 τε
1704 329 1766 362 ἔξω,

983 372 1030 397 καὶ
1049 371 1119 406 πέρα
1143 371 1308 405 προσδοκίας
1333 371 1430 405 λόγους
1446 373 1506 403 ταῖς
1531 373 1627 404 ἀκοαῖς
1649 374 1768 406 εἰσδεξα-

985 417 1065 451 μένη.
1081 417 1175 451 ἠνιᾶτο
1193 417 1244 451 μὲν
1268 416 1314 443 ἐπὶ
1337 418 1395 448 τοῖς
1419 417 1579 452 λεγομένοις
1592 439 1599 450 ,
1618 419 1767 454 ἐξεπέπλη-

983 469 1032 486 κτο
1048 460 1087 492 δὲ,
1104 460 1128 492 ὅ,
1145 469 1171 486 τι
1190 461 1220 486 τὸ
1238 459 1282 486 τὸν
1304 461 1392 495 μέγαν
1408 461 1570 495 ὄομέστικον
1599 463 1698 489 πεῖσαν
1712 472 1767 490 τοι·

982 505 1053 532 αὕτα
1068 515 1097 532 τε
1114 506 1302 541 ἐνθυμηθῆναι
1317 507 1365 532 καὶ
1380 507 1448 541 πρδις
1464 507 1549 542 αὐτὴν
1568 508 1656 533 εἰπεῖν
1670 516 1677 523 ·
1694 508 1767 542 ὅμως

983 551 1082 586 ἑαυτὴν
1103 552 1289 584 ἁναλαόοὖσα,
1307 553 1478 588 ἁντεμήνυεν
1505 553 1590 588 αὐτῷ,
1609 554 1647 589 μὴ
1666 555 1767 580 παντα-

984 606 1067 624 πασιν
1086 598 1160 633 αὐτῴ
1183 599 1333 634 προσήκειν
1348 600 1415 631 τοὺς
1431 599 1571 630 τοιούτους
1587 600 1696 634 λόγους,
1710 600 1769 626 οὐδὲ

983 644 1032 679 τῆς
1048 644 1129 670 αὐτοῦ
1146 644 1265 676 διανοίας
1291 645 1384 676 ἀξίους
1425 643 1495 671 εἴναι
1513 652 1520 660 '
1546 645 1606 672 οὐδὲ
1636 646 1686 680 τῆς
1703 647 1769 680 πρὸς

985 689 1097 724 βασιλέα
1124 690 1215 724 φιλίας
1238 691 1273 726 ἠν
1287 692 1319 717 ἐκ
1340 691 1443 718 παίδων
1467 691 1546 725 ἄχρι,
1574 691 1622 717 καὶ
1649 693 1688 721 εἰς
1712 692 1769 718 τάδε

984 737 1079 771 χρόνου
1095 736 1220 771 ἀλλήλοις
1244 737 1426 772 διετηρήσατε
1453 738 1547 764 ἄδολον
1568 738 1615 764 καὶ
1637 738 1767 772 καθαράν.

984 782 1030 807 Διὸ
1042 782 1103 808 οὐδὲ
1125 781 1266 808 πείθεσθαι
1282 779 1325 809 οἷὰ
1343 791 1372 808 τε
1399 784 1456 817 εἰμὶ
1470 783 1507 814 ὡς
1526 783 1769 817 παραφρονοῦντος

986 827 1067 854 ἕνεκα
1082 827 1226 862 ἀνθρώπου
1256 828 1397 863 προήχῢης
1414 829 1453 859 είς
1479 828 1605 855 τοσοῦτον
1623 829 1671 855 καὶ
1687 828 1768 863 ὀργῆς

953 863 972 890 Β
988 873 1033 899 καὶ
1048 873 1146 906 λύπης.
1169 872 1239 906 Ἐγὼ
1259 873 1286 899 δὲ
1304 874 1367 907 μήτ’
1392 867 1542 908 ἀκηκοέναι
1563 873 1610 900 τοῦ
1628 873 1768 907 ανθρώπου

985 918 1109 951 λέγοντος
1123 918 1257 953 ὁμολογῶ,
1274 919 1338 953 μήτ’
1355 919 1380 944 εί
1398 920 1446 946 καὶ
1467 918 1608 945 συνέϐαινε
1625 919 1767 949 πυθέσθαι,

985 963 1126 999 προῦργου
1156 964 1324 1000 ποιήσασθαι
1345 964 1469 997 κολάζειν
1490 965 1536 991 τὸν
1561 965 1674 991 εἰπόντα
1687 973 1694 979 ·
1711 965 1769 991 οὐδὲ

985 1011 1039 1045 γὰρ
1052 1011 1134 1042 αὐτὸς
1152 1010 1184 1037 σὺ
1195 1011 1302 1038 ἐλάττω
1316 1010 1430 1045 δύναμιν
1445 1011 1530 1046 ἔχεις,
1546 1011 1562 1046 ἦ
1579 1011 1636 1049 ἐγῲ
1648 1011 1768 1043 κολάζειν

985 1065 1013 1082 τε
1032 1057 1092 1087 τοὺς
1110 1056 1341 1091 προσκρούοντας,
1363 1057 1409 1084 καὶ
1436 1057 1604 1091 συγγνώμην
1639 1057 1768 1092 παρεχειν

985 1104 1017 1130 ἂν
1030 1104 1139 1141 ἐθέλῃς.
1170 1105 1200 1131 Et
1221 1112 1271 1139 μεν
1285 1103 1331 1131 οὖν
1360 1105 1473 1131 ἐκείνων
1493 1105 1574 1131 ἕνεκα
1601 1105 1656 1132 τῶν
1685 1105 1768 1139 λόγων

988 1149 1064 1184 μόνον
1089 1150 1266 1183 ἀγανακτεῖς,
1292 1150 1366 1182 παρὰ
1403 1150 1504 1176 σαυτοῦ
1530 1150 1632 1184 μᾶλλον
1660 1151 1676 1184 ἦ
1706 1150 1768 1185 παρ’

985 1195 1053 1229 ἐμοῦ
1082 1197 1216 1230 προσήκει
1238 1196 1388 1230 λαμόάνειν
1407 1196 1495 1227 δίκας.
1520 1198 1548 1222 Εἰ
1569 1197 1597 1223 δὲ
1627 1197 1673 1223 καί
1700 1206 1767 1228 τινος

986 1241 1080 1274 ἑτέρου
1111 1241 1156 1276 δέῃ
1177 1242 1243 1274 ὅπερ
1259 1241 1324 1275 ἄχρι
1348 1241 1394 1267 νῦν
1417 1242 1554 1274 ἄγνωστον
1578 1242 1654 1276 ἐμοὶ,
1683 1242 1768 1275 λέγειν

986 1285 1147 1320 θαρροῦντα,
1159 1286 1196 1317 ὡς
1217 1286 1281 1322 παρ’
1308 1287 1370 1321 ἐμοὶ
1384 1287 1513 1313 δύσκολον
1528 1287 1660 1322 ἐσόμενον
1689 1288 1770 1322 μηδὲν

985 1332 1053 1366 ὅπερ
1079 1332 1110 1359 ἄν
1144 1341 1184 1358 σοι
1200 1334 1271 1359 κατὰ
1297 1332 1409 1367 γνώμην
1435 1331 1462 1368 ᾖ,
1488 1335 1511 1359 εἰ
1535 1333 1572 1368 μὴ
1593 1334 1683 1368 πάντη
1717 1334 1768 1360 τῶν

986 1377 1199 1404 ὰόυνατωτάτων
1231 1378 1287 1413 εἴη.
1313 1378 1436 1404 Τοιαῦτα
1460 1378 1509 1413 μὲν
1534 1380 1550 1413 ή
1573 1379 1681 1413 βασιλὶς
1704 1380 1767 1414 πρὸς

986 1421 1047 1451 τιὺς
1062 1421 1108 1446 τοῦ
1134 1421 1254 1454 μεγάλου
1270 1421 1434 1456 δομεστίκου
1459 1422 1555 1455 λόγους
1581 1423 1745 1457 ἁπεκρίνατο
1759 1431 1766 1438 ·

986 1467 1000 1493 ὃ
1014 1467 1035 1493 δ’
1051 1467 1183 1502 ἔφασκεν,
1202 1468 1283 1494 αὐτόν
1303 1477 1332 1494 τε
1351 1469 1524 1495 παντάπασιν
1546 1470 1768 1504 ὴγνοηκέναιτὴν

988 1513 1103 1548 δύναμιν
1122 1514 1177 1540 τῶν
1192 1514 1277 1548 λόγων
1299 1514 1353 1540 τῶν
1386 1515 1481 1547 αὑτοῦ,
1512 1514 1558 1541 καὶ
1585 1515 1708 1549 βασιλίδα
1723 1515 1768 1549 τὴν

987 1560 1108 1587 διάνοιαν
1131 1561 1184 1586 τῶν
1209 1561 1382 1595 γιγνομένων
1407 1561 1525 1595 μάλιστα
1540 1561 1576 1592 ὡς
1602 1563 1768 1597 πορρωτάτω

987 1606 1069 1641 ἔχειν.
1091 1606 1150 1632 Ἵνα
1170 1605 1198 1632 δὲ
1224 1607 1302 1638 αὑτός
1317 1615 1347 1632 τε
1372 1607 1446 1642 εἰδῇς
1467 1608 1513 1634 καὶ
1530 1607 1649 1642 βασιλίδι
1663 1608 1766 1643 φράσῃς

987 1653 1023 1684 ὡς
1039 1653 1131 1680 δίκαια
1145 1653 1315 1689 διανοοῦμαι,
1332 1653 1367 1685 ὡς
1384 1654 1437 1689 ἔχω
1451 1655 1516 1688 περὶ
1529 1654 1584 1680 τῶν
1598 1654 1765 1689 πραγμάτων

988 1699 1114 1726 ἄκουσον.
1142 1699 1198 1734 Τὴν
1216 1700 1265 1734 μὲν
1290 1699 1357 1734 ἐμοῦ
1381 1708 1410 1725 τε
1439 1700 1486 1726 καὶ
1507 1699 1643 1734 βασιλέως
1667 1700 1765 1726 ἐκείνου

988 1747 1055 1779 πρὸς
1072 1745 1201 1780 ἀλλήλους
1225 1745 1258 1771 ὲκ
1276 1745 1380 1771 παίδων
1404 1745 1560 1780 ἀκροτατην
1577 1745 1680 1779 φιλίαν,
1696 1744 1726 1770 σύ
1741 1743 1765 1770 τ’

988 1788 1020 1814 ἂν
1033 1790 1159 1823 ἁινοοίης
1190 1788 1285 1823 ὥσπερ
1299 1788 1382 1820 εἰκὸς,
1410 1788 1457 1815 καὶ
1476 1789 1491 1823 ἡ
1510 1788 1618 1823 βασιλὶς
1640 1790 1705 1824 πρὶς
1721 1788 1767 1823 τὴν

988 1835 1078 1861 οἰκίαν
1101 1834 1279 1870 διατρίϐουσα
1292 1843 1298 1850 ·
1314 1835 1364 1861 ὅσα
1385 1834 1477 1870 μέντοι
1503 1843 1535 1869 γε
1553 1835 1624 1870 πρὸς
1644 1835 1688 1862 τὸν
1704 1835 1767 1869 πρδς

990 1880 1101 1915 βασιλέα
1115 1881 1160 1907 τὸν
1184 1881 1297 1908 πάππον
1313 1879 1442 1915 πόλεμον,
1469 1881 1517 1907 καὶ
1547 1881 1700 1916 ἀρχομένου
1723 1880 1766 1907 καὶ

989 1926 1178 1959 τελευτῶντος,
1195 1927 1239 1953 ὅτε
1260 1927 1315 1954 τῶν
1340 1927 1428 1954 ἄλλων
1447 1928 1575 1955 ἁπάντων
1610 1928 1709 1959 πολλὰς
1723 1926 1767 1954 καὶ

990 1973 1164 2004 παντοδαπὰς
1197 1973 1372 2000 ὑποστάντων
1394 1973 1444 2005 τὰς
1467 1973 1634 2008 μεταϐολὰς,
1664 1974 1766 2001 πάντων

990 2017 1230 2053 ἀντιτεταγμένων
1249 2017 1341 2052 σχεδὸν
1354 2019 1395 2050 εἰς
1410 2018 1529 2053 ἐσχάτην
1555 2018 1675 2053 ἀπορίαν
1690 2026 1766 2052 συνη-

989 2063 1069 2099 λάοη,
1083 2064 1158 2098 αὐτῷ
1174 2065 1320 2099 προθύμως
1337 2065 1578 2100 συνηγωνισάμην,
1598 2067 1667 2101 μήτε
1679 2065 1766 2100 σώμα-

990 2118 1035 2141 τος
1047 2109 1226 2144 φειδόμενος,
1245 2110 1314 2145 μήτε
1341 2110 1502 2146 χρημάτων,
1528 2112 1593 2146 μήτ’
1614 2112 1692 2138 ἄλλον
1716 2110 1765 2136 τῶν

990 2155 1098 2181 οἰκείων
1123 2156 1250 2190 μηδενὸς,
1278 2155 1337 2182 ἀλλ’
1355 2158 1385 2183 ὲν
1411 2158 1467 2188 τοῖς
1496 2158 1616 2192 μάλιστα
1631 2157 1764 2190 ἐπείγουσι

155 2205 250 2235 rarim,
275 2206 304 2229 et
329 2209 392 2229 cum
411 2207 456 2232 eo.
479 2207 511 2228 ac
531 2208 581 2235 pro
593 2208 626 2228 eo
641 2201 725 2228 multa
747 2202 840 2236 gravia
867 2201 935 2236 peri~

992 2200 1046 2227 τῶν
1069 2200 1174 2236 καιρῶν
1190 2202 1237 2227 καὶ
1262 2201 1401 2236 δεομένοις
1420 2202 1541 2236 γνησίων
1570 2203 1655 2235 φίλων
1684 2202 1765 2228 πάντα

155 2249 302 2282 culosaque
322 2246 500 2274 sustinuerim
522 2245 600 2280 (sileo
624 2246 697 2273 enim
715 2247 747 2274 de
764 2247 938 2274 administra-

157 2295 230 2320 tione
242 2313 249 2326 ,
275 2299 330 2327 quo
354 2295 432 2326 pacto
457 2298 565 2318 omnem
584 2298 634 2326 ego
649 2291 769 2318 laborem
786 2291 937 2326 perferens,

156 2338 300 2373 imperium
317 2337 366 2372 ipsi
379 2335 537 2363 facillimum
551 2335 741 2369 reddiderim),
751 2336 865 2362 Romani
881 2344 940 2363 omo

156 2391 205 2410 nes
223 2383 294 2410 scire
322 2385 446 2416 pOSsunt,
463 2381 544 2408 rebus
569 2381 634 2415 ipsis
649 2381 869 2408 manifestissime
884 2382 939 2408 cla-

157 2429 307 2459 mantibus,
326 2432 353 2454 et
367 2427 554 2454 testimonium
576 2425 677 2457 ferent;
692 2434 801 2460 praeque
812 2427 939 2454 nntnibus

157 2475 328 2512 irruperatrix,
354 2481 435 2508 quam
468 2480 522 2500 una
550 2472 720 2507 experientia
746 2477 863 2504 tantum,
891 2473 937 2500 sed

157 2524 273 2557 ἱρκυιιιοι
285 2528 394 2555 quoque
406 2520 552 2554 imperator
567 2520 599 2545 de
616 2523 708 2545 mutua
725 2519 796 2545 inter
807 2526 858 2545 nos
873 2526 940 2546 con-

157 2567 250 2595 cordia
265 2566 359 2593 docuit
375 2574 381 2591 :
399 2572 459 2599 qua:
475 2565 583 2598 quidem
600 2568 673 2590 tanta
692 2564 751 2596 fuit,
767 2568 796 2590 ut
810 2563 939 2599 opinione

156 2620 218 2643 mea
240 2618 336 2638 omnes
362 2614 390 2637 ct
417 2609 555 2644 antiquos,
579 2613 606 2636 et
629 2610 751 2636 recentes
769 2609 803 2636 ab
819 2609 939 2636 amicitia

156 2658 317 2686 nobilitatos
341 2655 521 2691 superaverit.
549 2655 625 2682 Unde
653 2663 706 2682 non
723 2655 803 2682 modo
818 2655 938 2682 vicissim

156 2712 207 2731 nos
228 2702 372 2737 adjuvari.
391 2701 438 2729 sed
459 2701 541 2728 etiam
566 2708 650 2734 usque
669 2701 700 2726 ad
717 2700 767 2727 hoc
789 2705 895 2735 tempus
912 2700 938 2727 in

157 2757 263 2776 stunma
287 2749 372 2783 gloria
389 2748 488 2774 vixisse
507 2746 633 2780 contigit.
660 2745 752 2780 Turpe
773 2746 866 2780 igitur,
884 2753 937 2777 me,

158 2795 204 2830 qui
222 2795 338 2821 antehac
354 2800 495 2828 nunquam
515 2793 597 2820 ullius
611 2791 753 2818 dedcc0ris
766 2792 938 2818 occasionem

160 2839 227 2866 mihi
252 2839 424 2874 pra-buerim,
450 2846 522 2865 nunc
545 2842 652 2872 sponte,
676 2844 708 2864 ac
732 2836 861 2864 libentem
881 2844 939 2863 ma-

992 2244 1123 2278 ὲγινόμην
1140 2244 1225 2278 αὐτῷ,
1243 2245 1290 2271 καὶ
1311 2245 1366 2271 τῶν
1389 2245 1513 2279 δεόντων,
1533 2247 1656 2272 ἐνέλιπον
1680 2245 1761 2275 οὐδὲν,

993 2286 1040 2313 καὶ
1055 2288 1124 2322 μετὰ
1149 2287 1180 2313 τὸ
1204 2288 1260 2313 τῶν
1287 2288 1460 2322 πραγμάτων
1483 2289 1605 2324 ἐγκρατῆ
1634 2288 1763 2322 γενέσοαι,

992 2333 1041 2359 ὅσα
1059 2341 1088 2359 τε
1103 2333 1172 2369 πρὸς
1189 2335 1251 2365 τοὺς
1275 2333 1374 2366 ἔξωθεν
1392 2334 1549 2369 πολεμίους,
1579 2335 1625 2361 καὶ
1642 2334 1764 2367 ’Έλληνας

993 2378 1074 2412 λέγω,
1092 2379 1138 2405 καὶ
1156 2379 1319 2414 βαρϐάρους,
1336 2380 1382 2405 καὶ
1398 2379 1467 2414 πρὸς
1482 2380 1545 2411 τοὺς
1571 2380 1644 2406 ἔνδον
1662 2377 1763 2405 ἐπιϐού-

993 2425 1066 2457 λους,
1082 2425 1176 2460 ὥσπερ
1193 2425 1272 2457 ἄλλος
1295 2425 1332 2452 ὢν
1352 2425 1443 2458 αὐτὸς,
1463 2426 1511 2452 καὶ
1540 2424 1763 2460 συγκατειργαζό-

996 2480 1048 2507 μην
1069 2472 1114 2497 καὶ
1132 2471 1307 2506 συνδιέφερον
1338 2471 1411 2505 αὐτῷ
1425 2473 1489 2502 τοὺς
1507 2471 1577 2506 ὑπὲρ
1604 2470 1699 2498 ἑαυτοῦ
1723 2470 1765 2495 πό-

993 2525 1055 2546 νους
1088 2516 1135 2542 καὶ
1157 2516 1296 2547 κινδύνους
1319 2516 1366 2550 (ὲῶ
1385 2516 1439 2551 γὰρ
1460 2516 1552 2550 λέγειν
1567 2516 1616 2551 τὴν
1638 2516 1762 2548 διοίκησιν

992 2563 1047 2588 τῶν
1065 2563 1246 2597 πραγμάτων,
1260 2562 1297 2594 ὡς
1313 2563 1394 2593 αὐτὸς
1410 2563 1498 2589 πάντα
1515 2563 1596 2589 πόνον
1624 2560 1764 2595 ὖφιστάμε·

993 2617 1050 2640 νος,
1065 2609 1167 2636 ἄλυπον
1188 2608 1323 2642 αὐτῷκαὶ
1347 2608 1447 2635 ἄπονον
1469 2608 1578 2635 ἐποίουν
1601 2608 1649 2642 τὴν
1661 2604 1761 2641 ἀρχὴν),

993 2655 1094 2686 πάντες
1113 2655 1162 2689 μὲν
1186 2654 1218 2681 ἂν
1234 2655 1329 2682 εἰῖεἶεν
1358 2655 1500 2690 Ῥωμαῖοι,
1517 2655 1606 2682 αὐτῶν
1619 2654 1762 2687 σαφέστατα

994 2700 1117 2734 βοώντων
1144 2700 1197 2727 τῶν
1231 2702 1413 2736 πραγμάτων,
1444 2701 1489 2728 καὶ
1512 2699 1762 2737 συμμαρτυρήσαιεν

993 2745 1064 2780 ἐμοί.
1095 2746 1154 2772 Τῶν
1182 2746 1269 2774 ἄλλων
1291 2747 1319 2773 δὲ
1350 2747 1459 2774 πάντων
1489 2747 1604 2782 μάλιστα
1628 2745 1644 2779 ὴ
1665 2741 1761 2778 βασιλὶς

993 2793 1042 2819 ὅσα
1065 2793 1101 2827 μὴ
1118 2793 1197 2827 μόνον
1211 2794 1262 2819 ὑπο
1282 2793 1335 2819 τῶν
1353 2794 1535 2828 πραγμάτων,
1554 2792 1619 2821 ἀλλὰ
1631 2792 1675 2818 καὶ
1689 2789 1760 2825 βασι-

994 2837 1061 2870 λέως
1083 2838 1168 2864 αὑτοῦ
1194 2839 1243 2873 τὴν
1272 2839 1340 2874 πρὶς
1371 2839 1503 2874 ἀλλήλους
1533 2839 1610 2875 ἡμῶν
1631 2838 1755 2873 ὁμόνοιαν,
