1932 3089
168 164 219 197 721

728 163 995 195 HISTORIARUM
1014 163 1130 193 LIBER
1149 163 1205 193 lli.

1735 162 1786 193 ῖΞΞ

167 221 216 255 τὴν
237 221 340 252 πάντας
359 221 396 252 ὡς
421 217 527 255 ἐγῷμαι
550 220 597 247 καὶ
626 229 687 251 τους
715 220 797 246 πάλαι
819 220 866 247 καὶ
891 219 954 249 τοὺς

1006 217 1122 250 ledictis,
1145 223 1172 244 et
1198 217 1410 252 reprehensione
1428 217 1510 250 digna
1525 217 1705 244 committere.
1723 217 1786 244 Sire

167 266 215 292 νῦν
231 262 439 301 ὑπερελάσασαν
469 267 516 292 ἐπὶ
545 266 832 302 φιλία’ύμνουμένους
855 264 950 298 σαφῶς

166 312 365 346 διδασκοέμνη.
392 312 449 344 Ἐφ’
467 309 506 343 οἷς
531 313 580 338 οὐκ
596 311 760 345 ὠφελεῖσθαι
788 311 867 344 μόνον
884 311 950 345 παρ’

169 359 310 392 ἑκατέρων
325 358 482 385 συνέϐαινεν
499 360 576 393 ἡμῖν,
601 359 669 385 ἀλλὰ
693 359 740 384 καὶ
754 358 799 383 τὸν
822 357 886 392 ἄχρι
904 356 950 383 νῦν

168 404 264 438 χρόνον
285 404 466 431 εὐκλεέστατα
491 404 661 439 βεϐιωκέναι.
693 405 809 430 Ἄτοπον
828 396 890 432 οὖν.
905 403 951 428 τὸν

170 447 220 481 μὲν
243 447 295 482 πρὸ
321 447 368 474 τοῦ
394 449 491 482 χρόνον
513 448 632 477 ἅπαντα.
662 448 797 482 μηδέποτε
815 448 952 482 μηδεμίαν

169 492 276 525 ἀδοξίας
306 495 444 529 πρόφασιν
465 495 671 529 παρεσχηκέναι
690 495 812 529 ἐμαυτῷ,
843 494 902 519 νυνὶ
924 493 952 519 δὲ

169 539 260 565 ἑκοντὶ
286 538 420 574 λοιδορίας
440 540 501 572 ἄξια
517 542 565 566 καὶ
597 540 727 574 μέμψεως
745 540 831 565 ποιεῖν
847 548 852 555 ’
869 539 902 566 ἄν
921 547 951 565 τε

170 583 224 619 γὰρ
246 585 382 619 ἀγνοήσας
404 585 468 610 οἴων
486 585 578 611 κακῶν
595 585 629 611 τὰ
643 585 799 620 πράγματα
819 585 950 620 χωρήσει,

170 629 281 664 ἐμαυτῷ
306 630 357 664 μὲν
384 629 503 663 ἀδοξίας,
537 631 593 661 τοῖς
621 632 726 662 λοιποῖς
753 631 782 657 δὲ
803 630 952 665 Ῥωμαίοις

171 675 275 710 φθορᾶς
303 676 350 702 καὶ
376 676 509 703 κινδύνων
537 677 623 707 αἴτιος
650 676 787 708 καταστῶ,
823 676 953 710 οὐδεμίαν

172 719 366 754 παραιτεῖσθαι
377 720 481 752 δίκαιος
496 722 661 756 συγγνώμην
672 721 752 751 αὐτὸς
765 721 829 756 παρ’
842 720 953 755 ἐμαυτῷ

171 767 264 801 κριτῇ.
280 767 330 793 Ἀν
360 775 390 793 τε
408 768 455 794 καὶ
473 768 592 803 συνορῶν
622 768 728 803 (ὥσπερ
751 768 801 802 ἥδη
830 768 877 794 καὶ
891 767 952 793 ἐπί-

173 820 274 844 σταμαι
290 811 404 847 σαφῶς),
430 813 526 842 ἔπειτα
541 815 819 849 καταμαλακιζοιμην
834 814 890 840 δέει
904 813 951 840 τοῦ

174 857 210 891 μὴ
226 857 314 883 δοκεῖν
328 858 357 884 ἐν
383 859 499 892 καιροῖς,
515 859 561 885 ὲπὶ
582 859 715 890 κινδύνοις
729 860 780 894 τὴν
800 859 888 894 ἀρχὴν
906 868 953 894 με-

172 902 287 933 θίεσθαι,
300 902 330 928 ού
349 903 481 939 λοιδορίας
505 904 580 936 ἄξιος
595 905 687 939 μόνον,
715 905 782 931 ἀλλὰ
803 906 850 931 καὶ
873 905 951 940 δίκης
967 896 990 925 Β

171 946 221 980 τῆς
246 947 374 981 ἐσχάτης,
392 947 433 973 ὃτι
453 948 499 974 καί
516 957 557 975 τοι
572 948 716 982 προειδὼς,
733 949 867 983 ὑπέμεινα
879 948 951 976 ὲκὼν

172 990 242 1018 εἶναι
258 992 342 1024 κακὸς
360 992 486 1027 ὀφθῆναι,
515 994 562 1019 καὶ
581 994 650 1028 μήτε
666 995 783 1028 καιροῖς,
802 995 869 1028 μήτε
882 995 952 1029 πρά-

172 1045 275 1072 γμασιν
293 1038 330 1069 ὡς
342 1039 402 1064 δέον
415 1039 570 1073 χρήσασθαι
591 1039 680 1069 εἰδώς.
696 1037 732 1066 Οἷι
757 1040 784 1066 δὲ
800 1041 881 1066 ἕνεκα
898 1050 954 1066 κιν-

173 1084 258 1110 δύνων
273 1092 301 1110 τε
326 1085 373 1110 καὶ
387 1084 494 1116 ἀδοξίας
516 1084 601 1119 ἔγνων
619 1085 802 1111 ἀπαλλάττειν
822 1086 951 1120 ἐμαυτόν.

172 1129 227 1156 Καί
242 1138 282 1155 τοι
294 1138 325 1162 γε
339 1129 399 1156 οὑδὲ
424 1130 540 1164 βασιλίδι
553 1139 582 1156 τε
603 1131 650 1156 καὶ
665 1131 721 1162 τοῖς
746 1131 878 1165 βασιλέως
893 1140 953 1157 ⁴ιται-

175 1176 216 1201 σὶν
232 1176 263 1202 ἐκ
279 1176 327 1210 τῆς
344 1176 451 1208 ἀδοξίας
465 1178 579 1211 ταυτησὶ
596 1178 644 1204 καὶ
662 1177 716 1203 τῶν
740 1177 870 1204 κινδύνων
883 1178 954 1212 ὠφέ-

173 1222 248 1249 λειάν
261 1231 320 1249 τινα
333 1222 421 1255 ἔξεστι
435 1223 568 1258 πορίζειν.
585 1221 639 1250 Ἦν
654 1225 707 1259 γὰρ
724 1225 756 1250 ἂν
769 1224 848 1250 τοῦτο
864 1233 954 1259 παρι-

175 1267 270 1302 μύθιον
289 1271 318 1294 οὺ
339 1269 450 1303 φαῦλον,
469 1269 506 1300 ὡς
537 1270 569 1295 ἂν
592 1269 620 1295 δὲ
643 1270 681 1304 μὴ
703 1270 774 1295 δοκῶ
795 1269 859 1300 τοὺς
884 1270 954 1305 ὑπὲρ

175 1312 230 1337 τῶν
244 1311 375 1346 βασιλέως
394 1313 498 1338 παίδων
527 1312 624 1344 πόνους
640 1313 686 1338 καὶ
704 1313 843 1344 κινδύνους
860 1314 955 1340 ἀποδι-

175 1356 313 1392 δράσκειν,
334 1358 380 1384 νῦν
403 1358 452 1392 μὲν
467 1359 495 1385 ὲν
515 1359 564 1392 τῆς
581 1359 692 1393 εἰρήνης
705 1360 760 1390 τοῖς
777 1361 895 1393 καιροῖς,
911 1359 955 1385 ὅτε

177 1403 245 1437 μήτε
263 1404 379 1438 πόλεμος
393 1403 491 1434 οὐδεὶς,
511 1404 580 1438 μήτε
596 1405 688 1430 κακῶν
703 1405 852 1439 προσδοκία
874 1405 955 1440 μηδε-

177 1449 245 1483 μία,
264 1449 437 1484 πατριάρχης
454 1458 482 1475 τε
511 1452 557 1476 καὶ
576 1449 728 1484 σύγκλητος
751 1449 808 1484 ἅμα
840 1450 955 1485 βασιλίδι

178 1495 323 1522 ίθυνόντων
337 1496 385 1531 τὴν
404 1496 499 1530 ἀρχὴν,
515 1497 561 1522 καὶ
590 1496 623 1522 τὰ
637 1498 668 1521 ὲκ
691 1495 792 1531 ταύτης
804 1496 893 1530 ἀγαθὰ
911 1496 957 1523 καὶ

176 1542 225 1573 τὰς
246 1542 329 1576 τιμὰς
343 1541 534 1576 καρπούσθων.
561 1542 624 1568 Ἐὰν
641 1541 668 1568 δέ
687 1550 751 1570 ποτε
775 1541 897 1577 συμϐαίη
915 1543 957 1568 πό-

176 1588 259 1622 λεμόν
271 1596 332 1614 τινα
343 1588 496 1622 ἀναφυῆναι
511 1587 632 1614 κίνδυνον
647 1587 811 1614 ἀπειλοῦντα
823 1587 956 1621 βασιλέως

176 1636 234 1666 τοῖς
256 1634 345 1667 παισὶ,
373 1634 429 1661 τότ’
446 1635 527 1666 αὐτὸς
540 1634 590 1670 ἤδη
621 1633 769 1669 προθύμως
785 1635 842 1665 τοῖς
865 1634 956 1660 κινδύ-

177 1688 235 1710 νοις
261 1679 410 1715 ὲμπαρέξω
442 1680 570 1714 ἐμαυτὸν,
599 1680 646 1706 mi.
674 1679 690 1714 ἢ
713 1680 888 1707 συνδιασώσω
909 1682 958 1716 τὴν

177 1725 265 1761 ἀρχὴν
280 1725 381 1758 αὐτοῖς,
400 1726 416 1761 ἢ
434 1725 504 1759 ὑπὲρ
521 1725 610 1752 αὐτῶν
632 1726 783 1761 μαχόμενος
798 1728 935 1762 πεσοῦμαι
949 1735 956 1758 ;

178 1772 216 1802 ὡς
234 1771 267 1798 ἂν
285 1772 347 1806 ἐμοὶ
360 1772 411 1806 μὲν
425 1771 450 1798 οι
465 1771 542 1798 πόνοι
554 1771 601 1798 καὶ
616 1771 645 1797 τὸ
661 1771 837 1805 κινδυνεύειν,
852 1773 917 1807 ὑμῖν
930 1772 958 1798 δὲ

177 1817 209 1844 τὸ
227 1817 362 1852 ὲντρυφᾷν
373 1818 429 1849 τοῖς
446 1817 602 1851 πράγμασι,
619 1817 666 1843 καὶ
690 1817 960 1844 αὑτῶνκκταπολαύ-

177 1871 219 1889 ειν
234 1862 347 1898 μηδενὸς
360 1862 587 1899 παρενοχλοῦντος
607 1862 782 1897 περιγὶνοιτο.
805 1864 958 1898 Κεφάλαιον

177 1910 207 1937 δὲ
233 1909 288 1936 τῶν
318 1908 404 1942 λόγων
434 1908 489 1937 τῶν
528 1909 612 1943 ἐμῶν,
644 1908 680 1940 ὡς
719 1910 791 1935 ἔστιν
820 1911 894 1937 οὐδὲν
929 1912 958 1938 τὸ

178 1957 282 1987 πεῖσον,
307 1955 400 1988 ὥσπερ
431 1954 477 1980 καὶ
500 1955 643 1989 πρότερον,
671 1954 779 1989 ἑχεσΘιι
799 1955 853 1981 τῶν
884 1965 957 1991 πρα-

177 2002 293 2035 γμάτων
314 2000 362 2034 τῆς
386 2000 488 2035 ἀρχῆς·
504 2000 540 2029 ὼς
570 1999 603 2026 ἂν
625 2000 652 2025 δὲ
672 1999 719 2025 καὶ
747 1999 838 2034 ἔργοις
858 2002 871 2028 ὃ
886 2002 957 2036 λέγω

178 2046 330 2082 κατάδηλον
347 2048 463 2081 ποιήσω,
479 2047 526 2080 τῆς
554 2046 686 2078 συνήθους
712 2046 846 2083 καδὲδρας
861 2048 958 2079 ἐξανα-

179 2095 256 2125 στὰς,
284 2093 325 2127 ἐφ’
346 2093 441 2127 ἑτέραν
457 2091 635 2126 καθεδοῦμαι,
664 2091 698 2117 ἶν’
714 2092 797 2127 εἰδείη
811 2101 839 2118 τε
855 2093 958 2128 βασιλίς

178 2148 207 2175 τε
224 2141 269 2166 καὶ
285 2140 376 2174 ὑμεῖς,
392 2138 429 2169 ὡς
444 2138 520 2164 οὐδὲν
537 2138 585 2172 ἠδη
609 2137 639 2163 τὸ
656 2137 761 2164 κωλῦον
788 2138 882 2172 ἕτερόν
897 2147 959 2166 τινα

177 2187 208 2213 ὃν
222 2187 254 2213 ἂν
271 2185 402 2220 βούλησθε
416 2184 493 2210 αὐτοὶ
506 2184 559 2213 tot;
578 2182 740 2218 πράγμασιν
764 2184 877 2218 ὲφιστᾷν
891 2192 898 2199 ⁸
914 2184 959 2210 οὓ-

1002 265 1074 290 enitn
1088 264 1197 290 nescius
1207 272 1260 298 quo
1273 264 1445 290 miseriarum
1459 271 1502 291 res
1510 264 1638 295 evadent,
1649 263 1716 289 mihi
1727 263 1790 296 qui-

1001 307 1064 334 dem
1076 307 1263 342 ignominiam,
1283 308 1389 334 cmteris
1408 312 1498 334 autem
1522 308 1652 334 Romanis
1667 307 1787 342 pericula

1001 353 1172 387 exitiumque
1194 361 1321 380 creavere
1335 373 1342 384 ,
1369 354 1469 380 nullam
1495 354 1536 380 vel
1562 361 1605 380 me
1621 353 1681 388 ipso
1695 353 1788 387 judice

1001 398 1127 431 veniam;
1141 399 1198 426 sive
1210 399 1292 426 etiam
1309 399 1530 426 animadverteris
1544 399 1786 433 (quemadmodum

998 446 1053 480 jam
1077 445 1181 480 liquido
1206 445 1285 480 seio),
1308 451 1397 472 tamen
1413 446 1588 472 etnollcscam
1608 446 1728 477 timere,
1754 453 1787 472 ne

1001 491 1107 518 scilicet
1130 491 1222 518 dubiis
1245 499 1276 518 ac
1297 491 1482 518 formidulosis
1507 491 1677 526 temporibus
1703 491 1788 525 impe-

1002 539 1073 564 rium
1090 537 1183 564 videar
1201 537 1351 568 dimittere,
1365 542 1463 572 praatcr
1478 538 1708 572 vituperationem
1726 545 1788 564 cru-

1002 583 1172 610 delissimum
1186 590 1296 617 quoque
1310 583 1474 617 supplicium
1489 583 1679 620 commerebor
1694 591 1700 609 :
1714 582 1788 616 quod

1002 637 1159 664 quanquam
1185 629 1343 664 pra-sciens,
1357 629 1538 656 sustinuerim
1553 629 1646 656 volens
1662 629 1785 664 ignavus,

1002 679 1031 702 et
1054 682 1143 710 neque
1165 674 1355 706 occasionum,
1380 682 1470 709 neque
1486 682 1577 702 rerum
1590 675 1660 702 bene
1674 674 1790 702 utenda-

1004 728 1064 748 rmn
1084 721 1189 755 peritus
1209 720 1306 747 videri.
1323 721 1409 754 Quam
1425 721 1460 747 ob
1473 728 1583 748 causam
1599 724 1626 746 et
1649 719 1788 747 discrimi-

1004 767 1097 798 nibus,
1123 771 1151 794 ct
1178 766 1295 794 infamia
1317 774 1361 793 me
1387 766 1495 793 decrevi
1520 766 1691 798 subducere;
1716 766 1788 793 unde

1005 819 1055 838 nec
1081 811 1114 838 ad
1136 812 1350 846 irnpcralricem,
1377 819 1428 838 nec
1449 811 1482 838 ad
1499 812 1673 846 imperatoris
1688 811 1791 839 liberos

1003 857 1106 892 aliquid
1134 857 1313 885 emolumenti
1336 857 1520 889 redundabit;
1546 862 1618 884 esset
1643 857 1715 884 errim
1739 858 1790 884 hoc

1004 910 1058 930 non
1080 903 1208 937 exiguum
1232 902 1370 929 solatium.
1391 902 1430 929 Ne
1445 907 1536 929 autem
1554 902 1663 929 labores
1678 908 1789 937 propter

1006 948 1076 975 ﬁlios
1106 949 1280 983 imperatoris
1304 948 1488 982 capessendos
1513 948 1600 975 vitare
1626 948 1788 978 existimer.

1004 1001 1078 1020 nunc
1099 993 1209 1027 quidem
1239 993 1265 1020 in
1282 993 1334 1020 ista
1360 1001 1444 1027 pace,
1468 1001 1530 1020 cum
1555 1002 1605 1020 nec
1631 986 1732 1021 bellum
1749 999 1791 1021 est

1005 1040 1090 1066 ullum
1105 1059 1112 1071 ,
1139 1047 1189 1067 nec
1214 1039 1347 1066 malorum
1368 1039 1550 1074 exspectatio,
1571 1040 1741 1074 patriarcha,
1763 1047 1791 1068 ct

1003 1086 1149 1114 concilium
1170 1094 1223 1112 una
1247 1093 1308 1112 cum
1330 1086 1506 1120 imperatrice
1521 1086 1667 1120 imperium
1681 1091 1788 1121 regant,

1004 1133 1118 1167 ejusque
1141 1132 1220 1158 bonis
1246 1136 1274 1158 et
1298 1131 1449 1159 honoribus
1481 1132 1668 1166 perfruantur.
1687 1131 1790 1165 Quodsi

1004 1175 1152 1211 aliquando
1176 1182 1251 1202 arma
1268 1175 1443 1209 imperatoris
1459 1176 1553 1203 liberis
1571 1176 1722 1210 periculum
1739 1176 1791 1202 de-

1005 1222 1160 1249 nuntiantia
1182 1221 1383 1253 movebuntur,
1403 1229 1513 1248 rursum
1538 1221 1652 1256 impigre
1668 1222 1788 1249 hostium

1005 1269 1067 1295 telis
1094 1275 1137 1294 me
1160 1266 1313 1302 objectabo,
1329 1272 1356 1294 et
1376 1272 1423 1294 aut
1439 1261 1585 1302 imperium
1606 1267 1660 1294 illis
1675 1269 1790 1295 servabo

1007 1313 1162 1345 inrolume,
1188 1317 1235 1340 aut
1259 1319 1354 1340 eorum
1381 1320 1461 1339 causa
1490 1313 1516 1339 in
1535 1313 1625 1340 medio
1640 1315 1790 1341 certamine

1006 1359 1188 1386 occumbam:
1206 1362 1234 1384 ut
1249 1365 1299 1393 ego
1318 1358 1429 1392 quidem
1445 1358 1552 1386 labores
1570 1359 1683 1386 habeam
1701 1364 1728 1386 et
1743 1368 1790 1394 pc-

1007 1405 1103 1436 ricula,
1126 1412 1174 1431 vos
1199 1408 1290 1430 autem
1310 1404 1438 1431 omnibus
1459 1404 1547 1439 copiis
1566 1405 1717 1438 afﬂuentes,
1741 1406 1790 1432 de-

1007 1451 1079 1477 liciis
1101 1454 1129 1477 et
1156 1450 1264 1484 gaudiis
1292 1450 1394 1482 dediti,
1419 1450 1502 1477 vitam
1529 1451 1602 1477 nullo
1624 1451 1790 1485 impediente

1009 1496 1172 1531 transigatis.
1187 1495 1275 1530 Caput
1288 1495 1406 1530 denique
1419 1500 1447 1522 et
1460 1504 1565 1523 summa
1579 1497 1710 1524 orationis
1724 1505 1790 1524 mea:

1008 1547 1059 1574 est,
1075 1550 1104 1569 re
1119 1542 1192 1568 nulla
1206 1550 1248 1568 me
1261 1542 1407 1568 adductum
1422 1542 1466 1574 iri,
1480 1547 1510 1568 ut
1523 1543 1661 1577 quomodo
1674 1544 1790 1571 antehae

1010 1587 1154 1622 imperium
1177 1587 1365 1614 administrem
1382 1597 1388 1614 :
1403 1587 1484 1624 359
1501 1593 1528 1618 et
1546 1599 1601 1625 quo
1621 1591 1691 1619 facto
1708 1592 1789 1620 simul

1009 1632 1081 1666 quod
1107 1632 1169 1659 dico
1191 1632 1378 1667 comprobem,
1399 1640 1414 1659 e
1437 1636 1502 1662 ScUa
1524 1642 1654 1664 consueta
1675 1645 1790 1672 surgens

1010 1678 1074 1704 alibi
1094 1679 1210 1709 sedebo.
1238 1683 1267 1705 ut
1291 1678 1427 1712 Augusta,
1452 1686 1479 1708 et
1501 1689 1550 1709 vos
1577 1682 1648 1710 scire
1672 1685 1789 1718 queatis,

1010 1723 1077 1750 nihil
1093 1724 1147 1758 jam
1174 1723 1302 1757 obstare,
1332 1727 1480 1760 quominus
1504 1728 1586 1754 alium
1606 1729 1760 1763 quempiam
1776 1739 1791 1758 ο

1010 1773 1100 1796 vestra
1115 1770 1252 1797 sententia
1266 1772 1347 1798 tantis
1361 1772 1440 1798 rebus
1454 1772 1620 1806 prrcliciatis.
1633 1773 1694 1801 [hec
1707 1775 1788 1808 ratus,

1010 1815 1036 1842 in
1064 1815 1146 1842 alium
1170 1815 1272 1847 locum,
1289 1821 1416 1851 tanquam
1436 1817 1494 1851 ipso
1514 1826 1596 1852 opere
1612 1820 1689 1846 alteri
1707 1821 1791 1855 impc-

1010 1861 1080 1887 rium
1107 1861 1209 1888 cedens
1233 1863 1377 1888 concessit.
1399 1862 1432 1888 At
1458 1863 1532 1889 enim
1554 1864 1709 1898 patriarcha
1734 1866 1791 1893 ha-c

1009 1907 1105 1933 videns
1129 1910 1157 1933 et
1175 1906 1290 1933 audiens
1308 1916 1314 1933 :
1329 1906 1418 1933 Durus
1432 1912 1484 1938 est.
1502 1908 1601 1941 inquit,
1623 1909 1668 1936 hic
1687 1918 1789 1944 sermo,

1008 1956 1036 1978 et
1057 1951 1102 1985 qui
1125 1951 1244 1977 animum
1267 1951 1448 1986 impcralricis
1468 1953 1626 1986 gravissime
1643 1955 1790 1982 vulnerare

1008 1997 1103 2032 possit.
1118 1996 1186 2024 Vera
1202 1996 1334 2031 loqueris,
1351 1996 1389 2023 ait
1401 1996 1587 2031 domesticus;
1603 2004 1631 2026 et
1643 2007 1709 2026 sane
1722 2001 1790 2027 nihil

1009 2042 1107 2069 horum
1135 2048 1223 2076 neque
1247 2041 1300 2068 dici
1328 2042 1481 2076 oportebat,
1508 2051 1597 2078 neque
1623 2043 1694 2071 ﬁeri.
1714 2045 1791 2073 Nunc

1009 2092 1099 2114 autem
1121 2095 1153 2114 eo
1176 2087 1348 2114 necessitatis
1372 2088 1531 2122 compellor,
1557 2093 1586 2116 ut
1598 2090 1722 2124 quamvis
1735 2098 1791 2125 prie

1009 2133 1137 2159 omnibus
1159 2132 1285 2164 maxime,
1311 2141 1480 2169 quaecunque
1510 2135 1542 2162 ad
1563 2137 1790 2170 consolationem,

1010 2185 1211 2212 mmrorumque
1236 2178 1397 2205 levationem
1422 2180 1562 2214 pertinent
1585 2180 1641 2216 (qui
1665 2189 1696 2208 ex
1714 2181 1791 2209 obitu

178 2241 232 2263 τως
252 2231 348 2264 εἰπὼν,
365 2231 408 2264 ἐφ’
420 2230 512 2264 ἕτερον
536 2228 637 2263 ρετέὸη
663 2229 755 2260 τόπον,
772 2228 866 2264 ὥσπερ
882 2230 955 2265 ἔργῳ

1010 2224 1182 2258 imperatoris
1205 2223 1281 2250 multi
1304 2224 1336 2250 ad
1360 2225 1562 2260 impcratricem
1578 2226 1791 2268 conﬂuxerunt),

179 2277 354 2313 παραχωρῶν
373 2277 459 2311 ἑτέρῳ
477 2275 526 2309 τῆς
549 2274 645 2309 ἀρχῆς-
677 2274 706 2300 ὀ
738 2274 912 2310 πατριάρχης
928 2275 956 2302 δὲ

178 2327 292 2353 τοιαῦτα
308 2323 378 2359 δρῶν
393 2331 422 2349 τε
437 2321 482 2348 καὶ
499 2319 616 2351 ἀκούων,
626 2319 745 2354 Σκληρός
758 2321 830 2346 ἐστιν
846 2321 958 2355 ὀλόγος,

179 2369 251 2404 εἷπε,
264 2371 313 2398 καὶ
337 2369 454 2405 μάλιστα
475 2367 625 2398 δυνάμενος
638 2365 687 2400 τῆς
711 2365 800 2400 ψυχῆς
823 2367 872 2400 τῆς
887 2366 960 2400 βασι-

177 2418 250 2448 λίδος
258 2414 430 2444 καθικέσθαι.
439 2413 507 2444 Ὧδ’,
516 2411 615 2446 Ἀληθῆ
626 2411 726 2445 λέγεις,
738 2410 800 2446 ἔφη,
808 2412 854 2438 καὶ
867 2411 920 2438 ἔδει
929 2420 960 2445 γε

179 2463 264 2499 μηδὲν
290 2461 410 2488 τοιοῦτον
437 2459 505 2494 μήτε
535 2456 672 2492 εἰρῆσθαι,
701 2457 768 2491 μήτε
786 2454 867 2488 εἶναι,
902 2457 961 2498 νυνὶ

178 2509 206 2534 δὲ
225 2508 264 2538 εἰς
290 2505 417 2532 τοσοῦτον
450 2502 573 2536 ἀνάγκης
598 2499 764 2535 συνηλάοην,
780 2499 850 2525 ὥστε
871 2499 960 2527 καίτοι

179 2554 234 2580 τῶν
257 2552 344 2579 ἄλλων
371 2549 488 2584 μάλιστα
503 2548 630 2574 ἁπάντων
647 2541 696 2572 ὄσά
720 2546 760 2576 εἰς
783 2545 960 2580 παραμυθίαν

180 2599 286 2627 πολλῶν
297 2598 388 2625 ἄνεσιν
405 2593 527 2629 ἀνιαρῶν
545 2593 605 2628 (ὄντα
630 2591 748 2627 βασιλίδι
767 2592 798 2618 ὲκ
816 2591 864 2625 τῆς
882 2592 960 2626 βασι-

179 2645 248 2675 λέως
282 2641 463 2678 προσεγένετο
488 2637 627 2671 τελευτῆς)
657 2635 785 2669 λέγεσθαι
800 2635 961 2671 βουλόμενος

179 2688 223 2715 ἐπ’
240 2687 325 2721 αὐτῆς
338 2683 522 2712 ἐναντιώτατα
537 2682 667 2718 πράττειν
680 2680 793 2716 ἐμαυτῷ
813 2681 886 2706 δυοῖν
904 2681 961 2708 ἓνε-

180 2743 227 2760 κα.
242 2734 277 2759 ’Ἡ
293 2732 346 2766 γὰρ
359 2727 513 2764 ἀπρακτεῖν
527 2728 664 2756 παντελῶς
677 2727 795 2760 ἀνάγκη,
812 2726 829 2761 ἢ
850 2727 960 2761 φαύλως

180 2779 229 2803 καὶ
247 2778 295 2811 οὺχ
345 2776 492 2811 προσῆκεν,
508 2775 616 2809 ἄρχειν.
631 2772 693 2799 Εἴτε
719 2771 810 2797 τοίνυν
827 2772 961 2806 πράττον-

179 2831 227 2854 τος
242 2823 336 2856 μηδὲν,
356 2821 402 2848 καὶ
417 2821 431 2846 ὁ
460 2820 565 2854 βασιλὶς
581 2816 748 2852 ἐφησυχάζοι
773 2816 810 2847 ὡς
825 2816 888 2850 χθὲς
912 2818 960 2843 καὶ

181 2867 279 2902 πρώηι
301 2867 350 2902 τὴν
368 2865 454 2901 ἀρχὴν
474 2865 582 2900 οἰομένη
609 2862 770 2890 διοικεῖσθαι
799 2861 958 2896 παρ’ἐμοῦ,

1009 2269 1080 2303 apud
1107 2269 1180 2295 illam
1195 2268 1286 2296 dicere
1298 2270 1390 2302 velim,
1406 2270 1504 2297 iaciant
1521 2276 1623 2303 tamen,
1638 2280 1698 2307 qua:
1715 2274 1788 2300 sola-

1011 2315 1048 2341 tio
1072 2314 1145 2340 illius
1167 2313 1316 2348 plurimum
1338 2319 1511 2349 repugnant;
1532 2315 1614 2350 idque
1635 2316 1742 2343 duabus
1759 2317 1792 2343 de

1009 2360 1109 2391 causis.
1133 2359 1174 2386 vel
1188 2359 1261 2394 gquia
1276 2360 1387 2387 omnino
1403 2360 1576 2392 cussandum,
1592 2362 1631 2388 vel
1645 2362 1708 2396 quia
1722 2363 1792 2388 male

1010 2410 1038 2434 et
1058 2409 1153 2433 contra
1179 2413 1262 2439 quam
1291 2405 1331 2432 fas
1355 2405 1432 2438 sinit,
1454 2406 1646 2441 imperandum
1665 2413 1717 2434 est.
1736 2408 1790 2435 Seu

1010 2451 1094 2486 igitur
1119 2459 1161 2478 me
1191 2450 1319 2482 ieriantc,
1343 2451 1426 2478 etiam
1455 2451 1615 2486 imperatrix
1642 2455 1791 2485 vacaverit.

1011 2496 1127 2524 credens
1150 2501 1181 2523 ut
1203 2497 1372 2531 nuperrime,
1389 2504 1404 2523 ιι
1419 2504 1461 2524 me
1475 2498 1618 2532 imperium
1636 2501 1792 2534 temperari,

1012 2543 1103 2569 omnia
1118 2550 1226 2577 pessum
1247 2543 1288 2569 ire
1309 2543 1468 2577 oportebit;
1495 2551 1543 2571 seu
1567 2545 1752 2572 somniculose
1766 2552 1794 2573 et

1011 2595 1092 2615 secus
1106 2596 1188 2622 quam
1201 2589 1329 2615 conuenit
1342 2589 1521 2623 gubernante,
1532 2590 1627 2617 eadem
1640 2595 1682 2618 est
1696 2599 1794 2626 exspe-

1011 2634 1108 2661 ctanda
1133 2633 1272 2661 calamitas
1286 2642 1293 2665 ;
1312 2639 1340 2661 et
1360 2642 1410 2669 ego
1428 2634 1541 2669 insuper
1554 2643 1608 2662 non
1619 2636 1680 2662 aliis
1692 2638 1792 2666 solum,

1011 2687 1105 2706 verum
1120 2680 1201 2705 etiam
1215 2679 1340 2706 mihimet
1357 2679 1542 2714 improbitatis
1553 2688 1646 2714 pmuas
1658 2681 1728 2707 dabo
1741 2689 1748 2712 ;
1765 2685 1795 2707 ut

1012 2725 1139 2759 utrinque
1165 2724 1264 2752 referat
1292 2725 1349 2752 ham
1381 2726 1583 2760 impcratricem
1607 2735 1791 2762 cognoscere,
1822 2723 1828 2729 ί

1011 2770 1116 2797 etiarnsi
1149 2769 1212 2796 inde
1242 2777 1312 2804 aegra
1340 2771 1424 2798 animi
1455 2771 1546 2798 futura
1571 2772 1627 2802 sit:
1656 2772 1792 2806 siquidem

1011 2820 1129 2850 prastat,
1154 2821 1184 2842 ut
1203 2820 1334 2851 percepto
1357 2824 1447 2844 rerum
1479 2821 1551 2844 statu
1575 2823 1662 2845 lccnm
1683 2824 1710 2846 et
1729 2827 1792 2846 cum

1012 2862 1071 2889 aliis
1101 2869 1150 2896 pro
1185 2869 1217 2888 eo
1254 2869 1285 2889 ac
1318 2862 1399 2890 debet
1428 2863 1461 2890 de
1496 2864 1610 2898 imperio
1640 2865 1787 2898 consultet,
