1932 3089
184 129 235 160 727

766 124 927 161 JOANNIS
945 126 1211 159 CANTACUZENI

1750 121 1813 151 ’ἴῗὸ

183 186 276 218 nibus,
292 193 361 220 quos
374 186 408 214 de
429 191 454 213 te
476 193 530 213 non
551 193 613 213 raro
637 193 756 218 mecum,
773 187 963 220 praecipueque

1028 185 1110 211 ’όνασι
1125 192 1180 214 τοις
1200 182 1275 217 ἐμοῖς
1293 181 1338 207 σοῦ
1356 180 1499 215 παρόντος,
1514 176 1543 205 Ὀ
1559 178 1607 212 μὲν
1619 178 1723 212 καιρδς,
1741 178 1812 210 ἔφη,

184 231 266 265 paulo
284 236 347 258 attte
361 235 476 258 mortem
492 230 597 263 habuit,
613 231 678 265 qttid
695 231 846 265 expediret,
863 238 905 257 tnc
922 230 964 255 in-

185 276 306 310 telligere
323 275 478 310 oportebat.
496 275 640 303 Recubans
653 277 726 303 enim
744 281 769 303 te
786 280 918 310 praesente
939 275 965 301 in

184 320 287 354 gremio
305 327 376 352 meo,
390 319 509 354 Tempus
522 319 632 354 quidem
649 320 700 346 mei
714 327 747 347 ex
762 320 813 346 hac
828 319 889 346 luce
909 318 966 345 dis-

185 372 278 391 cessus
292 365 378 397 adest,
396 365 505 399 inquit:
521 365 572 393 tibi
589 365 740 392 cavendum
759 369 810 396 est,
835 372 870 392 ne
890 364 967 391 falsis

185 409 454 442 ratiocinationibus,
476 414 524 436 aut
543 410 667 437 oratione
683 409 865 444 quorumdam
888 408 967 435 decc-

184 459 241 489 pta,
260 455 370 488 repulso
398 455 450 482 hoc
472 455 532 482 viro
559 455 686 490 cuiquam
710 454 789 481 alteri
817 453 966 482 auscultes.

152 509 153 513 ‘
183 501 252 528 Natn
270 501 307 528 ita
323 501 346 528 si
362 500 417 534 ﬁat,
433 506 459 528 et
476 506 515 534 tu,
535 502 615 536 362
632 506 659 528 et
671 501 751 528 liberi
765 500 814 532 tui,
830 505 858 526 et
870 500 969 526 Ruina-

185 551 250 570 num
267 543 413 577 itnperium
433 546 589 571 universum
606 545 759 572 necessario
773 544 906 579 peribitis.
921 543 967 570 Sin

185 589 224 616 illi
241 596 345 616 morem
360 590 489 623 gesseris,
502 590 562 623 tibi,
576 595 603 617 et
623 590 777 625 reipublica-
789 589 872 616 etiam
887 593 968 622 atque

186 635 269 662 etiam
283 636 430 670 profueris.
446 635 473 662 Si
488 636 569 670 igitur
582 636 640 662 haec
651 636 685 663 ab
698 636 861 670 imperatore
873 634 968 666 didici,

186 683 215 706 et
229 687 277 714 per
291 687 333 707 me
349 679 476 707 similiter
489 680 594 714 judico,
608 680 748 714 quomodo
771 687 824 706 non
847 679 968 713 ineptum

187 725 235 754 sit,
251 732 311 759 qnte
325 729 353 751 tu
366 725 446 756 tuale,
463 729 490 752 et
504 733 582 752 secus
597 733 677 759 qttam
690 724 814 757 decebat,
831 724 968 759 cogitasti,

189 770 223 797 iis
241 777 283 796 me
303 777 412 805 qttoque
434 770 551 797 libenter
572 770 720 797 assentiri?
734 770 823 802 Quare
836 770 858 797 si
878 777 911 797 ex
927 770 969 796 his

188 824 249 850 qua:
262 815 328 848 dixi,
345 821 372 842 tu
386 823 494 851 quoque
511 824 614 843 summa
632 817 669 843 rei
684 816 845 851 indignitate
859 823 970 851 perspe-

187 866 230 888 cta
248 861 305 889 haec
317 862 395 894 velle,
410 866 436 889 et
453 862 528 896 loqui
547 862 672 893 desieris,
687 868 715 890 et
729 867 759 889 ut
776 869 969 894 consueveras,

189 906 216 933 in
232 906 411 940 gubernando
431 907 608 942 processeris,
629 907 686 941 ipse
704 908 815 942 quidem
833 907 925 934 divina
947 912 972 934 te

188 951 337 985 adjuvante
353 959 447 982 manu,
465 951 525 986 qua:
539 953 565 979 in
583 960 730 980 commune
748 953 880 980 Romanis
896 959 972 979 com-

188 995 352 1028 modabunt,
377 997 478 1025 elIicics
501 1005 508 1024 :
539 999 604 1025 mihi
634 1006 699 1025 vero
728 1006 742 1025 α
771 998 974 1026 calamitatibus

189 1041 258 1068 meis
273 1041 415 1074 deﬂendis,
443 1050 474 1070 ac
500 1044 660 1078 plangendis
683 1044 808 1078 requiem
832 1043 975 1079 praestabis

188 1086 261 1121 (quae
271 1087 328 1114 sola
340 1088 393 1115 erit
408 1089 560 1116 consolatio
573 1098 643 1121 mea,
658 1095 686 1117 et
701 1091 833 1117 malorum
852 1097 975 1117 meorum

188 1131 330 1168 inducite),
343 1138 370 1160 et
386 1142 447 1168 quae
461 1134 543 1169 justa,
566 1135 652 1166 utilia,
671 1135 775 1170 tibique
796 1135 895 1163 decora
912 1140 976 1163 sunt

191 1179 376 1212 perpetrabis.
396 1179 445 1206 Sin
464 1181 640 1214 contemptis,
662 1186 690 1208 et
710 1181 825 1216 abjectis
847 1181 976 1208 omnibus

190 1224 220 1251 in
239 1225 290 1252 hoc
309 1233 365 1252 uno
381 1229 408 1252 te
424 1225 626 1258 oblirmareris,
644 1226 717 1260 quod
734 1225 783 1253 tibi
797 1225 975 1261 proposuisti,

190 1269 258 1304 quid
271 1271 331 1304 ipsa
344 1276 440 1298 contra
462 1270 565 1298 factura
580 1271 642 1303 sim,
656 1271 818 1298 enuntiabo.
835 1271 914 1298 Omni
932 1279 977 1298 ve-

190 1317 335 1350 recundia,
360 1320 388 1344 et
416 1317 606 1344 imbecillitate
632 1317 760 1344 muliebri
788 1317 923 1352 deposita,
946 1325 977 1344 ac

190 1362 277 1390 veluti
296 1370 351 1398 prae
366 1363 501 1390 malorutu
518 1363 707 1397 magnitudine
727 1365 826 1391 mentis
843 1364 932 1398 inops,
949 1364 976 1391 in

196 1408 287 1436 media
302 1409 370 1436 urbe
385 1409 446 1436 loco
467 1409 560 1444 aliquo
581 1410 698 1437 editiore
726 1417 888 1443 conscenso,
905 1411 977 1438 unde

193 1453 277 1480 verba
293 1461 353 1481 mea
367 1453 401 1480 ad
416 1454 539 1481 omnium
554 1462 634 1482 aures
647 1455 812 1488 allabantur,
825 1456 978 1484 intentissi-

1019 230 1071 264 τῆς
1087 230 1156 264 ἐμῆς
1178 229 1240 263 ἥκει
1256 227 1398 261 τελευτῆς
1417 226 1446 252 σὲ
1467 225 1495 251 δὲ
1519 225 1571 259 χρὴ
1602 224 1713 264 σκοπεῖν
1730 224 1813 253 ὅπως

1019 262 1087 310 ἐμοῦ
1104 262 1145 310 pi;
1162 262 1325 304 ἀπελθόντος
1336 293 1342 304 ,
1359 273 1499 307 λογισμοῖς
1523 280 1595 297 τισιν
1613 262 1631 304 ἧ
1648 271 1696 296 καὶ
1715 270 1813 302 λόγιιις

1018 322 1097 348 ἐνίων
1119 320 1302 355 ἀπατηθεῖςα,
1319 319 1406 353 ἑτέρῳ
1427 318 1482 344 τινὶ
1510 317 1634 352 πρόσχῃς
1650 316 1696 342 τὸν
1721 314 1813 347 ἄνδρα.

1019 367 1127 394 τουτονὶ
1148 366 1316 400 διωσαμένη.
1338 365 1367 391 El
1394 364 1448 399 γὰρ
1463 366 1543 390 τοῦτο
1567 362 1704 397 συμὸαίῃ,
1728 361 1813 387 οὐδὲν

1019 413 1058 440 ἔτι
1072 413 1102 439 τὸ
1119 413 1212 438 λείπόν
1230 412 1260 438 σέ
1284 420 1313 438 τε
1330 412 1380 438 καὶ
1397 410 1479 436 τέκνα
1499 410 1547 435 καὶ
1565 408 1614 443 τὴν
1634 407 1719 440 ἄλλην
1734 406 1813 432 ἃπα-

1020 467 1069 485 σαν
1083 459 1136 484 τῶν
1156 457 1302 492 Ῥωμαίων
1325 455 1477 490 ἡγεμονίαν
1498 454 1659 480 ἀπολέσοαι·
1681 452 1755 486 αὺτῷ
1782 451 1814 476 δὲ

1020 501 1202 536 προσέχουσα,
1225 500 1326 534 ἄριστα
1344 499 1431 533 σαυτῇ
1460 507 1489 523 τε
1505 498 1552 524 καὶ
1573 498 1629 528 τοϊς
1655 496 1812 530 πράγμασι

1021 547 1164 583 βουλεύσῃ.
1186 547 1216 574 El
1239 547 1270 580 δὴ
1288 545 1404 572 τοιαῦτα.
1425 544 1495 577 πρός
1518 551 1548 569 τε
1566 542 1699 577 βασιλέως
1715 541 1812 568 ἐδιδά-

1021 593 1100 628 χθην,
1125 593 1173 619 καὶ
1209 593 1276 627 παρ’
1292 591 1416 626 ἐμαυτῆς
1431 590 1500 624 αὐτή
1518 589 1551 616 τὰ
1574 589 1656 622 ὃμοια
1666 587 1814 621 γινώσκοι,

1022 639 1073 665 τίν’
1097 639 1155 673 ἔχοι
1179 638 1258 671 λόγον
1283 635 1323 668 οἷς
1347 636 1429 667 αὐτὸς
1453 635 1544 666 κακῶς
1568 634 1616 660 καὶ
1639 633 1677 664 ὡς
1698 633 1728 658 οὗ
1748 633 1815 658 δέον

1020 684 1183 715 ἐϐουλεύσω,
1199 682 1341 709 πείθεσθαι
1371 683 1418 708 καὶ
1434 681 1519 714 αὐτὴν
1539 679 1656 705 ἑκοῦσαν
1682 676 1768 704 εἶναι,
1781 677 1814 702 Εἰ

1023 730 1074 764 μὲν
1086 728 1134 756 οὖν
1147 726 1188 760 οἷς
1203 727 1280 755 εἷπον
1301 728 1349 762 τὴν
1363 727 1477 753 ἀτοπίαν
1495 726 1542 752 καὶ
1559 724 1640 755 αὖτὸς
1654 723 1700 750 τοῦ
1718 723 1816 757 πρᾶγ-

1023 783 1106 809 ματος
1121 775 1169 809 ὅση
1183 773 1311 803 κατιδὼν,
1324 773 1434 808 ἀπόσχῃ
1449 769 1496 798 τοῦ
1512 779 1540 796 τε
1551 770 1663 796 τοιαῦτα
1680 768 1727 795 καὶ
1747 768 1816 801 βου-

1021 820 1146 847 λεύεσοαι
1169 820 1216 846 καὶ
1233 818 1335 852 λεγειν,
1361 820 1408 845 καὶ
1433 826 1486 844 των
1510 817 1694 852 πραγμάτιον,
1711 815 1814 848 ὥσπερ

1025 866 1122 897 εἴωθας
1148 865 1288 900 ἱκόμενος,
1312 864 1392 895 αὐτὸς
1422 864 1472 898 μὲν
1497 863 1530 889 τὰ
1557 863 1634 896 κοινῇ
1651 861 1815 888 συνοίσοντα

1030 912 1177 946 Ῥωμαίοις
1194 911 1305 945 καὶτῆς
1328 909 1432 937 ἄνωθεν
1454 910 1544 944 χειρὸς
1568 908 1816 941 συνεφαπτομὲντλς

1026 959 1168 993 πράττεις,
1182 957 1244 990 ἐμοὶ
1259 957 1287 982 δὲ
1308 956 1438 991 παρέχεις
1453 955 1568 990 ἡσυχίαν
1591 955 1641 985 τὰς
1661 954 1731 988 ὲμὰς
1748 953 1818 987 Θρη-

1026 1005 1081 1031 νεῖν
1099 1004 1145 1030 καὶ
1160 1004 1310 1029 κόπτεσθαι
1327 1002 1479 1037 συμφοράς·
1499 1001 1578 1027 τοῦτο
1601 1002 1655 1035 γὰρ
1674 1001 1735 1034 ἐμοὶ
1760 1008 1816 1025 παι

1028 1050 1152 1086 ραμυοία
1170 1049 1251 1084 μόνον
1272 1048 1388 1074 καὶτῶν
1404 1047 1499 1074 κακῶν
1519 1047 1660 1081 ἀνακωχὴ,
1673 1046 1767 1072 δίκαιά
1786 1054 1817 1071 τε

1025 1089 1093 1130 ὁμοῦ
1129 1097 1176 1122 καὶ
1212 1095 1388 1129 συμῳέροντα
1435 1093 1481 1119 καὶ
1521 1092 1612 1127 σαυτῷ
1639 1093 1817 1127 προσήκοντι

1026 1144 1164 1178 ποιήσεις.
1183 1142 1232 1168 Ἂν
1250 1141 1278 1167 δὲ
1293 1140 1383 1166 πάντα
1400 1138 1570 1173 διωσάμενος
1585 1138 1630 1164 καὶ
1646 1138 1816 1173 ἀπορρίψας,

1026 1189 1083 1220 ἐνὸς
1101 1188 1182 1223 μόνον
1209 1187 1275 1221 γένῃ
1295 1185 1342 1212 τοῦ
1358 1186 1414 1216 τοῖς
1439 1184 1611 1218 δεδογμένοις
1635 1185 1817 1217 ὲγκαςτερέν

1027 1235 1094 1261 πᾶσι
1117 1234 1224 1269 χαίρειν
1240 1232 1337 1265 εἰπὼν,
1360 1231 1374 1258 ὃ
1397 1232 1444 1257 καὶ
1461 1231 1529 1263 αὐτὴ
1542 1231 1658 1264 ποιήσω,
1676 1231 1716 1255 σοι
1740 1230 1817 1264 Οήεω

1027 1282 1153 1316 φανερόν
1167 1281 1257 1307 πᾶσαν
1273 1279 1327 1314 γὰρ
1347 1279 1415 1305 αίδῶ
1433 1278 1480 1304 καὶ
1496 1277 1656 1312 γυναικείαν
1671 1277 1817 1303 ἀσθένειαν

1026 1327 1204 1361 ἀποθεμένη,
1227 1325 1346 1352 καὶτῶν
1370 1323 1416 1350 τοῦ
1446 1324 1594 1357 σωφρονεῖν
1621 1321 1715 1356 ὥσπερ
1739 1322 1817 1354 λογι-

1028 1374 1104 1410 69.;
1118 1372 1182 1400 Ἷπὸ
1201 1372 1334 1408 μεγέθους
1356 1371 1527 1405 ὲκτραπεῖσα
1540 1369 1594 1395 τῶν
1615 1368 1717 1400 κακῶν,
1743 1369 1817 1394 κειτᾷ

1029 1421 1115 1456 μέσην
1131 1419 1181 1454 τὴν
1202 1418 1279 1444 πόλιν
1312 1416 1459 1452 γενομένη,
1486 1414 1534 1440 καὶ
1557 1414 1688 1442 ἀναθεῖσα
1714 1412 1817 1447 ἑαυτὴν

1029 1466 1076 1494 ὲπι
1091 1474 1164 1496 τινος
1181 1464 1328 1500 μετεώρου,
1346 1462 1379 1488 ἶν’
1398 1461 1445 1496 ἐξῇ
1460 1461 1505 1488 διὰ
1520 1460 1631 1486 πάντων
1649 1458 1817 1491 ἐξικνεῖσθαι

191 1508 235 1528 ma
253 1500 468 1535 plenissimaque
483 1508 550 1527 voce
574 1498 732 1529 exclamabo
748 1511 754 1529 :
770 1501 828 1529 Viri
849 1502 975 1535 Romani,

1032 1511 1082 1544 τὴν
1098 1498 1200 1543 φωνὴν,
1221 1507 1313 1542 ὄρθιον
1331 1506 1466 1541 βοήσομαι
1479 1504 1525 1530 καὶ
1542 1503 1815 1538 μεγαλοφωνότατον·

191 1553 294 1581 vosque
311 1545 409 1578 Grmci,
426 1553 529 1580 vosque
547 1546 670 1579 Barbari,
689 1547 799 1580 audite;
824 1548 975 1582 perierunt,

191 1593 355 1620 occiderunt
375 1592 476 1623 omnia,
507 1599 559 1619 nec
584 1593 639 1620 ulla
666 1598 757 1620 manet
783 1594 880 1622 amicis
905 1595 976 1629 apud

192 1639 320 1666 homines
334 1638 420 1673 gratia
434 1638 502 1673 (94),
518 1637 569 1666 nec
583 1639 710 1674 cuiquam
727 1640 838 1672 veritas,
856 1646 884 1668 et
899 1641 979 1676 justi-

193 1685 231 1713 tia
247 1693 321 1712 cura;
346 1689 428 1717 sunt;
453 1689 481 1712 et
507 1686 590 1712 animi
614 1686 781 1718 constantia,
807 1688 978 1720 summatim,

193 1730 269 1757 bona
287 1729 379 1757 omnia
397 1730 431 1757 ab
448 1729 609 1757 hominibus
624 1731 826 1765 demigrarunt;
842 1732 978 1766 siquidem

192 1782 310 1810 magnus
327 1774 495 1802 domesticus
518 1782 568 1802 ceu
588 1780 670 1802 vento
692 1774 806 1802 reﬂante
821 1776 930 1803 sibimet
947 1785 979 1803 cx

194 1821 330 1849 diametro
350 1821 507 1848 contrarius
530 1821 627 1851 evasit.
647 1826 674 1848 et
692 1821 831 1856 amicitiae,
857 1830 918 1857 qua:
941 1823 979 1850 illi

193 1875 257 1895 cum
286 1867 451 1902 imperatore
477 1867 678 1899 intercedebat,
703 1867 817 1901 oblitus,
842 1870 980 1904 neglecta-

194 1921 259 1949 que,
271 1914 343 1948 quod
360 1913 473 1941 minitne
492 1913 618 1945 decebat,
636 1914 750 1942 veritate
763 1920 846 1949 atque
863 1916 979 1950 justitia,

194 1967 223 1989 et
241 1962 391 1989 honestatis
407 1969 500 1988 atnore
516 1961 682 1995 posthabito,
697 1963 755 1996 ipse
767 1962 890 1996 quidem,
906 1966 980 1998 quod

195 2012 324 2042 superest
336 2014 484 2039 annorum,
503 2014 552 2041 per
563 2007 693 2033 inertiam
716 2009 860 2034 traducere
878 2008 982 2035 consti-

198 2054 252 2081 tuit
268 2062 274 2081 :
291 2061 334 2080 me
352 2057 456 2085 autem,
477 2053 636 2087 liberosque
658 2060 733 2081 meos
750 2061 825 2081 nunc
838 2054 937 2086 aliena,
953 2059 981 2081 et

196 2100 283 2127 multa
309 2099 499 2127 sollicitudine
519 2098 682 2133 indigentes,
706 2099 743 2126 ita
760 2100 881 2134 reliquit,
902 2107 934 2127 ac
957 2100 980 2127 si

197 2153 268 2172 onus
283 2145 381 2172 inutile
399 2144 525 2178 reiicerct
544 2152 550 2170 :
570 2145 647 2178 quasi
669 2146 800 2178 nesciret,
815 2145 914 2180 ecquid
931 2154 981 2172 un-

197 2198 282 2226 quam
296 2198 346 2218 nos
364 2190 398 2217 de
415 2189 484 2216 faeie
500 2194 602 2222 nosset,
619 2194 665 2216 aut
681 2198 726 2218 res
745 2196 854 2219 nostras
867 2191 981 2220 auribus
996 2185 1022 2215 Ι)

197 2237 358 2271 accepisset.
385 2235 413 2263 Si
441 2235 560 2262 animum
583 2240 659 2263 tuum
684 2244 699 2263 a
724 2238 837 2265 colenda
858 2239 978 2266 amicitia

198 2282 332 2314 alienum,
351 2287 378 2309 et
402 2282 627 2314 inconstantiam,
648 2281 885 2318 mobilitatemque
909 2287 982 2311 tuam

200 2329 330 2357 omnibus
345 2328 432 2363 palam
449 2327 606 2362 prodidero.
622 2332 650 2355 et
667 2327 703 2354 ita
721 2335 765 2354 res
777 2329 880 2361 tulerit,
900 2330 982 2356 etiam

199 2375 260 2402 lecta
276 2373 387 2406 moriar,
401 2371 623 2408 quandoquidem
639 2380 682 2398 me
694 2380 773 2406 pmna
786 2373 820 2399 de
837 2378 862 2400 te
875 2381 985 2401 sumen-

201 2421 235 2447 da
251 2420 408 2454 explevere.
426 2419 474 2446 His
487 2419 521 2446 de
538 2419 628 2445 causis
641 2426 750 2445 rursum
766 2424 790 2445 te
806 2426 864 2451 oro,
878 2428 912 2447 ne
928 2425 985 2446 tur-

201 2467 252 2493 bas
280 2473 402 2498 moveas,
431 2465 478 2492 sed
511 2464 604 2492 verbis
636 2464 790 2491 istiusmodi
817 2469 982 2500 temperans,

200 2510 431 2546 quemadmodum
447 2511 481 2538 ab
497 2510 576 2537 initio
589 2510 707 2540 solebas.
722 2509 811 2537 oﬂieio
826 2511 940 2544 servias,
956 2516 984 2538 ct

200 2557 398 2592 rempublicam
411 2556 596 2584 administros.

1031 1555 1145 1587 Ἄνδρες
1169 1553 1320 1588 Ῥωμαῖοι,
1349 1551 1450 1585 μᾶλλον
1480 1549 1508 1576 δὲ
1540 1550 1588 1576 καὶ
1612 1548 1745 1582 Ἕλληνες
1769 1548 1817 1572 καὶ

1030 1601 1162 1636 βάρϐαροι
1187 1599 1306 1630 πάντες,
1337 1597 1366 1624 εὖ
1391 1596 1449 1622 ἴστε
1467 1596 1504 1627 ὡς
1523 1595 1611 1622 πάντα
1632 1593 1755 1620 ἀπόλωλε
1770 1595 1818 1619 καὶ

1028 1646 1199 1681 διέφθαρται,
1229 1645 1275 1670 καὶ
1303 1642 1366 1669 οὔτε
1396 1641 1487 1676 φιλίας
1503 1641 1583 1676 χάρις
1598 1640 1710 1675 οὐδεμία
1728 1641 1818 1666 κεῖται

1030 1690 1095 1725 παρ’
1115 1688 1280 1723 ἀνθρώποις,
1305 1686 1361 1713 οὔτ’
1378 1685 1506 1720 ἀληθείας
1535 1684 1611 1719 μέλει
1637 1684 1684 1709 καὶ
1711 1683 1815 1709 δικαιο-

1031 1734 1116 1768 σύνης
1139 1733 1238 1759 οὐδενί·
1269 1731 1409 1766 λογισμῶν
1435 1739 1463 1756 τε
1482 1730 1630 1765 στερρότης
1653 1729 1757 1763 οἴχεται
1786 1729 1818 1755 ἐκ

1030 1779 1083 1808 τῶν
1100 1779 1263 1813 ἀνθρώπων·
1279 1778 1327 1804 καὶ
1342 1776 1504 1811 συλλήϐδην,
1520 1776 1610 1802 πάντα
1627 1775 1726 1808 Mutila“
1746 1776 1770 1800 εί
1786 1774 1818 1808 δή

1030 1827 1044 1853 ὸ
1068 1825 1155 1860 μέγας
1182 1824 1344 1858 δομέστικος
1372 1821 1468 1856 ὣσπερ
1501 1821 1533 1847 ἐκ
1556 1829 1630 1851 τινος
1659 1821 1819 1851 ἀντιπνοίας

1031 1870 1229 1902 ἐναντιώτατος
1253 1868 1342 1903 ἐαυτῷ
1361 1868 1468 1902 φανεὶς,
1497 1868 1544 1894 καὶ
1568 1867 1619 1902 τῆς
1645 1866 1694 1901 μὲν
1726 1866 1819 1900 φιλίας

1032 1916 1248 1950 ἐπιλελησμένος
1281 1915 1413 1950 βασιλέως
1430 1934 1438 1946 ,
1467 1914 1610 1949 ἀμελήσας
1638 1914 1665 1940 δὲ
1695 1914 1742 1939 καὶ
1768 1913 1820 1947 τῆς

1031 1962 1106 1997 αὐτῷ
1127 1960 1322 1997 προσηκούσης
1343 1960 1473 1995 ἀληθείας
1504 1960 1554 1986 καὶ
1582 1959 1756 1992 δικαιοσύνης
1771 1959 1818 1985 καὶ

1032 2008 1188 2043 φιλοτιμίας
1201 2008 1255 2033 τῶν
1271 2007 1471 2043 καλῶνπαὺτὸς
1488 2006 1538 2041 μὲν
1554 2007 1689 2040 ἐσκέψατο
1711 2007 1820 2040 ἀπραγ-

1034 2055 1138 2090 μοσύνῃ
1153 2053 1200 2080 τὸν
1228 2053 1370 2080 ἐπίλοιπον
1388 2053 1444 2088 βίον
1461 2055 1520 2088 ςῇν·
1543 2053 1593 2088 ἐμὲ
1607 2053 1636 2079 δὲ
1650 2053 1697 2079 καὶ
1718 2052 1819 2084 παῖδας

1033 2102 1096 2132 τοὺς
1112 2100 1197 2135 εμοὺς
1214 2099 1317 2133 πολλῆς
1335 2099 1397 2126 νυνὶ
1413 2099 1463 2133 τῆς
1479 2098 1646 2133 κηδεμονίας
1662 2099 1810 2132 δεομένους

1035 2147 1130 2182 ὥσπερ
1147 2155 1174 2172 τι
1189 2146 1273 2180 βάρος
1288 2146 1403 2180 ἀνόητον
1419 2145 1589 2180 ἀπετρίψατο
1603 2147 1650 2171 καὶ
1663 2144 1820 2178 κατέλιπεν,

1035 2193 1130 2227 ὥσπερ
1143 2192 1279 2225 ἀγνοήσας
1295 2190 1319 2216 εί
1334 2190 1434 2224 δήποτε
1447 2190 1495 2216 καὶ
1518 2190 1625 2225 μορφὴν
1640 2190 1718 2225 ήμῶν
1738 2189 1820 2224 ἔγνω,

1036 2239 1052 2275 ἢ
1065 2239 1133 2273 ἀκοῇ
1150 2237 1317 2271 παρειλήφει
1331 2238 1365 2263 τὰ
1379 2236 1438 2263 καθ’
1453 2237 1537 2271 ἡμᾶς.
1554 2236 1632 2263 Οὕτω
1645 2236 1672 2263 δὲ
1684 2237 1714 2262 τὸ
1726 2236 1822 2271 ἄφιλον

1035 2286 1084 2320 τῆς
1109 2284 1160 2318 σῆς
1177 2282 1290 2318 γνώμης
1313 2283 1362 2310 καὶ
1380 2283 1495 2309 ἄστατον
1510 2283 1558 2309 καὶ
1579 2282 1708 2309 ᾰὸέσαιον
1726 2283 1820 2318 στηλι-

1036 2330 1179 2361 τεύσασα,
1207 2329 1233 2355 εί
1259 2337 1291 2362 γε
1316 2329 1437 2363 συμόαίη
1459 2329 1506 2355 καὶ
1530 2329 1697 2364 τεθνήξομαι
1723 2329 1821 2363 ἡδέως,

1039 2376 1116 2411 παρὰ
1134 2374 1185 2401 σοῦ
1203 2374 1282 2406 δίκας
1305 2375 1443 2410 ἀρκούσας
1460 2374 1522 2408 ἐμοὶ
1537 2374 1666 2401 λαϐοῦσα.
1686 2375 1748 2400 Ἐπὶ
1761 2375 1823 2400 τοὺ-

1039 2431 1096 2453 τοις
1118 2422 1147 2448 δὲ
1163 2418 1339 2452 πᾶσιναῦθις
1354 2420 1401 2446 σοῦ
1418 2419 1514 2454 δέομαι
1537 2420 1620 2455 μηδὲν
1633 2421 1822 2454 παρενοχλεῖν,

1039 2468 1117 2499 ἀλλὰ¹
1134 2466 1189 2492 τῶν
1208 2474 1237 2491 τε
1264 2465 1353 2498 λόγων
1378 2465 1547 2499 ἀποσχέσθαι
1573 2466 1703 2496 τουτωνὶ,
1720 2467 1768 2491 καὶ
1790 2466 1823 2491 τὶ

1037 2513 1133 2539 δέοντα
1155 2513 1242 2538 ποιεῖν
1269 2511 1364 2546 ὥσπερ
1383 2511 1413 2543 ἐξ
1430 2511 1517 2546 ἀρχῆς
1539 2512 1668 2546 ἐχόμενον
1682 2512 1737 2538 τῶν
1754 2520 1823 2544 πρα-

1039 2567 1165 2593 γματων.

834 2650 942 2682 Jacobi
959 2652 1093 2682 Pontuni
1107 2654 1199 2681 notos.

238 2736 293 2771 (94)
313 2735 434 2763 Catullus
456 2745 462 2762 ι

239 2783 336 2809 Omnia
353 2786 412 2808 sunt
428 2782 544 2816 ingrata,
561 2780 627 2806 nihil
640 2780 729 2815 fecisse
742 2776 851 2815 benigne
866 2784 914 2807 eat.

204 2839 300 2875 Virgil.
310 2847 346 2873 tv,
367 2837 474 2866 (Eneid.
492 2846 498 2865 :
514 2836 649 2872 Nusquam
665 2841 720 2863 tuta
741 2837 814 2870 ﬁdes.
833 2837 879 2865 Est
896 2842 986 2866 autem

1040 2733 1237 2768 argumentatio
1258 2741 1272 2760 a
1298 2733 1458 2761 minoribus.
1476 2733 1503 2760 Si
1525 2740 1639 2768 magnus
1658 2733 1825 2762 domesticus

1040 2769 1092 2796 hoc
1105 2769 1178 2798 facit,
1197 2769 1282 2795 multo
1297 2769 1382 2802 magis
1397 2769 1487 2803 caeteri
1500 2773 1527 2794 et
1541 2768 1651 2797 faciunt.
1666 2773 1695 2795 et
1716 2770 1824 2797 lacicut.

1039 2803 1127 2830 Minus
1146 2803 1219 2830 enim
1233 2803 1390 2830 ’verisintilc
1409 2809 1478 2836 crat,
1509 2803 1688 2831 domesticum
1712 2804 1764 2831 hoc
1789 2807 1826 2832 ta-

1037 2843 1156 2866 cturum.
