1932 3089
42 169 91 201 ΤΠ

597 148 864 195 msronzsnum
887 161 999 192 LIBER
1021 161 1078 192 ιιι.

1606 159 1657 190 738

41 228 93 264 ίδῃ,
110 226 165 253 οὐδ’
185 226 255 252 ι’ύτω
270 225 432 259 δυνήσεσθαι
448 224 530 250 αὑτὸν
558 224 682 258 μισῆσαι,
695 223 762 249 ὀλλά
777 223 824 253 τὴν

881 221 1040 254 imperatore
1057 217 1187 252 magistro
1201 220 1304 243 tantum
1321 215 1373 242 sibi
1392 215 1548 250 prudentia,
1567 219 1595 243 et
1608 224 1658 243 usu

41 275 99 307 ῐσην
111 272 217 298 εὔνοιαν
233 271 308 306 αύτῷ
325 271 372 297 καὶ
383 271 478 296 τούτου
496 271 692 304 πεπραγμένου
708 270 821 302 τηρήσει

41 319 87 344 καὶ
100 317 202 352 φιλίαν,
222 313 244 350 ᾧ
264 325 315 350 περ
331 316 434 349 ἔφασκε
449 315 581 350 χρωμένη
591 314 754 348 διδασκάλῳ,
775 317 822 339 καὶ

40 365 108 398 αὐτὴ
130 363 260 389 τοσοῦτον
286 363 445 396 ὑπερέχοντι
469 361 554 395 αὐτῆς
580 361 627 385 καὶ
648 361 756 386 συνέσει
775 358 822 384 καὶ

41 410 211 444 πραγμάτων
226 407 358 442 ἐμπειρία
372 407 406 432 τὰ
424 406 469 432 ῐσα
485 407 549 440 περὶ.
566 405 648 431 αὑτοῦ
662 405 709 431 καὶ
724 404 822 437 γινώσ-

40 462 97 479 κειν
112 454 159 479 καὶ
177 452 357 487 πειράσεσθαι
382 451 520 485 φυλάξειν,
539 451 588 477 καὶ
615 449 822 485 παρεθάρρυνεν

40 499 131 529 αὑτὸν,
151 498 235 532 μηδὲν
247 498 312 532 περὶ
336 498 422 532 αὐτῆς
438 497 603 524 ὑποπτεύειν
616 497 726 531 ἀγεννές
739 505 747 512 ·
764 496 822 523 ἀλλ’

40 541 108 569 εἶναι
126 542 243 577 βεϐαίως
259 544 442 577 πεπεισμένον
459 542 496 573 ὡς
510 542 586 568 οὐδὲν
605 542 682 570 ἔσται
697 541 824 575 τηλικοῦ-

39 598 84 615 τον
102 588 117 614 ὃ
140 588 284 622 δυνήσεται
308 589 371 619 τοὺς
391 588 477 622 αὐτῆς
495 588 654 614 κατασετσαι
677 587 823 622 λογισμοὺς

39 637 83 660 καὶ
97 635 160 668 περὶ
173 634 256 660 αὑτοῦ
269 635 343 660 κακὰ
358 634 514 668 λογίζεσθαι
531 633 751 668 παρασκευάσει.
761 633 823 659 Ἐπὶ

38 681 143 712 τούτοις
156 680 184 706 δὲ
201 681 215 706 ό
240 681 327 714 μέγας
341 680 513 714 δομέστικοῖ,
538 680 588 714 τὴν
612 678 660 711 μὲν
675 677 823 713 ὁμολογίαν

40 726 176 760 βασιλίδος
189 724 328 757 ἀρκοῦσαν
345 724 449 758 οἰηθεὶς
464 723 602 759 ἀπόδειξιν
616 723 684 756 πρὸς
698 723 727 749 τὺ
741 721 824 757 μηδὲν

39 768 109 797 εἶναι
127 769 253 804 ἐμποδὼν
269 770 292 796 εἰ
305 769 432 796 ἐϐούλετο
455 769 540 800 κακὸς
561 769 687 802 ὀφθῆναι,
706 767 824 801 μάλιστα

39 817 67 843 δὲ
83 815 230 851 δυνάμενος
248 816 338 842 ἑκοντὶ
360 815 467 848 τάγαθὰ
483 815 531 840 καὶ
556 814 650 840 δίκαια
675 813 822 847 αἱρεῖσθαι.

41 862 106 889 Εἶτα
123 862 171 888 καὶ
189 861 239 895 τῆς
250 860 454 894 καλοκάγαθίας
473 860 519 886 καὶ
531 860 579 893 τῆς
595 861 634 889 εἰς
649 858 729 885 αὑτὸν
746 866 825 892 στορ-

872 269 1029 299 przcslallle,
1047 263 1144 290 eadem
1162 262 1196 289 de
1213 263 1258 289 illo
1270 261 1385 292 sentire,
1410 267 1437 288 et
1454 262 1514 296 ejus
1530 261 1657 288 admoni-

874 312 938 338 tioni
952 311 1099 345 parituram
1110 318 1118 341 ;
1131 309 1365 342 eontirmabatque
1374 307 1450 333 illum
1463 315 1496 334 ne
1506 307 1571 341 quid
1582 307 1617 334 de
1629 314 1658 334 se

872 359 1008 392 abjcctum
1041 355 1236 390 suspicaretur,
1264 353 1310 380 sed
1340 357 1497 380 constanter
1521 352 1656 384 crederet,

873 404 941 431 nihil
959 403 1024 430 lauti
1049 401 1118 432 fore,
1133 401 1205 426 unde
1222 399 1279 433 ipsa
1300 399 1334 425 de
1349 398 1485 425 sententia
1501 397 1657 429 deturbata,

873 449 943 476 male
968 447 1002 474 de
1015 454 1047 474 eo
1076 445 1255 473 existimaret.
1273 445 1396 471 Posthaec
1424 451 1537 478 magnus
1563 444 1659 470 dome-

873 495 959 522 sticus
974 491 1158 527 imperatricis
1172 490 1344 518 confessione
1359 489 1428 517 satis
1441 490 1659 517 demonstratum

873 539 1034 569 arbitratus,
1057 537 1127 563 nihil
1155 536 1205 563 sibi
1223 542 1284 562 esse
1298 535 1465 567 obstaculo,
1489 535 1513 562 si
1536 535 1660 570 improbe

875 584 938 610 velit
952 590 1041 618 agere,
1058 586 1086 608 et
1100 589 1180 615 posse
1195 585 1291 614 sponte
1308 587 1356 606 sua
1375 579 1453 608 bene.
1472 579 1598 613 justeque
1618 579 1659 605 Γει-

874 634 958 654 cere:
984 625 1085 653 deinde
1112 626 1148 652 ob
1169 624 1364 658 integritatem,
1389 627 1414 649 et
1434 630 1553 649 amorem
1578 623 1605 649 in
1631 630 1661 650 se

873 673 1042 699 declaratum
1062 671 1161 706 gratiis
1170 671 1249 700 actis,
1265 668 1357 695 denuo
1370 668 1409 694 sic
1426 668 1473 694 ait.
1490 667 1545 694 Nec
1561 668 1660 702 ipsam,

873 724 925 744 nec
941 717 1126 751 patriarcham
1151 715 1233 742 verba
1250 722 1298 740 sua
1322 717 1448 747 suspecta
1467 713 1565 739 habere
1581 720 1663 746 opor-

875 767 942 794 tere,
960 762 1038 797 quasi
1059 763 1095 789 ita
1114 761 1289 788 securitatem
1306 759 1358 785 sibi
1376 763 1519 793 prcharet,
1531 763 1560 785 ut
1575 766 1664 792 neque

874 809 897 836 si
916 809 977 843 quis
990 813 1020 835 ut
1036 807 1191 841 improbum
1209 813 1270 833 eum
1282 812 1412 832 accusare
1423 809 1516 839 queat,
1531 809 1559 831 et
1571 805 1662 831 dicam

875 855 1040 889 impingere,
1066 853 1218 887 recipiatur
1238 851 1298 886 ejus
1322 851 1428 882 oratio;
1447 858 1499 876 non
1513 842 1585 876 enini
1610 848 1663 876 sibi

40 909 92 943 γῆς
109 893 225 943 χάριτας
238 893 408 942 ὁμολογήσας
424 906 540 941 βασιλίδι
559 905 637 936 αὖθις
652 904 822 938 ἀνελάμϐανε

881 908 927 927 me
951 900 1033 931 velle,
1065 899 1112 927 sed
1140 899 1162 925 si
1190 898 1300 932 quidam
1330 897 1477 929 aliquando
1501 896 1534 922 de
1563 896 1664 922 talibus

40 955 85 980 τὸν
102 954 181 987 λόγον
194 961 201 967 '
220 954 257 988 μὴ
283 952 315 988 δὴ
338 952 383 978 διὰ
398 951 484 978 ταῦτα
505 951 626 985 φάσκων,
646 951 707 985 μήτ’
727 950 822 983 αὐτὴν,

43 1001 112 1036 μήτε
127 999 303 1034 πατριάρχην
323 998 489 1025 ὑποπτεύειν
505 997 579 1032 αὐτῷ
597 997 660 1028 τοὺς
676 997 772 1030 λόγους
787 996 824 1027 ὼς

42 1046 204 1080 πανούργως
216 1045 390 1080 εἰρημένους,
403 1045 495 1071 ἄδειαν
508 1043 583 1078 αὐτῷ
595 1041 826 1078 προπαρασκευά-

43 1092 116 1124 ζιντι
129 1092 160 1118 τὸ
188 1091 250 1126 μηδ’
266 1091 298 1118 ἄν
324 1099 366 1122 τις
389 1089 479 1125 ἀληθῆ
489 1089 579 1123 λέγειν
596 1089 645 1125 ἔχῃ
663 1090 725 1122 περὶ
742 1088 825 1114 αὑτοῦ

42 1140 89 1166 καὶ
104 1137 291 1165 ἀποδεικνύειν
319 1137 475 1168 ἀδικοῦντα,
492 1136 573 1161 τόπον
589 1135 662 1170 ἔχειν
686 1134 755 1168 πρὸς
776 1133 826 1167 τὴν

43 1187 104 1212 κατ’
123 1185 206 1212 αὑτοῦ
222 1184 391 1218 κατηγορίαν
413 1183 460 1209 καὶ¹
478 1183 599 1217 γραφήν.
615 1181 653 1208 Οὐ
671 1181 724 1215 γὰρ
748 1180 828 1206 τοῦτο

44 1231 189 1266 βούλεσθαι
203 1229 278 1264 αὐτῷ
290 1229 352 1259 τοὺς
370 1227 465 1261 λόγους
476 1235 482 1242 ⁸
503 1226 558 1253 ἀλλ’
575 1227 598 1252 ει
618 1226 668 1260 μέν
687 1234 757 1255 τινες
769 1233 827 1250 τοι-

43 1278 113 1303 αὔτα
130 1276 230 1311 δήποτε
244 1274 425 1306 κατηγοροῖεν
441 1270 484 1299 οἷα
499 1271 568 1299 αὐτὰ
583 1271 628 1305 ὑφ’
649 1270 753 1297 ἑαυτῶν
768 1270 828 1302 ὲξε-

43 1320 191 1355 λέγχεσοαι
205 1319 241 1350 ὡς
254 1318 308 1344 εἰσὶ
326 1316 507 1350 συκοφαντίαι
520 1316 567 1341 καὶ
580 1314 710 1343 meum.
724 1313 827 1339 τούτων

46 1368 150 1402 μηδένα
170 1365 306 1391 ποιεῖσθαι
317 1364 395 1397 λόγον
409 1383 416 1395 ,
433 1362 502 1389 ἀλλὰ
520 1361 566 1387 καὶ
582 1361 643 1391 τοὺς
661 1359 827 1390 πλάττοντας

47 1414 148 1448 μισεῖν.
165 1412 196 1438 Εἰ
214 1411 237 1437 δ’
255 1410 311 1445 ἄρα
334 1409 420 1440 οὕτως
436 1409 481 1442 εἴη
504 1408 614 1439 πιθανὰ,
632 1406 696 1432 ὥστ’
711 1406 828 1440 ἀμφιδο-

44 1460 104 1486 λίαν
117 1459 240 1493 ἐμποιεῖν
252 1457 275 1482 εἰ
292 1456 391 1491 μᾶλλον
404 1456 457 1490 χρὴ
471 1453 611 1480 πιστεύειν
625 1453 640 1487 ἢ
656 1452 828 1478 παντάπασιν

44 1506 180 1535 ἀπιστεῖν,
212 1503 250 1538 μὴ
279 1503 389 1537 ἐρήμην
414 1501 495 1531 εὐθὺς
522 1494 764 1534 καταψηφίζεσθαι
782 1498 828 1524 καὶ

44 1551 161 1581 ἀπόντος
177 1558 183 1564 ·
205 1549 262 1575 ἀλλ’
275 1548 315 1578 εἱς
326 1547 504 1580 δικαστήριον
521 1545 624 1577 καλεῖν,
642 1543 691 1570 κᾶν
709 1543 829 1569 ἁλίσκω-

47 1606 96 1632 μαι
111 1595 223 1626 ἁδικῶν,
240 1594 269 1620 οὐ
284 1591 471 1626 παραιτοῦμαι
485 1591 533 1624 τῆς
548 1589 716 1624 κακουργίας
729 1588 828 1614 διδόναι

45 1641 133 1671 δίκας.
163 1639 219 1673 Τῆς
237 1637 371 1672 βασιλίδος
397 1636 426 1662 δὲ
443 1635 489 1660 τὸν
507 1635 571 1668 περὶ
587 1634 636 1668 τῆς
650 1632 728 1666 δίκης
751 1632 829 1666 λόγον

45 1684 260 1719 ἀποσειομένης,
278 1683 324 1709 καὶ
351 1681 414 1716 μηδ’
447 1680 479 1707 ἂν
495 1680 521 1706 εῐ
544 1688 570 1705 τι
598 1679 701 1712 γένοιτο
718 1677 830 1704 τοιαῦτα

45 1731 112 1766 περὶ
132 1729 216 1756 αὐτοῦ
245 1727 392 1763 φρονήσειν
409 1725 625 1759 διατεινομένης,
646 1723 716 1750 ὥστε
733 1723 780 1749 καὶ
791 1722 831 1748 δι-

45 1775 204 1810 καστηρίων
218 1772 363 1807 δεήσεσθαι
376 1770 444 1806 πρὸς
458 1770 550 1800 αὑτὸν,
567 1770 615 1796 οὐκ
628 1768 747 1803 ἔφασκεν
762 1768 832 1794 ἐκεῖ·

46 1831 89 1853 νος
108 1821 265 1855 ἀγαπήσειν
281 1819 305 1845 εἰ
320 1818 358 1852 μὴ
375 1817 422 1844 καὶ
439 1817 502 1850 περὶ
516 1815 611 1842 τούτου
627 1814 748 1841 πείθοιτο
758 1813 832 1847 αὐτῷ

46 1868 102 1894 τῶν
114 1867 202 1894 ἄλλων
219 1865 319 1900 μᾶλλον
332 1864 425 1895 ἕνεκα,
434 1861 552 1897 ἧμῦτῆς
562 1868 568 1876 ·
582 1860 651 1887 ὥστε
665 1860 707 1886 διὰ
723 1860 833 1886 πάντων

48 1913 141 1943 αὐτοῖς
162 1908 385 1945 ἀποφράττεσθαι
401 1907 450 1939 τὰς
465 1906 607 1940 γλώσσας,
618 1905 665 1931 καὶ
677 1904 715 1939 μὴ
728 1904 834 1938 πρόφα-

50 1966 91 1984 σιν
117 1959 151 1983 ἐκ
176 1955 274 1982 τούτου
301 1953 471 1988 κακουργίας
501 1951 547 1978 καὶ
574 1950 699 1984 διαϐολῆς
730 1949 832 1976 λαϐεῖν.

54 2000 297 2038 Ἀπαγορευούσης
313 1999 342 2026 δὲ
361 1998 445 2033 αὐτῆς
471 1998 519 2023 καὶ
534 1996 584 2022 οὐκ
605 1995 750 2028 ἐθελούσης
770 1994 816 2028 πεί

49 2049 156 2078 θέσθαι.
177 2048 270 2074 ἔπεισε
292 2045 378 2072 πολλὰ
399 2042 484 2070 εἰπὼν
515 2042 552 2073 ὡς
581 2041 646 2076 περὶ
673 2039 833 2072 ἀναγκαίου,

49 2096 174 2122 ἄκουσαν
191 2093 251 2128 μὲν,
267 2092 313 2118 καὶ
325 2091 387 2124 τόγε
400 2089 438 2120 εἰς
453 2089 539 2123 αὐτὴν
557 2085 624 2123 ἧκον
640 2086 693 2112 τῶν
706 2085 835 2111 τοιούτων

50 2142 89 2176 μὴ
113 2139 245 2174 δεομένην
271 2136 448 2171 ζητημάτων.
471 2133 613 2173 Ἐπείθετο
639 2132 661 2158 δ’
684 2131 732 2158 οὖν
755 2131 836 2157 ἕνεκα

48 2174 145 2213 αὑτοῦ.
166 2184 227 2210 Ἐπὶ
242 2182 348 2212 τούτοις
361 2180 447 2206 δὲκαὶ
464 2178 544 2208 αὐτὸς
561 2177 667 2212 ἡσθεὶς,
682 2175 730 2202 καὶ
745 2174 836 2200 πᾶσαν

876 953 938 972 eum
953 949 1124 977 accusarent,
1141 951 1202 978 quae
1216 951 1305 971 meras
1319 949 1379 971 esse
1393 941 1554 972 ealuinnias,
1580 945 1608 966 et
1620 948 1663 975 sy-

875 990 1036 1024 cophantias
1052 990 1104 1024 ipsi
1123 997 1139 1016 a
1158 989 1314 1023 semetipsis
1328 987 1568 1017 convincerentur,
1582 985 1665 1019 368

877 1037 976 1063 horum
995 1035 1098 1062 nullam
1113 1034 1176 1061 duci
1202 1035 1334 1061 rationem
1359 1032 1470 1062 debere,
1484 1030 1531 1058 sed
1557 1037 1618 1056 cum
1631 1030 1666 1057 ti-

877 1080 996 1115 gmentis
1012 1080 1070 1107 suis
1083 1079 1259 1106 aversandos.
1272 1073 1319 1106 Sin
1336 1079 1372 1105 ita
1392 1076 1542 1112 probabilia
1564 1075 1664 1106 loreut,

876 1132 908 1154 ut
921 1126 1106 1157 dubitaretur,
1116 1124 1300 1156 credendane,
1317 1131 1350 1150 an
1364 1130 1482 1158 prorsus
1498 1121 1666 1156 repudianda

878 1177 980 1204 essent,
1003 1179 1056 1198 non
1075 1170 1167 1197 statim
1183 1170 1284 1196 indicta
1294 1176 1386 1199 causa,
1401 1173 1428 1195 et
1443 1167 1584 1194 absentem
1600 1173 1666 1192 con-

878 1218 1074 1250 demnandum,
1086 1217 1134 1244 sed
1152 1218 1178 1243 in
1189 1217 1321 1252 judicium
1332 1215 1495 1244 vocandum,
1507 1214 1544 1240 ibi
1555 1213 1667 1240 sceleris

878 1265 1032 1293 convictum
1060 1271 1119 1291 sese
1144 1271 1240 1295 pcenas
1271 1271 1323 1289 non
1350 1262 1434 1288 invite
1462 1265 1665 1294 suscepturum.

877 1311 947 1338 Cum
966 1311 1128 1345 imperatrix
1143 1309 1309 1336 mentionem
1329 1315 1416 1342 pugna:
1443 1315 1494 1333 non
1516 1306 1609 1333 ferret.
1626 1305 1666 1330 af-

880 1357 1058 1390 lirmaretque
1071 1375 1078 1386 ,
1095 1354 1228 1389 quidquid
1255 1354 1361 1380 tandem
1376 1353 1498 1380 eveniret
1527 1357 1666 1385 nunquam

879 1400 915 1427 ita
927 1400 960 1426 de
977 1401 1036 1434 ipso
1051 1399 1245 1434 cogitaturam,
1265 1391 1294 1424 ut
1310 1397 1414 1431 judicio
1429 1397 1504 1422 illum
1517 1400 1668 1422 arcesseret

880 1453 932 1472 non
962 1453 990 1472 se
1010 1445 1168 1478 quieturum
1193 1443 1359 1471 domesticus
1384 1442 1588 1476 respondebat,
1617 1439 1668 1467 nisi

884 1496 912 1518 et
936 1490 962 1517 in
984 1490 1034 1517 hoc
1052 1490 1105 1516 sibi
1131 1490 1341 1523 obsequeretur,
1373 1488 1488 1514 aliorum
1513 1493 1596 1513 causa
1613 1493 1661 1512 muv

879 1537 920 1567 ais
935 1544 1016 1570 quam
1048 1543 1108 1568 sua,
1126 1540 1156 1562 ut
1177 1535 1217 1562 sic
1240 1542 1286 1569 per
1306 1534 1396 1560 omnia
1413 1533 1471 1560 illis
1485 1540 1531 1559 ora
1546 1532 1664 1559 obstrue-

881 1587 998 1614 rentur,
1028 1586 1056 1608 et
1083 1589 1116 1609 ne
1143 1581 1208 1607 hinc
1235 1580 1351 1615 maligne
1383 1578 1566 1606 calumniandi
1591 1585 1667 1604 orca‘

880 1627 986 1654 sionem
1023 1630 1175 1653 sumerent.
1207 1624 1354 1651 llecusanli
1395 1632 1460 1651 vero
1496 1628 1524 1650 et
1553 1623 1668 1654 invitm,

881 1672 954 1707 quod
991 1679 1020 1699 se
1051 1670 1207 1706 hujusmodi
1246 1669 1446 1704 quaestionibus
1494 1676 1546 1695 non
1587 1675 1670 1702 egere

881 1718 998 1749 diceret,
1011 1717 1104 1744 multis
1115 1717 1206 1744 verbis
1217 1721 1254 1744 ut‘
1261 1723 1318 1743 rem
1330 1715 1510 1743 necessariam
1523 1716 1669 1749 persuasit.

883 1764 1028 1792 Domestici
1055 1764 1139 1798 igitur
1167 1770 1250 1790 causa
1264 1762 1541 1794 assensit.Quocirca
1558 1765 1586 1787 et
1613 1761 1671 1794 ipse

882 1809 1065 1841 exhilaratus,
1082 1808 1212 1842 omnique
1223 1807 1416 1842 cogitationum
1433 1807 1611 1841 perplexitate
1625 1806 1672 1833 de—

884 1855 983 1890 posita,
997 1863 1026 1882 sc
1041 1855 1096 1889 jam
1112 1861 1174 1881 cum
1190 1854 1288 1887 gaudio
1302 1854 1335 1880 ad
1359 1852 1504 1887 imperium
1526 1853 1671 1878 moderan-

884 1900 948 1927 dum
968 1907 1028 1927 esse
1043 1906 1230 1934 regressurum
1254 1898 1334 1931 dixit,
1349 1899 1372 1925 si
1389 1898 1472 1924 etiam
1498 1902 1670 1924 sacramento

885 1946 959 1973 dicta
994 1945 1195 1977 ﬁrmarentur;
1223 1944 1296 1978 quod
1328 1950 1389 1969 mox
1411 1943 1444 1970 ab
1481 1947 1596 1976 utroque
1625 1950 1672 1969 co-

885 1998 943 2018 ram
970 1991 1125 2025 patriarcha
1146 1990 1247 2017 factum
1280 1994 1332 2016 est.
1360 1988 1482 2016 Perfecta
1497 1988 1580 2023 igitur
1598 1989 1672 2022 paci-

886 2039 1012 2066 ttcatiorie
1040 2037 1200 2072 imperatrix
1219 2036 1292 2063 domi
1311 2036 1421 2062 mansit.
1442 2035 1553 2070 Magnus
1578 2039 1670 2061 autem

887 2084 1055 2111 domesticus
1071 2083 1154 2110 totius
1171 2082 1278 2117 imperii
1294 2082 1491 2117 gubernatione
1507 2082 1559 2109 sibi
1572 2083 1673 2109 conﬁr-

887 2134 970 2160 mata.
987 2136 1050 2156 cum
1067 2128 1224 2163 patriarcha
1239 2128 1364 2161 recessit,
1380 2133 1408 2155 et
1421 2128 1493 2162 apud
1508 2131 1594 2155 autem
1616 2135 1673 2155 ma-

887 2174 932 2210 gni
946 2173 1074 2208 martyris
1089 2173 1219 2200 Demetrii
1248 2172 1319 2199 intra
1337 2173 1426 2199 aulam
1438 2173 1518 2208 longo
1534 2181 1596 2200 eum
1613 2181 1674 2200 scr-

47 2230 189 2266 λογισμῶν
207 2226 374 2263 ἁμψιὸολίαν
390 2225 569 2259 ἀποθέμενος,
591 2222 695 2257 χαίρων
717 2220 829 2254 ἔφασκει

889 2227 968 2247 mone
988 2219 1107 2246 detinuit
1123 2238 1129 2250 ,
1147 2226 1243 2253 nempe
1256 2219 1323 2246 hoc:
1341 2219 1396 2253 Ego
1412 2226 1531 2254 quoque,
1547 2227 1601 2246 non
1621 2219 1674 2246 ali-

47 2265 99 2314 ἤδη
113 2273 325 2310 παραλήψεσθαι
344 2271 393 2307 τὴν
408 2270 510 2305 ἀρχὴν,
535 2269 560 2294 ει
578 2269 624 2295 καὶ
638 2266 672 2293 δι’
685 2267 774 2301 ὅρκων
791 2265 836 2298 γέ-

47 2311 122 2350 νοιτο
146 2321 229 2348 πιστὰ
249 2320 283 2346 τὰ
310 2317 455 2352 εἰρημένα.
486 2315 542 2353 lea).
560 2313 660 2340 αὐτίκα
696 2311 836 2338 ἐτελοῦντο

49 2371 99 2396 καὶ
123 2369 149 2394 οἱ
173 2368 250 2402 ὅρκοι
275 2364 341 2399 παρ’
359 2362 498 2397 ἑκατέρων
513 2360 560 2387 ἐπὶ
583 2359 630 2386 τοῦ
652 2358 834 2392 πατριάρχου.

54 2414 134 2441 Ἐπεὶ
146 2413 175 2440 δὲ
190 2411 296 2442 οὐδενὸς
314 2410 407 2441 αὐτοῖς
426 2408 512 2434 ἐνέδει
527 2406 566 2432 ἔτι
589 2405 657 2441 πρὸς
674 2404 723 2435 τὰς
744 2403 837 2430 διαλύ-

48 2469 118 2492 σεις,
147 2458 252 2494 βασιλὶς
280 2456 330 2492 μὲν
356 2455 425 2481 οἴκοι
452 2453 624 2480 ὑπελείπετο.
650 2451 679 2477 Ὀ
696 2451 781 2485 μέγας
807 2449 835 2475 δὲ

48 2507 212 2541 δομέστικος
228 2504 278 2539 ἥδη
304 2503 395 2529 πᾶσαν
422 2501 473 2535 τὴν
501 2499 588 2535 ἀρχὴν
613 2498 729 2533 βεϐαίως
754 2497 836 2531 ἔχων,

48 2552 167 2588 ἐξῄεσαν
191 2551 249 2585 ἅμα
270 2548 448 2584 πατριάρχῃ·
481 2546 530 2572 καὶ
560 2545 627 2579 πρὸς
655 2544 693 2579 τῷ
715 2543 771 2578 ναῷ
788 2542 836 2569 τοῦ

51 2597 300 2632 μεγιλομάρτυρος
318 2595 461 2628 γενόμενοι
478 2592 648 2627 Δημητρίου,
674 2590 703 2621 ὃς
717 2589 770 2615 τῶν
787 2589 836 2624 βα-

50 2643 164 2670 σιλείων
178 2641 338 2677 ᾠκοδόμητο
353 2639 438 2671 ὲντδς,
455 2637 542 2664 πολλὰ
557 2637 603 2663 καὶ
618 2636 686 2670 πρὸς
700 2635 837 2670 πατριάρ-

49 2698 102 2724 χην
121 2689 136 2714 ὁ
157 2687 243 2722 μέγας
258 2685 420 2720 δομέστικος
442 2682 588 2717 διειλέχθη.
605 2682 676 2716 Ἔφη
701 2681 755 2715 γάρ
766 2688 773 2695 ·
790 2689 838 2707 πε-

49 2734 165 2760 πεῖσθαι
186 2733 236 2768 μὲν
259 2732 305 2758 καὶ
321 2731 403 2758 αὑτὸν
427 2728 521 2762 σαφῶς
543 2728 580 2759 ὡς
606 2728 679 2759 οἵους
696 2728 712 2762 ἡ
732 2727 838 2761 βασιλὶς

49 2779 205 2813 ἐφθέγξατο
222 2777 328 2809 λόγους.
348 2775 470 2803 τοιοῦτον
489 2775 536 2801 καὶ
560 2774 590 2800 τὸ
608 2773 736 2809 φρόνημα
752 2772 836 2808 ἔχειν.

49 2824 235 2858 Θορυῆεῖσθαι
253 2822 281 2848 δὲ
296 2820 373 2853 αὖθις
391 2821 420 2847 οὐ
442 2820 548 2854 μικρῶς
561 2820 610 2854 τὴν
625 2818 769 2844 ἀσθένειαν
788 2818 839 2852 τῆς

51 2870 214 2903 γυντικείας
241 2867 358 2901 μύσεως,
387 2866 475 2892 εἰδότα
505 2865 541 2897 ὡς
570 2863 772 2899 εὐρετὰὁλητος
794 2863 838 2888 διὰ

891 2270 931 2292 ter
960 2272 1041 2299 quam
1064 2265 1188 2297 sentiret,
1231 2265 1433 2299 imperatrirem
1459 2265 1578 2291 locutam
1602 2272 1674 2297 esse,

890 2312 970 2347 plane
985 2310 1078 2339 credo.
1099 2311 1250 2338 Perturbor
1276 2315 1368 2338 tamen
1401 2318 1454 2338 non
1477 2311 1674 2343 mediocriter,

890 2359 962 2394 quod
974 2361 1077 2384 natura:
1086 2357 1229 2384 muliebris
1240 2356 1466 2386 imbecillitatem,
1475 2364 1555 2391 quam
1568 2356 1675 2383 scilicet

891 2405 976 2436 varia,
993 2409 1021 2432 et
1033 2404 1068 2430 ob
1083 2403 1256 2430 timiditatem
1273 2402 1411 2429 mutabilis
1429 2403 1464 2429 sit
1479 2410 1614 2437 cognosco
1627 2411 1633 2428 :
1647 2407 1674 2429 et

897 2443 966 2478 male
980 2455 1082 2482 metuo,
1103 2457 1136 2476 ne
1149 2457 1198 2484 ego
1212 2449 1322 2484 quidem
1348 2456 1456 2483 semper
1469 2453 1583 2483 propter
1605 2448 1675 2475 bella

891 2505 953 2524 cum
967 2496 1090 2523 ﬁnitimis
1106 2495 1235 2522 Barbaris
1248 2495 1345 2522 abesse
1364 2494 1473 2529 longius
1484 2502 1575 2529 cogar,
1597 2502 1676 2529 syco-

892 2543 1001 2578 phantae
1032 2545 1123 2568 autem
1149 2542 1221 2568 domi
1246 2541 1414 2572 desidentes,
1438 2541 1584 2574 aliquando
1601 2541 1674 2567 illam

891 2591 1048 2624 pervertant
1078 2586 1156 2619 Quod
1179 2591 1207 2613 et
1233 2586 1301 2613 viris
1330 2586 1459 2621 inptigna
1475 2586 1674 2614 imbellissimis

891 2635 1017 2662 accidere
1028 2634 1162 2663 videmus.
1177 2633 1250 2667 quia
1265 2633 1423 2660 domesticis
1439 2633 1572 2667 probrose
1589 2634 1678 2660 incre-

892 2681 952 2716 piti,
967 2685 994 2708 et
1006 2679 1281 2707 contumeliosissime
1298 2680 1386 2706 vexati
1404 2686 1435 2705 ac
1448 2679 1515 2705 nihil
1531 2686 1583 2705 non
1595 2687 1677 2714 grave

891 2727 1024 2761 perpessi.
1044 2731 1121 2752 extra
1140 2725 1263 2759 praelium
1279 2725 1369 2752 verbis
1393 2725 1559 2760 sejactitant
1573 2727 1678 2760 magni-

892 2771 953 2804 ﬁce,
966 2776 994 2798 et
1006 2771 1089 2805 jurati
1107 2771 1253 2802 al'tirmant,
1275 2771 1308 2798 de
1328 2775 1426 2798 caetero
1438 2778 1489 2797 non
1515 2776 1619 2806 tergum
1633 2772 1679 2798 ho-

893 2816 981 2843 sti-bus
996 2816 1173 2851 praebituros,
1188 2817 1232 2841 sed
1245 2822 1375 2850 generose
1390 2821 1483 2842 contra
1497 2820 1627 2848 pugnam:
1637 2824 1678 2841 υς.

890 2862 1038 2894 Postquam
1056 2865 1146 2887 attleut
1164 2868 1211 2887 eos
1235 2861 1398 2888 accedentes
1413 2863 1615 2889 conspexerunt
1630 2881 1634 2891 ι
1652 2865 1679 2887 et.
