1932 3089
98 142 154 175 ’145

660 140 932 173 HISTORIARUM
954 141 1070 172 LIBER
1089 139 1168 173 Ill.‘

1662 139 1716 171 τιὸ

100 201 279 238 μασιωτέραν
297 197 347 236 τῆς
362 201 451 237 ἀρχῆς
476 201 531 229 τῶν
553 201 711 236 ὁμοςύλων,
738 201 784 227 τὸν
801 199 882 226 αὐτὸν

943 199 1020 227 nulla
1036 207 1098 227 cum
1115 199 1242 227 libertate
1260 199 1416 227 Sismanum
1432 198 1598 234 postulatum
1623 197 1716 227 misit.

99 249 134 283 δὴ
150 248 254 283 τρόπον
281 247 329 275 καὶ
344 247 404 279 νῦν,
433 247 568 282 Σίσμανος
600 247 694 281 ίκέτης
710 247 807 281 γέγονε
831 246 881 280 τῆς

117 292 252 327 Ρωμαίων
267 292 419 327 βασιλείας,
448 293 479 319 οὓ
493 293 561 328 πρὸς
575 292 624 327 τὴν
634 293 739 319 οἰκείαν
752 292 878 325 δεόμενος

102 340 284 372 καταγαγεῖν,
298 339 368 365 ἀλλά
383 339 514 374 προνοίας
535 338 607 371 τινὸς
630 339 723 373 τυχεῖν
739 345 883 372 κακοπρα-

99 385 159 419 τῶν
175 385 282 418 καὶτῆς
296 385 386 420 ἀρχῆς
402 384 616 419 ἐκϐεϐλημένος.
633 384 810 419 Ἀλέξανδρος
828 384 857 410 δὲ
870 384 884 410 ό

100 431 236 466 ὑμέτερος
256 430 397 464 βασιλεὺς,
413 430 451 462 ὡς
466 430 552 463 ἔοικε,
568 429 612 456 διά
629 429 678 464 τὴν
691 429 823 464 βασιλέως
835 437 879 455 τε-

99 473 200 510 λευτὴν
216 475 250 502 τὰ
269 475 416 510 ,Ῥωμαίων
446 476 597 510 πράγματα
625 476 784 502 παντάπασι
805 474 880 508 νομί-

104 520 161 553 ζων
186 520 359 556 διεφθάρθαι,
388 521 435 548 καὶ
460 521 562 555 μηδένα
586 521 632 548 τὸν
659 520 884 556 προστησόμενον

101 565 266 600 κεκτῆσθαι,
284 566 388 591 ἐκεῖνον
409 565 569 591 ἀπέστειλεν
587 565 671 592 αἰτῶν
698 564 768 600 μετὰ
781 563 881 600 πολλῆς

87 612 154 648 γτῆς
180 610 340 646 παρρησίας
367 610 415 636 καὶ
428 609 459 636 τὸ
488 610 670 645 κελευόμενον
694 610 782 636 ποιεῖν
803 608 886 643 μηδὲν

104 653 407 690 πολυπραγμονοῦντας
436 653 534 686 ἀξιῶν.
564 654 600 680 Τὸ
613 654 635 680 δ’
655 653 781 684 ἐναντίως
798 652 854 688 ἔχει
868 652 885 687 ἢ

101 699 213 735 ψήθητε
231 699 318 726 αὐτοί.
346 698 480 730 Βασιλεύς
507 707 537 725 τε
552 698 606 733 γὰρ
622 698 663 725 ιτι
690 697 795 733 περιὼν
816 698 886 732 ἡμῖν

105 744 248 780 χρώμενος
263 745 328 776 τοὺς
354 744 460 771 ἀδικεῖν
480 744 625 776 ιθέλοντας
642 744 822 779 ἐτιμωρεῖτο·
839 743 886 770 καὶ

106 791 155 817 νῦν
175 790 205 822 ἐξ
216 790 369 825 ἀνθρώπων
384 790 492 817 ἐκείνου
509 789 705 825 γεγενημένου,
721 790 802 825 ἡμεῖς
818 789 888 823 ἀμυ-

102 835 224 870 νούμεθα
241 835 312 870 ὑπὲρ
332 835 408 871 ἡμῶν
423 834 525 868 αὐτῶν,
540 835 573 863 ἀν
589 843 631 867 τις
647 835 723 870 ἐπίῃ,
742 834 795 861 ὑπὸ
810 835 886 868 βασι-

103 881 152 907 λέα
162 881 208 907 τὸν
223 881 329 908 ἐκείνου
344 881 428 908 παῖδα
440 881 614 916 τεταγμένοι,
628 880 676 907 καὶ
688 881 737 914 τήν
755 888 785 906 τε
795 879 887 918 χῴραν

104 925 185 960 ἡμῶν
203 923 358 959 φυλάξομεν
374 924 470 959 ἀπαθῆ
493 924 598 958 κακῶν,
624 924 672 950 καὶ
690 924 761 958 ὑπὲρ
785 923 889 957 φιλοτι-

106 970 171 1004 μίας
187 969 239 1003 τῆς
249 969 384 996 ἀνέκαθεν
401 969 547 1004 Ῥωμαίοις
560 968 752 1004 προσηκούσης
767 968 889 1003 πολεμή-

105 1024 192 1049 σομεν
206 1015 271 1049 ὑμῖν
296 1014 459 1049 προθύμως.
481 1015 518 1042 Οὐ
545 1015 600 1050 γὰρ
620 1015 718 1050 μικρὸν
742 1014 822 1041 τοῦτό
845 1022 889 1048 γε,

106 1062 167 1088 οὐδε
184 1061 426 1096 εὐκαταφρόνητον
439 1062 505 1096 ἡμῖν
520 1062 561 1092 εἰς
575 1060 682 1094 ἀδοξίας
697 1060 774 1094 λόγον
794 1060 826 1085 τὸ
845 1059 890 1086 τὸν

109 1107 219 1140 φυγάδα
237 1107 304 1141 παρ’
318 1107 384 1141 ἡμῖν
397 1106 593 1141 γεγενημένον,
617 1106 634 1141 ἢ
651 1105 738 1141 ὑμῶν,
758 1104 774 1140 ἢ
789 1105 890 1139 ἑτέρων

109 1152 279 1178 κελευόιτων
295 1152 343 1179 ἐπὶ
357 1151 465 1186 θανάτῳ
478 1151 644 1186 προδιδόναι.
659 1151 706 1178 Ἂν
724 1150 773 1184 μὲν
787 1148 833 1177 οὖν
844 1151 891 1177 καὶ

107 1197 185 1222 αὐτοὶ
201 1195 250 1229 τῆς
263 1195 378 1226 ἀτοπίας
395 1195 450 1221 τῶν
466 1195 602 1222 τοιούτων
628 1194 793 1229 ζητημάτων
822 1194 890 1221 ἀπο-

109 1242 235 1273 στάντες,
253 1241 369 1276 εἰρήνην
382 1241 471 1275 ἀγειν,
484 1241 531 1267 καὶ
543 1241 603 1271 ταῖς
621 1238 747 1270 σπονδαῖς
761 1238 891 1274 ἐμμένειν

108 1288 157 1315 καὶ
173 1290 228 1319 τοῖς
246 1288 340 1322 ὅρκοις
360 1286 407 1318 οὓς
431 1286 500 1322 πρὸς
516 1285 630 1321 βασιλέα
642 1285 748 1317 ἔθεσθε,
766 1284 889 1319 ἐθέλητε,

110 1333 302 1367 πειρασόμεθα
327 1332 375 1358 καὶ
400 1327 482 1366 ἦμείς
511 1330 567 1358 τῶν
594 1329 775 1363 καθεστώτων
807 1328 891 1364 μηδὲν

109 1379 205 1405 κινεῖν.
225 1378 271 1405 Ἂν
287 1377 310 1404 δ’
325 1378 428 1414 ἀρχητε
449 1376 528 1403 αὐτοὶ
541 1376 672 1412 πρότεροι
690 1375 821 1410 πολέμου,
846 1375 892 1401 τὸν

108 1423 174 1450 Θεὸν
189 1425 238 1450 καὶ
249 1424 329 1458 ἡμεῖς
348 1423 476 1458 μάρτυρα
492 1421 541 1456 τῆς
565 1421 671 1451 ἀδικίας
684 1416 893 1455 ’προστησάμε-

112 1477 164 1499 νοι,
183 1467 213 1494 ὃν
231 1468 307 1494 αὐτοὶ
322 1468 476 1503 ἑπιορκιῖτε
488 1466 643 1497 διαλύοντες
651 1465 700 1497 τὰς
715 1465 840 1496 σπονδὰς,
852 1465 892 1491 δι-

109 1512 225 1547 δάξομεν
243 1512 314 1547 ὑμᾶς
329 1512 411 1547 μηδὲν
426 1512 499 1546 πέρα
513 1511 560 1537 τοῦ
572 1511 756 1546 προσήκοντος
771 1510 890 1564 φρονεζῖ,
903 1531 927 1564 c

110 1561 157 1586 καὶ
174 1558 191 1593 ἢ
206 1558 340 1593 Σίσμανον
352 1559 478 1594 τριήρεσι
502 1557 548 1594 διὰ
570 1556 617 1583 τοῦ
634 1556 741 1591 Ἴστρου
757 1555 893 1590 καταστή-

111 1603 208 1633 σαντες
223 1605 271 1631 ἐπὶ
282 1604 413 1639 Βιδήνην,
428 1604 476 1631 καὶ
494 1603 612 1638 πόλεμον
626 1603 759 1638 ἐμφύλιον
771 1602 891 1637 ἀνάψαν.

110 1657 154 1680 τες
171 1649 236 1683 ὑμῖν
249 1655 257 1662 ·
274 1648 334 1675 less
360 1647 415 1683 γὰρ
441 1648 474 1682 δή
501 1651 553 1673 που
579 1648 627 1673 καὶ
641 1646 720 1673 αὐτοὶ
745 1645 783 1677 ὡς
798 1645 893 1672 πολλοὶ

111 1692 214 1720 Μυσῶν
242 1691 484 1727 προσχωρήσουσιν
511 1690 608 1725 btetth
636 1689 681 1716 διὰ
700 1689 749 1724 τὴν
776 1688 893 1724 ἀρχαίαν

112 1737 206 1772 φιλίαν
222 1739 270 1764 καὶ
285 1737 334 1772 τὴν
345 1737 503 1769 οἰκειότητα
528 1736 576 1763 τοῦ
590 1736 696 1770 γένους,
711 1735 728 1771 ἢ
749 1735 892 1762 παντάπα-

114 1791 159 1810 σιν
176 1783 352 1818 Ἀλέξανδρον
380 1782 550 1817 ζκὸαλοῦμεν
574 1782 623 1817 τῆς
650 1782 748 1817 ἀρχῆς,
766 1781 783 1816 ἣ
809 1781 845 1808 τά
860 1789 894 1815 γι

112 1821 238 1864 δεύτερα,
255 1828 286 1855 οὐ
310 1828 409 1864 μέτριά
426 1836 487 1855 τινα
513 1827 691 1863 ζημιώσομεν
718 1826 843 1862 αὐτὸν,ἢ
869 1826 894 1852 ει

85 1907 90 1914 ,
118 1877 156 1911 μὴ
171 1875 250 1902 τοῦτο
263 1874 367 1909 δοκοίη,
388 1873 425 1905 ὡς
440 1873 579 1904 ἐλάττονος
602 1873 619 1908 ἢ
636 1872 757 1907 προσῆκε
771 1871 820 1907 τῆς
837 1872 897 1897 ἑπι-

116 1921 230 1956 κουρίας
243 1920 400 1954 γινομένης,
427 1919 486 1946 ἀλλ’
505 1919 593 1953 εγωγε
613 1917 694 1949 αὐτὸς
707 1918 765 1952 ἅμα
780 1917 896 1952 στρατιᾷ

118 1965 264 2000 Ῥωμαίων
276 1966 344 2000 ἔχων
354 1966 401 1991 καὶ
412 1964 545 2000 Σισμανον
558 1963 623 1998 ὑμῖν
634 1960 798 1996 ὲπιστρατεύ
806 1970 840 1987 ιω
849 1962 896 1986 καὶ

116 2008 260 2043 μαχοῦμαι
278 2007 478 2042 προθυμότατα
493 2007 573 2042 ὑμῖν·
586 2006 617 2032 οὐ
638 2005 733 2047 μόνον.
743 2012 896 2038 παρασπον-

115 2055 246 2089 δούμενος
257 2054 351 2087 αὐτὸς,
366 2053 434 2080 ἀλλά
449 2054 495 2088 καὶ
515 2052 688 2087 ἀδικουμένῳ
702 2051 820 2086 βοηθῶν,
850 2050 898 2076 καὶ

116 2099 232 2135 προσέτι
248 2107 279 2133 γε
303 2098 479 2130 στασιάζουσι
492 2098 559 2134 πρὸς
575 2097 700 2128 ἑαυτοὺς,
716 2096 831 2127 καὶτοῖς
846 2095 896 2131 μὲν

120 2145 291 2180 Ἀλεξάνδρῳ
302 2145 524 2180 προσκειμένοις,
532 2145 588 2176 τοῖς
601 2144 629 2171 δὲ
644 2144 719 2179 ἥδιον
732 2144 766 2170 ἂν
778 2142 897 2169 ἀπαλλα-

936 252 1066 277 censeris,
1089 253 1140 273 nos
1154 254 1214 280 quze
1234 246 1280 273 ille
1302 246 1369 273 velit
1395 246 1464 273 citra
1489 243 1716 272 detrectationem

935 287 1047 324 exsequi
1061 295 1199 325 op0rtere.
1215 291 1251 318 At
1260 291 1335 318 enim
1355 291 1435 326 longe
1456 289 1593 317 fallimini.
1610 288 1678 316 Nam
1692 292 1719 315 et

934 334 1083 369 imperator
1107 336 1197 363 adhuc
1222 336 1350 371 spiritum
1368 336 1491 369 ducens,
1517 339 1612 362 nostra
1635 340 1719 368 opera

935 380 1081 415 injuriosos
1102 381 1243 416 puniebat,
1263 385 1291 409 et
1306 389 1379 409 nunc
1393 389 1426 409 eo
1441 389 1457 409 e
1478 381 1639 408 mortalibus
1652 381 1717 408 sub-

933 425 1000 459 lato,
1027 433 1077 454 nos
1093 427 1150 454 ﬁlio
1169 428 1229 463 ejus
1243 428 1400 463 imperatori
1414 428 1542 463 subjecti,
1559 431 1679 456 nasmet,
1695 426 1718 453 si

934 471 998 506 quis
1011 472 1156 505 invaserit,
1171 473 1338 501 ulciscemur
1352 482 1359 505 ;
1387 478 1416 500 et
1430 481 1492 500 cum
1517 472 1655 508 regionem
1672 480 1721 499 no-

935 521 1020 543 stram
1036 524 1051 543 a
1070 517 1460 552 vastitudineldirt-ptioncque
1486 517 1636 548 tuebimur,
1661 519 1718 542 tum

934 562 1028 596 gloria:
1060 562 1173 595 studio,
1191 563 1265 598 quod
1291 563 1405 590 Romani
1429 570 1443 589 a
1469 563 1616 597 majoribus
1639 562 1718 598 quasi

937 606 1124 642 hereditatem
1151 607 1297 642 quamdam
1317 607 1484 642 accepimus,
1500 607 1600 641 cupide
1627 608 1722 634 vohis-

938 659 1001 678 cum
1016 652 1093 686 signa
1109 653 1292 679 conferemus.
1311 652 1386 680 llaud
1401 652 1474 680 enim
1490 652 1549 679 leve
1572 653 1626 679 hoc
1643 660 1720 684 sane,

936 704 987 724 nec
1003 704 1098 731 parum
1115 697 1197 724 nobis
1212 697 1379 732 probrosum
1393 716 1400 729 ,
1428 697 1581 732 supplicem
1598 701 1722 725 nostrum

936 741 1014 769 vobis
1029 747 1076 768 aut
1092 742 1154 769 aliis
1182 743 1340 783 petentibus
1361 742 1580 770 interﬁciendum
1601 745 1723 770 tradere.

936 786 1116 819 Quamobrem
1146 787 1169 814 si
1189 787 1249 815 istis
1275 788 1358 815 stulte
1394 788 1570 823 requirendis
1595 796 1725 823 superse-

938 831 1043 864 dentes,
1060 839 1155 866 pacem
1169 832 1259 859 colere
1274 838 1302 859 et
1318 832 1408 860 iwdus
1429 827 1497 859 eum
1514 833 1660 860 demortuo
1672 834 1724 861 im-

939 881 1064 912 peratore
1077 877 1213 905 sancitum
1239 885 1404 905 conservare
1424 878 1581 909 volueritis,
1608 886 1659 906 nec
1674 887 1725 906 nos

938 923 1087 958 quidquam
1103 923 1317 951 constitutorum
1334 923 1457 951 volentes
1472 924 1655 952 movebimus.
1672 925 1723 952 Sin

939 975 988 995 vos
1000 968 1078 1002 prius
1093 967 1126 995 ad
1149 967 1251 995 bellum
1277 969 1470 1003 proruperitis.
1498 969 1584 996 Deum
1611 969 1724 996 sceleris

939 1014 1022 1040 vestri
1042 1018 1138 1040 testem
1164 1013 1327 1041 adhibentes
1340 1032 1347 1045 .
1362 1021 1444 1049 quem
1460 1021 1508 1041 vos
1533 1015 1584 1042 ista
1613 1015 1724 1049 perﬁdia

939 1058 1049 1091 hedilis,
1065 1058 1227 1087 docebimus
1250 1067 1298 1086 vos
1315 1067 1371 1089 non.
1387 1059 1457 1086 ultra
1473 1067 1554 1094 quam
1577 1060 1656 1087 decet
1680 1068 1725 1087 sa-

940 1110 1007 1138 pere
1021 1111 1028 1130 z
1044 1108 1071 1131 et
1084 1104 1127 1131 vel
1141 1103 1268 1131 Sismano
1295 1103 1454 1131 triremibus
1471 1110 1547 1132 trans
1565 1104 1664 1132 Istrum
1679 1105 1725 1132 Bi-

940 1148 1028 1175 dcnen
1043 1148 1187 1183 deportato
1203 1148 1305 1176 bellum
1329 1148 1410 1176 civile
1422 1149 1494 1176 inter
1508 1156 1558 1176 vos
1582 1149 1727 1177 suscitabi-

942 1199 1005 1220 mus
1023 1192 1089 1228 (non
1105 1193 1179 1221 enim
1207 1194 1332 1226 nescitis,
1351 1194 1451 1222 Moesos
1473 1202 1598 1229 magnam
1621 1200 1726 1230 partem

940 1238 975 1265 ob
1008 1238 1136 1266 amicitiae
1158 1243 1321 1266 vetustatem
1345 1239 1597 1280 cognationemque
1617 1241 1727 1275 generis

943 1283 978 1310 ad
994 1291 1056 1311 eum
1073 1284 1240 1317 defecturos)
1257 1289 1285 1311 et
1297 1285 1482 1312 Alexandrum
1505 1292 1590 1320 regno
1614 1285 1727 1320 penitus

941 1329 1161 1362 exturbabimus,
1178 1335 1225 1356 aut
1241 1335 1315 1357 certe
1332 1338 1385 1357 non
1399 1330 1506 1365 exiguis
1519 1338 1582 1357 eum
1597 1331 1723 1358 cladibus

942 1373 1110 1408 aﬂiciemus;
1127 1375 1170 1402 vel
1184 1374 1207 1401 si
1224 1374 1276 1402 hoc
1301 1383 1355 1402 non
1373 1375 1546 1409 probabitur,
1570 1376 1634 1410 quia
1648 1376 1729 1403 infir-

941 1419 1013 1446 mius
1024 1419 1087 1451 erit,
1102 1427 1183 1454 quam
1199 1426 1251 1453 pro
1266 1419 1305 1446 rei
1325 1420 1481 1459 conditione
1497 1421 1640 1451 auxilium.
1653 1422 1716 1456 equi

942 1462 1004 1491 dem
1018 1471 1068 1498 ego
1091 1464 1149 1498 ipse
1167 1471 1228 1490 eum
1238 1464 1368 1491 Romano
1390 1464 1514 1491 exercitu
1540 1473 1648 1492 mecum
1671 1465 1728 1492 Sis-

943 1516 1054 1536 manum
1071 1509 1187 1540 habens,
1205 1509 1232 1536 in
1253 1517 1302 1536 vos
1316 1510 1468 1544 proiectus,
1490 1510 1624 1537 acerrime
1636 1510 1729 1537 vobis-

943 1561 1004 1582 cum
1020 1553 1220 1588 dcpraliabor;
1239 1553 1320 1589 373
1337 1561 1390 1580 non
1403 1555 1495 1582 solum
1506 1559 1536 1582 ut
1551 1563 1566 1582 a
1580 1555 1732 1591 ftedil'ragis

943 1600 1000 1634 ipse
1017 1599 1149 1631 offensus,
1159 1599 1205 1626 sed
1224 1604 1253 1626 et
1268 1599 1361 1634 inique
1370 1599 1470 1626 violato
1479 1607 1557 1634 opem
1568 1600 1672 1633 ferens,
1682 1608 1732 1628 vo-

943 1645 1062 1678 hiscum,
1080 1645 1202 1680 inquam,
1217 1645 1265 1680 qui
1292 1644 1459 1672 factionibus
1482 1645 1657 1678 dissidentes,
1683 1647 1730 1674 alii

943 1690 1098 1718 Alexandro
1112 1689 1300 1722 adhaerebitis,
1322 1690 1368 1717 alii
1385 1690 1518 1718 libentius
1534 1691 1570 1718 ab
1585 1699 1618 1718 eo
1633 1692 1729 1719 disce-

944 1737 1049 1768 dentes,
1064 1743 1126 1764 cum
1145 1735 1270 1763 Sistnano
1287 1743 1336 1763 vos
1360 1736 1544 1772 conjungetis,
1559 1736 1634 1771 quod
1659 1744 1675 1764 e
1701 1744 1732 1764 re

944 1786 1034 1809 vestra
1049 1781 1170 1809 futurum
1187 1789 1243 1809 non
1268 1781 1405 1809 existimo.
1431 1781 1488 1817 Ego
1498 1779 1567 1809 vero
1596 1787 1624 1810 et
1649 1782 1731 1810 aliam

945 1827 1010 1854 belli
1024 1827 1107 1858 viam.
1123 1834 1175 1861 qua
1190 1827 1330 1862 regionem
1344 1833 1463 1856 vestram
1479 1828 1605 1855 infestam
1618 1828 1731 1860 habere,

946 1876 1071 1899 nostram
1090 1876 1176 1898 tutam
1197 1877 1328 1907 praestare
1347 1872 1454 1905 licebit,
1472 1880 1526 1899 non
1545 1880 1594 1900 vos
1611 1873 1706 1901 celabo
1722 1882 1731 1902 :

947 1922 978 1944 ut
992 1916 1164 1944 atrocissime
1191 1916 1300 1943 multati
1317 1917 1373 1950 (99)
1384 1938 1391 1949 ,
1408 1918 1590 1951 vosmetipsos
1605 1924 1637 1944 ea
1663 1918 1733 1945 mala

947 1962 1025 1989 vobis
1041 1962 1180 1989 intrivisse
1197 1962 1362 1996 agnoscatis.
1395 1962 1502 1989 Etenim
1519 1962 1650 1989 Amurius
1664 1963 1734 1990 Aiti-

947 2014 989 2034 nae
1005 2006 1077 2034 [ilius
1093 2010 1263 2041 satraparum
1277 2006 1350 2033 Asiae
1359 2006 1598 2041 opulentissimus,
1612 2015 1693 2042 quem
1706 2013 1734 2035 et

949 2059 997 2079 vos
1009 2051 1042 2078 de
1061 2052 1132 2078 fama
1158 2051 1337 2086 cognovistis,
1362 2059 1424 2078 cum
1451 2051 1485 2079 de
1508 2057 1598 2079 morte
1615 2053 1735 2087 impera-

950 2097 1018 2124 toris
1030 2097 1190 2132 accepisset,
1208 2101 1284 2124 ralus
1307 2105 1337 2125 se
1354 2098 1539 2125 Romanorum
1554 2103 1641 2126 terras
1658 2099 1735 2126 facil-

949 2144 1014 2171 lime
1026 2143 1260 2179 deprmdaturum,
1280 2144 1353 2178 quod
1367 2143 1421 2178 jam
1440 2148 1643 2179 propugnatore
1658 2152 1735 2172 carc—

116 2190 238 2225 ξομένοις
249 2189 297 2217 καὶ
308 2190 373 2225 πρὸς
382 2183 516 2224 Σίσμαῖοον
525 2188 760 2223 ἀποχωρήσουσιν,
771 2187 838 2222 ὅπερ
849 2182 891 2213 οὐ)

952 2194 1031 2222 rent,
1064 2189 1186 2224 impletis
1211 2189 1338 2216 ducentis
1370 2188 1567 2224 quinquaginta
1594 2190 1733 2222 navibus,

112 2239 206 2272 οἴομαι
218 2237 282 2272 ὑμῖν
295 2235 493 2269 λυσιτελήσειν.
509 2233 579 2268 Ἐγὼ
592 2234 620 2260 δὲ
632 2234 678 2260 καὶ
692 2233 792 2268 τρόπον
802 2232 897 2267 ἕτερον

116 2284 237 2317 πολέμου
251 2281 280 2313 ἐξ
297 2277 328 2307 οὗ
353 2281 403 2315 τήν
417 2287 447 2306 τε
464 2279 604 2314 ὑμετέραν
631 2277 744 2311 κακοῦν,
758 2278 824 2313 ἡμῖν
851 2277 899 2304 καὶ

115 2329 166 2362 τὴν
182 2326 284 2353 οἰκείαν
307 2325 414 2357 ἑξέσται
429 2323 573 2356 διασώζειν
597 2323 648 2349 οὒκ
667 2323 830 2357 ἀποκρύψω,
857 2322 899 2348 ἵνα

119 2375 157 2409 μή
171 2382 252 2401 τινων
268 2373 428 2407 ἀνηκέστων
440 2372 508 2407 πρὸς
526 2372 572 2398 τὸν
586 2371 704 2406 πόλεμον
719 2370 893 2405 συμϐάντων,

113 2421 164 2454 οὐχ
189 2420 262 2454 ἡμᾶς
292 2420 406 2451 αἰτίους,
427 2418 495 2445 ἀλλὰ
510 2419 579 2451 σφᾶς
597 2418 695 2448 αὐτοὺς
713 2417 833 2451 εἰδείητε
851 2416 901 2442 αύ-

113 2467 183 2497 τοίς.
196 2465 255 2492 Τῶν
264 2469 318 2500 γαρ
331 2467 402 2491 κατὰ
412 2465 461 2500 τὴν
475 2464 568 2490 Ἀσίαν
579 2463 724 2499 σατραπῶν
732 2463 902 2490 δδυνατώτα-

117 2520 174 2545 τος,
183 2511 213 2537 δν
221 2510 276 2537 οὐδ’
285 2511 361 2537 αὐτοὶ
371 2511 492 2544 ἀγνοεῖτε
501 2509 696 2545 παρειληφότες
709 2510 789 2543 ἀκοῇ.
799 2508 826 2535 ’Δ
832 2509 900 2543 μοίιρ

117 2557 131 2582 δ
156 2556 203 2582 τοῦ
217 2557 322 2591 Αῖτὶνη,
339 2555 387 2590 τὴν
405 2554 536 2590 βασιλέως
562 2554 736 2588 πεπυσμένος
762 2553 900 2588 τελευτὴν,

115 2602 165 2628 καὶ
176 2601 291 2636 νομίσας
307 2602 355 2628 καὶ
381 2601 461 2632 αὐτὸς
474 2601 561 2635 ῥᾷστα
573 2599 715 2635 ληῖσεσοαι
738 2599 901 2633 Ῥωμαίους,

115 2648 162 2673 διὰ
185 2647 214 2673 rb
245 2647 349 2681 μηδένα
364 2645 434 2673 εἶναι
446 2647 492 2673 τὸν
509 2645 696 2681 ἀμυνούμενον
713 2645 783 2680 ὑπὲρ
800 2645 901 2674 αὐτῶν,

117 2693 292 2728 πεντήκοντα
305 2693 352 2720 καὶ
367 2693 508 2724 διακοσίας
524 2692 671 2726 πληρώσας
700 2690 777 2722 ναῦς,
811 2691 901 2716 πᾶσαν

117 2740 238 2784 inlatam
262 2739 380 2774 σπουδὴν
402 2737 505 2765 κακοῦν
522 2737 572 2773 τὴν
599 2736 749 2772 ἡμετέραν.
775 2736 852 2762 Ἐπεὶ
872 2736 900 2762 ἑὲ

949 2242 1045 2262 omnes
1061 2242 1095 2262 eo
1113 2242 1212 2262 nervos
1228 2234 1357 2265 intendit.
1375 2239 1405 2262 ut
1429 2242 1511 2269 agros
1524 2240 1633 2262 nostros
1648 2242 1736 2270 p0pu-

949 2281 1030 2307 laret.
1060 2280 1099 2307 De
1126 2280 1205 2314 cujus
1236 2280 1390 2314 irruptione
1410 2287 1460 2315 ego
1497 2280 1625 2312 audiens.
1646 2281 1734 2308 virum

952 2326 1024 2354 inter
1041 2326 1224 2353 amicissimos
1243 2333 1320 2353 meos
1345 2325 1490 2359 probatum
1517 2326 1589 2358 misi,
1609 2326 1656 2360 qui
1676 2326 1737 2352 hor-

953 2376 1068 2403 taretur,
1090 2373 1128 2398 uti
1144 2370 1243 2405 emptis
1259 2370 1394 2397 desistens
1414 2375 1597 2397 reverteretur
1610 2391 1617 2403 ,
1641 2375 1736 2404 utpote

953 2424 1006 2443 non
1023 2416 1049 2443 in
1065 2417 1133 2443 alios
1158 2423 1239 2451 quam
1255 2416 1282 2442 in
1298 2423 1340 2442 me
1356 2415 1468 2442 iturum.
1484 2416 1509 2442 ls
1525 2415 1604 2442 simul
1619 2424 1650 2442 ac
1665 2416 1738 2450 lega-

954 2466 1010 2488 tum
1025 2461 1139 2493 audivit,
1156 2469 1170 2487 e
1187 2460 1277 2487 medio
1295 2461 1393 2487 itinere
1410 2466 1483 2487 retro
1499 2460 1590 2487 rediit.
1611 2460 1688 2487 Nunc
1701 2461 1736 2487 ad

954 2514 997 2533 me
1013 2506 1098 2538 misit,
1125 2506 1284 2540 rogavitque
1310 2513 1344 2532 ne
1367 2506 1517 2533 exercitqu
1544 2513 1559 2532 ο
1581 2513 1611 2532 se
1635 2505 1736 2533 frustra

953 2552 1097 2580 collectum
1114 2559 1173 2578 esse
1189 2552 1287 2583 sinam,
1299 2552 1346 2579 sed
1361 2553 1383 2579 si
1399 2552 1471 2587 quod
1486 2552 1565 2580 nobis
1578 2552 1677 2579 bellum
1689 2559 1735 2583 s-t.

953 2606 987 2625 eo
1002 2602 1097 2625 contra
1125 2599 1228 2624 hostem
1254 2603 1385 2625 utamur:
1404 2603 1433 2624 ut
1458 2602 1486 2625 et
1514 2598 1616 2625 milites
1641 2599 1738 2633 spoliis

952 2643 1082 2674 ditentur,
1107 2649 1132 2675 et
1158 2650 1214 2676 ipsc
1233 2647 1322 2670 tantos
1339 2648 1464 2676 sumptus
1490 2642 1549 2668 sine
1566 2643 1621 2669 ullo
1644 2643 1734 2670 fructu

953 2697 987 2716 nc
1000 2688 1129 2716 clIutIerit
1142 2709 1149 2721 ,
1165 2688 1212 2715 sed
1240 2688 1313 2718 hunc
1342 2688 1437 2714 saltem
1453 2693 1647 2722 consequatur,
1664 2689 1737 2722 quod

951 2742 1001 2770 pro
1020 2734 1108 2762 aliiico
1126 2741 1173 2760 cos
1190 2734 1327 2768 posuerit.
1343 2734 1382 2761 Ac
1406 2733 1492 2760 nolim
1506 2740 1554 2761 vos
1568 2733 1650 2761 dictis
1666 2733 1735 2759 lueis

152 2842 212 2879 (99)
230 2842 291 2873 Gn,
305 2846 332 2868 ut
349 2842 372 2868 si
392 2841 457 2876 quid
472 2841 663 2869 exitiulecirca
679 2840 776 2869 bellum
790 2839 929 2875 contigerit
956 2835 1033 2864 Eutr.

261 2887 397 2917 Panos.
418 2887 479 2919 Gn.
501 2885 602 2917 CLIII.

1519 2878 1560 2909 24
