1931 3090
208 134 261 167 ’151

804 136 966 168 JOANNIS
985 134 1251 167 CANTACUZENI

1779 134 1829 166 752

207 190 298 218 scelus
309 197 417 222 usuros,
428 197 542 224 eamque
555 189 764 224 disperdituros,
776 194 803 217 et
818 190 893 217 illum
908 190 991 217 solum

1048 190 1103 216 τῶν
1114 190 1264 224 προτέρων,
1279 188 1294 223 ή
1313 187 1425 215 ἐκείνων
1440 188 1477 224 μὴ
1495 189 1535 221 εις
1553 188 1616 216 δέον
1634 190 1692 221 τοῖς
1711 190 1829 225 χρήμασι

207 243 302 264 rerum
346 235 487 270 praesidem
527 235 640 269 ejusque
664 243 774 262 sensum
801 236 989 270 perspexerit.

207 281 346 316 quomodo
362 280 396 307 ob
413 287 586 308 communem
613 280 758 307 utilitatem
778 287 831 307 non
849 281 993 315 pecuniam

208 326 299 357 modo,
316 332 411 351 verum
426 329 453 351 et
466 324 554 358 ipsam
571 325 701 356 animam,
719 324 741 352 si
756 324 870 352 facultas
885 326 930 355 sit,
945 332 994 358 pro

208 370 293 397 nihilo
304 370 405 397 habere
416 369 576 400 meditetur.
591 375 617 396 et
629 377 735 396 morum
751 370 810 404 ejus
823 370 993 398 honestatem

202 416 258 450 jam
276 415 384 442 noverit
399 434 406 446 ,
424 415 553 442 statuisse
577 414 629 449 ipsi
654 415 824 442 offerendam
849 415 993 450 pecuniam

205 461 290 490 illam.
309 467 364 486 non
380 459 494 486 honeste
513 459 612 490 solum.
638 460 687 487 sed
704 464 732 487 et
759 467 821 487 cum
839 459 945 487 ratione
963 465 993 488 et

204 506 345 540 diligentia
380 504 413 532 ad
448 504 585 543 publicam
623 505 810 532 Romanorum
847 505 993 532 utilitatem

205 550 407 583 insumendum,
422 550 533 585 quando
546 555 574 578 et
589 550 623 577 ab
640 551 706 585 ipsis
720 550 835 577 collecta
850 550 897 578 sit.
917 550 993 577 Hanc

204 597 289 630 igitur
323 594 433 623 omnem
466 596 503 623 illi
533 596 641 624 venisse
674 596 816 628 tradere,-
835 596 993 631 ubicunque

203 641 324 669 voluerit
342 641 483 669 utendam.
510 642 593 677 376
617 642 712 677 Itaque
738 647 830 677 patere
851 642 991 675 omnibus,

203 696 259 715 non
277 688 339 715 ideo
361 695 392 714 se
418 687 513 714 adesse
526 707 534 718 .
553 693 583 714 ιιι
602 695 632 714 se
652 687 717 714 huic
740 687 847 715 muneri
868 693 991 723 questus

202 732 414 760 i‘aciendieausa
427 732 529 767 praeﬁci
551 737 648 767 roget,
663 740 725 759 cum
752 737 829 766 parta
852 732 988 760 retinendi

205 788 237 806 ac
254 779 288 806 de
305 783 405 806 caetero
433 778 461 805 in
475 777 533 805 otio
557 777 667 805 vivendi
684 777 798 805 libertas
820 778 914 811 fuerit,
943 778 991 806 sed

204 826 268 861 quia
284 825 334 860 ipsi
351 825 385 852 ad
403 829 525 852 veterem
545 823 703 852 felicitatem
725 824 856 851 Romanis
875 832 991 859 recupe.

205 871 319 897 randam
342 874 397 896 tam
423 870 530 896 inlensa
544 873 573 896 et
598 869 708 896 assidua
735 877 801 897 cura
826 870 993 898 incumlknti

206 915 282 942 utilis
295 919 322 941 et
338 915 372 942 ad
398 914 550 949 iuvandum
573 914 688 942 idoneus
705 915 793 942 videri
810 915 913 950 cupiat.
938 915 994 943 llac

204 961 327 988 oratione
342 959 493 986 delectatus
507 967 621 994 magnus
635 960 816 993 domesticus,
830 959 864 987 de
877 960 992 995 pecunia

203 1015 233 1033 se
249 1006 286 1033 illi
302 1005 417 1041 gratiast
430 1005 532 1032 habere
554 1005 602 1037 ait,
629 1013 683 1032 non
707 1010 812 1032 tantum
839 1005 912 1040 quod
930 1012 991 1032 eam

203 1053 236 1079 ad
254 1058 426 1080 communem
443 1058 524 1078 usum
547 1051 708 1084 contulerit,
735 1051 783 1079 sed
808 1051 881 1086 quod
908 1052 992 1079 etiam

204 1099 258 1125 sibi
272 1099 332 1133 ejus
345 1096 538 1132 dispensandae
559 1095 695 1128 rationem
721 1097 872 1124 crediderit
886 1117 893 1128 ,
908 1104 991 1131 quam

204 1148 279 1170 recte
298 1141 468 1176 ﬁdeliterque
482 1140 619 1168 collocare
647 1140 725 1168 velit.
741 1141 807 1168 Nam
824 1141 991 1175 quempiam,

205 1189 249 1216 cui
264 1186 452 1215 communium
478 1193 571 1213 rerum
597 1185 727 1213 mandata
749 1190 793 1212 est
819 1186 990 1220 procuratio,

205 1241 259 1260 non
285 1232 350 1259 inde
368 1238 470 1266 augere
497 1229 644 1257 facultates
665 1238 741 1263 suas.
769 1230 817 1258 scd
831 1238 908 1271 .quae
929 1235 992 1258 ante

205 1277 399 1314 magistratum
414 1275 573 1311 acquisivit,
586 1275 614 1303 in
630 1275 674 1303 his
687 1277 786 1309 emori,
802 1280 831 1304 et
844 1285 859 1304 a
875 1277 992 1312 pecunia

204 1325 338 1352 invictum
363 1330 478 1357 prorsus
494 1322 650 1356 apparere,
673 1329 728 1349 non
753 1322 866 1350 difﬁcile
890 1323 991 1357 solum,

205 1370 253 1398 sed
268 1376 409 1404 nunquam
423 1367 594 1402 contingere.
614 1366 757 1394 Possidere
774 1373 864 1395 autem
877 1369 944 1404 jam,
960 1375 992 1396 ac

205 1418 240 1444 ob
255 1416 282 1444 id
295 1415 364 1442 nihil
381 1413 536 1447 formidare
559 1412 623 1440 mali
640 1433 647 1444 ,
672 1413 772 1440 deinde
797 1421 879 1448 aquo
899 1414 991 1442 animo

206 1463 275 1490 velle
286 1468 411 1496 erogare,
428 1464 457 1487 et
472 1459 542 1486 male
554 1458 677 1486 collectis
695 1459 765 1486 bene
789 1459 839 1491 uti,
859 1459 912 1487 hoc
935 1468 990 1487 non

1046 235 1209 269 δυναμένων
1220 233 1384 268 χρήσασθαι.
1401 233 1418 268 ἢ
1435 233 1536 269 ἐτέρων
1553 234 1670 269 ἁρπαγῇ
1687 235 1736 261 καθι
1745 235 1829 270 ἀδικίᾳ

1045 279 1224 314 χρησομένων
1250 279 1296 305 καὶ
1319 277 1556 314 διαφθαρούντων,
1581 279 1621 310 ὡς
1636 279 1666 306 δὲ
1688 279 1734 306 σού
1752 280 1828 314 μόνου

1045 324 1232 355 καταστάντος
1247 324 1294 350 ἐπὶ
1319 325 1375 355 τοῖς
1389 324 1545 360 πράγμασι,
1579 325 1629 352 καὶ
1652 325 1702 360 τὴν
1718 325 1829 353 διάνοιαν

1044 371 1177 402 κατεῖδον,
1194 371 1231 401 ὡς
1243 370 1312 404 ὑπὲρ
1321 370 1454 404 ὠφελείας
1470 371 1525 398 τῶν
1536 371 1651 404 κοινῶν,
1664 372 1694 398 οὗ
1705 373 1829 407 χρήματα

1045 415 1137 450 μόνον,
1160 414 1228 441 ἀλλὰ
1243 415 1291 441 καὶ
1311 414 1401 450 ψυχὴν
1424 415 1509 450 αὐτὴν
1525 416 1549 441 εξ
1571 413 1631 442 οἷόν
1651 424 1681 442 τε
1693 416 1829 451 προΐεσθλι

1042 462 1145 496 διανοῇ,
1163 461 1212 488 καὶ
1227 459 1273 487 τὸν
1291 460 1393 496 τρόπον
1408 460 1540 495 προειδὼς
1556 460 1596 492 ὡς
1622 460 1735 495 ἀγαθὸς,
1750 461 1829 495 ἔγνων

1042 506 1097 533 δεῖν
1113 514 1154 533 σοι
1179 506 1212 532 τὰ
1226 506 1356 541 χρήματα
1372 506 1463 533 ικεῖνα
1485 506 1668 542 ιγχειρίζειν,
1685 506 1724 538 ὡς
1740 507 1768 533 οὺ
1786 516 1829 533 κα-

1041 550 1096 582 λῶς
1112 550 1202 585 μόνον,
1230 550 1298 578 ἀλλὰ
1326 551 1374 578 καὶ
1398 550 1517 584 εὐλόγως
1544 551 1672 586 ἀκριϐῶς
1698 552 1765 588 ὑπὲρ
1778 553 1828 579 τῶν

1043 597 1120 631 κοινῇ
1155 595 1306 630 Ῥωμαίοις
1336 596 1532 631 συμφερόντων
1568 597 1826 632 ἁναλωθησομένων,

1044 640 1138 676 ἐπειδὴ
1168 641 1214 667 καὶ
1237 640 1269 668 ὲκ
1292 640 1395 667 τούτων
1421 641 1607 676 συνελέγησαν
1636 642 1743 668 αὐτῶνι
1771 643 1827 678 sai]

1041 687 1130 713 πάντα
1144 687 1205 722 ἥκω
1218 686 1391 722 ἐγχειρίζων,
1410 686 1453 720 ιφ*
1464 687 1478 713 ὅ
1491 695 1518 713 τι
1529 686 1564 714 ἂν
1617 695 1658 713 σοι
1672 689 1827 722 χρησομένῳ

1044 732 1181 767 βούλησις.
1203 732 1328 764 Ἔξεστιν
1343 731 1388 758 οὖν
1404 733 1487 758 παντὶ
1503 732 1553 767 τὴν
1571 732 1712 765 ἀπόδειξιν
1730 734 1827 767 λαμεά-

1042 787 1098 805 νειν
1108 778 1223 812 ἐναργῆ,
1241 777 1279 809 ὡς
1303 777 1334 804 οὐ
1352 778 1594 813 χρηματισάμενος
1607 780 1641 805 hc
1654 781 1704 814 τῆς
1715 780 1828 814 ἀπογρα-

1045 824 1096 858 φῆς
1108 824 1168 859 ἥκω
1177 823 1303 858 δεόμενος
1315 824 1481 858 καταστῆναι
1497 824 1566 859 πρὸς
1581 825 1671 859 αὐτήν
1682 834 1689 841 ·
1707 825 1768 859 ἐξῆν
1779 826 1826 860 γὰρ

1045 869 1142 904 ἔχοντα
1158 869 1176 896 ἃ
1189 869 1339 903 κέκτημαι,
1365 869 1448 904 μηδὲν
1463 870 1625 905 περαιτέρω
1637 870 1827 905 πολυπραγμο-

1044 916 1109 946 νεῖν,
1135 914 1204 942 ἀλλὰ
1221 915 1263 940 σοὶ
1282 914 1423 949 φανεῖσθαι
1447 916 1584 950 χρήσιμος
1608 915 1763 949 ἐπιθυμῶ-ι,
1784 918 1826 942 καὶ

1044 959 1128 986 πολλὰ
1143 959 1311 994 συνάρασθαι
1327 960 1475 994 δυνάμενος
1502 961 1572 995 πρὸς
1596 961 1627 987 τὸ
1644 961 1693 996 τὴν
1717 961 1826 996 ἀρχαίαν

1043 1004 1216 1039 εὐδαιμονίαν
1231 1005 1287 1036 τοῖς
1304 1004 1449 1036 Ῥωμαίοις
1463 1005 1631 1038 ἀνασώζειν,
1657 1005 1755 1038 πολλὴν
1769 1005 1825 1031 τού-

1043 1059 1089 1077 του
1105 1050 1187 1077 ἕνεκα
1203 1051 1250 1077 καὶ
1274 1052 1375 1085 συνεχῆ
1391 1051 1547 1086 ποιουμένῳ
1573 1051 1625 1086 τὴν
1639 1051 1776 1087 φροντίδα.
1795 1051 1824 1077 ⁸0

1042 1096 1070 1124 δι
1087 1097 1205 1131 ἄσμενος
1222 1096 1424 1132 ἀποδεξάμενος
1436 1097 1499 1128 τοὺς
1511 1097 1621 1131 λόγους,
1638 1098 1702 1133 περὶ
1718 1098 1766 1132 μὲν
1774 1097 1823 1123 τῶν

1043 1142 1193 1176 χρημάτων
1220 1142 1324 1176 ἔφασκε
1341 1142 1421 1177 χάριν
1439 1142 1513 1178 αύτῷ
1539 1143 1644 1179 πολλὴν
1665 1143 1771 1174 ειδέναι,
1795 1143 1822 1169 οὐ

1042 1185 1080 1220 τῷ
1090 1184 1161 1219 ὑπὲρ
1173 1185 1228 1211 τῶν
1237 1186 1314 1220 κοινῇ
1327 1185 1524 1220 συμφερόντων
1537 1186 1622 1221 μόνον
1630 1186 1821 1221 παρεσχῆσθαι.

1042 1230 1109 1257 ἀλλὰ
1122 1231 1170 1258 καὶ
1183 1230 1223 1266 τῷ
1237 1230 1326 1258 αὐτῶν
1343 1231 1558 1258 πεπιστευκέναι
1573 1231 1625 1266 τὴν
1636 1232 1769 1266 διοίκησιν
1779 1232 1821 1257 αὑ-

1042 1276 1080 1312 τῷ
1091 1276 1181 1311 ὀρθῶς
1204 1275 1381 1311 πεπεισμένῳ
1396 1277 1444 1303 καὶ
1468 1276 1582 1309 δικαίως
1611 1277 1768 1304 ἀναλώσειν.
1789 1277 1820 1303 Τὸ

1043 1321 1093 1357 μὶν
1109 1322 1164 1356 γάρ
1177 1329 1239 1347 τινα
1251 1321 1305 1347 τῶν
1320 1321 1418 1348 κοινῶν
1434 1321 1599 1355 ἐπιμέλειαν
1621 1321 1822 1357 ἐγκεχειρισμέ-

1042 1375 1096 1400 νον,
1118 1366 1155 1402 μὴ
1180 1367 1229 1403 τὴν
1256 1366 1350 1394 οὐσίαν
1377 1369 1466 1394 ποιεῖν
1493 1367 1604 1403 βελτίω.
1629 1367 1747 1395 ἀλλ’ὃσα
1762 1368 1820 1402 πρὶν

1042 1412 1186 1445 άπτεσθαι,
1200 1413 1321 1440 τοσαῦτα
1338 1413 1435 1448 Ιχοντα
1447 1413 1683 1446 ἀπαλλάττεσθαι,
1703 1414 1748 1440 καὶ
1759 1422 1818 1448 χρη-

1043 1459 1135 1494 μάτων
1150 1459 1187 1489 ὼς
1201 1457 1304 1485 ἐπίπαν
1323 1458 1440 1494 ὀφθῆναι
1460 1459 1591 1494 κρείττω,
1609 1459 1640 1486 οὗ
1652 1458 1763 1494 χαλεπὸν
1777 1457 1819 1492 μό-

206 1509 369 1539 multorum,
393 1505 440 1533 sed
465 1504 564 1532 salvari
600 1503 752 1531 volentium
775 1511 836 1532 esse
858 1509 989 1540 certoque

1043 1512 1097 1536 νον,
1114 1503 1182 1530 ἀλλὰ
1202 1504 1248 1531 καὶ
1273 1503 1403 1531 ἀδύνατον
1433 1504 1538 1539 σχεδόν.
1556 1505 1595 1531 Τδ
1611 1505 1634 1532 δ’
1664 1504 1756 1539 ἔχοντα
1773 1503 1817 1538 ἠδη

205 1553 375 1582 credentium
387 1571 396 1583 ,
413 1558 443 1577 se
457 1553 518 1584 post
535 1549 617 1576 ﬁnem
633 1549 715 1588 huius
737 1548 808 1576 lucis
824 1550 945 1577 omnium
961 1550 988 1577 in

203 1601 261 1626 vita
284 1603 425 1633 gestorum
443 1595 579 1622 rationem
603 1594 771 1622 reddituros.
794 1595 908 1622 Praestat
929 1595 990 1630 qui-

202 1643 268 1670 dem
290 1649 345 1668 non
364 1647 477 1674 peccare
503 1646 633 1673 prorsus,
648 1646 738 1673 neque
760 1639 875 1667 maculis
895 1640 990 1668 multis

204 1688 308 1715 foedare
318 1685 440 1713 animam
454 1692 462 1717 ;
478 1683 501 1711 si
517 1687 607 1710 tamen
623 1683 650 1710 id
665 1683 800 1716 evenerit,
819 1691 874 1712 non
888 1685 988 1712 iterum

203 1731 336 1769 peccandi
352 1730 517 1766 principium
537 1729 600 1761 erit,
621 1736 678 1756 non
697 1729 777 1757 modo
790 1737 805 1756 a
821 1729 930 1757 delictis
942 1730 991 1757 ab-

203 1780 308 1807 stinere
322 1798 329 1810 ,
353 1777 402 1805 sed
415 1780 445 1804 et
467 1774 586 1802 admissa
608 1774 789 1809 sequentibus
813 1780 888 1802 recte
911 1775 990 1803 factis

205 1830 394 1859 compensare.
419 1821 526 1849 Idcirco
551 1824 578 1848 te
608 1820 643 1847 ob
679 1821 759 1857 istam
786 1820 989 1853 mutationem,

204 1870 280 1906 quod
292 1877 345 1897 non
359 1868 438 1896 aliter
454 1874 535 1902 quam
552 1866 587 1894 ad
604 1873 777 1893 communem
799 1865 919 1893 fructum
944 1874 991 1901 pc-

205 1916 315 1944 cuniam
340 1919 416 1942 tuam
438 1912 595 1941 donandam
613 1912 776 1944 censueris.
794 1912 886 1940 laudo.
911 1913 988 1946 Quod

206 1967 273 1986 vero
287 1966 342 1986 non
368 1961 483 1985 vocatus
497 1976 506 1990 ,
532 1956 582 1984 sed
602 1957 674 1984 ultro
698 1956 732 1984 ad
752 1964 795 1984 me
815 1957 910 1986 adiens
928 1958 990 1986 vitae

206 2004 331 2033 subsidia
346 2011 361 2031 a
375 2002 510 2032 militibus
529 2001 564 2030 de
584 2000 696 2036 publico
713 2001 795 2037 pendi
814 2003 895 2030 solita
920 2011 990 2030 exae-

203 2057 291 2086 quare
309 2049 440 2084 petivisti,
464 2052 572 2075 tantum
585 2047 665 2074 abest
678 2051 709 2074 ut
723 2047 863 2080 daninem,
880 2053 910 2076 ut
926 2056 989 2076 eum

206 2097 283 2131 prius
306 2095 365 2129 ipse
377 2097 486 2128 meopte
502 2093 621 2127 impulsu
644 2092 693 2120 tibi
717 2097 831 2128 propter
846 2093 990 2128 experien-

208 2141 273 2168 tiam
302 2139 355 2166 boc
373 2137 521 2165 ministerii
546 2137 721 2165 committere
741 2138 875 2165 voluerim
887 2157 895 2171 ,
914 2146 990 2168 nunc

1046 1551 1093 1577 καὶ
1110 1550 1192 1585 μηδὲν
1213 1549 1401 1576 ὑποπτεύοντα
1425 1549 1513 1576 δεινὸν
1535 1551 1602 1585 περὶ
1616 1550 1715 1582 αὐτῶν,
1731 1549 1816 1576 ἔπειτα

1046 1596 1143 1623 ἑκόντα
1163 1596 1326 1631 βουληθῆναι
1344 1595 1504 1626 ἀποθέσθαι,
1523 1596 1571 1622 καὶ¹
1589 1595 1607 1624 ἃ
1634 1595 1755 1628 συνέλεξε
1773 1602 1818 1620 κα-

1045 1640 1100 1672 κῶς
1115 1639 1267 1675 χρήσασθαι
1285 1640 1324 1670 είς
1339 1639 1408 1672 δέον,
1424 1639 1454 1665 οὺ
1474 1638 1529 1665 τῶν
1546 1640 1665 1670 πολλῶν,
1687 1639 1750 1666 ἀλλὰ
1767 1638 1816 1664 τῶν

1045 1685 1216 1721 βουλομένων
1246 1685 1402 1717 σώζεσθαι,
1419 1685 1466 1712 καὶ
1492 1686 1688 1721 πεπεισμένων
1706 1684 1816 1719 ἀκρισώς

1044 1733 1083 1765 ὡς
1111 1733 1221 1759 πάντων
1247 1731 1412 1767 παρέξουσιν
1439 1731 1556 1761 εὐθύνας
1579 1732 1634 1759 τῶν
1649 1731 1813 1766 βεϐιωμένων

1047 1777 1115 1813 μετὰ
1129 1777 1178 1810 τὴν
1206 1777 1310 1804 ἐνθένδε
1324 1777 1497 1811 ἀπαλλαγήν.
1517 1778 1627 1805 Βέλτιον
1655 1778 1703 1812 μὲν
1717 1777 1766 1811 γὰρ
1781 1775 1814 1809 μὴ

1044 1823 1213 1858 ἁμαρτάνειν
1228 1823 1277 1855 τὴν
1300 1822 1399 1857 ἀρχὴν,
1417 1823 1486 1858 μηδὲ
1501 1823 1593 1857 κηλίσι
1609 1823 1717 1853 πολλαῖς
1740 1829 1815 1848 κατα-

1047 1869 1165 1904 μιαίνειν
1188 1869 1236 1903 τὴν
1263 1868 1362 1903 ψυχήν.
1384 1869 1432 1895 Ἂν
1462 1868 1485 1895 δ’
1501 1869 1555 1904 ἄρα
1578 1868 1659 1896 τοῦτο
1682 1866 1813 1902 συμϐαίνῃ,

1044 1915 1174 1949 δευτέρας
1188 1913 1396 1949 ἀναμαρτησίας
1411 1914 1493 1950 ἀρχὴ,
1509 1914 1540 1940 τὸ
1556 1915 1595 1950 μὴ
1614 1915 1692 1950 μόνον
1711 1922 1738 1939 τε
1753 1911 1814 1937 παύ-

1046 1959 1145 1985 σασθαι
1155 1958 1210 1985 τῶν
1223 1959 1327 1993 κακῶν,
1338 1958 1405 1985 ἀλλὰ
1420 1961 1468 1987 καὶ
1491 1959 1654 1996 ἀντίρροπον
1673 1958 1812 1996 ἐπιδείκνυ-

1046 2004 1106 2030 σθαι
1120 2004 1174 2030 τῶν
1189 2003 1299 2037 ἀγαθῶν
1326 2004 1376 2038 τὴν
1394 2004 1536 2039 Ξργασίαν.
1566 2004 1617 2031 Διὰ
1632 2003 1716 2031 ταῦτα
1728 2002 1757 2036 δὴ
1772 2000 1812 2026 καὶ

1046 2049 1148 2076 ἐπαινῶ
1164 2057 1194 2076 σε
1210 2049 1260 2084 τῆς
1281 2049 1444 2084 μετασολῆς,
1465 2050 1513 2077 καλ⁵
1532 2050 1580 2077 τοῦ
1605 2050 1642 2085 μὴ
1654 2049 1747 2084 τρόπον
1762 2046 1812 2072 ἕτε-

1046 2104 1103 2131 ρον,
1120 2095 1176 2123 ἀλλ’
1192 2095 1262 2130 ὑπὲρ
1277 2095 1330 2122 τῶν
1346 2097 1424 2130 κοινῇ
1440 2097 1635 2131 συμφερόντων
1650 2095 1681 2122 τὰ
1695 2094 1810 2129 χρήματι

1046 2140 1211 2175 βουληθῆναι
1235 2140 1384 2168 ἐπιδοῦναι.
1415 2141 1477 2168 Ὀτι
1503 2142 1532 2168 δὲ
1562 2143 1599 2178 μὴ
1633 2139 1808 2176 προσκληθεὶτ.

206 2178 326 2220 antplius
345 2184 455 2212 credam
469 2203 476 2216 ,
497 2187 525 2210 te
545 2183 573 2210 id
589 2183 688 2210 tnelius
721 2190 753 2210 ac
778 2184 880 2219 jnstius
897 2184 989 2212 obitu-

1043 2186 1109 2213 ἀλλὰ
1123 2186 1257 2222 πρότερος
1278 2186 1436 2222 προσελθὼν
1460 2187 1542 2219 αὗτὺς
1556 2189 1587 2215 τὸ
1608 2185 1748 2218 ἐπανισοῦν
1761 2184 1809 2213 τοῖς

207 2238 279 2260 rum.
293 2229 353 2257 Non
364 2228 438 2256 enim
450 2235 527 2263 aeque
541 2232 569 2256 et
581 2228 627 2263 qui
640 2229 785 2263 promissis
799 2230 889 2265 largus
901 2234 952 2262 est,
964 2234 992 2258 et

206 2276 254 2310 qui
277 2274 347 2301 nihil
367 2273 522 2308 promittit,
541 2273 677 2308 promissa
700 2274 811 2308 implere
834 2275 990 2302 enituntur.

207 2320 285 2348 lianc
305 2319 390 2354 igitur
414 2317 585 2353 provinciam
604 2318 654 2345 tibi
675 2318 798 2353 injungo.
826 2319 864 2346 Te
880 2327 992 2354 quoque

208 2373 257 2400 par
275 2369 318 2392 est
330 2364 489 2391 existimare
502 2383 510 2396 ,
526 2370 582 2390 non
601 2370 684 2398 parva
701 2364 824 2397 quaedam
853 2369 882 2391 et
901 2364 993 2399 despi-

208 2410 308 2437 cabilia
323 2410 373 2436 abs
388 2414 414 2436 te
427 2408 550 2442 tractari,
564 2412 593 2436 et
606 2416 667 2443 quae
683 2415 744 2441 nec,
756 2409 778 2435 si
793 2409 879 2443 probe
894 2417 993 2437 curem

208 2460 264 2487 tur,
280 2453 420 2482 communi
443 2453 590 2489 admodum
604 2452 760 2488 proficiant,
785 2461 835 2481 nec
858 2462 912 2482 non
932 2462 993 2489 per-

209 2500 273 2528 inde
290 2504 418 2532 noceant,
436 2499 458 2526 si
474 2499 595 2534 segniter
608 2506 640 2526 ac
663 2499 791 2533 nequiter
807 2500 883 2527 llant.
912 2499 991 2533 Quod

203 2545 328 2581 namque
346 2546 373 2572 in
390 2553 419 2573 re
435 2545 547 2580 politica
568 2544 663 2580 iudex.
680 2545 732 2572 hoc
756 2545 785 2572 in
800 2546 919 2580 publicis
940 2547 991 2574 sli-

209 2591 318 2628 pendiis
333 2595 461 2626 prastare
485 2591 572 2625 possit
586 2596 753 2626 exsequatur.
769 2592 877 2619 Etenim
902 2597 930 2620 et
945 2593 991 2620 ille

207 2646 242 2665 ex
260 2638 388 2672 aequitate
407 2637 530 2665 arbitriis
548 2637 680 2664 faciendis
701 2642 730 2665 et
758 2639 791 2665 ad
812 2639 902 2674 legum
927 2640 992 2667 obe-

208 2684 341 2712 dientiam
366 2684 502 2718 cogendo.
522 2683 625 2711 bonum
641 2683 760 2710 civitatis
782 2688 883 2711 statum
899 2686 992 2712 conci-

207 2730 257 2757 liat
269 2738 278 2763 ;
292 2733 320 2757 et
332 2729 376 2757 hic
388 2730 411 2757 si
424 2731 514 2765 justus
525 2737 596 2761 esse.
609 2729 803 2764 communique
816 2731 991 2758 commodare

207 2776 284 2809 velit,
299 2775 368 2803 alios
382 2775 520 2810 spoliabit,
534 2776 558 2803 si
574 2776 645 2802 ultra
658 2776 762 2810 justum
780 2775 885 2803 fructus
899 2776 990 2810 perci-

209 2820 295 2854 piant,
309 2820 390 2855 377
399 2820 461 2847 aliis
473 2819 564 2848 minus
581 2820 745 2848 habentibus
753 2819 812 2854 plus
825 2820 916 2853 addet,
930 2827 989 2847 om-

1043 2233 1226 2267 στρατιιῖιταις
1240 2233 1289 2264 τὰς
1301 2234 1334 2259 ὲκ
1352 2233 1405 2259 τῶν
1426 2233 1563 2268 δημοσίων
1580 2234 1681 2270 ᾔτησας
1695 2231 1738 2257 τοῦ
1758 2228 1807 2264 βίου

1041 2279 1178 2314 ἀφορμὰς,
1202 2279 1328 2306 τοσοῦτον
1344 2280 1439 2315 ἀπέχω
1454 2281 1679 2315 καταγινώσκειν,
1693 2278 1757 2304 ὥστε
1769 2274 1808 2300 καὶ

1041 2326 1174 2360 πρότερον
1197 2326 1279 2352 αὐτὸν
1305 2325 1413 2352 οἴκοθεν
1442 2326 1607 2362 ὡρμημένον
1629 2326 1671 2352 διὰ
1691 2321 1806 2357 τὴιδπερί·

1041 2369 1128 2396 ταῦτα
1139 2370 1283 2404 ἐμπειρίαν
1297 2378 1338 2396 σοι
1353 2369 1402 2405 τὴν
1420 2371 1573 2406 ὑπηρεσίαν
1588 2366 1752 2405 ἐγχειρίζειν,
1767 2364 1806 2389 νῦν

1044 2415 1143 2449 μᾶλλον
1156 2415 1301 2446 ἀνέπεισας
1314 2415 1418 2450 βέλτιον
1431 2416 1535 2452 οἴεσθαι
1546 2417 1591 2443 καὶ
1610 2415 1764 2447 δικαιότερον
1776 2408 1804 2433 τὶ

1040 2459 1153 2486 τοιαῦτα
1165 2459 1323 2494 διοικήσειν.
1336 2460 1373 2486 Οὐ
1387 2460 1439 2495 γὰρ
1448 2461 1549 2495 ὁμοίως
1566 2462 1580 2488 ὃ
1594 2469 1623 2487 τε
1638 2458 1717 2486 πολλὰ
1731 2457 1804 2486 ἐπαγ·

1041 2505 1201 2540 γειλάμενος
1216 2505 1262 2531 καὶ
1272 2505 1286 2531 ό
1299 2505 1391 2540 μηδὲν,
1407 2506 1471 2541 περὶ
1483 2506 1538 2533 τῶν
1551 2503 1752 2542 ἐπηγγελμένων
1761 2506 1802 2525 τιν

1040 2550 1214 2586 ἐκπλήρωσιν
1240 2550 1432 2578 σπουδάσουσι.
1457 2551 1513 2586 Τὴν
1531 2552 1579 2587 μὲν
1600 2549 1645 2578 οὗν
1669 2544 1802 2582 ὑπηρεσίαν

1040 2594 1094 2621 τῶν
1119 2595 1246 2621 τοιούτων
1270 2595 1421 2629 ἐπιτρέπω.
1448 2595 1481 2622 Σὲ
1504 2596 1532 2622 δὲ
1549 2596 1594 2622 καὶ
1613 2593 1690 2622 αὑτὸν
1710 2588 1798 2617 οἴεσθαι

1040 2641 1188 2674 προσῆκον,
1203 2640 1241 2674 μὴ
1258 2639 1344 2674 μικρά
1368 2648 1428 2667 τινα
1452 2641 1499 2667 καὶ
1525 2638 1739 2674 εὐκαταφρόνηῖα
1758 2640 1798 2666 με’

1039 2685 1137 2718 τιέναι,
1161 2685 1222 2720 μηδ’
1245 2683 1300 2718 οἷα,
1328 2687 1395 2721 μήτε
1424 2686 1595 2722 διοικούμενα
1617 2683 1698 2714 καλῶς
1713 2678 1800 2708 πολλὴν

1040 2730 1172 2764 ὠφέλειαν
1186 2731 1317 2765 παρέχειν
1332 2730 1370 2766 τῷ
1383 2731 1475 2766 κοινῷ,
1495 2733 1556 2767 μήτ’
1578 2731 1672 2764 ἐπίσης
1687 2726 1798 2767 βλάπτενν

1039 2775 1072 2802 ἂν
1087 2775 1219 2811 ῥᾳθύμως
1233 2777 1279 2802 καὶ
1289 2777 1450 2812 πανούργως
1468 2766 1646 2813 πράττωνται.
1664 2774 1743 2804 ὀπερ
1753 2766 1798 2801 γάρ

1040 2823 1096 2849 ἐστι
1111 2823 1166 2854 τοῖς
1179 2822 1328 2856 πολιτικοῖς
1342 2825 1503 2859 πράγμασιν
1518 2826 1532 2852 ὁ
1551 2824 1654 2859 κριτὴς,
1668 2819 1739 2846 τοῦτο
1749 2819 1795 2843 τοις
