1931 3090
123 186 176 217 757
195 214 198 216 .

686 178 949 218 msrommuu
973 188 1085 218 LIBER
1106 190 1161 220 IIl.

1691 189 1743 220 753

123 242 198 275 τρίου
215 241 262 267 τοῦ
278 241 568 276 [1i91up0;ysvé_;evo;
591 243 664 274 ναὶν,
688 244 757 274 'l‘ob;
771 244 821 277 μὲν
842 243 907 278 ἐμοῦ

973 251 1012 271 nec
1028 245 1103 271 enim
1128 249 1232 272 tantum
1259 245 1427 276 interfuisti,
1453 244 1500 272 sed
1524 249 1552 271 ct
1579 252 1639 278 qum
1665 246 1744 278 prius

124 296 153 313 τε
172 287 273 320 μεταξὺ
290 288 336 313 καὶ
361 287 503 321 βασιλίδος,
517 289 580 322 ἔφη,
595 289 794 323 γεγενημένους
809 290 906 323 λόγους

124 334 175 358 οὐκ
189 333 296 365 ἀγνοεῖς
307 340 313 346 ’
337 332 368 358 οὺ
385 332 438 367 γὰρ
453 333 533 368 μόνον
549 334 640 368 παρῆς
662 337 718 366 τοῖς
744 336 810 370 παρ’
822 336 907 370 ἀμφο-

125 378 211 411 τέρων
223 377 390 411 λεγομένοις,
405 378 474 405 ἀλλὰ
487 379 533 405 καὶ
547 380 601 406 τῶν
614 380 745 415 πρότερον
762 381 815 416 ἰδίᾳ
829 382 906 416 ἡμῶν

127 424 235 458 ἑκάστῳ
247 423 400 458 εἰρημένων
425 424 505 455 αὐτὸς
518 422 589 459 ἦσθα
614 426 748 460 μηνυτή·.
773 427 856 453 Οὐδὲν
881 427 909 453 δὲ

127 470 282 504 παράλογον
311 470 327 504 ἣ
352 469 517 504 θαυμαστὸν,
543 472 567 497 εἰ
597 472 657 498 τότε
677 471 728 506 μὲν
753 472 818 506 περὶ
841 473 908 506 ἐμοῦ

127 515 240 541 τοιαῦτα
268 515 349 550 ἐπῄει
375 518 408 551 τῇ
436 516 552 550 βασιλίδι
583 517 683 550 λέγειν,
711 518 775 549 ἴσως
799 518 910 555 οἰομένῃ

130 560 239 593 μεγάλα
257 560 318 586 τινὰ
338 560 562 594 καταπράξεσθαι
578 561 639 596 ἐμὲ,
661 563 718 588 νυνὶ
745 563 773 589 δὲ
791 563 836 589 ἐπὶ
855 563 909 589 τῶν

128 606 217 639 ἔργων
232 606 270 640 μὴ
284 605 344 632 κατ’
358 606 469 637 ἐλπίδας
483 607 550 641 αὐτῇ
564 607 617 633 τῶν
631 608 801 642 πραγμάτων
817 609 910 635 ἐκϐαι-

128 650 238 682 νό-ιτων,
263 651 433 685 μεταμέλειά.
445 660 488 682 τις
501 651 609 685 εἰσῆλθε
634 652 689 678 τῶν
707 653 909 688 γεγενημένων.

130 695 160 720 Εἰ
177 696 226 729 μὲν
237 693 283 722 οὖν
298 696 366 731 ὅπερ
382 697 450 730 ἔφην
466 697 533 732 πρός
546 706 571 723 τι
586 697 640 725 τῶν
655 698 805 732 γινομένων
821 699 910 734 ἀηδῶς

128 740 293 772 διατεθεῖσα,
313 741 347 766 τὰ
373 741 520 776 δεδογμένα
546 743 644 777 μηκέτι
668 744 793 778 στέργειν
811 744 909 777 ἐθέλει,

129 784 278 819 διαρρήδην
299 785 387 819 λέγειν
410 786 488 818 ἀξιῶ,
516 788 562 813 καὶ
588 787 626 823 μὴ
640 789 839 822 συγκαλύπτειν
864 790 912 816 ὑπ’

83 866 86 869 '
131 831 232 862 αἰδοῦς.
254 831 325 865 Ἐγὼ
340 832 393 867 γὰρ
418 832 513 868 ὥσπερ
538 835 584 860 καὶ
606 835 736 869 πρότερον
749 836 910 870 ἑτοιμότατοι

131 875 186 909 ἔχω
199 877 391 911 παραιτεῖσθαι
401 877 449 912 τὴν
460 877 556 912 ἀρχήν.
574 878 604 904 Et
616 878 639 904 δ’
656 879 747 913 ἐκείνη
760 879 803 904 διὰ
817 878 912 910 τέλους

131 922 235 954 ἔγνωκε
260 922 383 956 στέργειν
406 923 439 948 τὰ
453 923 636 958 ἐψηφισμένα,
661 925 707 950 καὶ
727 925 787 956 τοὺς
804 925 912 960 ὅρκους,

131 966 178 997 οὒς
206 966 335 1001 ὀμώμοκε
358 968 460 1001 τηρεῖν,
480 968 536 994 οὐδ’
561 969 642 1000 αὐτὸς
657 969 785 1004 ἀμελήσω
811 970 859 996 τοῦ
878 970 915 1005 μὴ

131 1011 221 1037 πάντα
237 1012 368 1046 πράττειν
379 1013 428 1039 ὅσα
444 1013 477 1039 ἂν
488 1014 556 1049 αὐτῇ
573 1023 602 1040 τε
616 1016 664 1040 καὶ
674 1016 760 1046 παισὶ,
778 1016 824 1041 καὶ
838 1017 914 1050 κοινῇ

132 1056 258 1092 λυσιτελῆ
281 1058 437 1092 Ῥωμαίοις.
457 1058 510 1085 Τοῦ
540 1060 709 1094 πατριάρχου
732 1061 760 1087 δὲ
778 1061 846 1095 πρὸς
863 1063 914 1095 τὴν

134 1103 264 1136 ἀκαιρίαν
282 1103 335 1128 τῶν
356 1103 442 1137 λόγων
458 1104 649 1139 μεμψαμένου,
666 1106 714 1132 καὶ
741 1106 778 1141 μὴ
802 1106 914 1133 τοιαῦτα

135 1149 284 1180 προσήκειν
308 1148 398 1180 αὑτὸν,
418 1150 487 1183 μήτε
511 1149 677 1177 διανοεῖσθαι
694 1151 827 1186 φαμένου,
847 1153 916 1186 μήτε

135 1192 243 1225 λέγειν·
262 1193 385 1227 βασιλίδα
403 1195 457 1229 γὰρ
482 1195 564 1230 μηδὲν
581 1197 644 1230 περὶ
660 1196 742 1222 αὺτοῦ
760 1197 918 1231 λογίζεσθαι

133 1238 267 1271 τοιοῦτον,
284 1240 349 1266 ἀλλὰ
373 1240 487 1274 βασιλέα
510 1241 614 1268 οἴεσθαι
631 1243 660 1268 ἐν
675 1240 759 1274 ζῶσιν
774 1241 853 1276 εἶναι,
871 1244 919 1270 καὶ

135 1283 185 1318 τὴν
200 1285 342 1319 Ῥωμαίων
355 1286 504 1321 ἡγεμονίαν
517 1287 612 1322 ὥσπερ
628 1288 674 1314 ὑπ’
690 1289 796 1315 ἐκείνου
809 1289 919 1316 διοικεῖ-

135 1329 201 1355 σθαι
223 1330 279 1356 τῶν
291 1331 344 1356 σῶν
359 1331 536 1366 μεμνημένην
559 1332 655 1366 λόγων,
667 1329 705 1359 ὧν
716 1332 832 1369 διεξῄεις
850 1334 919 1369 πρὸς

136 1376 233 1410 αὐτὴν,
245 1377 340 1410 ιήνίκα
357 1377 491 1404 ἐποιεῖσθε
516 1378 565 1409 τὰς
589 1378 750 1413 συμϐάσεις,
766 1379 882 1413 υὺκοῧν,
904 1380 918 1405 ὁ

139 1422 226 1456 μέγας
243 1422 399 1457 δομέστικος
417 1423 481 1458 ἔφη,
508 1424 573 1459 περὶ⁴
589 1425 639 1459 μὲν
658 1425 775 1460 ἐκείνης,
792 1425 863 1452 οὕτω
879 1427 920 1452 δεῖ

138 1468 284 1496 πεπεῖσθαι
297 1468 390 1503 ὥσπερ
408 1470 487 1500 αὐτὸς
501 1470 665 1505 διῖσχυρίζῃ.
683 1471 750 1506 Περὶ
771 1472 799 1497 δὲ
817 1472 875 1504 σοῦ,
893 1473 919 1498 τί

138 1522 204 1539 ποτε
216 1514 303 1545 ἔξεστι
319 1514 455 1549 νομίζειν;
473 1514 517 1549 ἆρ’
530 1516 660 1550 ὲμμένεις
672 1517 733 1547 ταῖς
745 1517 899 1551 ὁμολογίαις
911 1527 918 1551 ;

964 294 1082 324 uterque
1097 295 1221 316 nostrum
1234 291 1379 324 separatim
1397 290 1482 321 dixit,
1499 296 1527 316 tu
1543 297 1640 317 eorum
1658 290 1746 317 inter-

969 336 1082 362 nuntius
1097 335 1183 362 fuiSti.
1197 335 1270 363 Nihil
1288 343 1369 370 porro
1387 335 1557 370 inopinatum
1578 340 1626 362 aut
1656 336 1746 362 adinia

964 380 1066 412 rabile,
1091 380 1113 407 si
1130 385 1186 407 tum
1201 380 1311 414 quidem
1329 381 1493 414 imperatrici
1510 381 1573 407 talia
1591 381 1625 407 de
1648 388 1691 407 me
1707 381 1746 407 lo-

963 425 1010 459 qui
1030 426 1227 459 occurrebant,
1243 433 1303 460 quae
1317 425 1431 453 forsitan
1449 427 1545 453 eximia
1561 427 1684 461 quardam
1702 435 1746 454 me

965 476 1187 505 perpetraturum
1213 470 1413 503 arbitraretur;
1433 479 1504 499 nunc
1527 477 1617 498 autem
1633 473 1660 498 in
1684 472 1745 506 ipso

965 523 1049 550 opere
1077 516 1161 543 rebus
1184 523 1264 542 secus
1281 523 1370 550 ,qnam
1396 516 1523 549 sperabat
1551 517 1744 544 evenientibus

965 560 1110 595 pmnitudo
1123 560 1246 595 quadam
1259 560 1322 587 facti
1333 569 1393 588 eam
1409 562 1502 588 subiit.
1519 561 1547 588 Si
1565 562 1658 596 igitur,
1672 562 1744 596 quod

965 605 1074 632 aiebam
1092 624 1100 637 ,
1127 605 1231 641 aliquid
1251 613 1346 632 eorum
1375 613 1436 640 qua:
1462 606 1530 632 liunt
1554 612 1695 637 aversata.
1718 607 1745 634 in

967 650 1082 686 pristina
1099 650 1238 679 voluntate
1263 658 1294 677 ac
1317 650 1422 685 judicio
1439 651 1614 685 acquiescere
1630 652 1746 686 amplius

967 704 1024 724 non
1050 697 1128 729 vult,
1161 700 1253 731 aperte
1281 697 1308 724 id
1339 696 1534 724 mihiindicari
1565 705 1615 723 nec
1644 697 1748 731 pudore

972 741 1088 776 quodam
1106 741 1189 768 celari
1205 742 1296 775 cupio.
1315 742 1369 776 Ego
1383 742 1456 768 enim
1472 762 1478 773 ,
1502 742 1641 776 quomodo
1657 747 1748 775 antea,

971 787 1102 814 abdicare
1119 794 1162 813 me
1179 786 1416 813 administratione
1429 787 1543 821 'imperii
1562 788 1749 821 paratissimus

968 839 1039 858 sum.
1061 831 1139 864 Quod
1163 831 1186 858 si
1205 831 1261 866 ipsa
1281 839 1365 866 usque
1383 833 1417 859 ad
1438 837 1590 860 extremum
1613 833 1686 868 quod
1704 833 1751 860 de-
1804 826 1808 829 Ἴ

967 878 1054 904 crevit
1068 877 1229 912 complecti,
1246 882 1273 904 et
1300 878 1371 912 quod
1387 878 1489 913 juravit
1519 887 1628 906 servare
1646 880 1749 906 cons:i-

970 924 1031 955 tuit,
1044 931 1094 957 ego
1111 931 1220 957 quoque
1238 924 1264 950 in
1280 923 1426 956 omnibus,
1452 932 1512 959 qum
1534 924 1583 958 ipsi
1601 925 1750 958 liberisque

967 970 1038 1004 ejus,
1054 973 1082 995 et
1101 968 1286 995 Romanorum
1306 969 1445 996 communi
1459 969 1615 996 conducant
1627 969 1749 996 emcien-

969 1014 1029 1047 dis,
1045 1014 1150 1040 nullum
1177 1013 1378 1048 diligentissimi
1405 1014 1525 1041 hominis
1549 1013 1667 1041 ollicium
1683 1022 1751 1049 prie-

971 1059 1135 1086 termittam.
1151 1059 1310 1086 Patriarcha
1324 1067 1386 1086 eum
1402 1059 1436 1086 de
1452 1059 1608 1094 importuno
1624 1067 1750 1087 sermone

971 1105 1115 1139 castigare,
1132 1104 1289 1138 dicereque,
1307 1112 1361 1131 non
1387 1104 1484 1132 decere
1499 1105 1550 1132 ista
1564 1105 1607 1132 vel
1630 1106 1751 1141 cogitare

968 1149 1013 1176 vel
1038 1150 1180 1184 proloqui;
1205 1148 1372 1183 irﬁperatrici
1391 1150 1463 1177 enim
1481 1149 1514 1177 de
1530 1150 1603 1178 bello
1618 1151 1687 1178 nihil
1701 1152 1752 1178 hu-

967 1195 1120 1229 juscemodi
1146 1195 1174 1221 in
1203 1199 1322 1222 mentem
1346 1195 1461 1228 venire,
1486 1196 1534 1222 sed
1558 1196 1750 1230 imperatorem

969 1243 1065 1274 putare
1090 1239 1180 1267 adhuc
1207 1239 1301 1266 vivere
1315 1258 1322 1271 ,
1337 1244 1364 1266 et
1383 1239 1460 1274 quasi
1480 1239 1515 1266 ab
1531 1239 1577 1268 illo
1598 1241 1750 1268 Romanum

972 1285 1157 1319 principatum
1169 1284 1327 1319 gubernari,
1345 1291 1493 1312 memorem
1520 1285 1675 1317 verborum,
1690 1293 1751 1320 quia

971 1331 999 1358 in
1028 1331 1116 1365 pactis
1140 1330 1274 1358 faciendis
1299 1338 1334 1358 ex
1358 1330 1418 1365 ipso
1444 1330 1594 1358 domestico
1622 1331 1750 1359 audierit.

973 1377 1042 1403 Tum
1063 1375 1251 1404 domesticus:
1267 1376 1303 1402 De
1317 1375 1362 1403 illa
1385 1375 1494 1410 quidem
1519 1377 1559 1404 sic
1573 1377 1750 1409 credendum,

971 1425 1002 1448 ut
1017 1421 1153 1454 aﬂirmas;
1170 1419 1205 1447 de
1219 1424 1244 1447 te
1259 1424 1350 1447 autem
1367 1421 1433 1454 quid
1447 1421 1752 1456 sentiendum?Ecquid

973 1467 1063 1502 pactis
1077 1471 1134 1494 stas
1147 1486 1154 1498 ,
1173 1467 1229 1493 imo
1253 1473 1318 1493 vero
1331 1466 1505 1500 juramentis,
1519 1466 1620 1501 quibus
1635 1471 1661 1495 te
1685 1467 1751 1494 mihi

973 1512 1178 1540 obstrinxisti?
1205 1511 1255 1538 llic
1282 1511 1437 1546 patriarcha
1461 1511 1560 1539 iterum
1590 1520 1751 1547 exsurgens,

139 1560 241 1594 μᾶλλον
254 1560 281 1587 δὲ
296 1561 349 1591 τοῖς
369 1561 460 1595 ὅρκοις
475 1560 522 1592 οὒς
535 1562 665 1596 Νἐποιήσω
680 1564 747 1597 πρὸς
764 1563 813 1598 ἐμέ
827 1573 833 1596 ;
853 1564 881 1590 Ὁ
895 1565 917 1590 δ’

973 1556 1027 1586 ait:
1052 1557 1215 1585 Benedictus
1248 1556 1318 1584 Deus
1349 1561 1376 1583 et
1412 1557 1492 1585 Pater
1533 1558 1638 1585 Dom'ni
1666 1559 1752 1585 nostri

139 1605 240 1632 αὐτίκα
257 1606 336 1632 πάλιν
352 1607 479 1639 ἀναστὰς,
492 1607 653 1642 Εὐλογητὸς,
671 1607 756 1641 εἶπεν,
770 1609 783 1635 ὁ
797 1609 861 1641 Θεὸς
874 1611 920 1636 καὶ¹

139 1646 237 1683 Πατὴρ
261 1650 309 1675 τῆῦ
331 1651 433 1684 Κυρίου
458 1651 536 1685 ἡμῶν
554 1650 640 1685 Ἰησοῦ
658 1652 789 1686 Χριστοῦ,
813 1653 854 1679 ὅτι
874 1654 922 1680 καὶ

141 1694 275 1727 πρότερον
288 1695 334 1720 καὶ
350 1695 397 1719 νῦν
413 1692 454 1724 οἷς
471 1703 522 1729 περ
533 1692 609 1720 εἶπον
619 1695 740 1730 ὲμμενῶ,
758 1696 803 1722 καὶ
815 1697 922 1729 οὐδενὸς

141 1731 272 1770 ἇμελήσω
291 1737 344 1763 τῶν
367 1737 420 1763 σῶν
448 1738 575 1764 δικαίων·
592 1738 649 1764 ἀλλ’
670 1739 819 1774 ἀνθέξομαι
839 1742 921 1767 παντὶ

141 1781 242 1813 σθένει,
255 1782 286 1807 οὐ
305 1783 384 1816 μόνον
397 1783 434 1814 ὡς
460 1783 608 1817 εὐεργέτην
623 1784 803 1819 ἀμειόὁμενος
832 1786 922 1820 ἔργοις

142 1828 265 1861 ἀγαθοῖς,
282 1827 350 1854 ἀλλὰ
365 1828 412 1854 καὶ
425 1828 461 1859 ὠς
477 1828 535 1854 uici
551 1828 699 1862 κηδόμενος
723 1830 921 1863 πνευματτκοῦ.

148 1874 212 1900 Ἐπὶ
233 1874 338 1904 τούτοις
364 1873 392 1900 δὲ
406 1873 478 1907 αὺτῷ
506 1873 605 1904 πολλὰς
624 1874 638 1899 ὁ
658 1873 741 1908 μέγας
765 1874 923 1908 δομέστικος

142 1919 258 1953 χάριτας
274 1917 444 1952 ὁμολογήσας
469 1917 519 1943 καὶ
535 1917 746 1951 συνταξάμενος,
765 1918 923 1944 καταλιπὼν

142 1965 188 1990 τὸν
202 1964 374 1998 πατριάρχην
390 1960 456 1998 ἧκεν
473 1963 511 1993 ὡς
539 1962 670 1997 βασιλίδα.
693 1962 726 1988 Ἦ
751 1961 772 1988 δ’
788 1962 870 1993 εὐθὺς
887 1963 925 1993 ὡς

142 2007 208 2039 εἶδε,
221 2008 333 2043 χάριτας
350 2008 468 2041 ἔφασκεν
485 2007 627 2041 ὁμολογεῖν
641 2006 854 2041 αὑτῷοπολλὰς.
884 2007 924 2032 ὅτι

142 2056 161 2082 ἃ.
180 2055 313 2089 πρότερον
338 2053 518 2088 ἐπηγγέλλετο
540 2053 641 2086 λόγοις,
669 2051 716 2078 νῦν
735 2051 925 2078 ἀποδείκνυσιν

144 2102 192 2127 ἐπὶ
209 2101 261 2126 τῶν
276 2100 367 2135 ἔργων
392 2099 492 2134 ἀληθῆ,
518 2099 586 2133 μήτε
615 2098 738 2132 σώματος
755 2097 924 2132 φειδόμενος,

145 2146 280 2181 ἁλλ’ὑπὲρ
297 2145 352 2172 τῶν
376 2146 451 2179 κοινῇ
485 2145 678 2179 συμφερόντων
704 2143 812 2178 νύκτωρ
838 2143 926 2170 πονῶν

143 2193 191 2218 καὶ
209 2191 268 2226 μεο’
294 2191 419 2226 ἡμέραν,
449 2190 518 2224 μήτε
543 2189 710 2224 χρημάτων·
732 2187 767 2224 ἦν
786 2189 840 2222 γὰρ
855 2189 887 2223 δὴ
913 2189 927 2214 ὁ

973 1603 1038 1631 Jesu
1057 1602 1158 1630 Christi
1173 1622 1180 1634 ,
1206 1601 1279 1637 quod
1292 1606 1319 1629 et
1333 1602 1408 1637 prius
1421 1602 1528 1629 servavi
1552 1610 1614 1636 quae
1630 1602 1706 1635 dixi,
1724 1609 1753 1630 et

971 1657 1046 1677 nunc
1069 1647 1196 1680 servabo,
1222 1648 1344 1682 nihilque
1367 1647 1511 1682 negligant,
1533 1647 1605 1682 quod
1632 1648 1753 1683 tibijnrc

973 1695 1118 1727 debeatur,
1137 1693 1220 1729 380
1245 1694 1291 1721 sed
1314 1693 1444 1721 omnibus
1465 1694 1557 1721 nervis
1581 1695 1711 1722 tuendum
1728 1699 1754 1722 to

973 1740 1137 1774 suscipiam,
1150 1747 1204 1766 non
1219 1739 1306 1766 solum
1325 1744 1355 1766 ut
1366 1739 1436 1767 bene
1449 1739 1547 1766 merito
1562 1740 1752 1774 respondeam,

972 1792 1069 1812 verum
1088 1789 1118 1811 ut
1135 1784 1169 1811 de
1186 1784 1242 1811 lilio
1261 1792 1370 1819 quoque
1392 1784 1528 1819 spirituali
1545 1785 1687 1814 sollicitus.
1703 1785 1752 1812 Cui

973 1834 1036 1864 post
1048 1835 1126 1857 actas
1139 1830 1241 1864 gratias
1255 1830 1410 1857 valcdicens
1436 1838 1551 1864 magnus
1576 1830 1753 1862 domeSLicus.

973 1874 1007 1900 ab
1019 1881 1052 1901 eo
1067 1874 1100 1901 ad
1118 1874 1319 1908 imperatriccm
1337 1874 1499 1908 digreditur.
1515 1875 1600 1908 Quem
1615 1876 1659 1903 illa
1672 1876 1753 1903 simul

974 1925 1004 1946 ut
1019 1919 1178 1953 conspexit.
1193 1924 1284 1953 grates
1307 1927 1335 1946 se
1351 1919 1388 1946 illi
1407 1927 1518 1954 magnas
1537 1927 1616 1955 agere
1638 1921 1755 1948 aliirma-
1788 1933 1793 1935 -

976 1964 1035 1996 vit,
1057 1964 1130 1998 quod
1169 1964 1263 1991 verbis
1289 1965 1422 1998 promissa
1457 1972 1531 1992 nunc
1557 1965 1640 1992 rebus
1658 1967 1756 1993 contir-

975 2015 1063 2037 maret
1076 2029 1083 2042 ,
1102 2016 1191 2043 neque
1207 2009 1315 2043 corpori
1334 2016 1459 2043 parcens,
1479 2017 1541 2036 cum
1555 2015 1639 2037 noctu
1654 2010 1756 2045 diuque

975 2062 1025 2090 pro
1056 2054 1198 2089 republica
1237 2053 1385 2085 laboraret,
1415 2061 1504 2088 neque
1535 2055 1659 2089 pecuniis
1691 2056 1756 2090 (non

975 2100 1048 2127 enim
1066 2100 1094 2127 in
1113 2099 1241 2127 triremes
1255 2099 1387 2127 duntaxat
1410 2099 1538 2134 grandem
1564 2108 1698 2128 summam
1723 2100 1757 2128 de

976 2153 1026 2173 suo
1057 2145 1241 2180 impenderat,
1277 2144 1324 2172 sed
1358 2144 1386 2171 in
1418 2145 1470 2171 alia
1496 2150 1626 2180 praeterea
1662 2146 1757 2177 multa,

976 2199 1009 2218 ex
1033 2191 1134 2225 quibus
1150 2190 1305 2218 communis
1328 2196 1475 2224 caperetur
1502 2191 1624 2223 utilitas,
1648 2196 1758 2226 perstu-

147 2241 233 2273 μὲγας
249 2237 417 2272 δομέστικος,
429 2236 458 2262 οὺ
475 2235 555 2270 μόνον
575 2235 643 2270 πρὸς
657 2235 712 2261 τῶν
731 2235 865 2269 τριήρεων
877 2234 920 2268 τὴι

979 2235 1055 2262 diose
1082 2235 1288 2269 liberaliterque
1311 2239 1373 2269 post
1390 2239 1507 2262 mortem
1522 2235 1694 2270 imperatoris
1708 2237 1758 2263 im-

147 2285 269 2317 δαπάνην
285 2283 414 2317 χρήματα
437 2280 586 2312 ἀναλωκὼς
612 2280 696 2306 πολλὰ
723 2281 754 2306 ὲκ
770 2279 823 2306 τῶν
843 2279 924 2310 ἰδίων,

148 2329 217 2356 ἀλλὰ
233 2329 316 2354 καὶέν
328 2327 433 2357 πολλοῖς
450 2325 554 2359 ἑτέροις
565 2325 583 2353 ἃ
597 2325 729 2352 συνοίσειν
746 2324 844 2359 ἔμελλε
860 2324 928 2350 πᾶσι

145 2376 221 2409 κοινῇ
237 2373 386 2408 φιλοτίμως
402 2363 472 2406 ἄγαν
497 2372 544 2398 καὶ
571 2370 689 2405 δαψιλῶς
720 2370 928 2398 καταναλίσκων

148 2422 217 2456 μετὰ
232 2421 280 2454 τὴν
297 2419 425 2454 βασιλέως
444 2418 574 2453 τελευτήν
585 2425 592 2433 ·
610 2417 724 2452 παρῄνει
747 2425 776 2442 τε
804 2416 841 2450 μὴ
858 2415 929 2441 οὕτω

148 2469 236 2493 ποιεῖν
257 2467 294 2497 ὡς
309 2467 358 2492 οὐκ
377 2464 558 2499 ἐξαρκέσοντα
584 2464 653 2497 πρὸς
676 2463 738 2493 τοὺς
754 2461 852 2492 πόνους
868 2462 927 2487 ἑπι-

147 2513 228 2541 πολϋ,
246 2511 302 2537 ἀλλ’
328 2510 425 2536 ἑαυτοῦ
447 2518 477 2535 τε
493 2510 620 2544 πρόνοιαν
641 2508 777 2535 ποιεῖσθαι
792 2508 839 2534 καὶ
861 2515 929 2542 χρη-

151 2559 243 2593 μάτων
271 2556 409 2590 φείδεσθαι
439 2554 579 2591 χρώμενον
606 2555 661 2585 τοῖς
687 2554 838 2589 δημοσίοις.
859 2553 889 2579 '0
907 2553 930 2579 δ’

134 2595 252 2640 νἔφασκε
269 2604 368 2640 μᾶλλον
381 2603 492 2638 ἥδεσθαι
508 2601 597 2628 π’)νῶν
609 2601 688 2632 αὐτὸς
701 2601 770 2636 ὑπὲρ
787 2600 840 2627 τῶν
855 2600 930 2634 κοινῇ

149 2650 371 2681 λυσιτελούντων,
391 2649 507 2684 ἦὲτεροι
527 2648 594 2683 πρὸς
618 2648 726 2678 ἀνέσεις
746 2647 931 2681 τετραμμένοι

151 2698 197 2723 καὶ
213 2696 323 2732 ἡδονάς·
341 2695 371 2721 τό
385 2703 414 2720 τε
429 2694 558 2729 χρήματα,
584 2693 793 2720 καταναλίσκειν
817 2693 848 2719 οὐ
886 2692 934 2727 ζη-

153 2743 227 2776 μίαν,
251 2741 319 2768 ἀλλὰ
333 2740 441 2767 πάντων
464 2738 567 2774 κερδῶν
591 2739 717 2774 ἡγεῖσθαι
743 2739 932 2773 χαριέστερον,

151 2789 232 2823 ἄχρις
246 2787 278 2814 ἃν
294 2787 341 2813 καὶ
355 2785 402 2812 τοῦ
418 2785 485 2812 Θεοῦ
503 2785 707 2819 συναιρομένου,
721 2785 770 2819 τὴν
790 2784 934 2819 Ῥωμαίων

151 2833 300 2868 ἠγεμονίαν
315 2832 362 2858 ἐπὶ
373 2831 445 2866 μέγα
456 2829 505 2857 [δοι
519 2830 676 2865 αἰρομένην,
685 2830 732 2856 καὶ
744 2829 852 2857 πάντων
866 2838 934 2864 κρα-

152 2879 254 2915 τοῦεαν
270 2875 416 2913 πολεμίιδν.
435 2874 570 2908 Ἑλπῑζὲιν
583 2876 610 2902 δὲ
633 2876 700 2910 μετὰ
721 2876 828 2911 μικρὸν,
849 2876 873 2902 εἰ
898 2876 934 2910 μή

979 2281 1140 2315 pendebat),
1155 2281 1380 2315 hortabaturque,
1396 2285 1427 2307 ut
1442 2281 1475 2308 de
1488 2282 1662 2314 contentione
1680 2282 1758 2309 labo-

979 2326 1057 2353 randi
1078 2326 1246 2357 remitteret,
1268 2333 1324 2360 quo
1339 2326 1411 2353 ferre
1437 2327 1558 2354 laborem
1580 2327 1681 2356 diutius
1698 2335 1760 2362 pos—

979 2375 1039 2402 set,
1053 2371 1163 2398 sibimet
1178 2378 1251 2398 cura:
1266 2375 1356 2402 esset,
1383 2378 1398 2398 a
1419 2372 1543 2405 pecuniis
1567 2372 1624 2399 suis
1639 2373 1760 2401 abstine-

980 2419 1022 2443 ret
1034 2435 1041 2447 ,
1056 2415 1176 2450 publicis
1190 2419 1327 2443 uteretur.
1341 2415 1380 2442 Ad
1393 2423 1424 2442 ea
1442 2415 1487 2443 ille
1501 2416 1575 2445 hunc
1589 2417 1616 2444 in
1629 2418 1739 2445 modum
1752 2438 1759 2450 ,

980 2461 1098 2498 solidius
1124 2468 1154 2488 se
1183 2459 1303 2495 gaudere
1328 2461 1457 2495 gaudium
1487 2462 1535 2496 pro
1568 2462 1761 2490 communibus

980 2505 1174 2533 emolumentis
1190 2505 1384 2537 desudantem,
1394 2513 1474 2540 quam
1488 2506 1556 2533 alios
1567 2506 1624 2533 otio
1639 2507 1762 2542 volupta-

981 2554 1056 2588 tique
1070 2553 1187 2581 deditos.
1204 2553 1281 2586 Quod
1299 2561 1364 2581 vero
1383 2553 1416 2581 de
1434 2561 1481 2581 sua
1498 2555 1614 2588 pecunia
1634 2554 1662 2581 in
1688 2562 1763 2582 sum-

981 2603 1059 2634 ptum
1072 2598 1221 2631 conferret,
1239 2598 1265 2626 id
1281 2606 1334 2626 non
1346 2598 1553 2630 detrimentum.
1568 2599 1615 2626 sed
1639 2599 1761 2626 omnium

982 2649 1136 2680 quastuum
1174 2651 1286 2673 censere
1317 2644 1566 2678 iucundissimum,
1591 2644 1678 2672 donec
1708 2645 1763 2672 Dco

983 2691 1054 2718 bene
1070 2690 1239 2722 l‘orlunantc,
1256 2689 1441 2717 Romanorum
1457 2689 1641 2724 principatum
1654 2696 1764 2724 magno-

984 2744 1048 2770 pere
1065 2735 1212 2765 exaltatum
1226 2755 1233 2767 .
1256 2740 1284 2763 et
1302 2735 1430 2767 omnibus
1453 2735 1578 2762 hostibus
1604 2735 1662 2762 suis
1682 2742 1763 2768 supe—

984 2782 1084 2809 riorem
1099 2785 1233 2808 cerneret.
1252 2780 1369 2814 Sperare
1395 2784 1486 2807 autem
1499 2800 1506 2812 ,
1527 2780 1578 2808 nisi
1598 2778 1662 2814 quid
1680 2779 1765 2813 impe-

985 2820 1292 2856 dimenti'intervencrit
1305 2845 1312 2857 ,
1343 2825 1419 2852 brevi
1434 2825 1502 2853 adeo
1524 2824 1653 2853 Romanis
1672 2824 1765 2858 profu-

988 2879 1079 2902 turum
1094 2894 1101 2907 ,
1123 2877 1152 2900 ut
1183 2877 1210 2899 ct
1234 2872 1291 2906 ipsa
1315 2871 1474 2905 imperatrix
1500 2871 1526 2898 id
1554 2871 1664 2898 intuens
1679 2891 1685 2903 ,
1708 2870 1764 2897 Deo
