1931 3090
157 128 211 159 815

741 127 903 159 JOANNIS
923 123 1184 158 CANTACUZENI

1728 121 1785 155 Βῖῦ

159 186 354 220 imperatorem
369 186 509 213 voluntate
527 185 642 221 praefati,
661 193 691 214 se
708 194 789 214 nosse
804 187 942 218 dicebant.

998 186 1139 221 Αεχθέντες
1164 184 1210 210 τὸν
1237 169 1306 217 υἰὺν,
1323 183 1419 210 ἔπειτα
1438 180 1542 217 ἔφασαν
1564 179 1609 208 τδν
1631 177 1717 216 μέγαν
1740 180 1788 206 δο-

158 238 288 266 magnum
312 231 494 258 domesticum
521 231 572 258 sibi
595 231 676 268 413
702 231 850 267 imperium
873 240 947 259 asse-

158 284 231 310 rere,
261 282 290 304 ct
314 277 390 304 brevi
415 277 533 312 cogitata
559 278 756 312 perfecturum.
782 278 858 311 Quod
884 286 946 305 cum

160 323 379 359 indignissimum
389 327 522 355 statuant,
532 322 669 358 iudicasse
682 323 794 351 minitne
806 323 945 359 tegendas,

159 370 206 397 sed
225 370 252 396 in
269 374 393 403 apertum
408 369 586 404 proferendas
607 369 730 402 insidias,
745 374 775 396 ut
791 377 819 397 rc
834 376 946 404 perspe-

159 420 214 446 cta,
238 414 314 442 etde
338 422 366 442 se
385 415 442 449 ipsa
475 421 503 442 et
525 415 559 442 de
585 415 681 443 liberis
704 414 776 450 quod
797 423 865 450 opus
881 415 945 445 erit,

158 460 300 488 decernat.
318 460 378 487 Non
404 460 477 487 enim
504 467 547 488 res
567 468 664 495 parvas
681 460 708 487 in
734 460 880 487 discrimen
897 468 944 486 vo—

158 505 226 535 cari,
252 505 299 531 sed
329 505 354 530 id
387 505 443 539 agi,
470 509 561 532 utrum
587 513 648 532 cutn
676 505 809 540 dignitate
840 505 944 535 vivant,

158 555 266 576 retento
282 551 408 585 imperio.
424 551 497 585 quod
518 552 580 586 jure
600 556 712 586 paterno
727 551 835 578 illorum
845 550 890 582 sit,
911 559 944 576 an

159 602 221 620 cum
235 594 370 622 dedecore
392 595 527 622 intereant
558 596 617 631 ejus
643 596 759 627 insidiis,
778 595 824 630 qui
839 603 945 622 summa

158 647 250 666 rerum
269 641 498 672 administranda,
517 646 619 667 tantam
633 637 684 667 sibi
706 641 854 675 potentiam
871 649 945 668 com-

157 687 271 720 pararit.
300 687 474 721 lmperalrix,
494 687 650 721 suspicione
680 687 824 714 rcritalem
858 686 945 720 ipsam

157 732 308 766 attingens,
336 740 390 758 nou
408 732 491 759 modo
516 732 716 767 querimoniam
732 740 785 759 non
808 731 944 766 probarit,

157 778 204 806 Sed
227 786 287 804 eam
306 783 437 812 prmtcrca
460 780 517 805 visa
534 782 576 805 est
599 778 712 805 moleste
737 778 821 810 l'erre,
839 786 943 813 eosque

157 823 311 854 admonuit,
331 828 361 850 ut
378 823 420 850 his
444 823 687 851 criminationibus
709 823 942 858 supersederent:

156 869 290 903 quidquid
305 870 378 896 enim
397 869 431 897 de
444 877 542 905 magno
558 869 709 897 domestico
725 869 842 902 dicatur,
858 869 943 904 ipsam

156 913 191 940 ab
206 921 238 940 c0
255 914 371 941 distrahi
397 923 427 941 ac
442 914 576 942 dissidere
590 923 643 941 non
657 922 746 948 posse,
762 923 822 950 quze
838 922 901 942 vera
916 919 944 942 et

157 966 355 992 consentanea,
372 968 425 987 non
440 961 628 988 commcntitia
641 961 673 988 de
690 961 736 988 illo
749 961 828 994 plane
839 961 943 988 credat.

161 1005 308 1040 Postquam
336 1006 363 1033 hi
388 1006 511 1035 frustrati
537 1011 720 1039 reensserunt,
746 1007 859 1034 Artotus
881 1015 943 1034 cum

156 1057 242 1079 ntatre
264 1053 404 1084 mittitur,
429 1054 475 1087 qui
496 1053 591 1081 eadem
619 1058 773 1086 narrantes,
796 1059 943 1088 antequam

155 1098 338 1130 absolverent,
363 1107 424 1126 eum
450 1099 504 1126 bile
531 1103 558 1126 et
582 1101 723 1126 stomacho
748 1101 839 1135 njccti
868 1105 942 1127 sunt.

155 1142 291 1169 Postridie
318 1142 462 1170 Chumnus
479 1151 540 1170 cum
567 1144 622 1170 ﬁlio
642 1149 670 1170 ct
694 1153 795 1179 genero
819 1145 942 1172 Manucle

154 1188 346 1215 Cantacnzeno
373 1189 452 1220 duce,
477 1195 505 1216 et
531 1189 631 1216 anala
659 1190 775 1220 accedit,
793 1191 871 1224 quasi
896 1191 941 1225 qui

155 1234 295 1260 recentius
321 1235 462 1268 quidpiam
493 1235 659 1262 rescierint:
682 1235 815 1270 explicate
841 1244 943 1262 mento-

154 1283 228 1311 rant,
251 1286 303 1305 non
322 1279 515 1310 desidendum,
536 1279 582 1305 sed
606 1279 638 1304 ad
656 1279 709 1305 vim
729 1279 941 1312 propulsandam

154 1325 372 1360 exsurgendum,
388 1333 417 1352 se
433 1326 548 1366 pecunia
564 1330 592 1352 et
606 1325 689 1352 armis
704 1326 806 1352 bellum
823 1326 941 1353 futuros.

155 1371 220 1398 Nam
237 1379 297 1398 cum
312 1371 529 1399 benevolentiam
555 1373 690 1406 iidemque
710 1372 866 1406 imperatori
879 1372 942 1399 inde

153 1426 167 1445 a
185 1419 302 1453 pueritia
325 1419 496 1451 navaverint,
515 1424 568 1445 tam
584 1418 773 1446 incredibilem
797 1418 941 1446 audaciam

154 1465 225 1492 terre
247 1465 375 1499 nequire,
392 1465 526 1499 mallequc
553 1467 634 1491 etiam
658 1465 764 1492 animas
779 1472 843 1491 suas
859 1464 942 1499 proji-

999 232 1128 268 μέστικον
1143 230 1241 257 εἰδέναι
1254 230 1304 264 τὴν
1319 229 1459 264 βασιλείαν
1481 228 1570 263 ἑαυτῷ
1587 227 1787 261 περιποιούμε-

997 287 1053 308 νον.
1070 279 1116 304 καὶ
1131 277 1193 303 ὅσον
1215 276 1322 302 οὐδέπω
1342 275 1392 310 τὴν
1413 275 1533 301 ἐπίνοιαν
1547 275 1587 305 εἰς
1604 274 1684 309 ἔργον
1707 273 1788 305 ἄγειν

998 323 1209 358 βεὸουλημένον.
1231 322 1339 357 Ὅσπερ
1367 322 1459 352 αὐτοῖς
1472 323 1516 346 ’τε
1540 320 1608 354 ἄγαν
1633 320 1704 352 εδοξε
1730 319 1788 344 τῶν

996 368 1167 400 δεινοτάτων,
1183 368 1231 394 καὶ
1247 369 1302 394 δεῖν
1330 368 1366 402 μὴ
1384 366 1600 400 συγκαλύπτειν,
1618 365 1684 392 ἀλλὰ
1700 365 1787 400 δήλην

996 415 1045 449 τὴν
1072 415 1220 450 ἐπιϐουλὴν
1247 416 1344 446 ποιεῖν,
1375 413 1408 440 ἵν’
1436 413 1596 448 αἰσθομένη,
1626 413 1659 438 τὰ
1686 413 1786 438 δέοντα

999 461 1062 496 περί
1087 470 1115 487 τε
1134 461 1234 495 ἑαυτῆς
1259 459 1439 495 βουλεύσηται
1467 460 1513 486 καὶ
1527 460 1650 486 -τέκνων,
1668 459 1704 485 Οὐ
1731 459 1789 493 γὰρ

999 510 1063 544 περὶ
1080 509 1187 544 μικρῶν
1204 517 1285 535 τινων
1301 505 1371 534 εἶναι
1391 508 1437 534 τὴν
1462 507 1583 534 κίνδυνον
1606 507 1708 537 αὑτοῖς,
1724 506 1785 548 ἀλλ’

998 554 1053 580 εἴτε
1075 553 1125 589 ζῇν
1144 553 1234 585 καλῶς
1248 553 1297 587 τῆς
1315 554 1346 579 ἐκ
1371 551 1499 588 πατρῴου
1517 552 1618 587 κλήρου
1634 552 1790 586 προσηκού-

999 609 1048 635 σης
1075 599 1221 634 ἐχομένους
1247 599 1398 635 βασιλείας,
1423 599 1439 634 ἢ
1468 598 1653 633 ἀποθνήσκειν
1679 597 1789 627 ἀκλεῶς

997 646 1240 677 ἐπιὸῡυλευοέντας
1261 646 1307 671 ὑπ’
1327 645 1432 671 ἐκείνου
1457 644 1573 679 δύναμιν
1595 643 1728 677 τοσαύτην
1755 644 1792 671 ἐχ

995 692 1042 718 τοῦ
1056 692 1111 718 τῶν
1129 692 1301 726 πραγμάτων
1317 691 1411 726 ἄρχειν
1425 691 1608 724 κεκτημένου.
1626 688 1738 720 Βατιλὶς
1757 690 1788 715 δὲ

996 738 1188 764 ὑποπτεύουσα
1215 739 1282 772 ὅπερ
1300 736 1344 772 ἦν,
1361 737 1389 764 οὐ
1425 737 1504 771 μόνον
1531 736 1580 763 οὐκ
1609 736 1723 770 ἐπῄνεσε
1752 735 1789 762 τὰ

995 784 1139 819 εἰρημένα,
1167 783 1225 809 ἀλλ’
1252 785 1334 818 ὲῲκει
1365 783 1411 809 καὶ
1438 783 1576 817 ἀχθομένη
1606 782 1650 808 διὰ
1683 782 1785 809 ταῦτα.

997 830 1111 865 παρῄνει
1132 838 1161 855 ιε
1178 830 1272 860 αὐτοῖς
1289 829 1439 864 ἀπέχεσθαι
1461 830 1514 854 τῶν
1530 829 1730 862 cumqui/mh,
1747 828 1787 859 ὡς

996 876 1100 907 οὐδενὸς
1114 876 1153 901 ὅσ*
1174 875 1206 901 ἄν
1221 884 1262 906 τις
1281 875 1352 901 εἴποι
1380 874 1522 901 διάστασιν
1546 875 1616 909 αὐτῇ
1632 874 1787 908 δυναμένου

997 922 1065 956 πρὸς
1095 922 1140 947 rev
1169 921 1255 955 μέγαν
1288 920 1454 955 δομέστικον
1491 920 1658 954 ἐμποιῆσαι·
1690 920 1787 953 σαφῶς

996 968 1169 1001 πεπεισμένη
1193 966 1299 1001 τάληοῆ
1328 966 1374 992 καὶ
1400 966 1575 1000 προσήκοντα
1600 965 1665 999 περὶ
1686 964 1786 992 αὐτοῦ.

997 1011 1075 1037 Ἐπεὶ
1085 1011 1111 1036 δὲ
1127 1011 1264 1044 ἄπρακτοι
1279 1011 1377 1036 ἐκεῖνοι
1389 1010 1537 1044 ἐπανῆκον,
1547 1010 1679 1044 ’Λρτῶτος
1698 1016 1787 1043 προσ-

994 1057 1135 1090 επέμπετο
1172 1055 1230 1090 ἅμα
1259 1049 1292 1090 τῇ
1325 1055 1408 1090 μητρί
1433 1062 1442 1071 ο
1471 1055 1506 1082 τὰ
1534 1056 1579 1081 is:
1605 1055 1633 1080 δὲ
1662 1056 1787 1081 κάκεῖνοι

994 1102 1224 1135 ἀπαγγείλαντες,
1251 1101 1473 1136 ἀπεπέμφθησαν
1503 1102 1570 1135 πρὶς
1599 1101 1703 1136 ὀργὴν,
1722 1101 1786 1127 οὐδὲ

994 1148 1071 1179 ὅλους
1093 1147 1209 1173 ἀκοῦσαι
1232 1148 1284 1182 τῆς
1309 1146 1444 1181 βασιλίδος
1469 1147 1532 1178 τοὺς
1548 1147 1645 1180 λόγους
1666 1148 1788 1180 ἀνασχο-

996 1195 1089 1228 μένης.
1108 1192 1152 1224 Εἰς
1166 1193 1214 1227 τὴν
1229 1193 1378 1228 ὑστεραίαν
1393 1193 1421 1218 δὲ
1435 1193 1447 1218 ό
1464 1192 1590 1228 Χοῦμνος
1608 1192 1665 1227 ἅμα
1682 1194 1735 1218 υἱεῖ
1752 1201 1784 1218 τε

995 1239 1041 1264 καὶ
1065 1238 1182 1273 κηδεστῇ
1210 1238 1339 1273 Μανουὴλ
1361 1234 1585 1272 Καντακουςηνῷ
1609 1237 1647 1272 τῷ
1664 1245 1788 1272 στρατη-

997 1285 1129 1318 γοπούλῳ,
1161 1285 1208 1310 καὶ
1239 1283 1363 1315 Γαϐαλᾱς
1389 1283 1489 1318 ὁμοίως
1518 1282 1633 1318 βασιλίδι
1664 1283 1785 1317 προσελ-

994 1330 1096 1360 θόντες,
1111 1329 1149 1359 ὡς
1164 1329 1195 1363 δή
1211 1337 1237 1354 τι
1253 1328 1386 1360 νεώτερον
1402 1328 1586 1362 πεπυσμένοι,
1608 1327 1785 1362 ἀπήγγελλον

995 1375 1064 1409 μετὰ
1085 1375 1222 1409 σπουδῆς·
1240 1374 1436 1401 συνεϐούλευόν
1457 1382 1486 1400 τε
1504 1374 1541 1409 μὴ
1556 1374 1701 1410 ῥᾳθυμεῖν,
1716 1374 1785 1402 ἀλλὰ

993 1421 1182 1447 διανίστασϐαι
1199 1422 1267 1455 πρὸς
1283 1421 1390 1456 ἄμυναν
1405 1421 1442 1452 ὡς
1459 1421 1506 1447 καὶ
1531 1421 1622 1447 αὐτῶν
1645 1421 1692 1447 καὶ
1712 1421 1784 1456 χρή-

995 1475 1062 1501 μασι
1084 1467 1130 1493 καὶ
1152 1466 1246 1496 ὅπλοις
1273 1467 1507 1502 συνεφαψομένων
1530 1466 1576 1493 τοῦ
1593 1467 1724 1502 πολέμου.
1744 1467 1785 1494 Οὐ

152 1518 226 1543 cere,
241 1519 322 1546 quant
338 1512 394 1538 hcce
408 1510 502 1538 videre
526 1516 552 1538 et
568 1512 683 1546 perpeti.
702 1511 862 1546 lmperatrix
877 1519 939 1538 cum

994 1512 1048 1547 γὰρ
1069 1512 1163 1548 φέρειν
1186 1513 1219 1548 τῇ
1235 1513 1274 1544 εἰς
1292 1512 1404 1547 βασιλέα
1425 1513 1518 1548 εὐνοίᾳ
1541 1513 1588 1540 καὶ
1612 1513 1704 1540 πίστει
1717 1522 1784 1540 συν-

152 1563 254 1598 gratias
278 1564 311 1590 de
337 1567 390 1589 tam
408 1570 541 1597 propensa
563 1563 703 1590 voluntate
720 1564 830 1598 cgissrt,
856 1563 941 1591 dixis-

152 1614 259 1643 setque,
277 1609 330 1635 sibi
348 1616 459 1642 quoque
486 1609 599 1635 minime
624 1609 739 1636 dubium
763 1609 863 1641 videri,
882 1617 939 1642 eos,

153 1655 174 1681 si
195 1655 259 1689 quid
274 1655 325 1682 tale
344 1654 494 1686 accideret,
507 1662 570 1681 cum
587 1655 685 1689 quovis
699 1654 829 1682 alacriter
845 1662 895 1690 pro
911 1662 940 1683 se

152 1700 342 1731 dimicaturos,
359 1700 521 1727 hortabatur
542 1705 644 1733 tamen,
667 1704 697 1727 ut
714 1701 748 1727 de
774 1708 874 1736 magno
892 1700 942 1728 do-

146 1745 266 1773 mestico
291 1746 342 1773 ista
367 1746 441 1780 loqui
469 1746 762 1782 ontittcrent,quippe
793 1755 867 1774 mera
891 1747 941 1782 tig-

153 1797 246 1818 menta
274 1796 302 1818 ct
333 1791 501 1825 calumnias;
524 1792 583 1827 ejus
600 1791 673 1820 cnim
688 1800 748 1826 erga
764 1799 793 1819 se
812 1797 839 1820 et
856 1793 942 1827 impe-

153 1843 272 1865 ratorem
310 1838 396 1864 tilium
424 1842 550 1872 prompta
586 1845 618 1865 ac
646 1842 740 1873 parata
768 1838 859 1866 studia
886 1838 940 1865 sibi

153 1884 371 1919 exploratissima
398 1892 458 1911 esse
476 1893 482 1911 :
500 1892 545 1917 ne,
572 1884 594 1911 si
623 1883 734 1912 rediens
766 1892 796 1912 se
827 1885 861 1912 ab
885 1885 940 1912 illis

152 1929 251 1957 horum
278 1931 422 1958 criminum
453 1934 612 1958 accusatum
646 1930 792 1964 intelligat,
818 1930 844 1957 id
872 1930 941 1965 ipsis

152 1978 251 2006 merito
267 1977 413 2004 irascatur.
434 1977 479 2005 Sic
499 1977 702 2012 imperatricem
717 1976 785 2004 nihil
801 1977 939 2004 dictorum

152 2031 167 2050 a
179 2023 356 2058 prajudicata
372 2023 514 2057 opinione,
531 2023 622 2049 omnia
639 2030 688 2056 pro
705 2022 804 2049 fabulis
819 2030 833 2050 e
848 2023 941 2057 cujus:

152 2077 206 2103 que
223 2069 332 2103 ingenio
345 2068 475 2103 profectis
488 2069 634 2096 ducentem
650 2069 767 2104 depulit.
783 2068 850 2096 Cum
869 2074 895 2095 et
911 2067 939 2095 hi

151 2115 186 2141 ad
203 2114 271 2141 alios
288 2114 415 2149 regressi,
435 2122 596 2149 responsum
614 2114 785 2144 retulissent,
803 2122 856 2141 non
871 2114 940 2142 levis

153 2162 238 2189 timor
263 2162 375 2188 incessit
407 2169 514 2193 omnes,
543 2165 666 2188 extremo
687 2161 744 2196 jam
769 2161 894 2196 periculo
910 2169 940 2189 se

992 1559 1209 1594 τεθραμμένους,
1226 1559 1276 1594 τὴν
1297 1558 1451 1594 ὑπερὸολὴν
1476 1560 1542 1595 ὸρᾴν
1560 1560 1614 1585 τῶν
1639 1560 1786 1594 τολμωμέ-

993 1613 1045 1630 νων
1058 1613 1065 1621 ~
1083 1604 1141 1631 ἀλλ’
1158 1604 1332 1640 ἑτοιμότερον
1349 1604 1421 1639 ἔχειν
1439 1605 1486 1632 καὶ
1503 1606 1553 1636 τὰς
1575 1606 1664 1641 ψυχὰς
1689 1607 1784 1641 προΐε-

993 1650 1056 1677 σθαι
1074 1651 1170 1684 αὑτὰς,
1191 1651 1207 1687 ἢ
1223 1651 1337 1678 τοιαῦτα
1353 1653 1485 1688 γινόμενα
1505 1653 1648 1688 περιϊδεῖν.
1668 1653 1783 1685 Βασιλὶς

992 1696 1020 1723 δὲ
1039 1698 1087 1723 καὶ
1109 1698 1201 1728 αὐτοῖς
1217 1698 1410 1734 ὁμολογήσασα
1430 1698 1480 1732 τῆς
1504 1698 1661 1734 προθυμίας
1685 1699 1781 1734 χάριν,

992 1743 1041 1770 καὶ
1065 1744 1211 1770 πεπεῖσθαι
1234 1744 1281 1771 καὶ
1301 1745 1372 1779 αὑτὴ
1390 1745 1486 1779 σαφῶς
1512 1745 1639 1777 εἰποῦσα,
1656 1745 1694 1777 ὡς
1711 1746 1738 1772 εἰ
1754 1755 1784 1772 τι

993 1789 1115 1824 συμϐαίη
1128 1789 1259 1822 τοιοῦτον,
1272 1789 1420 1824 προθύμως
1435 1790 1517 1817 παντί
1529 1799 1566 1824 τῳ
1576 1790 1782 1825 πολεμήσουσιν

992 1834 1062 1868 ὑπὲρ
1084 1834 1180 1868 αὐτῆς,
1205 1833 1303 1860 ἔπειτα
1331 1834 1449 1870 παρῄνει
1474 1835 1528 1861 τῶν
1557 1835 1628 1861 κατά
1659 1836 1782 1870 μεγάλου

992 1880 1152 1914 δομεστίκου
1178 1880 1265 1915 λόγων
1293 1880 1475 1915 ἀποσχέσθαι,
1492 1882 1529 1914 ὡς
1553 1882 1628 1908 οὐδὲν
1657 1883 1745 1909 ὄντων
1763 1883 1780 1918 ἢ

992 1925 1106 1961 πλάσμα
1122 1927 1169 1952 καὶ
1188 1928 1384 1961 συκοφαντίαν,
1400 1928 1500 1954 είδέναι
1517 1927 1571 1963 γὰρ
1595 1928 1717 1963 ἀκριὸῶς
1731 1929 1782 1963 τὴν

991 1974 1097 2000 ἐκείνου
1122 1973 1189 2007 πρὸς
1214 1973 1298 2008 αὐτὴν
1314 1973 1420 2000 εὔνοιαν
1436 1975 1483 2000 καὶ
1508 1974 1621 2008 βασιλέα
1634 1975 1680 2002 τὸν
1698 1976 1755 2001 υἱόν
1773 1984 1781 1991 ·

994 2020 1032 2056 μὴ
1052 2022 1098 2047 καὶ
1124 2021 1193 2055 μετὰ
1218 2021 1269 2055 τὴν
1293 2021 1421 2048 ἐπάνοδον
1441 2021 1476 2047 τὰ
1502 2021 1567 2056 παρ’
1591 2022 1669 2056 ὑμῶν
1696 2023 1783 2049 αὐτοῦ

993 2067 1206 2102 κατηγορημένα
1246 2067 1377 2102 ἐκμαθὼν
1414 2067 1529 2099 δικαίως
1564 2067 1675 2102 ἄχθοιτο
1715 2068 1782 2104 ὑμῖν

991 2114 1104 2140 τοιαῦτα
1122 2113 1257 2148 είρηκὸσι.
1274 2113 1383 2144 Βασιλὶς
1399 2113 1449 2148 μὲν
1461 2110 1508 2139 οὖν
1523 2113 1594 2139 οὕτω
1609 2113 1677 2148 πρὸς
1692 2114 1780 2147 μηδὲν

992 2159 1046 2186 τῶν
1059 2161 1213 2195 εἰρημένω»
1226 2159 1281 2186 τῶν
1295 2160 1413 2195 ὲξαρχῆς
1434 2160 1530 2195 ἐξέστη
1542 2159 1692 2194 λογισμῶν,
1709 2161 1781 2187 ἀλλὰ

152 2209 356 2235 circumventos
372 2207 573 2238 existimantes,
589 2206 640 2233 nisi
661 2206 728 2241 quid
751 2206 833 2234 dictis
848 2207 939 2235 ellica-

994 2207 1141 2243 πλάσματα
1155 2208 1247 2242 ἠγεῖτο
1271 2207 1360 2234 πάντα
1376 2208 1428 2233 ὑπὸ
1439 2208 1501 2242 ’τῆς
1525 2208 1643 2234 ἑκάστου
1657 2208 1782 2240 διανοίας

153 2256 214 2282 cius
243 2253 410 2280 invenirent.
435 2252 511 2286 Quos
535 2252 718 2287 Apocauchus
746 2260 877 2285 mouere,
905 2261 941 2281 ne

153 2305 364 2329 cunctarentur.
388 2307 451 2326 nam
469 2299 504 2326 de
528 2307 625 2334 magno
647 2300 800 2328 domestico
821 2300 939 2335 prolata,

154 2352 208 2374 tam
224 2345 316 2373 multis
328 2345 447 2373 consciis
460 2345 571 2373 silentio
588 2345 641 2380 tegi
652 2353 706 2373 non
721 2353 801 2381 posse
818 2354 825 2372 :
841 2353 902 2380 quae
917 2345 941 2373 si

154 2392 291 2423 rescierit,
311 2392 396 2419 licere
411 2391 500 2419 cuivis
515 2391 668 2426 intelligere
685 2391 803 2427 periculi
816 2391 940 2419 secuturi

153 2438 381 2473 magnitudinem.
398 2437 599 2473 blﬂldcirco
626 2438 806 2468 hortabatur,
834 2446 868 2466 ne
892 2438 941 2465 de-

153 2485 311 2520 speratione
338 2484 423 2516 victi,
449 2484 557 2511 actione
590 2484 775 2516 desisterent,
805 2484 853 2511 sed
877 2484 942 2511 aliis

153 2530 283 2557 omnibus
304 2529 477 2564 posthabitis,
507 2529 560 2556 hoc
586 2537 671 2556 tinum
697 2535 940 2564 persequerentur,

152 2580 184 2602 ut
199 2575 233 2603 de
246 2574 427 2602 acerbissimo
450 2574 531 2601 hoste
547 2573 762 2607 triumpharent,
781 2577 828 2600 aut
845 2573 942 2600 saltent

154 2631 188 2650 ne
218 2621 391 2649 atrocissime
417 2621 452 2648 ab
478 2628 512 2648 eo
540 2621 736 2648 multarentur.
763 2620 884 2648 Proinde
906 2619 940 2646 ad

154 2667 337 2703 patriarcham
354 2671 382 2694 et:
397 2666 583 2694 Andronicum
598 2667 727 2698 Asaucm,
744 2666 834 2701 magni
847 2666 942 2693 dome—

154 2715 215 2742 stici
226 2721 363 2746 socerum,
373 2713 449 2740 velut
461 2714 494 2740 ad
506 2720 611 2740 sacram
621 2713 769 2740 anchoram
781 2711 941 2747 confugien—

154 2760 220 2787 dum
247 2759 563 2795 jttdicaruntzquorum
594 2758 658 2794 quia
685 2758 776 2793 potior
805 2761 881 2785 esset
907 2756 941 2783 ad

154 2805 376 2840 persuadendum
404 2803 571 2837 auctoritas,
600 2812 648 2838 per
675 2804 748 2839 ipsos
773 2803 942 2838 imperatrici

154 2856 288 2879 terrorem
313 2859 344 2879 ac
370 2856 473 2878 metum
503 2851 669 2879 incuterent.
693 2851 760 2878 Nam
786 2850 945 2892 patriarcha

992 2253 1239 2288 ἀναπεπλασμένα.
1261 2254 1305 2284 Ὠς
1323 2253 1350 2279 δὲ
1367 2253 1413 2280 καὶ
1427 2250 1501 2280 οὗτοι
1519 2254 1586 2289 πρὸς
1604 2254 1666 2284 τοὺς
1684 2253 1782 2285 ἄλλους

992 2299 1178 2330 συνελθόντες.
1194 2300 1244 2326 ὅσα
1256 2300 1272 2334 ἠ
1288 2299 1396 2334 βασιλὶς
1410 2299 1585 2334 ἀπήγγελλον
1599 2299 1779 2334 ἀποκριθείη,

991 2345 1050 2376 δέος
1062 2345 1124 2380 ἔσχε
1141 2345 1245 2376 πάντας
1260 2346 1310 2372 οὐκ
1326 2345 1427 2380 ὀλίγον,
1443 2346 1490 2372 καὶ
1506 2347 1535 2371 ὲν
1556 2345 1682 2380 ἐσχάτοις
1695 2345 1784 2381 ᾤοντο

991 2390 1043 2426 ἠδη
1071 2390 1248 2426 περιέχεσθαι
1277 2391 1383 2422 κακοῖς,
1409 2391 1434 2417 εἰ
1466 2391 1503 2425 μή
1529 2399 1556 2417 τι
1587 2390 1785 2424 βουλεύσαιντο

992 2437 1197 2473 ἀνυσιμώτερον
1226 2437 1280 2464 τῶν
1303 2438 1466 2472 εἰρημένων.
1495 2437 1675 2464 Συνεόούλευέ
1706 2446 1736 2464 τε
1767 2439 1783 2463 ὁ

993 2484 1240 2519 παρακοιμώμενος
1269 2484 1362 2515 αὐτοῖς
1393 2483 1493 2518 μηκέτι
1520 2483 1646 2517 μέλλειν·
1670 2483 1705 2508 τὰ
1730 2483 1784 2517 μὲν

993 2532 1047 2564 γὰρ
1072 2531 1135 2565 περὶ
1167 2529 1289 2565 μεγάλου
1318 2529 1482 2564 δομεστίκου
1517 2529 1652 2564 εἰρημένα
1688 2530 1783 2562 σιωπῇ

993 2576 1179 2602 καλύπτεσθαι
1205 2576 1235 2601 οὐ
1262 2575 1385 2606 δυνατὸν,
1408 2575 1515 2601 πολλῶν
1543 2575 1597 2600 τῶν
1620 2575 1782 2600 συνειδότων

992 2622 1094 2648 ὄντων·
1118 2622 1277 2657 καταδήλων
1303 2623 1331 2649 δὲ
1357 2615 1455 2657 ὲκείνζυ
1479 2621 1644 2655 γενομένων,
1665 2622 1782 2656 συνορᾷλ

993 2668 1098 2700 ἔξεστιν
1126 2669 1233 2704 ἑκάστῳ
1256 2669 1302 2695 τοῦ
1327 2668 1451 2695 κινδύνου
1472 2669 1522 2702 τὴν
1548 2667 1712 2702 ὑπερῦολήν.
1736 2667 1784 2692 Διὸ

992 2712 1052 2739 οὐδὲ
1064 2711 1181 2748 παρῄνει
1196 2712 1328 2749 ῥᾳθυμεῖν
1340 2713 1508 2747 ἀπογνόντας
1520 2713 1588 2747 πρὸς
1599 2713 1647 2746 τὴν
1661 2711 1764 2746 πρᾶξιν
1774 2730 1783 2744 ,

993 2758 1062 2784 ἀλλὰ
1075 2759 1129 2785 τῶν
1143 2759 1231 2786 ἄλλων
1249 2759 1455 2794 ἀποσχομένους
1470 2759 1591 2790 πάντων,
1611 2758 1669 2788 ένδς
1683 2757 1783 2784 τούτου

993 2804 1118 2838 γίνεσθαι
1141 2805 1234 2840 μόνου,
1264 2806 1338 2838 ὅπως
1363 2806 1552 2840 περιγένοιντο
1575 2803 1623 2830 τοῦ
1642 2803 1784 2837 πολέμιον

984 2850 1124 2893 ιτὰτουλ,
1143 2851 1176 2879 τά
1188 2860 1218 2886 γε
1236 2852 1361 2888 δεύτερα,
1381 2852 1421 2889 μὴ
1433 2852 1466 2879 τὰ
1478 2852 1617 2887 ἀνήκεστα
1631 2848 1698 2885 παρ’
1712 2849 1786 2876 ὲκεί-
