1931 3090
135 139 191 171 8‘3}

728 141 998 171 HISTORIA-RD.“
1021 130 1132 173 item
1155 144 1212 177 ιιι,

1703 145 1756 176 822

134 199 190 223 οὐκ
201 198 291 230 ὀλίγον
306 196 431 223 ἐνταυθοῖ
443 197 636 232 διατριϐόντων
651 198 704 224 τῶν
713 199 797 233 ἡδέως
809 198 840 225 ἂν
854 199 924 232 ὑπὲρ

983 200 1046 226 urbe
1062 201 1172 235 degant,
1185 202 1230 236 qui
1248 209 1310 229 cum
1327 202 1465 237 voluptate
1476 202 1535 236 ejus
1550 208 1630 229 causa
1644 202 1757 236 sangui-

135 243 247 269 ἐκείνου
272 242 319 268 καὶ
343 243 393 274 τὰς
419 243 508 277 ψυχὰς
532 243 744 278 προησομένων,
770 245 816 271 καὶ⁴
838 253 925 279 παρα-

138 288 328 315 σκευάσασθαι
343 289 411 324 πρὸς
426 289 530 316 ἕκαστα
547 289 584 320 ὡς
598 291 630 316 ἂν
645 291 744 325 ἄριστα
759 291 832 326 αὐτῷ
847 291 924 326 δοκῇ,

139 335 243 368 ρξδίως
260 335 376 369 ἤλπισας
389 336 629 370 περιγενήσεσθαι.
645 337 681 362 Οὐ
696 337 750 370 γὰρ
761 337 798 368 ὡς
814 337 884 371 αὺτὴ
896 346 926 363 τε

138 381 204 412 ο”ἐε,
220 381 344 413 κάκεῖνος
358 382 511 415 φενακίζων
531 383 603 417 ἡμᾶς
624 382 837 418 ἀπεσεμνύνετο,
857 382 928 409 οὕτω

142 427 213 458 πρὸς
227 426 373 457 Βυζάντιον
385 427 514 462 ἐπανήξει
526 430 588 459 τοὺς
599 428 693 462 φίλους
703 428 872 460 καταλιπὼν,
881 428 928 454 καὶ

141 470 194 504 τὴν
208 470 306 505 πολλὴν
320 471 469 506 θεραπείαν
483 472 532 507 τὴν
546 473 607 507 περὶ
619 473 716 498 αὐτόν·
731 473 800 499 ὥστε
814 481 843 498 σε
857 472 928 506 ἔχειν

142 516 157 541 ὂ
171 525 197 542 τι
209 515 300 549 βούλει
312 518 465 551 χρήσασθαι
478 517 562 552 αὐτῷ,
571 518 628 543 ἀλλ’
639 517 717 549 είδὼς
728 517 764 548 ὡς
779 517 931 544 ὑποπτεύε-

141 569 200 592 ται,
211 562 242 586 oio
252 561 305 587 τῶν
320 562 519 597 εὐγενεστέρων
535 562 615 596 μόνον
630 563 718 588 πείσει
735 561 850 594 πολλοὺς
866 563 931 588 ὑπο-

144 607 257 640 σχέσεσι
268 607 313 633 καὶ
322 608 435 641 δωρεαῖς
447 608 572 642 μεγάλων
583 607 705 642 ἀγαθῶν,
717 607 784 634 ἀλλὰ
794 609 840 634 καὶ
850 616 932 643 στρα-

142 651 207 676 τιὰν
220 652 330 678 ἃπασαν
343 652 417 686 αὐτῷ
434 653 578 687 προσέχειν
590 653 794 688 παρασκευάσει
808 653 931 687 χρήμασι

142 697 319 731 διαφθείρας·
334 697 403 732 ἔχων
417 698 444 724 δὲ
458 699 579 733 μεγάλην
589 699 703 734 δύναμιν
717 699 780 734 περὶ⁸
793 700 884 732 αὐτὸν,
901 699 930 725 οὺ

146 743 230 776 μόνον
239 743 314 777 ἡμᾶς
328 744 391 775 τοῦς
404 745 560 778 ᾑρημένους
575 745 671 778 ἐκείνῳ
684 745 816 779 πολεμεῖν
832 744 880 778 τῆς
893 745 932 775 εἰς

111 790 118 795 ’
145 788 220 820 ὑμᾶς
237 788 345 819 εὐνοίας
361 788 442 815 ἓνεκα
460 790 602 824 διαφθερεῖ
616 790 725 825 ῥαδίως,
741 789 809 816 ἀλλὰ
827 789 874 815 καὶ
891 794 932 818 σοι

145 832 195 858 καὶ
208 832 323 865 τέκνοις,
343 833 457 867 μηδενὸς
469 833 514 859 τοῦ
531 833 692 868 βοηθοῦντας
707 833 794 865 ὄντος,
811 833 840 859 ὗν
857 830 932 865 αὐτῷ

977 254 1038 271 nem
1058 247 1235 280 profundent,
1248 253 1276 276 et
1291 248 1396 283 accingi
1414 248 1501 283 parati
1515 248 1581 280 sint,
1597 247 1699 282 quibus
1713 247 1759 274 ille

963 290 1147 324 'potissimum
1171 299 1218 319 eos
1245 287 1353 327 accingi
1375 293 1503 325 voluerit,
1522 299 1575 319 non
1601 291 1712 319 dillicile
1734 295 1759 318 te

977 337 1146 370 superiorem
1174 337 1229 365 fore
1255 338 1380 365 conﬁdis.
1406 338 1466 365 Non
1493 337 1594 365 etenim
1622 341 1653 364 ut
1675 341 1703 364 et
1729 342 1758 363 ttt

977 387 1067 416 putas.
1088 389 1113 410 et
1138 383 1182 410 ille
1206 391 1254 410 nos
1273 384 1415 411 ludiﬁcans
1437 383 1569 419 jactabat,
1588 383 1628 410 sic
1652 383 1758 418 Byzan-

979 427 1046 453 tium
1078 427 1177 453 redibit
1209 425 1314 455 amicis'
1329 428 1450 461 relictis,
1477 434 1505 456 et
1531 428 1632 463 quibus
1659 428 1760 454 colitur

979 472 1118 506 obsequiis
1138 473 1191 500 illis
1221 477 1276 499 tam
1302 474 1405 505 multis,
1432 478 1462 500 ut
1483 481 1546 500 eum
1572 481 1622 508 pro
1644 473 1761 500 arbitrio

981 521 1099 544 tractare
1120 518 1216 552 possis.
1245 518 1297 545 Sed
1323 527 1385 546 cum
1401 526 1430 546 se
1457 519 1612 553 suspicione
1637 508 1762 546 laborare

980 561 1059 593 sciat,
1079 570 1133 589 non
1153 563 1234 590 modo
1255 563 1288 590 de
1312 564 1496 591 nobilioribus
1510 565 1665 599 complures
1683 565 1762 592 donis

981 611 1008 634 et
1022 607 1165 641 promissis
1180 608 1342 643 magnificis,
1361 617 1456 636 verum
1474 611 1556 637 etiam
1582 615 1668 637 totum
1681 618 1762 637 exer-

981 653 1065 680 citum
1078 653 1223 688 largitione
1235 659 1408 689 corruptum,
1418 655 1451 682 ad
1468 660 1558 689 partes
1570 663 1634 682 suas
1648 655 1763 683 luendas

982 698 1093 731 alliciet,
1111 704 1138 726 et
1160 700 1282 734 potentia
1309 701 1411 735 ingenti
1429 701 1571 735 prmditus,
1597 709 1650 728 non
1672 701 1761 729 solum

983 751 1044 775 nos,
1068 745 1192 779 quicum
1219 753 1261 778 eo,
1282 746 1373 773 studio
1395 754 1459 781 erga
1483 754 1530 774 vos
1554 747 1676 779 adducti,
1693 747 1764 773 bello

983 791 1150 818 contendere
1168 791 1301 823 dicemur,
1327 792 1402 820 nullo
1425 793 1534 828 negotio
1556 793 1692 825 concidet,
1716 793 1763 819 sed

983 835 1018 863 de
1045 840 1070 863 te
1097 844 1205 871 quoque
1246 842 1273 864 et
1302 837 1387 870 ﬁliis,
1416 839 1525 865 nemine
1562 843 1658 865 contra
1685 846 1764 872 opem

144 877 248 911 τρόπον
259 878 446 914 λυσιτελήσειν
461 880 591 914 χρήσεται
607 880 740 914 οίήσεται,
757 881 840 906 πᾶσιν
857 879 932 905 ὲκεί-

983 868 1243 914 ferente,-omitibus
1266 883 1321 910 illis
1341 868 1457 918 gloriose
1477 884 1568 916 dictis,
1589 889 1617 912 et
1639 868 1764 914 fallaciis.

145 931 204 954 νοις
227 925 284 955 τοῖς
307 925 547 960 σεμνολογήμασι,
572 926 619 952 καὶ
644 927 703 957 ταῖς
730 925 859 958 ἀπάταις,
886 926 932 951 καὶ

144 970 208 1000 ταῖς
229 970 382 1004 είρωνείαις
405 971 510 1006 χαίρειν
534 971 620 998 εἰπὼν
642 971 756 1006 μακρά·
779 971 797 998 ᾱ
819 972 868 997 οὺχ
884 969 931 998 οἵδ’

146 1015 222 1046 ὃπως
234 1017 264 1043 οὐ
280 1018 395 1052 συνορᾷς
411 1019 492 1052 αὑτὴ,
510 1018 571 1044 οὐδὲ
587 1019 724 1053 σωτηρίαν
741 1019 826 1054 ἑαυτῇ
839 1027 868 1046 τε
884 1019 931 1046 καὶ

148 1062 255 1092 τέκνοις
280 1063 312 1088 ἑκ
340 1063 394 1089 τῶν
424 1064 539 1090 ἐνόντων
565 1063 723 1098 ἐκπορίζειν
747 1064 848 1099 βούλει,
864 1065 932 1092 ἀλλὰ

146 1107 226 1138 δίκας
254 1108 449 1142 ὀνειροπολεῖς,
465 1110 512 1135 καὶ
529 1110 712 1144 συκοφαντίας
727 1110 775 1136 καὶ
792 1110 930 1144 ἐλέγχους,

145 1154 202 1180 οὐδ’
216 1154 282 1180 αὐτὸ
294 1155 372 1181 τοῦτο
401 1155 551 1191 βουλομένη
579 1157 677 1182 ἐννοεῖν
698 1156 738 1182 ὅτι
753 1157 869 1191 φθάσαις
898 1156 932 1183 ἂν

146 1200 328 1235 διαφθαρεῖσα
345 1202 408 1236 πρὶν
424 1202 464 1232 εἱς
477 1201 564 1228 ταῦτα
577 1202 667 1236 ἥκειν.
691 1202 762 1235 Ἐγὼ
783 1202 831 1237 μὲν
845 1202 892 1228 οὖν
914 1202 932 1229 ἃ.

147 1246 196 1271 καὶ
211 1247 344 1282 πρότερον
358 1247 444 1282 ἔφθην
464 1247 560 1279 εἰπὼν,
574 1249 604 1274 οὺ
629 1249 679 1282 τῆς
694 1248 828 1283 βασιλέως
852 1250 932 1284 μόνον

148 1293 291 1327 εὐμενείας
307 1286 480 1329 μεμνημένος
496 1295 541 1328 ὑφ’
553 1291 583 1320 οὗ
606 1294 710 1322 πολλῶν
726 1295 870 1330 ἀπήλαυσα
886 1297 933 1323 καὶ

150 1342 277 1375 μεγάλων
294 1341 536 1377 εὐεργετημάτων,
551 1341 619 1368 ἀλλὰ
633 1342 680 1369 καὶ
694 1343 743 1377 τῆς
758 1344 807 1378 σῆς
821 1351 828 1359 ·
845 1343 933 1374 ἄλλως

148 1386 172 1412 θ’
189 1387 230 1412 ὅτι
245 1387 293 1413 καὶ
304 1387 394 1422 νόμων
408 1387 498 1414 αὐτῶν
514 1389 560 1414 καὶ
571 1387 684 1415 δικαίων
700 1388 931 1424 προὸεὸλημένος,

148 1433 233 1459 πᾶσιν
257 1432 381 1468 ἀνάγκην
408 1433 479 1468 ἔχων
510 1435 566 1464 τοῖς
592 1434 718 1461 ὁπωσοῦν
742 1435 932 1469 ἀδικουμένοις

149 1479 327 1514 συναίρεσθαι
345 1480 379 1506 τὰ
397 1480 508 1510 δυνατὰ,
527 1480 631 1506 ἐκείνου
653 1488 682 1506 τε
700 1480 862 1516 ἀπεσχόμην
883 1481 932 1515 τῆς

982 931 1010 954 et
1030 927 1111 962 417
1129 928 1353 956 simulatiouibus
1375 929 1542 961 valediccns,
1570 937 1620 961 pro
1643 937 1766 956 commo-

982 972 1065 1000 ditate
1079 981 1126 1000 sua
1142 978 1254 1000 statuet.
1270 974 1337 1007 Qua:
1350 974 1442 1001 nescio
1456 974 1593 1008 quomodo
1608 982 1662 1001 non
1677 974 1763 1005 vides,

982 1026 1032 1046 nec
1061 1019 1109 1046 tibi
1131 1020 1281 1054 liberisque
1298 1020 1413 1047 salutent
1428 1027 1461 1046 ex
1479 1020 1540 1047 data
1559 1020 1765 1054 opportunitate

982 1065 1129 1092 conciliare
1151 1065 1201 1097 vis,
1221 1065 1270 1092 sed
1284 1065 1397 1100 judicia,
1416 1070 1443 1093 et
1469 1065 1632 1098 calumnias,
1658 1070 1766 1100 etpra-

982 1109 1107 1136 bationes
1129 1110 1259 1141 somnias,
1274 1117 1324 1137 nec
1340 1115 1366 1137 te
1383 1110 1462 1138 citius
1475 1111 1595 1137 occisum
1612 1111 1645 1138 iri
1661 1111 1766 1146 perspi-

983 1155 1033 1187 cis,
1050 1163 1130 1189 quam
1147 1156 1182 1182 ad
1205 1164 1251 1183 eas
1270 1156 1404 1184 veniatur.
1422 1156 1511 1189 Quare
1544 1156 1571 1183 id
1594 1157 1665 1191 quod
1683 1158 1765 1183 etiam

983 1205 1062 1228 antea
1088 1201 1164 1233 dixi,
1194 1209 1261 1229 mea:
1291 1209 1353 1229 cum
1383 1203 1411 1230 in
1445 1203 1656 1236 imperatorem.
1688 1202 1766 1237 cujus

982 1247 1067 1273 multa
1089 1254 1175 1280 eaque
1203 1247 1334 1281 pirwclara
1353 1250 1480 1273 constant
1496 1246 1522 1272 in
1538 1253 1581 1272 me
1593 1245 1694 1278 ollicia,
1709 1251 1766 1272 tum

984 1292 1010 1319 in
1028 1296 1053 1318 te
1066 1292 1264 1319 benevolentiae
1278 1299 1382 1319 tnemor
1399 1291 1478 1326 (adde
1493 1291 1565 1326 quod
1583 1295 1610 1318 et
1623 1291 1711 1326 legum
1735 1299 1767 1318 ac

982 1339 1094 1373 iustitiae
1106 1343 1248 1373 patronus.
1266 1337 1515 1372 quomodocunque
1528 1337 1655 1372 injuriam
1668 1337 1766 1371 passis,

983 1390 1117 1419 quantum
1143 1384 1170 1410 in
1196 1391 1238 1410 mc
1258 1388 1310 1416 est,
1336 1383 1465 1418 opitulari
1490 1390 1601 1409 necesse
1623 1382 1722 1416 habeo)
1740 1383 1768 1409 et

982 1430 1017 1457 ab
1032 1430 1105 1456 illius
1129 1429 1268 1462 amicitia,
1291 1429 1384 1463 iniqua
1412 1428 1572 1463 legibusque
1595 1427 1768 1454 adversantia

984 1475 1174 1510 parturientis,
1195 1475 1306 1502 tametsi
1323 1474 1416 1503 multis
1433 1481 1495 1501 eum
1518 1473 1675 1501 nominibus
1692 1480 1768 1500 com-

149 1525 252 1560 φιλίας,
269 1525 349 1552 ἄδικα
369 1526 417 1552 καὶ
434 1526 581 1561 παράνομα
604 1526 803 1561 διανοηθέντος,
829 1527 878 1553 καί
893 1535 932 1552 τοι

986 1521 1068 1557 plecti
1079 1522 1276 1553 deberem,,me
1292 1520 1411 1555 sejunxi,
1425 1519 1530 1554 tibique
1544 1519 1609 1546 utile
1622 1519 1767 1547 consilium

149 1571 252 1603 πολλὰς
279 1571 407 1606 ἀφορμὰς
423 1571 474 1606 τῆς
497 1573 537 1604 εἰς
553 1573 658 1599 ἐκεῖνον
678 1572 783 1604 εὐνοίας
797 1573 932 1608 ἐσχηκὼς,

149 1617 198 1644 καὶ
214 1618 255 1644 σοὶ
280 1618 315 1644 τὰ
332 1617 525 1645 λυσιτελοῦντα
544 1617 782 1652 συμϐεϐούλευκα,
809 1618 892 1646 κῦὖον
920 1619 935 1646 ὅ

150 1671 217 1697 φασι
233 1663 327 1697 ῥίψας,
343 1664 389 1690 καὶ
405 1663 453 1689 σὺν
468 1664 532 1697 ὑμῖν
548 1663 674 1697 ἑλόμενος
692 1663 708 1698 ἢ
722 1663 772 1699 ζῇν
784 1663 932 1697 νικώντων,

150 1710 167 1744 ἢ
185 1709 373 1743 ἀποθνήσκειν
386 1709 420 1736 ἂν
433 1710 480 1744 τῆς
493 1710 619 1741 ἐναντίας
639 1710 935 1746 πειρᾶσθαινσυμδαίνῃ

149 1755 245 1790 τύχης.
265 1755 396 1791 Θειοτὲρᾳ
419 1755 447 1782 δέ
469 1764 522 1782 τινι
546 1755 594 1781 καὶ
617 1755 693 1781 τοῦδε
713 1756 845 1790 παρόντος
863 1756 934 1792 τύχῃ

148 1801 178 1832 ὃς
193 1800 297 1826 ἐκείνου
313 1809 342 1826 τε
356 1801 405 1826 οὐκ
426 1801 457 1827 ἄν
473 1808 538 1826 ποτε
551 1800 638 1826 ἕλοιτο
651 1800 873 1834 καταψεύδεσθαι
889 1809 935 1826 συ-

149 1844 303 1875 νοικοῦντος
317 1843 443 1879 θυγατρὶ,
462 1844 509 1870 καὶ
525 1845 565 1869 co".
585 1843 762 1878 βουλεύσαιτο
780 1844 814 1870 τὰ
829 1843 933 1878 δέοντα,

149 1892 180 1917 οὐ
199 1891 279 1925 μόνον
302 1889 346 1916 διὰ
364 1890 419 1915 τῶν
444 1890 615 1924 πραγμάτων
639 1889 859 1924 τὴν”ὲμπειρίαν
887 1891 935 1917 καὶ

133 1938 201 1972 -τὴν
215 1935 323 1962 σύνεσιν
349 1935 381 1970 ἠν
399 1935 413 1960 ὁ
440 1934 524 1965 πολὺς
547 1933 622 1968 αὐτῷ
645 1934 693 1968 τῆς
713 1934 824 1969 ἡλικίας
840 1934 936 1970 χρόνος

150 1981 209 2008 ἐστὶ
223 1980 395 2014 συνειλοχὼς,
412 1978 479 2006 ἀλλὰ
493 1979 539 2005 καὶ
554 1978 603 2013 τὴν
618 1979 658 2010 είς
674 1979 787 2013 βασιλέα
802 1980 850 2006 καὶ
873 1981 935 2012 τοὺς

150 2027 248 2057 παῖδας
264 2022 327 2057 τοὺς
344 2025 449 2051 ἐκείνιυ
475 2024 582 2051 εὔνοιαν
599 2025 646 2051 καὶ
661 2025 752 2051 πίστιν
776 2025 868 2052 ἄδολον
888 2027 935 2053 καὶ

150 2072 284 2107 καθαρὰν,
300 2072 374 2104 ἄξιον
391 2071 576 2097 πυνθάνεσθαι
594 2071 641 2097 καὶ
665 2071 808 2098 πείθεσθαι
834 2081 935 2108 παραι-

150 2119 252 2150 νοῦντι,
276 2117 351 2143 οὐδὲν
374 2117 467 2144 ἄδικον
493 2117 546 2142 οὐδ’
570 2117 720 2151 ἐπισφαλὲς
743 2117 935 2153 βουλησομένῳ

152 2165 358 2200 συμὸουλεύειν.
381 2164 496 2197 Ἀσάνης
506 2163 529 2189 δ’
543 2162 638 2197 ὥσπερ
657 2163 681 2189 οἱ
707 2164 737 2189 ὲν
756 2165 810 2196 τοῖς
834 2173 934 2199 γυμνι.

151 2213 208 2243 κοῖς
229 2211 333 2243 ἀγῶσιν
350 2210 538 2244 ἐφεδρεύοντες
552 2208 620 2234 ὥστε
644 2210 698 2241 τοῖς
728 2210 841 2237 νικῶσιν
858 2213 934 2239 αὐτοὶ

151 2254 365 2290 συμπλέκεσθαι,
383 2254 451 2288 πρὸς
477 2253 538 2284 τοὺς
555 2253 650 2287 λόγους
673 2257 934 2291 παρεσκευασμένος

151 2301 200 2333 ὢν,
214 2300 270 2334 Τὴν
286 2299 334 2334 μὲν
347 2299 428 2333 ἐμὴν,
444 2298 508 2332 ἔφη,
526 2301 594 2333 πρὸς
610 2299 656 2324 τὸν
679 2299 765 2333 μέγαν
776 2301 936 2335 δομέστικον

151 2346 319 2381 γνησιότητα
345 2347 392 2372 καὶ
413 2345 550 2379 πατρικὴν
575 2345 692 2379 στοργήν
721 2345 754 2381 ἣν
784 2346 839 2381 ἔχω
868 2348 936 2382 πρὸς

151 2395 254 2420 ἐκεῖνον
264 2393 296 2427 τῇ
306 2392 421 2426 φιλτάτῃ
432 2391 740 2427 συνοικοῦνταιθυγατρὶ,
749 2393 835 2424 otiosi;
844 2394 938 2428 ἀγνοεῖ

150 2441 236 2474 δήπου
247 2447 254 2455 ·
271 2438 332 2464 ὅθεν
345 2437 398 2464 οὐδ’
415 2436 584 2472 ὲξαρνεῖσθαι
598 2438 632 2463 τὰ
650 2439 717 2464 πᾶσι
751 2439 855 2474 φανερὰ
870 2448 937 2475 προ-

151 2487 233 2520 σῆκον
254 2485 360 2519 ἦγημαι
374 2483 443 2518 ἐμοί.
459 2483 575 2518 Εὔδηλον
590 2483 634 2510 οὖν
648 2483 684 2516 ὡς
699 2485 804 2511 ἐκείνου
827 2494 936 2523 κατωρ-

150 2531 268 2561 θωκότος
292 2529 310 2556 ἃ
333 2529 489 2560 διανοεῖται,
507 2528 633 2563 βασιλεὺς
650 2529 701 2564 μὲν
724 2530 827 2562 exalto;
848 2531 935 2564 ἔσται,

151 2578 198 2609 καὶ
223 2575 338 2611 βασιλίδι
374 2577 406 2609 τῇ
431 2575 484 2610 ὲμῇ
513 2575 628 2610 θυγατρὶ
654 2575 797 2608 συνοικῶν,
816 2576 885 2610 ἐγὼ.
906 2577 935 2603 δὲ

151 2623 242 2656 πατὴρ
265 2621 409 2656 βασιλέων,
430 2621 477 2646 καὶ
504 2620 554 2655 τὴν
570 2619 658 2655 ἀρχὴν
680 2622 936 2657 συμμετριςόμενος

151 2669 243 2699 αὐτοῖς
254 2687 261 2699 ,
278 2669 326 2694 καὶ
341 2668 386 2693 ἐπὶ
410 2667 480 2701 μέγα
493 2667 569 2701 ἥκων
588 2666 636 2693 καὶ
658 2666 736 2701 δόξης
754 2669 802 2694 καὶ
818 2668 935 2695 πλούτου

152 2714 199 2740 καὶ
213 2711 402 2746 περιφανείας.
414 2711 494 2737 Ἀλλὰ
512 2711 547 2737 τὰ
560 2711 675 2746 λαμπρὰ
688 2711 773 2738 ταῦτα
788 2713 836 2739 καὶ
850 2713 944 2747 σεμνὰ,

152 2759 225 2793 ᾇπερ
241 2757 326 2792 ἑτέρῳ
343 2757 424 2784 παντί
435 2765 473 2792 τῳ
486 2756 606 2792 ἠρκεσαν
624 2757 658 2784 ἂν
672 2757 712 2789 είς
724 2757 856 2791 εὐδοξίαν,
875 2759 936 2794 ἐμοὶ

152 2807 207 2833 τῶν
222 2806 366 2842 παρόντων
390 2806 537 2833 ἀποδέοντα
562 2806 686 2842 φαίνεται
712 2807 812 2842 πολλῷ.
828 2808 867 2843 Τῇ
882 2807 935 2843 γὰρ

155 2853 194 2884 et;
214 2852 342 2888 βασιλέας
358 2853 450 2888 εὐνοίᾳ
471 2854 519 2881 καὶ
537 2853 627 2880 πίστει
642 2852 753 2889 καθαρᾷ
775 2853 806 2880 ἐκ
823 2853 935 2890 πρώτης

986 1567 1060 1599 dedi,
1075 1572 1102 1594 et
1119 1572 1150 1594 ut
1161 1567 1268 1599 dicunt,
1283 1566 1369 1593 aleam
1380 1566 1445 1602 jeci,
1457 1565 1599 1593 vobiscum
1614 1569 1768 1600 przeoptans

985 1617 1032 1640 aut
1052 1613 1156 1645 vivere,
1173 1612 1196 1639 si
1217 1611 1353 1644 viceritis,
1381 1615 1429 1638 aut
1454 1611 1579 1642 interire,
1599 1610 1622 1637 si
1642 1609 1675 1636 'in
1699 1617 1767 1637 oon-

977 1656 1101 1686 'trarium
1124 1658 1234 1688 fortuna
1259 1657 1508 1687 ceciderit.,Porro
1535 1661 1562 1684 et
1587 1657 1659 1683 hunc
1675 1648 1769 1684 divina

985 1705 1102 1739 quadam
1125 1709 1199 1732 sorte
1216 1707 1379 1738 praesentem
1401 1703 1459 1738 (qui
1484 1710 1625 1737 nunquam
1649 1701 1676 1728 in
1704 1709 1768 1730 eum

986 1753 1080 1783 utpote
1100 1756 1230 1785 generum
1249 1748 1358 1776 mentiri
1376 1748 1453 1781 velit,
1470 1748 1576 1783 tibique
1589 1756 1643 1775 non
1661 1752 1769 1775 tantum

986 1799 1099 1829 propter
1122 1801 1214 1822 rerum
1239 1802 1319 1821 usum
1336 1798 1419 1828 atque
1440 1793 1623 1829 prudentiam,
1646 1801 1725 1828 quam
1744 1794 1768 1820 ei

985 1843 1050 1866 aetas
1074 1839 1223 1875 longinqua
1255 1839 1360 1874 peperit
1375 1840 1443 1872 ,sed
1466 1843 1577 1873 propter
1598 1846 1657 1866 eam
1683 1839 1770 1864 nihilo

985 1883 1086 1916 minus,
1116 1891 1169 1918 qua
1198 1884 1224 1910 in
1252 1885 1446 1918 imperatorem
1471 1883 1534 1915 fuit,
1558 1888 1586 1910 et
1608 1883 1634 1910 in
1665 1883 1770 1909 liberos

985 1929 1076 1955 adhuc
1094 1933 1146 1962 est,
1169 1936 1298 1964 germana
1314 1928 1477 1963 sinceraque
1504 1929 1637 1955 charitate
1653 1933 1681 1955 et
1703 1927 1767 1957 llde.

986 1979 1059 2002 recte
1077 1975 1212 2010 consulet)
1233 1979 1395 2010 percontere
1423 1975 1498 2011 licet,
1523 1975 1604 2010 eique
1628 1971 1771 2010 obtempe-

986 2029 1047 2049 res:
1065 2021 1133 2049 nihil
1148 2021 1221 2048 enim
1246 2021 1369 2056 iniquum
1395 2021 1617 2056 periculosumve
1633 2029 1767 2049 suasurus

985 2073 1037 2096 est.
1058 2067 1161 2095 Asanes
1192 2071 1283 2094 autem
1306 2067 1431 2102 perinde,
1449 2072 1479 2094 ut
1506 2068 1552 2102 qui
1580 2068 1607 2094 in
1635 2067 1770 2103 gyinnicis

985 2114 1058 2142 ludls
1073 2113 1230 2143 subsidunt.
1251 2121 1304 2148 quo
1333 2121 1395 2141 cum
1417 2114 1568 2141 victoribus
1584 2113 1635 2149 ipsi
1661 2122 1771 2148 quoquc

988 2161 1210 2197 congrediantur,
1241 2160 1275 2187 ad
1303 2160 1450 2187 dicendum
1481 2160 1651 2192 meditatus,
1682 2161 1770 2187 Meam

988 2209 1110 2244 quidem,
1127 2208 1227 2242 inquit,
1251 2207 1368 2242 patriam
1386 2211 1414 2234 et
1429 2214 1586 2241 germanam
1607 2207 1770 2235 charitatem

989 2264 1053 2291 erga
1070 2262 1197 2289 magnum
1215 2253 1409 2284 domesticum,
1425 2252 1594 2279 charissima:
1610 2251 1670 2279 lilia:
1692 2253 1773 2279 mari-

989 2305 1045 2328 tum
1063 2308 1143 2327 nemo
1158 2299 1253 2334 utique
1267 2299 1384 2333 ignorat.
1400 2297 1478 2325 Unde
1490 2305 1550 2332 qua:
1563 2298 1691 2326 omnibus
1707 2303 1772 2325 nota

988 2351 1062 2378 sunt,
1079 2352 1180 2380 negare
1192 2334 1300 2371 nte-nor
1321 2343 1409 2370 decet.
1426 2342 1597 2369 Manifestum
1614 2347 1656 2369 est
1668 2343 1775 2377 itaque,

988 2393 1022 2424 si,
1039 2390 1112 2426 quod
1135 2389 1212 2425 cupit
1230 2389 1301 2416 bene
1317 2389 1496 2424 processerit,
1521 2388 1597 2414 illum
1623 2388 1772 2425 imperato-

988 2445 1057 2470 rem,
1082 2441 1202 2471 gnatam.
1216 2442 1304 2462 meatn
1320 2434 1533 2469 imperatrieem,
1557 2441 1600 2462 me
1623 2435 1772 2468 imperato-

988 2488 1181 2518 rumipatnem,
1199 2481 1308 2517 imperii
1326 2485 1493 2510 consortem.
1511 2485 1540 2508 et
1557 2481 1656 2509 illustri
1672 2481 1770 2515 gloria,

989 2530 1095 2565 magnis
1110 2529 1208 2564 opibus
1235 2535 1268 2554 ac
1290 2527 1435 2562 splendore
1451 2526 1587 2555 futurum.
1612 2526 1695 2560 Atqui
1721 2533 1771 2560 ego

988 2575 1127 2602 claritates
1146 2574 1213 2601 istas
1251 2577 1276 2600 et
1297 2576 1428 2605 augustos
1455 2571 1584 2602 honores,
1609 2571 1657 2606 qui
1681 2571 1772 2598 cuivis

989 2621 1067 2651 alteri
1083 2619 1117 2647 ad
1132 2619 1317 2648 celebritatem
1335 2617 1502 2648 sull‘rcerent,
1521 2617 1573 2643 hoc
1588 2625 1680 2644 rerutn
1697 2621 1769 2644 statu

988 2672 1160 2701 nequaquam
1176 2663 1326 2692 convenire
1341 2662 1471 2690 arbitror.
1489 2662 1554 2689 Nam
1572 2670 1634 2689 cum
1651 2670 1666 2689 a
1681 2662 1772 2697 prima

987 2718 1066 2741 aetate
1090 2713 1143 2740 (ide
1171 2719 1226 2739 non
1255 2711 1348 2738 fucata
1370 2709 1581 2744 imperatoribus
1604 2708 1770 2739 studuerim,

988 2759 1079 2787 malim
1107 2759 1160 2786 illis
1187 2756 1351 2784 adhaerendo
1372 2755 1400 2782 in
1423 2754 1547 2781 miserias
1582 2758 1610 2781 et
1634 2761 1771 2780 aerumnas

989 2805 1123 2837 incidere,
1146 2810 1307 2838 quamcum
1332 2801 1540 2828 insidiatoribus
1564 2799 1689 2827 faciendo
1710 2806 1770 2825 am-

991 2851 1128 2889 plissimos
1151 2851 1269 2877 honores
1309 2852 1337 2876 et
1363 2847 1434 2875 dona
1454 2846 1580 2881 adipisci.
1606 2845 1644 2873 De
1674 2850 1772 2879 magno
