1931 3090
126 129 179 162 837

716 126 985 160 HISTORIARUM
1008 127 1124 158 LIBER
1145 127 1174 157 ῐῐ
1180 127 1202 158 Ι.

1706 128 1758 161 838

128 185 200 221 ἔχων
212 184 242 212 ἰν
263 184 366 221 χερσίν.
388 184 510 220 Ὀλίγαις
527 183 594 220 γοῦν
606 184 726 221 ἡμέραις
738 185 874 221 πρότερον
888 184 917 210 ὲν

976 190 1083 210 :aneum
1111 184 1190 216 duxi,
1226 183 1418 219 afﬁrmavique
1446 181 1517 211 nihil
1548 183 1758 216 interfuturum,

128 231 276 266 βασιλείοις
301 231 398 266 χρείας
424 231 579 268 γενομένης
602 231 636 258 ἐκ
664 231 715 266 τῆς
741 231 810 266 ἐμῆς
832 230 916 266 σκεύη

129 277 240 312 ἀργυρᾶ
255 277 326 313 ὑπὲρ
340 276 467 304 διακόσια
475 277 577 312 ¹ιινέχθη
592 277 642 304 οὐκ
655 277 747 311 ὀλίγου
761 276 824 309 ἀειά
834 284 916 307 τινος.

131 323 166 349 ’Δ
185 323 257 357 μετὰ
281 324 331 358 τὴν
345 323 442 358 χρείαν
464 323 520 350 τῶν
535 323 582 350 ἐπὶ
597 323 648 358 τὴν
665 322 790 358 φυλακὴν
805 322 918 349 ἐκείνων

127 369 306 403 τεταγμένων
320 368 527 403 ἀπολαμϐάνειν
542 368 690 403 δεομένων,
708 368 757 395 οὐκ
767 368 918 401 ἀναγκαῖον

126 414 278 450 ἡγησάμην
290 422 297 430 ο
315 415 392 441 οὐδὲν
409 414 523 441 διοίσειν
540 414 662 450 φάμενος
691 415 720 442 ιν
735 415 792 446 τοῖς
812 414 918 449 βασιλι-

127 460 186 491 κοῖς
205 460 349 495 τηρεῖσθαι
381 460 530 495 ταμιείοις,
549 461 566 498 ἢ
595 462 625 488 ὲν
647 460 734 492 οἴκοις
751 461 807 492 τοῖς
828 461 917 495 ἐμοῖς.

129 507 193 533 Ἔτι
210 514 243 540 γε
260 507 313 542 μὴν
329 507 392 533 οὐδὲ
411 508 502 542 νήσων
528 507 636 534 πολλῶν
664 509 711 534 καὶ
728 507 844 538 πόλεων,
871 507 918 532 καὶ

128 553 263 587 μειζόνων
282 554 328 580 καὶ
359 553 680 590 ἐλαττόνωνιὲχομένων
706 555 751 581 ὑπ’
773 553 854 589 ἐμοῦ,
881 550 918 580 ῶν

127 601 179 632 τὰς
195 601 245 635 μὲν
260 601 292 627 ἐκ
305 600 359 628 τῶν
385 601 496 628 οἰκείων
510 601 638 628 δαπανῶν
651 601 814 635 ὠκοδόμησα
825 599 918 631 αὐτὸς.

127 646 179 678 τὰς
191 647 214 673 δ’
230 648 261 673 ἐκ
290 647 426 682 βασιλέως
441 647 521 684 ἔσχον
550 648 669 682 δωρεὰν,
696 647 827 682 οὐδεμίαν
855 646 918 673 οὔτε

128 691 240 726 φρουρᾷ
257 691 400 726 κατέσχον,
418 691 481 718 οὔτε
493 691 565 723 τινὺς
581 691 687 726 ἠξίωσα
703 692 833 726 προνοίας
847 690 918 718 ὥστε

132 736 264 771 ἀσφαλῶς
277 737 424 772 κατέχειν⁹
451 737 513 764 osa:
537 746 563 764 τι
578 738 632 764 τῶν
648 738 698 764 ὅσα
727 737 919 770 λυσιτελήσειν

126 783 227 818 ἔμελλε
244 782 313 818 πρὸς
333 783 382 818 τὴν
397 783 519 810 διάνοιαν
542 783 616 818 ἐμοὶ,
635 782 698 810 οὔτε
722 783 916 818 εἰργασμένος,

128 828 192 855 οὔτε
209 829 348 864 μελλήσας
362 829 408 856 ὑπ’
422 829 529 861 οὐδενὸς
542 830 732 865 ὲξελεγχθείην
748 830 792 857 ἄν.
806 829 844 856 Οὐ
863 830 918 864 γὰρ

128 872 217 908 δήπου
230 881 263 907 γε
280 874 328 901 καὶ
350 873 430 900 τοῦτο
453 874 693 909 κατηγορήσουσιν
709 874 747 906 ὡς
775 875 921 909 ἀπραγμο-

129 921 200 956 σύνῃ
216 921 263 947 καὶ
276 921 404 956 πολέμων
419 921 537 956 ἀπειρία
551 921 591 953 εἰς
607 921 685 948 οὐδὲν
698 921 843 956 προῆγμαι
864 921 919 947 τῶν

125 967 255 994 δεόντων.
278 967 351 1000 Ἐγὼ
365 966 394 993 δὲ
408 966 460 995 οὐκ
471 966 502 998 ἐξ
513 963 550 993 ὦν
562 966 644 998 αὐτὸς
665 966 919 1002 ἐπραγματευόμην

128 1012 224 1048 μόνον,
240 1012 310 1039 ἀλλὰ
337 1012 386 1039 καὶ
412 1012 491 1048 παρὰ
517 1012 628 1039 πάντων
651 1011 797 1046 Ῥωμαίων
819 1013 849 1038 οὐ
865 1013 920 1039 τῶν

130 1059 179 1085 νῦν
193 1059 255 1094 ἐμοὶ
273 1058 409 1085 συνόντων
433 1058 512 1093 ὑμῶν
542 1058 634 1093 μόνον,
650 1057 719 1085 ἀλλὰ.
743 1059 792 1084 καὶ
817 1058 873 1084 τῶν
891 1059 921 1085 ὲν

130 1104 286 1139 Βυζαντίῳ,
311 1105 359 1132 καὶ
383 1103 439 1131 τῶν
466 1104 560 1131 ἄλλοθὶ
578 1113 630 1130 που
647 1103 698 1139 γῆς
725 1104 921 1140 διατριϐόντων

128 1150 269 1183 ἀπόδειξιν
279 1151 328 1186 τῆς
340 1149 471 1185 ἀληθείας
478 1149 583 1185 ἔναργῆ
591 1149 761 1184 πειράσομαι
772 1150 919 1176 ποιεῖσθαι.

130 1191 241 1220 Πολλῶν
256 1194 311 1229 γὰρ
322 1193 408 1220 όντων
419 1193 467 1220 καὶ
481 1193 615 1227 μειζόνων
626 1193 674 1219 καὶ
684 1193 835 1220 ἐλαττόνων
849 1194 921 1219 πάνυ

130 1246 163 1264 τε
179 1238 274 1272 φιλίως
294 1238 358 1273 ἐμοὶ
368 1237 561 1273 διακειμένων,
581 1238 633 1265 καὶ
649 1238 703 1264 τῶν
720 1238 781 1273 μὲν,
796 1238 825 1270 ἐξ
839 1238 922 1273 αἵμα-

130 1292 178 1315 τος
195 1283 401 1319 προσηκόντων,
430 1283 486 1310 τῶν
512 1283 540 1310 δὲ
558 1284 650 1319 φιλίας
678 1283 791 1319 δεσμοῖς
813 1284 923 1317 ἀλύτοις

132 1330 316 1367 συνημμένων
328 1331 360 1358 ἔκ
377 1330 484 1357 πολλῶν
501 1330 582 1364 ἑτῶν,
603 1331 678 1366 ἐμοὶ,
695 1333 743 1358 καὶ
756 1331 856 1366 πολλὴν
872 1340 923 1358 πα-

133 1375 315 1411 ρεσχημένων
329 1377 429 1411 πεῖραν
444 1377 474 1402 ἐν
486 1376 593 1408 πολλοῖς
606 1376 656 1411 τῆς
671 1377 711 1408 εὶς
726 1377 777 1410 ἐμὲ
792 1376 922 1412 στοργῆς,

131 1422 220 1453 οὐδεὶς
234 1422 295 1449 οὔτε
312 1422 367 1449 τῶν
391 1421 535 1457 παρόντων
548 1422 638 1457 ὑμῶν,
663 1421 720 1448 οὒτ’
737 1422 818 1454 είτις
833 1423 924 1449 ἄλλοθί

133 1476 188 1494 που
200 1468 349 1504 διατρίσοι,
360 1467 463 1495 δύναιτ’
477 1468 509 1495 ἂν
525 1468 587 1503 ἐμοὶ
603 1467 659 1494 τῶν
687 1469 924 1504 κατηγορημένων

133 1513 172 1546 ὥς
183 1524 210 1541 τι
234 1514 356 1542 σύνοιδεν
373 1514 508 1550 ἐλέγχειν.
529 1514 585 1541 Καί
604 1513 647 1541 τοί
676 1523 709 1548 γε
738 1514 792 1545 πᾶς
819 1522 861 1546 τις
891 1513 924 1540 ἂν

134 1561 203 1596 φαὲη
220 1561 267 1587 καὶ
279 1560 357 1595 ὀλίγα
370 1561 515 1596 μετασχὼν
524 1560 642 1596 φρενῶν,
654 1560 692 1592 ὡς
717 1561 766 1587 οὐκ
783 1561 816 1587 ἂν
831 1561 921 1588 δυναί-

136 1616 191 1643 μην
206 1607 339 1639 τοιούτοις
356 1607 436 1642 μόνος
450 1606 602 1642 ἐπιχειρῶν
615 1614 622 1622 ’
634 1607 704 1633 ἀλλὰ
717 1607 766 1633 καὶ
791 1608 922 1642 στρατιᾶς

135 1653 245 1688 ἐδέησεν
262 1653 295 1680 ἂν
312 1653 381 1688 πρὸς
393 1653 442 1689 τὴν
456 1652 630 1688 ἐπιχείρησιν
645 1651 858 1687 συναιρομένης,
875 1651 923 1678 καὶ

136 1699 221 1734 φίλων
236 1700 290 1726 τῶν
313 1698 511 1734 γνησιωτάτων
529 1699 657 1733 μάλιστα,
677 1698 724 1725 καὶ
753 1698 853 1733 πολλῆς
872 1707 924 1724 πα-

133 1745 286 1780 ρασκευῆς,
300 1743 330 1777 ἐξ
345 1742 379 1780 ἦς
395 1745 446 1771 οὐκ
461 1744 525 1780 ὲνῆν
539 1745 563 1771 εί
582 1745 619 1780 μὴ
633 1744 695 1775 τοὺς
711 1743 836 1777 πολλοὺς,
855 1744 925 1770 ἀλλὰ

136 1790 202 1822 τούς
218 1799 249 1824 γι
265 1790 505 1826 ἐπιτηδειοτάτους
533 1791 571 1826 μὴ
587 1791 636 1826 τὴν
653 1790 774 1817 διάνοιαν
792 1799 925 1818 καταστο-

134 1836 268 1872 χάζεσθαί
283 1837 337 1864 τῶν
362 1838 543 1872 γιγνομένων.
562 1836 595 1863 El
629 1836 659 1863 δέ
687 1837 729 1868 τίς
751 1845 778 1864 τι
804 1837 925 1864 τοιοῦτον

136 1883 291 1918 ἐξελέγχειν
307 1882 374 1918 ἔχει¹
392 1882 524 1918 παρείτω,
550 1883 600 1909 καὶ
621 1883 765 1910 δεικνύτω.
791 1883 861 1910 Ἀλλ⁴
875 1884 925 1910 οὐκ

135 1930 171 1957 ἂν
187 1917 255 1964 ἔχοι.
279 1917 350 1964 Ἐγὼ
372 1917 440 1964 adp?
463 1929 641 1965 dvﬁpiaqpév
657 1930 704 1956 καὶ
725 1929 860 1960 συνέσεως
877 1930 926 1956 καὶ

136 1977 285 2011 ἐμπειρίας
314 1976 364 2010 τῆς
402 1975 469 2011 πρὸς
502 1975 566 2007 τοὺς
596 1975 732 2010 πολέμους
759 1975 866 2007 πολλοῖς
892 1975 926 2003 ἂν

138 2023 377 2056 παραχωρήσαιμι
389 2021 436 2047 καὶ
448 2021 502 2046 τῶν
516 2021 601 2048 πάλαι
609 2021 657 2047 καὶ
665 2021 720 2048 τῶν
734 2021 782 2048 νῦν
793 2042 801 2054 ,
816 2022 926 2057 τρόπων

134 2067 166 2094 δὲ
181 2067 329 2102 εὐθύτητος
358 2067 407 2093 καὶ
426 2066 577 2102 ἀληθείας,
596 2066 708 2093 οὐδενί·
738 2064 779 2100 οἷς
809 2068 927 2102 μάλιστα

137 2112 199 2138 νυνὶ
215 2112 356 2147 οαρῤήσας
369 2111 598 2147 παρῤησιάζομαι
611 2112 734 2139 τοιαῦτα.
753 2113 783 2138 Et
797 2112 829 2146 δὴ
851 2113 884 2139 ἐκ
896 2121 926 2139 τε

137 2156 176 2185 ὧν
203 2158 459 2193 ἐπραγματευόμην
487 2158 579 2189 αὐτὸς,
595 2158 628 2188 ἐκ
642 2167 671 2184 τε
694 2158 748 2184 τῶν
760 2158 806 2185 τὸν
820 2159 927 2186 ἅπαντα

139 2204 235 2239 χρόνον
271 2205 407 2230 συνόντων
434 2204 513 2239 ὑμῶν
534 2204 609 2240 ἐμοὶ,
631 2205 700 2239 μήτε
729 2205 926 2238 ὑποπτευθεὶς,
942 2213 965 2240 ι)

142 2253 211 2286 μήτε
221 2250 403 2286 είργασμένος
419 2251 555 2285 φαίνομαι
569 2247 607 2277 ὧν
621 2251 818 2286 κατηγόρημαι
832 2252 927 2286 μηδὲν,

139 2297 190 2323 οὐκ
204 2297 236 2323 ἄν
247 2305 289 2328 τις
304 2297 337 2323 ἂν
355 2296 416 2331 ἐμοὶ
429 2296 544 2328 δικαίως
559 2297 703 2331 ἐπενέγκοι
718 2298 833 2333 μέμψιν,
847 2298 883 2329 ὡς
898 2299 928 2325 οὺ

140 2342 337 2377 προσηκόντως
353 2342 423 2377 πρὸς
437 2342 473 2368 τὰ
485 2343 663 2378 πραττόμενα
685 2343 844 2378 ὲξαγομένῳ
860 2344 930 2379 πρὸς

141 2388 238 2423 ὀργήν.
253 2386 328 2413 Ἔδει
356 2387 411 2421 γὰρ
427 2386 550 2422 βασιλίδα
574 2387 620 2413 τόν
631 2396 660 2414 τε
687 2388 788 2423 τρόπον
804 2389 867 2424 ἐμοὶ
885 2389 931 2416 τὸν

141 2433 260 2468 ὲξαρχῆς
276 2431 313 2464 ὡς
342 2432 373 2459 οὐ
399 2431 599 2466 διεφθαρμένος
617 2433 783 2465 συνειδυῖαν,
813 2436 859 2460 καὶ
879 2435 930 2468 τὴν

143 2479 210 2513 ἐμοῦ
227 2479 274 2505 καὶ
293 2477 425 2513 βασιλέως
441 2478 619 2514 ἁπαράμιλον
643 2479 752 2513 ἐκείνην
768 2480 815 2506 καὶ
832 2480 926 2515 θαυμα

146 2524 280 2559 σιωτάτην
295 2531 398 2559 φιλίαν,
415 2525 463 2550 καὶ
476 2527 526 2559 τὴν
539 2524 610 2559 μετὰ
621 2523 671 2558 τὴν
684 2524 790 2551 ἐκείνου
802 2525 932 2560 τελευτὴν

145 2570 216 2605 ὑπὲρ
230 2571 284 2597 τῶν
296 2571 402 2597 ἐκείνου
413 2570 520 2597 παίδων
532 2570 580 2597 καὶ
595 2570 682 2605 αὐτῆς
697 2571 799 2606 πολλὴν
813 2572 933 2607 σπουδὴν

145 2617 192 2643 καὶ
223 2617 392 2652 προθυμίαν,
420 2617 457 2652 μὴ
486 2612 670 2651 συκοφάνταις
697 2617 856 2652 ἀνθρώποις
885 2620 934 2645 καὶ

144 2662 300 2698 διεφθορόσι
330 2663 472 2690 πείθεσθαι
485 2681 494 2697 ,
511 2663 579 2690 ἀλλὰ
601 2660 678 2698 ὲμοὶ⁴
691 2665 835 2699 προσέχειν
845 2666 933 2699 ὀρθῶς

145 2709 195 2736 καὶ
217 2709 330 2742 δικαίως
355 2710 427 2745 ὑπὲρ
443 2711 537 2743 αὐτοῖς
564 2710 780 2747 πολιτευομένῳ.
805 2712 883 2739 Ἐπεὶ
905 2713 934 2739 δὲ

146 2755 282 2790 βάσκανός
301 2764 344 2788 τις
358 2756 463 2791 δαίμων
477 2756 531 2782 τῶν
546 2747 741 2792 ἐξητασμένων
770 2758 817 2783 ἐπὶ
831 2757 932 2793 φθορᾷ,

144 2802 181 2828 τὰ
197 2802 245 2836 μὲν
257 2802 346 2837 ἀληθῆ
360 2803 408 2829 καὶ
421 2803 513 2830 δίκαια
530 2804 594 2838 περὶ
621 2803 690 2838 ἐμοῦ
715 2804 864 2831 πεπεῖσθαι
883 2805 934 2831 οὐκ

145 2847 264 2883 ἀφῆκεν,
283 2847 380 2882 ἐχθρὸν
400 2847 428 2874 δὲ
444 2847 504 2874 ἀντὶ
519 2847 609 2882 φίλου,
635 2849 684 2875 καὶ
712 2848 843 2884 πολέμων
873 2850 934 2876 ἀντὶ

969 233 1059 256 utrum
1076 229 1104 256 in
1119 230 1218 258 mrario
1229 230 1414 265 imperatoris,
1424 237 1457 256 an
1472 229 1499 256 in
1511 229 1615 257 :edibus
1624 229 1694 256 meis
1703 236 1760 256 ser-

967 280 1109 304 varentur.
1120 277 1263 305 Praeterea
1278 284 1341 304 cum
1372 277 1477 304 insulas
1497 281 1525 303 et
1547 276 1629 303 urbes
1643 276 1760 311 majores

968 322 1145 358 minoresque
1171 323 1325 350 obtinerem
1347 322 1458 353 multas.
1479 329 1595 356 quarum
1611 322 1678 348 alias
1692 322 1761 348 meis

968 370 1123 405 sumptibus
1133 369 1277 402 mdiﬂcavi,
1291 369 1359 396 alias
1375 369 1448 396 dono
1462 368 1496 396 ab
1507 369 1672 403 imperatore
1682 376 1761 396 acre-

967 415 1007 450 pi,
1026 415 1093 441 nulli
1111 422 1205 441 carum
1218 414 1375 449 prmsidium
1390 414 1521 448 intposui,
1537 421 1588 440 nec
1602 421 1657 448 quo
1674 414 1761 439 tutius

968 466 1014 485 eas
1027 458 1209 492 possiderent,
1228 458 1282 484 ulla
1307 465 1373 485 cura
1399 458 1528 492 dignatus
1545 465 1617 485 sum.
1639 457 1695 484 Nec
1717 465 1760 483 me

968 505 1112 539 quisquam
1123 505 1290 538 coarguerit,
1300 509 1347 531 aut
1359 504 1516 536 fecisse,aut
1529 504 1663 531 facturum
1675 503 1761 530 fuisse

968 549 1107 585 quippiam
1114 549 1196 585 ,quod
1206 550 1271 576 mihi
1285 550 1351 576 utile
1359 558 1419 576 cum
1430 549 1522 576 animo
1534 557 1594 576 meo
1602 548 1761 576 constituis-

969 602 1038 622 sem.
1054 595 1109 622 Nec
1122 596 1149 622 in
1163 595 1227 626 hoc.
1253 595 1348 626 credo,
1368 595 1549 625 accusabunt,
1571 594 1643 628 quod
1660 593 1716 620 otio
1729 600 1761 620 ac

969 640 1082 667 desidia
1095 641 1216 673 deditus,
1238 645 1265 667 et
1293 640 1413 667 bellandi
1430 639 1538 667 inscitia
1552 639 1657 666 nullum
1671 646 1761 672 operte

969 685 1090 720 pretium
1110 685 1292 719 fecerim.Ego
1303 693 1368 713 vero
1377 693 1430 712 non
1440 693 1472 712 ex
1480 684 1620 712 laboribus
1629 684 1761 711 duntaxat

970 732 1049 764 meis,
1062 731 1109 759 sed
1124 732 1246 758 ontninm
1260 732 1444 758 Romanorum
1466 730 1634 761 testimonio,
1648 737 1702 757 non
1718 737 1763 756 so-

970 775 1026 802 lum
1038 780 1138 807 vestro,
1148 775 1194 810 qui
1207 783 1282 802 nunc
1295 783 1402 803 mecutn
1414 774 1549 804 militatis,
1560 773 1606 800 sed
1617 778 1644 800 et
1653 773 1763 808 qui_By-

971 820 1054 846 zantii
1078 824 1105 846 et
1119 820 1184 846 alihi
1201 819 1451 850 terrarumvivunt,
1466 817 1763 845 veritatem‘evidentcr

934 861 956 890 Β
970 866 1059 894 enitar
1068 866 1265 892 demonstrare.
1273 865 1340 892 Cum
1349 873 1466 899 namque
1476 863 1669 896 multi,sumtni
1679 869 1761 898 atque

972 911 1069 944 inﬁmi,
1095 917 1122 939 et
1148 919 1244 939 omnes
1270 918 1347 945 teque
1373 911 1426 937 mei
1455 909 1548 945 cupidi
1576 910 1640 942 sint.
1659 909 1764 943 aliique

971 958 1104 992 sanguine
1122 957 1271 992 conjuncti,
1295 958 1341 984 alii
1367 957 1496 984 amicitia:
1520 956 1638 983 vinculis
1655 955 1761 983 insolu-

971 1003 1073 1030 bilibus
1118 1011 1224 1030 mecum
1261 1003 1392 1037 copulati,
1430 1001 1532 1036 quique
1564 1000 1658 1028 multis
1704 1001 1762 1036 jam

971 1050 1050 1077 annis
1075 1054 1102 1076 et
1130 1048 1318 1083 compluribus
1345 1047 1373 1074 in
1403 1047 1488 1074 robus
1517 1046 1620 1073 amoris
1636 1053 1699 1081 erga
1718 1053 1762 1073 tne

971 1095 1101 1130 pra-cipui
1119 1095 1284 1121 documenta
1301 1093 1449 1125 dederunt,
1480 1093 1574 1120 nullus
1599 1099 1690 1127 neque
1713 1099 1762 1119 ve-

971 1146 1060 1168 strum
1077 1140 1125 1174 qui
1142 1140 1254 1170 adestis,
1273 1147 1362 1172 neque
1387 1138 1451 1166 alibi
1478 1138 1636 1174 degentium
1663 1137 1763 1166 docere

973 1187 1071 1222 possit,
1085 1194 1114 1212 se
1131 1186 1216 1212 ullum
1234 1185 1267 1212 de
1284 1192 1326 1212 me
1345 1185 1450 1212 crimen
1469 1192 1563 1217 nosse,
1581 1188 1698 1219 quorum
1716 1191 1763 1211 ac-

973 1239 1066 1259 cusor.
1088 1232 1121 1258 Et
1140 1237 1230 1258 tamen
1247 1231 1438 1266 unusquisque
1462 1238 1516 1257 non
1551 1231 1631 1265 plane
1647 1229 1764 1256 stolidus

973 1278 1162 1309 conﬁtebitur.
1182 1285 1225 1304 me
1242 1277 1332 1304 solum
1349 1277 1412 1303 talia
1437 1276 1526 1304 moliri
1545 1284 1598 1303 non
1627 1276 1764 1310 potuisse,

974 1324 1022 1351 sed
1039 1328 1066 1351 et
1088 1324 1186 1358 copiis,
1203 1328 1231 1350 et
1248 1323 1345 1350 amicis
1363 1323 1443 1358 longe
1468 1322 1620 1355 ﬁdissimis,
1635 1327 1663 1350 et
1683 1330 1766 1357 appa-

974 1375 1035 1397 ratu
1051 1371 1169 1405 plurimo
1191 1369 1355 1404 indiguisse,
1372 1377 1406 1396 ex
1429 1377 1485 1404 quo
1510 1370 1533 1396 si
1555 1377 1610 1397 non
1629 1369 1719 1404 vulgo,
1737 1373 1766 1398 at

974 1417 1029 1444 mei
1045 1417 1223 1444 amicissimis
1239 1416 1336 1443 liceret
1352 1416 1490 1451 colligere,
1504 1416 1569 1450 quid
1584 1415 1637 1442 sibi
1667 1415 1767 1442 vellent

974 1470 1036 1498 quae
1065 1455 1174 1490 ﬁerent.
1201 1461 1282 1497 427
1316 1461 1344 1488 Si
1372 1462 1434 1496 quis
1457 1462 1510 1489 tale
1527 1460 1632 1496 aliquid
1647 1461 1766 1496 probare

976 1513 1076 1544 potest,
1102 1508 1216 1536 accedat
1245 1508 1321 1541 licet.
1340 1512 1368 1535 et
1394 1507 1502 1543 probet.
1521 1508 1556 1535 At
1569 1515 1625 1535 non
1651 1507 1765 1542 poterit.

981 1555 1113 1590 Equidem
1129 1563 1183 1590 qua
1209 1554 1383 1586 fortitudine,
1402 1561 1456 1589 qua
1482 1553 1640 1589 prudentia,
1660 1549 1766 1588 usuque

978 1602 1090 1629 militari
1117 1606 1144 1629 et
1169 1601 1345 1636 superiorum
1372 1606 1399 1628 et
1425 1601 1512 1628 nostri
1552 1601 1643 1628 saeculi
1672 1600 1768 1627 multis

978 1647 1176 1678 concvsserim,
1198 1646 1323 1681 probatis
1350 1650 1442 1673 autem
1459 1645 1583 1674 moribus
1597 1654 1629 1673 ac
1644 1645 1768 1673 veritatis

978 1693 1070 1721 studio
1084 1694 1199 1726 nemini,
1214 1693 1316 1728 quibus
1340 1693 1513 1728 potissimum
1540 1700 1614 1720 nunc
1635 1692 1767 1722 conﬁnis.

978 1740 1038 1767 haec
1054 1740 1139 1767 libere
1156 1747 1215 1766 sum
1232 1739 1403 1774 prolocutus.
1423 1737 1450 1765 Si
1468 1738 1553 1773 igitur
1570 1745 1660 1772 neque
1677 1745 1709 1764 ex
1726 1737 1769 1763 his

979 1791 1040 1818 qua:
1066 1783 1123 1817 ipse
1147 1781 1254 1809 elllcere
1280 1781 1422 1814 contendi,
1448 1788 1538 1816 neque
1563 1788 1596 1807 ex
1613 1781 1701 1813 vobis,
1721 1780 1769 1815 qui

979 1837 1088 1857 mecum
1104 1836 1213 1863 semper
1227 1827 1330 1860 fuistis,
1345 1827 1389 1855 vel
1406 1832 1565 1861 suspectus,
1582 1827 1623 1853 vel
1642 1835 1705 1853 rcus
1722 1834 1770 1853 eo-

980 1884 1041 1903 rum
1054 1874 1159 1906 videor,
1173 1881 1294 1909 quorum
1309 1873 1336 1900 in
1351 1880 1394 1900 me
1409 1872 1541 1899 adornata
1558 1876 1601 1899 est
1617 1873 1768 1903 accusatio,
1814 1884 1818 1892 ν

979 1929 1061 1950 nemo
1078 1929 1120 1948 me
1144 1921 1207 1956 jure
1235 1918 1429 1954 reprehendet,
1459 1917 1538 1952 quasi
1567 1917 1666 1952 injuria
1686 1925 1770 1952 super

981 1968 1024 1995 his
1051 1967 1135 1994 rebus
1162 1971 1352 1992 succenseam.
1379 1963 1500 1991 Decebat
1516 1961 1591 1990 enim
1607 1963 1769 1997 Augustam,

981 2018 1078 2042 testem
1095 2013 1129 2039 ab
1147 2011 1227 2039 initio
1243 2009 1411 2044 integritatis
1428 2012 1542 2041 meaa,et
1557 2008 1616 2044 ejus
1630 2016 1691 2043 qua:
1702 2006 1770 2034 Inibi

981 2068 1044 2088 cum
1061 2059 1228 2094 imperatore
1244 2056 1402 2085 intercessit
1417 2055 1591 2083 inimitabilis
1610 2059 1638 2082 et
1652 2054 1770 2082 admira-

982 2107 1058 2134 tione
1081 2104 1248 2141 dignissima:
1273 2103 1412 2133 amicitiae,
1433 2109 1465 2129 ac
1493 2105 1556 2136 post
1573 2101 1678 2129 obitum
1695 2100 1770 2127 illius

981 2159 1031 2187 pro
1052 2151 1116 2178 ﬁliis
1146 2151 1262 2185 ipsaque
1285 2155 1413 2175 curarum
1443 2154 1566 2174 mearutn
1596 2151 1623 2174 et
1649 2146 1771 2181 impigrze

982 2197 1188 2227 sollicitudinis,
1211 2203 1265 2222 non
1282 2188 1394 2222 credere
1415 2192 1603 2229 sycophantis,
1619 2191 1771 2227 perversis-

981 2250 1033 2277 que
1053 2241 1212 2268 hominibus
1228 2260 1236 2273 ,
1254 2240 1301 2267 sed
1322 2248 1338 2267 a
1359 2247 1417 2273 me,
1434 2240 1554 2274 legitime
1574 2243 1703 2273 recteque
1722 2246 1772 2273 pro

981 2288 1040 2322 ipsa
1069 2287 1216 2321 imperium
1247 2291 1368 2321 regente,
1386 2285 1507 2312 rationes
1533 2293 1597 2312 suas
1626 2292 1773 2319 suspensas

984 2333 1098 2360 habere.
1112 2332 1148 2360 At
1168 2336 1314 2367 postquam
1333 2331 1440 2358 dzemon
1471 2331 1605 2365 quispiam
1624 2330 1731 2357 invidus
1746 2334 1774 2356 et

982 2378 1010 2404 in
1034 2377 1156 2413 pernicie
1183 2375 1341 2403 invehenda
1376 2375 1543 2402 extrcitatus
1566 2381 1628 2401 vera
1654 2379 1681 2400 et
1701 2374 1774 2408 jusla

983 2424 1016 2451 de
1031 2431 1074 2450 me
1089 2423 1203 2450 credere
1225 2430 1281 2449 non
1300 2421 1374 2454 sivit,
1398 2421 1539 2456 magisque
1561 2419 1703 2446 inimicum
1725 2426 1775 2453 pro

984 2468 1083 2501 amico,
1099 2468 1204 2494 hostem
1218 2475 1268 2502 pro
1278 2467 1364 2498 socio,
1380 2471 1407 2493 et
1422 2465 1584 2493 malevolum
1601 2473 1649 2500 pro
1676 2464 1777 2491 ﬁdelis-

984 2515 1054 2543 simo
1070 2515 1231 2542 existimare
1246 2513 1396 2549 persuasit,
1408 2520 1459 2548 ego
1474 2512 1586 2548 quidem
1606 2512 1633 2538 in
1648 2511 1699 2538 hac
1711 2518 1775 2538 cau-

985 2568 1014 2588 sa
1030 2560 1098 2587 nihil
1112 2568 1205 2594 agere,
1217 2559 1263 2587 sed
1280 2563 1378 2587 vestra:
1397 2567 1440 2586 me
1451 2559 1594 2586 sententire
1605 2558 1774 2592 permittere,

984 2613 1013 2636 et
1027 2609 1101 2644 quod
1117 2609 1321 2643 judicaverilis,
1338 2608 1366 2635 in
1379 2615 1413 2635 eo
1430 2607 1559 2634 alacriter
1574 2606 1650 2632 vobis
1661 2605 1776 2640 obsequi

986 2654 1013 2680 itt
1031 2654 1153 2680 animum
1175 2653 1283 2681 induxi.
1309 2653 1366 2679 lino
1388 2660 1455 2679 vero
1469 2660 1518 2687 ego
1536 2651 1652 2686 pritnus,
1667 2659 1728 2685 qum
1749 2651 1775 2676 in

986 2699 1132 2733 pnesentia
1151 2699 1217 2725 tttihi
1239 2699 1370 2726 videntur
1385 2698 1526 2732 expedire,
1545 2697 1708 2724 edisseram.
1729 2696 1779 2722 Ve-

985 2750 1073 2772 strum
1091 2745 1145 2772 erit
1167 2744 1368 2779 autsuﬂ‘ragari
1394 2745 1476 2771 dictis
1497 2744 1575 2775 Incis,
1594 2744 1616 2769 si
1633 2750 1664 2769 ea
1681 2742 1781 2776 proba-

987 2791 1094 2822 veritis,
1128 2797 1177 2818 aut
1201 2797 1428 2825 unumquemque
1464 2789 1628 2817 sententiam
1655 2788 1779 2823 proferre

987 2837 1234 2873 illiill$n10tii,qui13
1258 2842 1285 2865 et
1307 2844 1404 2872 prmsex
1419 2841 1471 2864 tem
1491 2835 1627 2863 miseriam
1646 2835 1732 2868 tollat,
1751 2839 1779 2862 et
