  <div class='ocr_page' id='page_1' title='image "/cluster/home/n/w/nwhite01/storage/ocr_20150623/153/njp.32101010943478/440.png"; bbox 0 0 1931 3090; ppageno 0'>
   <div class='ocr_carea' id='block_1_1' title="bbox 134 173 188 204">
    <p class='ocr_par' dir='ltr' id='par_1_1' title="bbox 134 173 188 204">
     <span class='ocr_line' id='line_1_1' title="bbox 134 173 188 204; baseline 0.037 -2"><span class='ocrx_word' id='word_1_1' title='bbox 134 173 188 204; x_wconf 55' lang='grc'><strong>873</strong></span> 
     </span>
    </p>
   </div>
   <div class='ocr_carea' id='block_1_2' title="bbox 713 173 1195 206">
    <p class='ocr_par' dir='ltr' id='par_1_2' title="bbox 713 173 1195 206">
     <span class='ocr_line' id='line_1_2' title="bbox 713 173 1195 206; baseline 0.002 -1"><span class='ocrx_word' id='word_1_2' title='bbox 713 173 982 206; x_wconf 74' lang='lat' dir='ltr'><strong>HISTORIARUM</strong></span> <span class='ocrx_word' id='word_1_3' title='bbox 1002 173 1118 206; x_wconf 81' lang='lat' dir='ltr'><strong>LIBER</strong></span> <span class='ocrx_word' id='word_1_4' title='bbox 1139 174 1195 206; x_wconf 88' lang='grc' dir='ltr'><strong>ΙΠ.</strong></span> 
     </span>
    </p>
   </div>
   <div class='ocr_carea' id='block_1_3' title="bbox 1692 175 1770 207">
    <p class='ocr_par' dir='ltr' id='par_1_3' title="bbox 1692 175 1770 207">
     <span class='ocr_line' id='line_1_3' title="bbox 1692 175 1770 207; baseline -0.013 0"><span class='ocrx_word' id='word_1_5' title='bbox 1692 175 1745 207; x_wconf 67' lang='grc'><strong>874</strong></span> <span class='ocrx_word' id='word_1_6' title='bbox 1766 194 1770 197; x_wconf 94' lang='grc'><strong>-</strong></span> 
     </span>
    </p>
   </div>
   <div class='ocr_carea' id='block_1_4' title="bbox 124 228 912 269">
    <p class='ocr_par' dir='ltr' id='par_1_4' title="bbox 124 228 908 265">
     <span class='ocr_line' id='line_1_4' title="bbox 124 228 908 265; baseline 0.003 -10"><span class='ocrx_word' id='word_1_7' title='bbox 124 230 218 264; x_wconf 75' lang='grc' dir='ltr'>ἔδρων,</span> <span class='ocrx_word' id='word_1_8' title='bbox 238 231 261 255; x_wconf 78' lang='grc' dir='ltr'>οἱ</span> <span class='ocrx_word' id='word_1_9' title='bbox 286 229 367 264; x_wconf 73' lang='grc' dir='ltr'>δῆμοι</span> <span class='ocrx_word' id='word_1_10' title='bbox 381 229 410 257; x_wconf 72' lang='grc' dir='ltr'>δι</span> <span class='ocrx_word' id='word_1_11' title='bbox 436 228 487 256; x_wconf 75' lang='grc' dir='ltr'><strong>ὑπὸ</strong></span> <span class='ocrx_word' id='word_1_12' title='bbox 515 229 569 256; x_wconf 80' lang='grc' dir='ltr'><strong>τῶν</strong></span> <span class='ocrx_word' id='word_1_13' title='bbox 592 231 764 257; x_wconf 68' lang='grc' dir='ltr'><strong>στασιαστῶν</strong></span> <span class='ocrx_word' id='word_1_14' title='bbox 777 231 908 265; x_wconf 79' lang='grc' dir='ltr'><strong>ἀγόμενοι</strong></span> 
     </span>
    </p>
   </div>
   <div class='ocr_carea' id='block_1_5' title="bbox 964 228 1747 269">
    <p class='ocr_par' dir='ltr' id='par_1_5' title="bbox 964 231 1747 269">
     <span class='ocr_line' id='line_1_5' title="bbox 964 231 1747 269; baseline 0.008 -12"><span class='ocrx_word' id='word_1_15' title='bbox 964 231 1083 258; x_wconf 85' lang='lat' dir='ltr'><strong>nondum</strong></span> <span class='ocrx_word' id='word_1_16' title='bbox 1102 232 1220 260; x_wconf 83' lang='lat' dir='ltr'><strong>transito</strong></span> <span class='ocrx_word' id='word_1_17' title='bbox 1248 235 1338 260; x_wconf 75' lang='lat' dir='ltr'><strong>castra</strong></span> <span class='ocrx_word' id='word_1_18' title='bbox 1369 232 1482 267; x_wconf 79' lang='lat' dir='ltr'><strong>loeavit,</strong></span> <span class='ocrx_word' id='word_1_19' title='bbox 1510 232 1698 269; x_wconf 73' lang='lat' dir='ltr'><strong>deiectamque</strong></span> <span class='ocrx_word' id='word_1_20' title='bbox 1712 236 1747 263; x_wconf 83' lang='lat' dir='ltr'><strong>de</strong></span> 
     </span>
    </p>
   </div>
   <div class='ocr_carea' id='block_1_6' title="bbox 123 275 904 311">
    <p class='ocr_par' dir='ltr' id='par_1_6' title="bbox 123 275 904 311">
     <span class='ocr_line' id='line_1_6' title="bbox 123 275 904 311; baseline 0.001 -9"><span class='ocrx_word' id='word_1_21' title='bbox 123 275 239 303; x_wconf 65' lang='grc' dir='ltr'>καὶθτῶν</span> <span class='ocrx_word' id='word_1_22' title='bbox 266 275 389 310; x_wconf 81' lang='grc' dir='ltr'>ἀπόρων,</span> <span class='ocrx_word' id='word_1_23' title='bbox 418 277 450 302; x_wconf 70' lang='grc' dir='ltr'>τὰ</span> <span class='ocrx_word' id='word_1_24' title='bbox 479 275 616 310; x_wconf 77' lang='grc' dir='ltr'><strong>βασιλίδος</strong></span> <span class='ocrx_word' id='word_1_25' title='bbox 645 275 760 311; x_wconf 74' lang='grc' dir='ltr'>ᾑροῦντο</span> <span class='ocrx_word' id='word_1_26' title='bbox 788 277 904 310; x_wconf 59' lang='grc' dir='ltr'>μᾶλλον</span> 
     </span>
    </p>
   </div>
   <div class='ocr_carea' id='block_1_7' title="bbox 123 321 906 357">
    <p class='ocr_par' dir='ltr' id='par_1_7' title="bbox 123 321 906 357">
     <span class='ocr_line' id='line_1_7' title="bbox 123 321 906 357; baseline 0 -9"><span class='ocrx_word' id='word_1_27' title='bbox 123 326 264 352; x_wconf 78' lang='grc' dir='ltr'>κρείττους</span> <span class='ocrx_word' id='word_1_28' title='bbox 284 321 311 347; x_wconf 76' lang='grc' dir='ltr'>δὲ</span> <span class='ocrx_word' id='word_1_29' title='bbox 322 322 346 347; x_wconf 80' lang='grc' dir='ltr'>οἱ</span> <span class='ocrx_word' id='word_1_30' title='bbox 359 321 451 348; x_wconf 81' lang='grc' dir='ltr'>πολλοὶ</span> <span class='ocrx_word' id='word_1_31' title='bbox 467 321 604 357; x_wconf 78' lang='grc' dir='ltr'><strong>πανταχοῦ</strong></span> <span class='ocrx_word' id='word_1_32' title='bbox 621 322 771 356; x_wconf 73' lang='grc' dir='ltr'>γινόμενοι,</span> <span class='ocrx_word' id='word_1_33' title='bbox 787 321 906 356; x_wconf 81' lang='grc' dir='ltr'>διέφθει-</span> 
     </span>
    </p>
   </div>
   <div class='ocr_carea' id='block_1_8' title="bbox 126 367 908 403">
    <p class='ocr_par' dir='ltr' id='par_1_8' title="bbox 126 367 908 403">
     <span class='ocr_line' id='line_1_8' title="bbox 126 367 908 403; baseline 0.001 -10"><span class='ocrx_word' id='word_1_34' title='bbox 126 375 171 402; x_wconf 87' lang='grc' dir='ltr'><strong>ρον</strong></span> <span class='ocrx_word' id='word_1_35' title='bbox 185 367 248 398; x_wconf 80' lang='grc' dir='ltr'>τοὺς</span> <span class='ocrx_word' id='word_1_36' title='bbox 260 367 400 398; x_wconf 77' lang='grc' dir='ltr'>δυνατούς.</span> <span class='ocrx_word' id='word_1_37' title='bbox 418 368 473 394; x_wconf 73' lang='grc' dir='ltr'><strong>Καὶ</strong></span> <span class='ocrx_word' id='word_1_38' title='bbox 490 367 621 403; x_wconf 84' lang='grc' dir='ltr'>σύγχυσις</span> <span class='ocrx_word' id='word_1_39' title='bbox 645 367 719 403; x_wconf 82' lang='grc' dir='ltr'>δεινὴ</span> <span class='ocrx_word' id='word_1_40' title='bbox 740 368 788 394; x_wconf 76' lang='grc' dir='ltr'>καὶ</span> <span class='ocrx_word' id='word_1_41' title='bbox 809 367 908 400; x_wconf 77' lang='grc' dir='ltr'><strong>ἀταξία</strong></span> 
     </span>
    </p>
   </div>
   <div class='ocr_carea' id='block_1_9' title="bbox 123 412 908 448">
    <p class='ocr_par' dir='ltr' id='par_1_9' title="bbox 123 412 908 448">
     <span class='ocr_line' id='line_1_9' title="bbox 123 412 908 448; baseline 0.001 -10"><span class='ocrx_word' id='word_1_42' title='bbox 123 413 172 443; x_wconf 82' lang='grc' dir='ltr'><strong>τὰς</strong></span> <span class='ocrx_word' id='word_1_43' title='bbox 188 412 279 444; x_wconf 78' lang='grc' dir='ltr'>πόλεις</span> <span class='ocrx_word' id='word_1_44' title='bbox 292 414 429 448; x_wconf 78' lang='grc' dir='ltr'><strong>κατεῖχεν.</strong></span> <span class='ocrx_word' id='word_1_45' title='bbox 455 413 629 448; x_wconf 74' lang='grc' dir='ltr'>Ἀλέξανδρος</span> <span class='ocrx_word' id='word_1_46' title='bbox 641 413 669 439; x_wconf 77' lang='grc' dir='ltr'>δὲ</span> <span class='ocrx_word' id='word_1_47' title='bbox 681 413 695 439; x_wconf 74' lang='grc' dir='ltr'>ὁ</span> <span class='ocrx_word' id='word_1_48' title='bbox 713 413 815 440; x_wconf 71' lang='grc' dir='ltr'>Μυσῶν</span> <span class='ocrx_word' id='word_1_49' title='bbox 829 413 908 448; x_wconf 83' lang='grc' dir='ltr'>βασι-</span> 
     </span>
    </p>
   </div>
   <div class='ocr_carea' id='block_1_10' title="bbox 122 457 906 493">
    <p class='ocr_par' dir='ltr' id='par_1_10' title="bbox 122 457 906 493">
     <span class='ocr_line' id='line_1_10' title="bbox 122 457 906 493; baseline 0.003 -10"><span class='ocrx_word' id='word_1_50' title='bbox 122 458 185 489; x_wconf 79' lang='grc' dir='ltr'>λεὺς</span> <span class='ocrx_word' id='word_1_51' title='bbox 214 458 274 483; x_wconf 71' lang='grc' dir='ltr'>ἐπεὶ</span> <span class='ocrx_word' id='word_1_52' title='bbox 291 457 340 489; x_wconf 80' lang='grc' dir='ltr'>τὴν</span> <span class='ocrx_word' id='word_1_53' title='bbox 374 457 513 493; x_wconf 84' lang='grc' dir='ltr'>’Δδριανοῦ</span> <span class='ocrx_word' id='word_1_54' title='bbox 537 460 687 493; x_wconf 77' lang='grc' dir='ltr'>κατασχεῖν</span> <span class='ocrx_word' id='word_1_55' title='bbox 700 459 750 485; x_wconf 84' lang='grc' dir='ltr'>οὐκ</span> <span class='ocrx_word' id='word_1_56' title='bbox 775 458 906 493; x_wconf 76' lang='grc' dir='ltr'><strong>ἠδυνήθη,</strong></span> 
     </span>
    </p>
   </div>
   <div class='ocr_carea' id='block_1_11' title="bbox 124 502 908 539">
    <p class='ocr_par' dir='ltr' id='par_1_11' title="bbox 124 502 908 539">
     <span class='ocr_line' id='line_1_11' title="bbox 124 502 908 539; baseline 0.001 -10"><span class='ocrx_word' id='word_1_57' title='bbox 124 503 191 538; x_wconf 68' lang='grc' dir='ltr'>πρὸς</span> <span class='ocrx_word' id='word_1_58' title='bbox 216 503 400 538; x_wconf 83' lang='grc' dir='ltr'>Διδυμοτείχῳ</span> <span class='ocrx_word' id='word_1_59' title='bbox 429 502 678 539; x_wconf 68' lang='grc' dir='ltr'>ἐστρατοπέδευσεν</span> <span class='ocrx_word' id='word_1_60' title='bbox 708 504 804 535; x_wconf 69' lang='grc' dir='ltr'>ἐλθὼν,</span> <span class='ocrx_word' id='word_1_61' title='bbox 824 504 908 539; x_wconf 86' lang='grc' dir='ltr'><strong>μήπω</strong></span> 
     </span>
    </p>
   </div>
   <div class='ocr_carea' id='block_1_12' title="bbox 130 546 909 583">
    <p class='ocr_par' dir='ltr' id='par_1_12' title="bbox 130 546 909 583">
     <span class='ocr_line' id='line_1_12' title="bbox 130 546 909 583; baseline 0.004 -11"><span class='ocrx_word' id='word_1_62' title='bbox 130 546 226 577; x_wconf 77' lang='grc' dir='ltr'>διαῦἁς</span> <span class='ocrx_word' id='word_1_63' title='bbox 243 547 288 573; x_wconf 74' lang='grc' dir='ltr'><strong>τὸν</strong></span> <span class='ocrx_word' id='word_1_64' title='bbox 306 547 416 583; x_wconf 74' lang='grc' dir='ltr'>Ἕϐρον.</span> <span class='ocrx_word' id='word_1_65' title='bbox 444 548 577 583; x_wconf 82' lang='grc' dir='ltr'>Στρατιὰν</span> <span class='ocrx_word' id='word_1_66' title='bbox 604 548 633 576; x_wconf 69' lang='grc' dir='ltr'>δι</span> <span class='ocrx_word' id='word_1_67' title='bbox 660 548 861 583; x_wconf 76' lang='grc' dir='ltr'><strong>ἀπολεξάμενος</strong></span> <span class='ocrx_word' id='word_1_68' title='bbox 877 550 909 575; x_wconf 84' lang='grc' dir='ltr'>ὲκ</span> 
     </span>
    </p>
   </div>
   <div class='ocr_carea' id='block_1_13' title="bbox 121 591 911 629">
    <p class='ocr_par' dir='ltr' id='par_1_13' title="bbox 121 591 911 629">
     <span class='ocr_line' id='line_1_13' title="bbox 121 591 911 629; baseline 0.004 -12"><span class='ocrx_word' id='word_1_69' title='bbox 121 591 170 626; x_wconf 82' lang='grc' dir='ltr'>τῆς</span> <span class='ocrx_word' id='word_1_70' title='bbox 186 591 254 624; x_wconf 86' lang='grc' dir='ltr'>ἰδίας</span> <span class='ocrx_word' id='word_1_71' title='bbox 268 592 317 618; x_wconf 88' lang='grc' dir='ltr'>οὐκ</span> <span class='ocrx_word' id='word_1_72' title='bbox 328 592 433 628; x_wconf 79' lang='grc' dir='ltr'>ὀλίγην,</span> <span class='ocrx_word' id='word_1_73' title='bbox 454 593 521 628; x_wconf 65' lang='grc' dir='ltr'>πρὸς</span> <span class='ocrx_word' id='word_1_74' title='bbox 537 594 585 625; x_wconf 75' lang='grc' dir='ltr'><strong>τὰς</strong></span> <span class='ocrx_word' id='word_1_75' title='bbox 600 593 672 620; x_wconf 85' lang='grc' dir='ltr'>κατὰ</span> <span class='ocrx_word' id='word_1_76' title='bbox 687 594 797 629; x_wconf 82' lang='grc' dir='ltr'><strong>Θρᾴκην</strong></span> <span class='ocrx_word' id='word_1_77' title='bbox 811 593 911 626; x_wconf 74' lang='grc' dir='ltr'>ὲξαπέο</span> 
     </span>
    </p>
   </div>
   <div class='ocr_carea' id='block_1_14' title="bbox 123 637 909 675">
    <p class='ocr_par' dir='ltr' id='par_1_14' title="bbox 123 637 909 675">
     <span class='ocr_line' id='line_1_14' title="bbox 123 637 909 675; baseline 0.005 -13"><span class='ocrx_word' id='word_1_78' title='bbox 123 638 211 663; x_wconf 78' lang='grc' dir='ltr'>στειλε</span> <span class='ocrx_word' id='word_1_79' title='bbox 237 637 328 669; x_wconf 70' lang='grc' dir='ltr'>πόλεις</span> <span class='ocrx_word' id='word_1_80' title='bbox 354 638 547 673; x_wconf 83' lang='grc' dir='ltr'>ληϊσομένους.</span> <span class='ocrx_word' id='word_1_81' title='bbox 579 639 658 667; x_wconf 77' lang='grc' dir='ltr'>Οὕτω</span> <span class='ocrx_word' id='word_1_82' title='bbox 683 640 711 666; x_wconf 77' lang='grc' dir='ltr'>δὲ</span> <span class='ocrx_word' id='word_1_83' title='bbox 726 640 860 675; x_wconf 72' lang='grc' dir='ltr'>συμὸἁνή</span> <span class='ocrx_word' id='word_1_84' title='bbox 876 641 909 666; x_wconf 81' lang='grc' dir='ltr'>ὲκ</span> 
     </span>
    </p>
   </div>
   <div class='ocr_carea' id='block_1_15' title="bbox 123 682 910 720">
    <p class='ocr_par' dir='ltr' id='par_1_15' title="bbox 123 682 910 720">
     <span class='ocr_line' id='line_1_15' title="bbox 123 682 910 720; baseline 0.003 -12"><span class='ocrx_word' id='word_1_85' title='bbox 123 682 270 714; x_wconf 77' lang='grc' dir='ltr'>Βυζαντίου</span> <span class='ocrx_word' id='word_1_86' title='bbox 302 682 432 717; x_wconf 72' lang='grc' dir='ltr'>Ἀγγέλου</span> <span class='ocrx_word' id='word_1_87' title='bbox 457 683 504 710; x_wconf 83' lang='grc' dir='ltr'>τοῦ</span> <span class='ocrx_word' id='word_1_88' title='bbox 533 685 670 719; x_wconf 80' lang='grc' dir='ltr'>πιγκέρνη</span> <span class='ocrx_word' id='word_1_89' title='bbox 701 684 910 720; x_wconf 81' lang='grc' dir='ltr'>ἀναστρέφουσα</span> 
     </span>
    </p>
   </div>
   <div class='ocr_carea' id='block_1_16' title="bbox 123 727 910 764">
    <p class='ocr_par' dir='ltr' id='par_1_16' title="bbox 123 727 910 764">
     <span class='ocr_line' id='line_1_16' title="bbox 123 727 910 764; baseline 0.003 -11"><span class='ocrx_word' id='word_1_90' title='bbox 123 727 250 762; x_wconf 81' lang='grc' dir='ltr'>στρατιὰ,</span> <span class='ocrx_word' id='word_1_91' title='bbox 261 728 311 753; x_wconf 88' lang='grc' dir='ltr'>οὑκ</span> <span class='ocrx_word' id='word_1_92' title='bbox 331 727 432 762; x_wconf 80' lang='grc' dir='ltr'>ὀλίγοις</span> <span class='ocrx_word' id='word_1_93' title='bbox 449 728 539 755; x_wconf 81' lang='grc' dir='ltr'>αὐτῶν</span> <span class='ocrx_word' id='word_1_94' title='bbox 551 729 748 764; x_wconf 84' lang='grc' dir='ltr'>περιτυχοῦσα,</span> <span class='ocrx_word' id='word_1_95' title='bbox 763 730 809 756; x_wconf 69' lang='grc' dir='ltr'>καὶ</span> <span class='ocrx_word' id='word_1_96' title='bbox 819 730 910 764; x_wconf 81' lang='grc' dir='ltr'>κρείτ-</span> 
     </span>
    </p>
   </div>
   <div class='ocr_carea' id='block_1_17' title="bbox 122 774 911 810">
    <p class='ocr_par' dir='ltr' id='par_1_17' title="bbox 122 774 911 810">
     <span class='ocr_line' id='line_1_17' title="bbox 122 774 911 810; baseline 0.001 -11"><span class='ocrx_word' id='word_1_97' title='bbox 122 781 177 800; x_wconf 88' lang='grc' dir='ltr'>των</span> <span class='ocrx_word' id='word_1_98' title='bbox 192 775 337 808; x_wconf 81' lang='grc' dir='ltr'><strong>γενομένη,</strong></span> <span class='ocrx_word' id='word_1_99' title='bbox 355 774 502 800; x_wconf 81' lang='grc' dir='ltr'>ἀπέκτεινε</span> <span class='ocrx_word' id='word_1_100' title='bbox 517 775 587 801; x_wconf 77' lang='grc' dir='ltr'>κατὰ</span> <span class='ocrx_word' id='word_1_101' title='bbox 601 775 651 809; x_wconf 86' lang='grc' dir='ltr'>τὴν</span> <span class='ocrx_word' id='word_1_102' title='bbox 669 775 770 810; x_wconf 80' lang='grc' dir='ltr'>μάχην.</span> <span class='ocrx_word' id='word_1_103' title='bbox 793 774 911 810; x_wconf 80' lang='grc' dir='ltr'>ὀμοίως</span> 
     </span>
    </p>
   </div>
   <div class='ocr_carea' id='block_1_18' title="bbox 121 818 911 855">
    <p class='ocr_par' dir='ltr' id='par_1_18' title="bbox 121 818 911 855">
     <span class='ocr_line' id='line_1_18' title="bbox 121 818 911 855; baseline 0.003 -11"><span class='ocrx_word' id='word_1_104' title='bbox 121 818 150 844; x_wconf 59' lang='lat' dir='ltr'><strong>te</strong></span> <span class='ocrx_word' id='word_1_105' title='bbox 167 821 214 845; x_wconf 79' lang='grc' dir='ltr'>καὶ</span> <span class='ocrx_word' id='word_1_106' title='bbox 226 819 290 854; x_wconf 82' lang='grc' dir='ltr'>περὶ</span> <span class='ocrx_word' id='word_1_107' title='bbox 301 819 336 845; x_wconf 83' lang='grc' dir='ltr'>τὰ</span> <span class='ocrx_word' id='word_1_108' title='bbox 354 819 476 854; x_wconf 77' lang='grc' dir='ltr'>παράλια</span> <span class='ocrx_word' id='word_1_109' title='bbox 493 821 543 855; x_wconf 79' lang='grc' dir='ltr'>τῆς</span> <span class='ocrx_word' id='word_1_110' title='bbox 555 819 665 855; x_wconf 78' lang='grc' dir='ltr'>Θρᾴκης</span> <span class='ocrx_word' id='word_1_111' title='bbox 691 820 780 855; x_wconf 82' lang='grc' dir='ltr'>χωρία</span> <span class='ocrx_word' id='word_1_112' title='bbox 796 820 911 855; x_wconf 75' lang='grc' dir='ltr'>στρατιὰ</span> 
     </span>
    </p>
   </div>
   <div class='ocr_carea' id='block_1_19' title="bbox 122 864 909 901">
    <p class='ocr_par' dir='ltr' id='par_1_19' title="bbox 122 864 909 901">
     <span class='ocr_line' id='line_1_19' title="bbox 122 864 909 901; baseline 0.003 -11"><span class='ocrx_word' id='word_1_113' title='bbox 122 864 246 899; x_wconf 82' lang='grc' dir='ltr'>Περσικὴ</span> <span class='ocrx_word' id='word_1_114' title='bbox 258 865 304 891; x_wconf 73' lang='grc' dir='ltr'><strong>ἐπὶ</strong></span> <span class='ocrx_word' id='word_1_115' title='bbox 318 865 394 891; x_wconf 84' lang='grc' dir='ltr'>λείαν</span> <span class='ocrx_word' id='word_1_116' title='bbox 407 865 454 891; x_wconf 84' lang='grc' dir='ltr'>καὶ</span> <span class='ocrx_word' id='word_1_117' title='bbox 468 865 538 900; x_wconf 82' lang='grc' dir='ltr'>αὑτὴ</span> <span class='ocrx_word' id='word_1_118' title='bbox 558 865 756 901; x_wconf 80' lang='grc' dir='ltr'>περαιωθεῖσα,</span> <span class='ocrx_word' id='word_1_119' title='bbox 769 866 824 897; x_wconf 80' lang='grc' dir='ltr'>τοῖς</span> <span class='ocrx_word' id='word_1_120' title='bbox 843 866 909 892; x_wconf 82' lang='grc' dir='ltr'>ὑπο-</span> 
     </span>
    </p>
   </div>
   <div class='ocr_carea' id='block_1_20' title="bbox 958 277 1748 308">
    <p class='ocr_par' dir='ltr' id='par_1_20' title="bbox 958 277 1748 308">
     <span class='ocr_line' id='line_1_20' title="bbox 958 277 1748 308; baseline 0.005 -5"><span class='ocrx_word' id='word_1_121' title='bbox 958 277 1083 304; x_wconf 82' lang='lat' dir='ltr'><strong>cxercitu</strong></span> <span class='ocrx_word' id='word_1_122' title='bbox 1096 284 1206 304; x_wconf 86' lang='lat' dir='ltr'><strong>manum</strong></span> <span class='ocrx_word' id='word_1_123' title='bbox 1234 284 1288 305; x_wconf 91' lang='lat' dir='ltr'><strong>non</strong></span> <span class='ocrx_word' id='word_1_124' title='bbox 1315 278 1449 305; x_wconf 81' lang='lat' dir='ltr'><strong>modicam</strong></span> <span class='ocrx_word' id='word_1_125' title='bbox 1469 279 1597 307; x_wconf 87' lang='lat' dir='ltr'><strong>adurbcs</strong></span> <span class='ocrx_word' id='word_1_126' title='bbox 1625 279 1748 308; x_wconf 69' lang='lat' dir='ltr'><strong>Thraciae</strong></span> 
     </span>
    </p>
   </div>
   <div class='ocr_carea' id='block_1_21' title="bbox 964 321 1748 360">
    <p class='ocr_par' dir='ltr' id='par_1_21' title="bbox 964 321 1748 360">
     <span class='ocr_line' id='line_1_21' title="bbox 964 321 1748 360; baseline 0.005 -12"><span class='ocrx_word' id='word_1_127' title='bbox 964 321 1170 356; x_wconf 67' lang='lat' dir='ltr'><strong>depopulanda:</strong></span> <span class='ocrx_word' id='word_1_128' title='bbox 1195 322 1279 350; x_wconf 90' lang='lat' dir='ltr'><strong>misit.</strong></span> <span class='ocrx_word' id='word_1_129' title='bbox 1295 322 1364 350; x_wconf 88' lang='lat' dir='ltr'><strong>Tum</strong></span> <span class='ocrx_word' id='word_1_130' title='bbox 1391 324 1438 358; x_wconf 88' lang='lat' dir='ltr'><strong>qui</strong></span> <span class='ocrx_word' id='word_1_131' title='bbox 1464 331 1496 351; x_wconf 81' lang='lat' dir='ltr'><strong>ex</strong></span> <span class='ocrx_word' id='word_1_132' title='bbox 1517 332 1581 359; x_wconf 70' lang='lat' dir='ltr'><strong>agro</strong></span> <span class='ocrx_word' id='word_1_133' title='bbox 1597 324 1748 360; x_wconf 75' lang='lat' dir='ltr'><strong>Byzantina</strong></span> 
     </span>
    </p>
   </div>
   <div class='ocr_carea' id='block_1_22' title="bbox 958 366 1749 404">
    <p class='ocr_par' dir='ltr' id='par_1_22' title="bbox 958 366 1749 404">
     <span class='ocr_line' id='line_1_22' title="bbox 958 366 1749 404; baseline 0.006 -12"><span class='ocrx_word' id='word_1_134' title='bbox 958 372 1021 392; x_wconf 93' lang='lat' dir='ltr'><strong>cum</strong></span> <span class='ocrx_word' id='word_1_135' title='bbox 1046 366 1151 401; x_wconf 84' lang='lat' dir='ltr'><strong>Angelo</strong></span> <span class='ocrx_word' id='word_1_136' title='bbox 1168 367 1299 402; x_wconf 87' lang='lat' dir='ltr'><strong>pinccrna</strong></span> <span class='ocrx_word' id='word_1_137' title='bbox 1323 370 1540 402; x_wconf 70' lang='lat' dir='ltr'><strong>revertebantur,</strong></span> <span class='ocrx_word' id='word_1_138' title='bbox 1557 370 1683 404; x_wconf 87' lang='lat' dir='ltr'><strong>plurimis</strong></span> <span class='ocrx_word' id='word_1_139' title='bbox 1700 378 1749 397; x_wconf 80' lang='lat' dir='ltr'><strong>eo-</strong></span> 
     </span>
    </p>
   </div>
   <div class='ocr_carea' id='block_1_23' title="bbox 958 411 1748 444">
    <p class='ocr_par' dir='ltr' id='par_1_23' title="bbox 958 411 1748 444">
     <span class='ocr_line' id='line_1_23' title="bbox 958 411 1748 444; baseline 0.008 -6"><span class='ocrx_word' id='word_1_140' title='bbox 958 419 1019 438; x_wconf 90' lang='lat' dir='ltr'><strong>rum</strong></span> <span class='ocrx_word' id='word_1_141' title='bbox 1040 411 1126 444; x_wconf 87' lang='lat' dir='ltr'><strong>obvii,</strong></span> <span class='ocrx_word' id='word_1_142' title='bbox 1143 413 1273 441; x_wconf 82' lang='lat' dir='ltr'><strong>conllictu</strong></span> <span class='ocrx_word' id='word_1_143' title='bbox 1291 421 1339 441; x_wconf 88' lang='lat' dir='ltr'><strong>eos</strong></span> <span class='ocrx_word' id='word_1_144' title='bbox 1353 415 1494 442; x_wconf 84' lang='lat' dir='ltr'><strong>occidunt.</strong></span> <span class='ocrx_word' id='word_1_145' title='bbox 1510 415 1642 444; x_wconf 85' lang='lat' dir='ltr'><strong>Similiter</strong></span> <span class='ocrx_word' id='word_1_146' title='bbox 1673 417 1748 444; x_wconf 83' lang='lat' dir='ltr'><strong>circa</strong></span> 
     </span>
    </p>
   </div>
   <div class='ocr_carea' id='block_1_24' title="bbox 958 456 1748 497">
    <p class='ocr_par' dir='ltr' id='par_1_24' title="bbox 958 456 1748 497">
     <span class='ocr_line' id='line_1_24' title="bbox 958 456 1748 497; baseline 0.009 -15"><span class='ocrx_word' id='word_1_147' title='bbox 958 456 1097 484; x_wconf 86' lang='lat' dir='ltr'><strong>maritima</strong></span> <span class='ocrx_word' id='word_1_148' title='bbox 1114 457 1240 486; x_wconf 61' lang='lat' dir='ltr'><strong>Thraciae</strong></span> <span class='ocrx_word' id='word_1_149' title='bbox 1268 459 1328 487; x_wconf 82' lang='lat' dir='ltr'><strong>loca</strong></span> <span class='ocrx_word' id='word_1_150' title='bbox 1344 460 1443 494; x_wconf 81' lang='lat' dir='ltr'><strong>Persae,</strong></span> <span class='ocrx_word' id='word_1_151' title='bbox 1459 469 1520 488; x_wconf 91' lang='lat' dir='ltr'><strong>cum</strong></span> <span class='ocrx_word' id='word_1_152' title='bbox 1543 466 1571 488; x_wconf 87' lang='lat' dir='ltr'><strong>et</strong></span> <span class='ocrx_word' id='word_1_153' title='bbox 1593 462 1642 496; x_wconf 84' lang='lat' dir='ltr'><strong>ipsi</strong></span> <span class='ocrx_word' id='word_1_154' title='bbox 1660 470 1748 497; x_wconf 86' lang='lat' dir='ltr'><strong>popu-</strong></span> 
     </span>
    </p>
   </div>
   <div class='ocr_carea' id='block_1_25' title="bbox 959 502 1749 540">
    <p class='ocr_par' dir='ltr' id='par_1_25' title="bbox 959 502 1749 540">
     <span class='ocr_line' id='line_1_25' title="bbox 959 502 1749 540; baseline 0.01 -12"><span class='ocrx_word' id='word_1_155' title='bbox 959 502 1045 529; x_wconf 89' lang='lat' dir='ltr'><strong>latum</strong></span> <span class='ocrx_word' id='word_1_156' title='bbox 1070 503 1297 537; x_wconf 85' lang='lat' dir='ltr'><strong>transmisissent,</strong></span> <span class='ocrx_word' id='word_1_157' title='bbox 1314 505 1428 540; x_wconf 86' lang='lat' dir='ltr'><strong>reliquis</strong></span> <span class='ocrx_word' id='word_1_158' title='bbox 1447 506 1539 534; x_wconf 73' lang='lat' dir='ltr'><strong>Moesis</strong></span> <span class='ocrx_word' id='word_1_159' title='bbox 1563 515 1629 535; x_wconf 87' lang='lat' dir='ltr'><strong>casu</strong></span> <span class='ocrx_word' id='word_1_160' title='bbox 1653 516 1749 540; x_wconf 85' lang='lat' dir='ltr'><strong>occur.</strong></span> 
     </span>
    </p>
   </div>
   <div class='ocr_carea' id='block_1_26' title="bbox 960 549 1747 588">
    <p class='ocr_par' dir='ltr' id='par_1_26' title="bbox 960 549 1747 588">
     <span class='ocr_line' id='line_1_26' title="bbox 960 549 1747 588; baseline 0.009 -14"><span class='ocrx_word' id='word_1_161' title='bbox 960 552 1068 581; x_wconf 83' lang='lat' dir='ltr'><strong>rentes,</strong></span> <span class='ocrx_word' id='word_1_162' title='bbox 1095 549 1200 584; x_wconf 76' lang='lat' dir='ltr'><strong>aliquot</strong></span> <span class='ocrx_word' id='word_1_163' title='bbox 1229 550 1397 583; x_wconf 85' lang='lat' dir='ltr'><strong>interiectis,</strong></span> <span class='ocrx_word' id='word_1_164' title='bbox 1423 552 1579 587; x_wconf 85' lang='lat' dir='ltr'><strong>complures</strong></span> <span class='ocrx_word' id='word_1_165' title='bbox 1609 554 1747 588; x_wconf 89' lang='lat' dir='ltr'><strong>capiunt:</strong></span> 
     </span>
    </p>
   </div>
   <div class='ocr_carea' id='block_1_27' title="bbox 958 593 1746 633">
    <p class='ocr_par' dir='ltr' id='par_1_27' title="bbox 958 593 1746 633">
     <span class='ocr_line' id='line_1_27' title="bbox 958 593 1746 633; baseline 0.009 -14"><span class='ocrx_word' id='word_1_166' title='bbox 958 593 1051 620; x_wconf 62' lang='lat' dir='ltr'><strong>caeteri</strong></span> <span class='ocrx_word' id='word_1_167' title='bbox 1064 594 1098 620; x_wconf 89' lang='lat' dir='ltr'><strong>ad</strong></span> <span class='ocrx_word' id='word_1_168' title='bbox 1113 594 1265 621; x_wconf 82' lang='lat' dir='ltr'><strong>exercitum</strong></span> <span class='ocrx_word' id='word_1_169' title='bbox 1280 602 1360 622; x_wconf 84' lang='lat' dir='ltr'><strong>suum</strong></span> <span class='ocrx_word' id='word_1_170' title='bbox 1377 603 1431 623; x_wconf 89' lang='lat' dir='ltr'><strong>non</strong></span> <span class='ocrx_word' id='word_1_171' title='bbox 1459 597 1539 624; x_wconf 90' lang='lat' dir='ltr'><strong>modo</strong></span> <span class='ocrx_word' id='word_1_172' title='bbox 1556 598 1616 625; x_wconf 88' lang='lat' dir='ltr'><strong>sine</strong></span> <span class='ocrx_word' id='word_1_173' title='bbox 1642 600 1746 633; x_wconf 68' lang='lat' dir='ltr'><strong>praeda,</strong></span> 
     </span>
    </p>
   </div>
   <div class='ocr_carea' id='block_1_28' title="bbox 960 637 1749 676">
    <p class='ocr_par' dir='ltr' id='par_1_28' title="bbox 960 637 1749 676">
     <span class='ocr_line' id='line_1_28' title="bbox 960 637 1749 676; baseline 0.008 -12"><span class='ocrx_word' id='word_1_174' title='bbox 960 637 1007 664; x_wconf 87' lang='lat' dir='ltr'><strong>sed</strong></span> <span class='ocrx_word' id='word_1_175' title='bbox 1025 642 1053 665; x_wconf 89' lang='lat' dir='ltr'><strong>et</strong></span> <span class='ocrx_word' id='word_1_176' title='bbox 1068 638 1162 665; x_wconf 88' lang='lat' dir='ltr'><strong>multis</strong></span> <span class='ocrx_word' id='word_1_177' title='bbox 1175 646 1286 666; x_wconf 88' lang='lat' dir='ltr'><strong>suorum</strong></span> <span class='ocrx_word' id='word_1_178' title='bbox 1299 640 1409 667; x_wconf 87' lang='lat' dir='ltr'><strong>amissis</strong></span> <span class='ocrx_word' id='word_1_179' title='bbox 1425 648 1455 668; x_wconf 91' lang='lat' dir='ltr'><strong>se</strong></span> <span class='ocrx_word' id='word_1_180' title='bbox 1470 641 1620 676; x_wconf 86' lang='lat' dir='ltr'><strong>recipiunt.</strong></span> <span class='ocrx_word' id='word_1_181' title='bbox 1632 643 1749 670; x_wconf 71' lang='lat' dir='ltr'><strong>Alexan-</strong></span> 
     </span>
    </p>
   </div>
   <div class='ocr_carea' id='block_1_29' title="bbox 960 682 1747 720">
    <p class='ocr_par' dir='ltr' id='par_1_29' title="bbox 960 682 1747 720">
     <span class='ocr_line' id='line_1_29' title="bbox 960 682 1747 720; baseline 0.009 -11"><span class='ocrx_word' id='word_1_182' title='bbox 960 682 1008 709; x_wconf 72' lang='lat' dir='ltr'><strong>der</strong></span> <span class='ocrx_word' id='word_1_183' title='bbox 1018 689 1175 718; x_wconf 82' lang='lat' dir='ltr'><strong>quanquam</strong></span> <span class='ocrx_word' id='word_1_184' title='bbox 1198 683 1276 718; x_wconf 90' lang='lat' dir='ltr'><strong>prius</strong></span> <span class='ocrx_word' id='word_1_185' title='bbox 1289 684 1512 713; x_wconf 80' lang='lat' dir='ltr'><strong>Cantacuzenum</strong></span> <span class='ocrx_word' id='word_1_186' title='bbox 1537 692 1726 716; x_wconf 83' lang='lat' dir='ltr'><strong>contemneret</strong></span> <span class='ocrx_word' id='word_1_187' title='bbox 1739 710 1747 720; x_wconf 87' lang='lat'><strong>,</strong></span> 
     </span>
    </p>
   </div>
   <div class='ocr_carea' id='block_1_30' title="bbox 961 729 1750 770">
    <p class='ocr_par' dir='ltr' id='par_1_30' title="bbox 961 729 1750 770">
     <span class='ocr_line' id='line_1_30' title="bbox 961 729 1750 770; baseline 0.009 -15"><span class='ocrx_word' id='word_1_188' title='bbox 961 730 1033 763; x_wconf 87' lang='lat' dir='ltr'><strong>quod</strong></span> <span class='ocrx_word' id='word_1_189' title='bbox 1051 729 1103 756; x_wconf 86' lang='lat' dir='ltr'><strong>sibi</strong></span> <span class='ocrx_word' id='word_1_190' title='bbox 1120 737 1155 756; x_wconf 89' lang='lat' dir='ltr'><strong>ne</strong></span> <span class='ocrx_word' id='word_1_191' title='bbox 1165 731 1276 764; x_wconf 88' lang='lat' dir='ltr'><strong>paulum</strong></span> <span class='ocrx_word' id='word_1_192' title='bbox 1293 731 1403 765; x_wconf 83' lang='lat' dir='ltr'><strong>quidem</strong></span> <span class='ocrx_word' id='word_1_193' title='bbox 1418 733 1549 760; x_wconf 76' lang='lat' dir='ltr'><strong>resistere</strong></span> <span class='ocrx_word' id='word_1_194' title='bbox 1562 741 1642 768; x_wconf 81' lang='lat' dir='ltr'><strong>posse</strong></span> <span class='ocrx_word' id='word_1_195' title='bbox 1654 735 1750 770; x_wconf 83' lang='lat' dir='ltr'><strong>opina-</strong></span> 
     </span>
    </p>
   </div>
   <div class='ocr_carea' id='block_1_31' title="bbox 961 778 1750 813">
    <p class='ocr_par' dir='ltr' id='par_1_31' title="bbox 961 778 1750 813">
     <span class='ocr_line' id='line_1_31' title="bbox 961 778 1750 813; baseline 0.01 -13"><span class='ocrx_word' id='word_1_196' title='bbox 961 778 1049 807; x_wconf 87' lang='lat' dir='ltr'><strong>retur,</strong></span> <span class='ocrx_word' id='word_1_197' title='bbox 1057 782 1119 802; x_wconf 89' lang='lat' dir='ltr'><strong>cum</strong></span> <span class='ocrx_word' id='word_1_198' title='bbox 1132 780 1313 811; x_wconf 50' lang='lat' dir='ltr'><strong>praeterquam</strong></span> <span class='ocrx_word' id='word_1_199' title='bbox 1321 778 1394 812; x_wconf 88' lang='lat' dir='ltr'><strong>quod</strong></span> <span class='ocrx_word' id='word_1_200' title='bbox 1406 778 1536 813; x_wconf 88' lang='lat' dir='ltr'><strong>utrinque</strong></span> <span class='ocrx_word' id='word_1_201' title='bbox 1544 784 1572 807; x_wconf 88' lang='lat' dir='ltr'><strong>et</strong></span> <span class='ocrx_word' id='word_1_202' title='bbox 1585 788 1598 806; x_wconf 87' lang='lat' dir='ltr'><strong>a</strong></span> <span class='ocrx_word' id='word_1_203' title='bbox 1617 780 1750 807; x_wconf 82' lang='lat' dir='ltr'><strong>Romanis</strong></span> 
     </span>
    </p>
   </div>
   <div class='ocr_carea' id='block_1_32' title="bbox 961 820 1748 860">
    <p class='ocr_par' dir='ltr' id='par_1_32' title="bbox 961 820 1748 860">
     <span class='ocr_line' id='line_1_32' title="bbox 961 820 1748 860; baseline 0.008 -14"><span class='ocrx_word' id='word_1_204' title='bbox 961 824 1015 847; x_wconf 89' lang='lat' dir='ltr'><strong>eta</strong></span> <span class='ocrx_word' id='word_1_205' title='bbox 1033 820 1125 848; x_wconf 83' lang='lat' dir='ltr'><strong>Persis</strong></span> <span class='ocrx_word' id='word_1_206' title='bbox 1143 820 1222 848; x_wconf 85' lang='lat' dir='ltr'><strong>lusus</strong></span> <span class='ocrx_word' id='word_1_207' title='bbox 1248 826 1331 854; x_wconf 84' lang='lat' dir='ltr'><strong>esset,</strong></span> <span class='ocrx_word' id='word_1_208' title='bbox 1357 822 1481 850; x_wconf 82' lang='lat' dir='ltr'><strong>audisset</strong></span> <span class='ocrx_word' id='word_1_209' title='bbox 1508 823 1630 859; x_wconf 84' lang='lat' dir='ltr'><strong>insuper,</strong></span> <span class='ocrx_word' id='word_1_210' title='bbox 1658 825 1748 860; x_wconf 91' lang='lat' dir='ltr'><strong>ipsum</strong></span> 
     </span>
    </p>
   </div>
   <div class='ocr_carea' id='block_1_33' title="bbox 962 865 1747 902">
    <p class='ocr_par' dir='ltr' id='par_1_33' title="bbox 962 865 1747 902">
     <span class='ocr_line' id='line_1_33' title="bbox 962 865 1747 902; baseline 0.009 -11"><span class='ocrx_word' id='word_1_211' title='bbox 962 865 1144 900; x_wconf 84' lang='lat' dir='ltr'><strong>Didymotichi</strong></span> <span class='ocrx_word' id='word_1_212' title='bbox 1155 866 1257 894; x_wconf 87' lang='lat' dir='ltr'><strong>habere</strong></span> <span class='ocrx_word' id='word_1_213' title='bbox 1269 874 1398 902; x_wconf 83' lang='lat' dir='ltr'><strong>magnum</strong></span> <span class='ocrx_word' id='word_1_214' title='bbox 1414 875 1558 897; x_wconf 86' lang='lat' dir='ltr'><strong>numerum</strong></span> <span class='ocrx_word' id='word_1_215' title='bbox 1573 874 1747 898; x_wconf 88' lang='lat' dir='ltr'><strong>strenuorum</strong></span> 
     </span>
    </p>
   </div>
   <div class='ocr_carea' id='block_1_34' title="bbox 121 900 912 947">
    <p class='ocr_par' dir='ltr' id='par_1_34' title="bbox 121 909 906 947">
     <span class='ocr_line' id='line_1_34' title="bbox 121 909 906 947; baseline 0.004 -12"><span class='ocrx_word' id='word_1_216' title='bbox 121 909 226 941; x_wconf 84' lang='grc' dir='ltr'>λοίποις</span> <span class='ocrx_word' id='word_1_217' title='bbox 242 909 296 936; x_wconf 83' lang='grc' dir='ltr'><strong>τῶν</strong></span> <span class='ocrx_word' id='word_1_218' title='bbox 321 910 422 936; x_wconf 79' lang='grc' dir='ltr'>Μυσῶν</span> <span class='ocrx_word' id='word_1_219' title='bbox 449 911 519 937; x_wconf 86' lang='grc' dir='ltr'>κατὰ</span> <span class='ocrx_word' id='word_1_220' title='bbox 537 911 622 946; x_wconf 87' lang='grc' dir='ltr'>τύχην</span> <span class='ocrx_word' id='word_1_221' title='bbox 640 911 818 947; x_wconf 80' lang='grc' dir='ltr'>συντυχοῦσα,</span> <span class='ocrx_word' id='word_1_222' title='bbox 837 912 906 938; x_wconf 75' lang='grc' dir='ltr'><strong>ἀπέ-</strong></span> 
     </span>
    </p>
   </div>
   <div class='ocr_carea' id='block_1_35' title="bbox 964 900 1749 947">
    <p class='ocr_par' dir='ltr' id='par_1_35' title="bbox 964 900 1749 946">
     <span class='ocr_line' id='line_1_35' title="bbox 964 900 1749 946; baseline 0.008 -10"><span class='ocrx_word' id='word_1_223' title='bbox 964 909 1086 944; x_wconf 86' lang='lat' dir='ltr'><strong>militum,</strong></span> <span class='ocrx_word' id='word_1_224' title='bbox 1115 911 1239 946; x_wconf 88' lang='lat' dir='ltr'><strong>reliquiis</strong></span> <span class='ocrx_word' id='word_1_225' title='bbox 1272 900 1330 939; x_wconf 68' lang='lat' dir='ltr'><strong>suis</strong></span> <span class='ocrx_word' id='word_1_226' title='bbox 1355 911 1467 945; x_wconf 83' lang='lat' dir='ltr'><strong>timuit,</strong></span> <span class='ocrx_word' id='word_1_227' title='bbox 1509 920 1544 940; x_wconf 90' lang='lat' dir='ltr'><strong>ne</strong></span> <span class='ocrx_word' id='word_1_228' title='bbox 1569 914 1638 941; x_wconf 81' lang='lat' dir='ltr'><strong>forte</strong></span> <span class='ocrx_word' id='word_1_229' title='bbox 1668 922 1749 943; x_wconf 86' lang='lat' dir='ltr'><strong>secus</strong></span> 
     </span>
    </p>
   </div>
   <div class='ocr_carea' id='block_1_36' title="bbox 122 952 912 989">
    <p class='ocr_par' dir='ltr' id='par_1_36' title="bbox 122 952 912 989">
     <span class='ocr_line' id='line_1_36' title="bbox 122 952 912 989; baseline 0.004 -9"><span class='ocrx_word' id='word_1_230' title='bbox 122 954 214 981; x_wconf 80' lang='grc' dir='ltr'>κτεινέ</span> <span class='ocrx_word' id='word_1_231' title='bbox 228 963 258 980; x_wconf 88' lang='grc' dir='ltr'><strong>τε</strong></span> <span class='ocrx_word' id='word_1_232' title='bbox 275 956 322 982; x_wconf 66' lang='grc' dir='ltr'><strong>καὶ¹</strong></span> <span class='ocrx_word' id='word_1_233' title='bbox 349 952 406 981; x_wconf 77' lang='grc' dir='ltr'>εἷλε</span> <span class='ocrx_word' id='word_1_234' title='bbox 433 955 539 988; x_wconf 80' lang='grc' dir='ltr'>ζῶντας</span> <span class='ocrx_word' id='word_1_235' title='bbox 564 956 593 989; x_wconf 70' lang='grc' dir='ltr'><strong>ἐξ</strong></span> <span class='ocrx_word' id='word_1_236' title='bbox 619 957 708 983; x_wconf 81' lang='grc' dir='ltr'>αὐτῶν</span> <span class='ocrx_word' id='word_1_237' title='bbox 728 956 854 988; x_wconf 84' lang='grc' dir='ltr'>πολλούς.</span> <span class='ocrx_word' id='word_1_238' title='bbox 879 957 912 983; x_wconf 84' lang='lat' dir='ltr'><strong>Ol</strong></span> 
     </span>
    </p>
   </div>
   <div class='ocr_carea' id='block_1_37' title="bbox 121 999 910 1036">
    <p class='ocr_par' dir='ltr' id='par_1_37' title="bbox 121 999 910 1036">
     <span class='ocr_line' id='line_1_37' title="bbox 121 999 910 1036; baseline 0 -10"><span class='ocrx_word' id='word_1_239' title='bbox 121 999 151 1026; x_wconf 76' lang='grc' dir='ltr'>δὲ</span> <span class='ocrx_word' id='word_1_240' title='bbox 164 999 255 1026; x_wconf 73' lang='grc' dir='ltr'>λοιποὶ</span> <span class='ocrx_word' id='word_1_241' title='bbox 281 1000 349 1034; x_wconf 83' lang='grc' dir='ltr'>πρὸς</span> <span class='ocrx_word' id='word_1_242' title='bbox 368 1000 552 1035; x_wconf 81' lang='grc' dir='ltr'>στρατόπεδον</span> <span class='ocrx_word' id='word_1_243' title='bbox 579 1001 610 1027; x_wconf 79' lang='grc' dir='ltr'>τὸ</span> <span class='ocrx_word' id='word_1_244' title='bbox 630 1002 731 1028; x_wconf 80' lang='grc' dir='ltr'>οἰκεῖον</span> <span class='ocrx_word' id='word_1_245' title='bbox 747 1002 910 1036; x_wconf 73' lang='grc' dir='ltr'>ἐπανῆλθον,</span> 
     </span>
    </p>
   </div>
   <div class='ocr_carea' id='block_1_38' title="bbox 121 1044 912 1080">
    <p class='ocr_par' dir='ltr' id='par_1_38' title="bbox 121 1044 912 1080">
     <span class='ocr_line' id='line_1_38' title="bbox 121 1044 912 1080; baseline 0.003 -10"><span class='ocrx_word' id='word_1_246' title='bbox 121 1045 153 1071; x_wconf 78' lang='grc' dir='ltr'>οὐ</span> <span class='ocrx_word' id='word_1_247' title='bbox 179 1044 261 1079; x_wconf 84' lang='grc' dir='ltr'>μόνον</span> <span class='ocrx_word' id='word_1_248' title='bbox 275 1044 382 1080; x_wconf 71' lang='grc' dir='ltr'>ἔχοντες</span> <span class='ocrx_word' id='word_1_249' title='bbox 398 1046 494 1080; x_wconf 81' lang='grc' dir='ltr'>μηδὲν,</span> <span class='ocrx_word' id='word_1_250' title='bbox 509 1046 577 1072; x_wconf 74' lang='grc' dir='ltr'>ἀλλὰ</span> <span class='ocrx_word' id='word_1_251' title='bbox 589 1046 637 1072; x_wconf 76' lang='grc' dir='ltr'>καὶ</span> <span class='ocrx_word' id='word_1_252' title='bbox 651 1047 704 1073; x_wconf 86' lang='grc' dir='ltr'>τῶν</span> <span class='ocrx_word' id='word_1_253' title='bbox 721 1046 912 1078; x_wconf 74' lang='grc' dir='ltr'>ίδίωνπολλοῦς</span> 
     </span>
    </p>
   </div>
   <div class='ocr_carea' id='block_1_39' title="bbox 122 1091 913 1128">
    <p class='ocr_par' dir='ltr' id='par_1_39' title="bbox 122 1091 913 1128">
     <span class='ocr_line' id='line_1_39' title="bbox 122 1091 913 1128; baseline 0.001 -9"><span class='ocrx_word' id='word_1_254' title='bbox 122 1092 319 1124; x_wconf 77' lang='grc' dir='ltr'>ἀποϐαλόντες.</span> <span class='ocrx_word' id='word_1_255' title='bbox 343 1091 517 1127; x_wconf 78' lang='grc' dir='ltr'>Ἀλέξανδρος</span> <span class='ocrx_word' id='word_1_256' title='bbox 528 1092 555 1118; x_wconf 73' lang='grc' dir='ltr'>δὲ</span> <span class='ocrx_word' id='word_1_257' title='bbox 574 1091 664 1119; x_wconf 84' lang='grc' dir='ltr'>καίτοι</span> <span class='ocrx_word' id='word_1_258' title='bbox 681 1093 814 1128; x_wconf 77' lang='grc' dir='ltr'>πρότερον</span> <span class='ocrx_word' id='word_1_259' title='bbox 828 1101 913 1120; x_wconf 88' lang='grc' dir='ltr'>κατα-</span> 
     </span>
    </p>
   </div>
   <div class='ocr_carea' id='block_1_40' title="bbox 123 1137 913 1174">
    <p class='ocr_par' dir='ltr' id='par_1_40' title="bbox 123 1137 913 1174">
     <span class='ocr_line' id='line_1_40' title="bbox 123 1137 913 1174; baseline 0 -10"><span class='ocrx_word' id='word_1_260' title='bbox 123 1137 298 1174; x_wconf 77' lang='grc' dir='ltr'>φρονητικῶς</span> <span class='ocrx_word' id='word_1_261' title='bbox 314 1138 383 1172; x_wconf 78' lang='grc' dir='ltr'>πρὸς</span> <span class='ocrx_word' id='word_1_262' title='bbox 414 1137 642 1172; x_wconf 78' lang='grc' dir='ltr'>Καντακουζηνὺν</span> <span class='ocrx_word' id='word_1_263' title='bbox 657 1139 703 1164; x_wconf 74' lang='grc' dir='ltr'>τὸν</span> <span class='ocrx_word' id='word_1_264' title='bbox 724 1138 838 1174; x_wconf 84' lang='grc' dir='ltr'>βασιλέα</span> <span class='ocrx_word' id='word_1_265' title='bbox 854 1138 913 1164; x_wconf 86' lang='grc' dir='ltr'>δια-</span> 
     </span>
    </p>
   </div>
   <div class='ocr_carea' id='block_1_41' title="bbox 124 1182 911 1219">
    <p class='ocr_par' dir='ltr' id='par_1_41' title="bbox 124 1182 911 1219">
     <span class='ocr_line' id='line_1_41' title="bbox 124 1182 911 1219; baseline -0.003 -8"><span class='ocrx_word' id='word_1_266' title='bbox 124 1184 265 1218; x_wconf 82' lang='grc' dir='ltr'>κείμενος,</span> <span class='ocrx_word' id='word_1_267' title='bbox 294 1182 339 1210; x_wconf 78' lang='grc' dir='ltr'>οἶα</span> <span class='ocrx_word' id='word_1_268' title='bbox 361 1184 394 1218; x_wconf 83' lang='grc' dir='ltr'>δὴ</span> <span class='ocrx_word' id='word_1_269' title='bbox 408 1183 531 1219; x_wconf 79' lang='grc' dir='ltr'>οίόμενος</span> <span class='ocrx_word' id='word_1_270' title='bbox 559 1184 626 1219; x_wconf 70' lang='grc' dir='ltr'>μηδὲ</span> <span class='ocrx_word' id='word_1_271' title='bbox 655 1183 734 1217; x_wconf 77' lang='grc' dir='ltr'>ὀλίγα</span> <span class='ocrx_word' id='word_1_272' title='bbox 761 1183 911 1219; x_wconf 81' lang='grc' dir='ltr'>δυνάμενον</span> 
     </span>
    </p>
   </div>
   <div class='ocr_carea' id='block_1_42' title="bbox 123 1228 914 1264">
    <p class='ocr_par' dir='ltr' id='par_1_42' title="bbox 123 1228 914 1264">
     <span class='ocr_line' id='line_1_42' title="bbox 123 1228 914 1264; baseline -0.003 -8"><span class='ocrx_word' id='word_1_273' title='bbox 123 1230 334 1257; x_wconf 78' lang='grc' dir='ltr'>ἀντιτάττεσθαι</span> <span class='ocrx_word' id='word_1_274' title='bbox 348 1229 415 1264; x_wconf 75' lang='grc' dir='ltr'>πρὸς</span> <span class='ocrx_word' id='word_1_275' title='bbox 429 1230 520 1262; x_wconf 80' lang='grc' dir='ltr'>αὑτὸν,</span> <span class='ocrx_word' id='word_1_276' title='bbox 533 1229 600 1263; x_wconf 76' lang='grc' dir='ltr'>πρὸς</span> <span class='ocrx_word' id='word_1_277' title='bbox 618 1228 657 1264; x_wconf 85' lang='grc' dir='ltr'>τῷ</span> <span class='ocrx_word' id='word_1_278' title='bbox 673 1229 810 1264; x_wconf 83' lang='grc' dir='ltr'>πληγῆναι</span> <span class='ocrx_word' id='word_1_279' title='bbox 823 1229 914 1264; x_wconf 64' lang='grc' dir='ltr'>ἀμφοε</span> 
     </span>
    </p>
   </div>
   <div class='ocr_carea' id='block_1_43' title="bbox 123 1274 914 1310">
    <p class='ocr_par' dir='ltr' id='par_1_43' title="bbox 123 1274 914 1310">
     <span class='ocr_line' id='line_1_43' title="bbox 123 1274 914 1310; baseline -0.003 -8"><span class='ocrx_word' id='word_1_280' title='bbox 123 1275 245 1310; x_wconf 81' lang='grc' dir='ltr'>τέρωθεν</span> <span class='ocrx_word' id='word_1_281' title='bbox 257 1275 309 1302; x_wconf 78' lang='grc' dir='ltr'><strong>ὑπὸ</strong></span> <span class='ocrx_word' id='word_1_282' title='bbox 321 1283 351 1301; x_wconf 87' lang='grc' dir='ltr'><strong>τε</strong></span> <span class='ocrx_word' id='word_1_283' title='bbox 369 1275 515 1309; x_wconf 83' lang='grc' dir='ltr'>Ῥωμαίων</span> <span class='ocrx_word' id='word_1_284' title='bbox 532 1275 579 1301; x_wconf 81' lang='grc' dir='ltr'><strong>καὶ</strong></span> <span class='ocrx_word' id='word_1_285' title='bbox 592 1275 706 1309; x_wconf 76' lang='grc' dir='ltr'>Περσῶν</span> <span class='ocrx_word' id='word_1_286' title='bbox 716 1294 724 1306; x_wconf 90' lang='grc'><strong>,</strong></span> <span class='ocrx_word' id='word_1_287' title='bbox 743 1275 784 1301; x_wconf 74' lang='grc' dir='ltr'>ἔτι</span> <span class='ocrx_word' id='word_1_288' title='bbox 809 1274 856 1302; x_wconf 77' lang='grc' dir='ltr'>καὶ</span> <span class='ocrx_word' id='word_1_289' title='bbox 868 1274 914 1301; x_wconf 78' lang='grc' dir='ltr'><strong>τὸν</strong></span> 
     </span>
    </p>
   </div>
   <div class='ocr_carea' id='block_1_44' title="bbox 125 1320 913 1357">
    <p class='ocr_par' dir='ltr' id='par_1_44' title="bbox 125 1320 913 1357">
     <span class='ocr_line' id='line_1_44' title="bbox 125 1320 913 1357; baseline -0.003 -9"><span class='ocrx_word' id='word_1_290' title='bbox 125 1321 240 1357; x_wconf 84' lang='grc' dir='ltr'>βασιλέα</span> <span class='ocrx_word' id='word_1_291' title='bbox 254 1321 406 1356; x_wconf 79' lang='grc' dir='ltr'>πυθόμενος</span> <span class='ocrx_word' id='word_1_292' title='bbox 420 1322 449 1347; x_wconf 76' lang='grc' dir='ltr'><strong>έν</strong></span> <span class='ocrx_word' id='word_1_293' title='bbox 463 1320 647 1356; x_wconf 86' lang='grc' dir='ltr'>Διδυμοτείχῳ</span> <span class='ocrx_word' id='word_1_294' title='bbox 662 1320 794 1356; x_wconf 79' lang='grc' dir='ltr'>στρατιᾶς</span> <span class='ocrx_word' id='word_1_295' title='bbox 811 1320 913 1355; x_wconf 80' lang='grc' dir='ltr'>πολλῆς</span> 
     </span>
    </p>
   </div>
   <div class='ocr_carea' id='block_1_45' title="bbox 125 1366 914 1402">
    <p class='ocr_par' dir='ltr' id='par_1_45' title="bbox 125 1366 914 1402">
     <span class='ocr_line' id='line_1_45' title="bbox 125 1366 914 1402; baseline -0.004 -7"><span class='ocrx_word' id='word_1_296' title='bbox 125 1369 175 1396; x_wconf 73' lang='grc' dir='ltr'>καὶ</span> <span class='ocrx_word' id='word_1_297' title='bbox 191 1367 296 1402; x_wconf 65' lang='grc' dir='ltr'>ἀγαθῆς</span> <span class='ocrx_word' id='word_1_298' title='bbox 314 1367 452 1401; x_wconf 83' lang='grc' dir='ltr'>εὐπορεῖν,</span> <span class='ocrx_word' id='word_1_299' title='bbox 469 1366 557 1393; x_wconf 71' lang='grc' dir='ltr'>ἑδεισε</span> <span class='ocrx_word' id='word_1_300' title='bbox 574 1367 621 1392; x_wconf 75' lang='grc' dir='ltr'>καὶ</span> <span class='ocrx_word' id='word_1_301' title='bbox 638 1368 702 1401; x_wconf 83' lang='grc' dir='ltr'>περὶ</span> <span class='ocrx_word' id='word_1_302' title='bbox 723 1366 778 1393; x_wconf 85' lang='grc' dir='ltr'><strong>τῶν</strong></span> <span class='ocrx_word' id='word_1_303' title='bbox 802 1366 914 1393; x_wconf 80' lang='grc' dir='ltr'>ὑπολοί-</span> 
     </span>
    </p>
   </div>
   <div class='ocr_carea' id='block_1_46' title="bbox 125 1411 914 1448">
    <p class='ocr_par' dir='ltr' id='par_1_46' title="bbox 125 1411 914 1448">
     <span class='ocr_line' id='line_1_46' title="bbox 125 1411 914 1448; baseline -0.004 -8"><span class='ocrx_word' id='word_1_304' title='bbox 125 1421 188 1440; x_wconf 78' lang='grc' dir='ltr'><strong>πων</strong></span> <span class='ocrx_word' id='word_1_305' title='bbox 204 1413 242 1448; x_wconf 80' lang='grc' dir='ltr'>μὴ</span> <span class='ocrx_word' id='word_1_306' title='bbox 256 1413 305 1438; x_wconf 85' lang='grc' dir='ltr'>οὐκ</span> <span class='ocrx_word' id='word_1_307' title='bbox 321 1413 361 1443; x_wconf 82' lang='grc' dir='ltr'><strong>εἰς</strong></span> <span class='ocrx_word' id='word_1_308' title='bbox 377 1411 479 1445; x_wconf 80' lang='grc' dir='ltr'>ἀγαθὸν</span> <span class='ocrx_word' id='word_1_309' title='bbox 504 1411 580 1446; x_wconf 77' lang='grc' dir='ltr'>αὐτῷ</span> <span class='ocrx_word' id='word_1_310' title='bbox 603 1412 619 1444; x_wconf 84' lang='grc' dir='ltr'>ὴ</span> <span class='ocrx_word' id='word_1_311' title='bbox 637 1411 721 1445; x_wconf 66' lang='grc' dir='ltr'>τόλμα</span> <span class='ocrx_word' id='word_1_312' title='bbox 737 1411 828 1446; x_wconf 78' lang='grc' dir='ltr'><strong>ἁποὸῇ</strong></span> <span class='ocrx_word' id='word_1_313' title='bbox 842 1419 848 1426; x_wconf 91' lang='grc'>·</span> <span class='ocrx_word' id='word_1_314' title='bbox 866 1411 914 1437; x_wconf 76' lang='grc' dir='ltr'>καὶ</span> 
     </span>
    </p>
   </div>
   <div class='ocr_carea' id='block_1_47' title="bbox 125 1456 913 1494">
    <p class='ocr_par' dir='ltr' id='par_1_47' title="bbox 125 1456 913 1494">
     <span class='ocr_line' id='line_1_47' title="bbox 125 1456 913 1494; baseline -0.001 -9"><span class='ocrx_word' id='word_1_315' title='bbox 125 1459 240 1494; x_wconf 69' lang='grc' dir='ltr'>πέμψας</span> <span class='ocrx_word' id='word_1_316' title='bbox 269 1456 427 1488; x_wconf 73' lang='grc' dir='ltr'>πρεσϐείαν,</span> <span class='ocrx_word' id='word_1_317' title='bbox 443 1457 578 1490; x_wconf 77' lang='grc' dir='ltr'>διελέγετο</span> <span class='ocrx_word' id='word_1_318' title='bbox 594 1457 656 1491; x_wconf 82' lang='grc' dir='ltr'>περὶ</span> <span class='ocrx_word' id='word_1_319' title='bbox 670 1456 791 1492; x_wconf 79' lang='grc' dir='ltr'>εἰρήνης.</span> <span class='ocrx_word' id='word_1_320' title='bbox 809 1457 869 1483; x_wconf 83' lang='grc' dir='ltr'><strong>Τῶν</strong></span> <span class='ocrx_word' id='word_1_321' title='bbox 885 1457 913 1484; x_wconf 84' lang='grc' dir='ltr'>δὲ</span> 
     </span>
    </p>
   </div>
   <div class='ocr_carea' id='block_1_48' title="bbox 125 1502 914 1541">
    <p class='ocr_par' dir='ltr' id='par_1_48' title="bbox 125 1502 914 1541">
     <span class='ocr_line' id='line_1_48' title="bbox 125 1502 914 1541; baseline -0.004 -9"><span class='ocrx_word' id='word_1_322' title='bbox 125 1504 234 1541; x_wconf 81' lang='grc' dir='ltr'>βασιλεῖ</span> <span class='ocrx_word' id='word_1_323' title='bbox 248 1504 382 1530; x_wconf 84' lang='grc' dir='ltr'>συνόντων</span> <span class='ocrx_word' id='word_1_324' title='bbox 395 1504 420 1530; x_wconf 88' lang='grc' dir='ltr'>οἱ</span> <span class='ocrx_word' id='word_1_325' title='bbox 439 1504 468 1529; x_wconf 72' lang='grc' dir='ltr'>ὲν</span> <span class='ocrx_word' id='word_1_326' title='bbox 491 1502 595 1538; x_wconf 57' lang='grc' dir='ltr'>ὴλικίᾳὶ</span> <span class='ocrx_word' id='word_1_327' title='bbox 607 1504 654 1529; x_wconf 77' lang='grc' dir='ltr'>καὶ</span> <span class='ocrx_word' id='word_1_328' title='bbox 674 1502 837 1538; x_wconf 84' lang='grc' dir='ltr'>θρασύτεροι</span> <span class='ocrx_word' id='word_1_329' title='bbox 865 1504 914 1534; x_wconf 83' lang='grc' dir='ltr'>τὰς</span> 
     </span>
    </p>
   </div>
   <div class='ocr_carea' id='block_1_49' title="bbox 124 1547 913 1587">
    <p class='ocr_par' dir='ltr' id='par_1_49' title="bbox 124 1547 913 1587">
     <span class='ocr_line' id='line_1_49' title="bbox 124 1547 913 1587; baseline -0.005 -9"><span class='ocrx_word' id='word_1_330' title='bbox 124 1551 217 1587; x_wconf 80' lang='grc' dir='ltr'>ὁρμὰς</span> <span class='ocrx_word' id='word_1_331' title='bbox 253 1550 290 1585; x_wconf 80' lang='grc' dir='ltr'>μὴ</span> <span class='ocrx_word' id='word_1_332' title='bbox 314 1549 439 1584; x_wconf 79' lang='grc' dir='ltr'>δέχεσθαι</span> <span class='ocrx_word' id='word_1_333' title='bbox 464 1547 603 1583; x_wconf 83' lang='grc' dir='ltr'>παρῄνουν</span> <span class='ocrx_word' id='word_1_334' title='bbox 628 1548 677 1583; x_wconf 86' lang='grc' dir='ltr'>τὴν</span> <span class='ocrx_word' id='word_1_335' title='bbox 707 1549 831 1584; x_wconf 76' lang='grc' dir='ltr'>εἰρήνην,</span> <span class='ocrx_word' id='word_1_336' title='bbox 852 1547 913 1576; x_wconf 81' lang='grc' dir='ltr'>ἀλλ’</span> 
     </span>
    </p>
   </div>
   <div class='ocr_carea' id='block_1_50' title="bbox 124 1593 914 1630">
    <p class='ocr_par' dir='ltr' id='par_1_50' title="bbox 124 1593 914 1630">
     <span class='ocr_line' id='line_1_50' title="bbox 124 1593 914 1630; baseline -0.004 -7"><span class='ocrx_word' id='word_1_337' title='bbox 124 1597 260 1630; x_wconf 72' lang='grc' dir='ltr'>ἐξώρμων</span> <span class='ocrx_word' id='word_1_338' title='bbox 286 1595 397 1630; x_wconf 78' lang='grc' dir='ltr'>βασιλέα</span> <span class='ocrx_word' id='word_1_339' title='bbox 416 1594 516 1630; x_wconf 81' lang='grc' dir='ltr'>μᾶλλον</span> <span class='ocrx_word' id='word_1_340' title='bbox 542 1593 611 1630; x_wconf 77' lang='grc' dir='ltr'>πρὸς</span> <span class='ocrx_word' id='word_1_341' title='bbox 630 1594 679 1628; x_wconf 85' lang='grc' dir='ltr'>τὴν</span> <span class='ocrx_word' id='word_1_342' title='bbox 701 1594 803 1629; x_wconf 87' lang='grc' dir='ltr'>μάχην.</span> <span class='ocrx_word' id='word_1_343' title='bbox 824 1593 854 1620; x_wconf 84' lang='lat'><strong>&#39;0</strong></span> <span class='ocrx_word' id='word_1_344' title='bbox 884 1594 914 1621; x_wconf 81' lang='grc' dir='ltr'>δὲ</span> 
     </span>
    </p>
   </div>
   <div class='ocr_carea' id='block_1_51' title="bbox 126 1640 915 1676">
    <p class='ocr_par' dir='ltr' id='par_1_51' title="bbox 126 1640 915 1676">
     <span class='ocr_line' id='line_1_51' title="bbox 126 1640 915 1676; baseline -0.004 -7"><span class='ocrx_word' id='word_1_345' title='bbox 126 1644 180 1670; x_wconf 82' lang='grc' dir='ltr'>οὐκ</span> <span class='ocrx_word' id='word_1_346' title='bbox 197 1642 331 1673; x_wconf 69' lang='grc' dir='ltr'>ἐπείθετο,</span> <span class='ocrx_word' id='word_1_347' title='bbox 347 1642 415 1676; x_wconf 82' lang='grc' dir='ltr'>πρὸς</span> <span class='ocrx_word' id='word_1_348' title='bbox 430 1640 506 1667; x_wconf 74' lang='grc' dir='ltr'>οὐδὲν</span> <span class='ocrx_word' id='word_1_349' title='bbox 520 1640 644 1675; x_wconf 80' lang='grc' dir='ltr'>οἰόμενος</span> <span class='ocrx_word' id='word_1_350' title='bbox 659 1640 706 1667; x_wconf 77' lang='grc' dir='ltr'><strong>τον</strong></span> <span class='ocrx_word' id='word_1_351' title='bbox 722 1641 839 1675; x_wconf 82' lang='grc' dir='ltr'>πόλεμον</span> <span class='ocrx_word' id='word_1_352' title='bbox 866 1640 915 1667; x_wconf 84' lang='grc' dir='ltr'><strong>αὒ-</strong></span> 
     </span>
    </p>
   </div>
   <div class='ocr_carea' id='block_1_52' title="bbox 126 1685 914 1722">
    <p class='ocr_par' dir='ltr' id='par_1_52' title="bbox 126 1685 914 1722">
     <span class='ocr_line' id='line_1_52' title="bbox 126 1685 914 1722; baseline -0.004 -7"><span class='ocrx_word' id='word_1_353' title='bbox 126 1690 188 1720; x_wconf 85' lang='grc' dir='ltr'>τοῖς</span> <span class='ocrx_word' id='word_1_354' title='bbox 203 1687 400 1722; x_wconf 78' lang='grc' dir='ltr'>λυσιτελήσειν.</span> <span class='ocrx_word' id='word_1_355' title='bbox 417 1686 447 1712; x_wconf 87' lang='lat' dir='ltr'><strong>El</strong></span> <span class='ocrx_word' id='word_1_356' title='bbox 463 1686 511 1721; x_wconf 77' lang='grc' dir='ltr'>μὲν</span> <span class='ocrx_word' id='word_1_357' title='bbox 527 1685 582 1721; x_wconf 84' lang='grc' dir='ltr'>γὰρ</span> <span class='ocrx_word' id='word_1_358' title='bbox 596 1686 666 1721; x_wconf 75' lang='grc' dir='ltr'>πρὸς</span> <span class='ocrx_word' id='word_1_359' title='bbox 684 1686 914 1720; x_wconf 76' lang='grc' dir='ltr'>μόνους,ἐφασκε.</span> 
     </span>
    </p>
   </div>
   <div class='ocr_carea' id='block_1_53' title="bbox 127 1729 913 1769">
    <p class='ocr_par' dir='ltr' id='par_1_53' title="bbox 127 1729 913 1769">
     <span class='ocr_line' id='line_1_53' title="bbox 127 1729 913 1769; baseline -0.005 -7"><span class='ocrx_word' id='word_1_360' title='bbox 127 1735 240 1765; x_wconf 79' lang='grc' dir='ltr'>Μυσοὺς</span> <span class='ocrx_word' id='word_1_361' title='bbox 257 1732 290 1769; x_wconf 81' lang='grc' dir='ltr'>ἢν</span> <span class='ocrx_word' id='word_1_362' title='bbox 302 1733 316 1759; x_wconf 86' lang='grc' dir='ltr'>ὁ</span> <span class='ocrx_word' id='word_1_363' title='bbox 329 1733 402 1767; x_wconf 82' lang='grc' dir='ltr'>ἀγὼν</span> <span class='ocrx_word' id='word_1_364' title='bbox 419 1733 496 1767; x_wconf 82' lang='grc' dir='ltr'>ἡμῖν,</span> <span class='ocrx_word' id='word_1_365' title='bbox 512 1729 586 1766; x_wconf 73' lang='grc' dir='ltr'>εἶχεν</span> <span class='ocrx_word' id='word_1_366' title='bbox 606 1733 638 1759; x_wconf 81' lang='grc' dir='ltr'>ἀν</span> <span class='ocrx_word' id='word_1_367' title='bbox 651 1740 713 1758; x_wconf 86' lang='grc' dir='ltr'>τινα</span> <span class='ocrx_word' id='word_1_368' title='bbox 726 1733 744 1767; x_wconf 84' lang='grc' dir='ltr'><strong>ἡ</strong></span> <span class='ocrx_word' id='word_1_369' title='bbox 757 1733 845 1767; x_wconf 88' lang='grc' dir='ltr'>τόλμα</span> <span class='ocrx_word' id='word_1_370' title='bbox 869 1731 913 1758; x_wconf 84' lang='grc' dir='ltr'>λό-</span> 
     </span>
    </p>
   </div>
   <div class='ocr_carea' id='block_1_54' title="bbox 128 1777 913 1816">
    <p class='ocr_par' dir='ltr' id='par_1_54' title="bbox 128 1777 913 1816">
     <span class='ocr_line' id='line_1_54' title="bbox 128 1777 913 1816; baseline -0.006 -8"><span class='ocrx_word' id='word_1_371' title='bbox 128 1788 197 1816; x_wconf 87' lang='grc' dir='ltr'>γον·</span> <span class='ocrx_word' id='word_1_372' title='bbox 215 1781 275 1807; x_wconf 75' lang='grc' dir='ltr'>νυνὶ</span> <span class='ocrx_word' id='word_1_373' title='bbox 292 1778 321 1806; x_wconf 75' lang='grc' dir='ltr'>δὲ</span> <span class='ocrx_word' id='word_1_374' title='bbox 341 1779 371 1805; x_wconf 79' lang='grc' dir='ltr'>οὐ</span> <span class='ocrx_word' id='word_1_375' title='bbox 390 1778 491 1813; x_wconf 79' lang='grc' dir='ltr'>μᾶλλον</span> <span class='ocrx_word' id='word_1_376' title='bbox 506 1778 618 1808; x_wconf 86' lang='grc' dir='ltr'>τούτους</span> <span class='ocrx_word' id='word_1_377' title='bbox 635 1777 720 1812; x_wconf 78' lang='grc' dir='ltr'>ἡμᾶς,</span> <span class='ocrx_word' id='word_1_378' title='bbox 736 1777 754 1811; x_wconf 79' lang='grc' dir='ltr'><strong>ἢ</strong></span> <span class='ocrx_word' id='word_1_379' title='bbox 770 1778 844 1809; x_wconf 77' lang='grc' dir='ltr'>ὅπως</span> <span class='ocrx_word' id='word_1_380' title='bbox 859 1778 913 1804; x_wconf 84' lang='grc' dir='ltr'><strong>Βυ-</strong></span> 
     </span>
    </p>
   </div>
   <div class='ocr_carea' id='block_1_55' title="bbox 129 1823 916 1861">
    <p class='ocr_par' dir='ltr' id='par_1_55' title="bbox 129 1823 916 1861">
     <span class='ocr_line' id='line_1_55' title="bbox 129 1823 916 1861; baseline -0.006 -7"><span class='ocrx_word' id='word_1_381' title='bbox 129 1826 256 1860; x_wconf 77' lang='grc' dir='ltr'>ζαντίους</span> <span class='ocrx_word' id='word_1_382' title='bbox 271 1823 450 1861; x_wconf 82' lang='grc' dir='ltr'>ἀμυνούμεθα</span> <span class='ocrx_word' id='word_1_383' title='bbox 462 1823 515 1859; x_wconf 80' lang='grc' dir='ltr'>χρὴ</span> <span class='ocrx_word' id='word_1_384' title='bbox 527 1825 650 1851; x_wconf 79' lang='grc' dir='ltr'>σκοπεῖν.</span> <span class='ocrx_word' id='word_1_385' title='bbox 669 1824 717 1849; x_wconf 78' lang='grc' dir='ltr'><strong>’Δν</strong></span> <span class='ocrx_word' id='word_1_386' title='bbox 728 1831 758 1849; x_wconf 88' lang='grc' dir='ltr'><strong>τε</strong></span> <span class='ocrx_word' id='word_1_387' title='bbox 767 1823 822 1858; x_wconf 84' lang='grc' dir='ltr'><strong>γὰρ</strong></span> <span class='ocrx_word' id='word_1_388' title='bbox 839 1824 916 1858; x_wconf 81' lang='grc' dir='ltr'>νική-</span> 
     </span>
    </p>
   </div>
   <div class='ocr_carea' id='block_1_56' title="bbox 131 1868 915 1907">
    <p class='ocr_par' dir='ltr' id='par_1_56' title="bbox 131 1868 915 1907">
     <span class='ocr_line' id='line_1_56' title="bbox 131 1868 915 1907; baseline -0.008 -7"><span class='ocrx_word' id='word_1_389' title='bbox 131 1880 227 1907; x_wconf 81' lang='grc' dir='ltr'>σωμεν</span> <span class='ocrx_word' id='word_1_390' title='bbox 238 1872 360 1904; x_wconf 78' lang='grc' dir='ltr'>Μυσοὺς,</span> <span class='ocrx_word' id='word_1_391' title='bbox 374 1870 451 1897; x_wconf 77' lang='grc' dir='ltr'>οὐδὲν</span> <span class='ocrx_word' id='word_1_392' title='bbox 470 1870 547 1895; x_wconf 65' lang='grc' dir='ltr'>ἔσται</span> <span class='ocrx_word' id='word_1_393' title='bbox 568 1869 662 1902; x_wconf 85' lang='grc' dir='ltr'>πλέον,</span> <span class='ocrx_word' id='word_1_394' title='bbox 680 1868 697 1903; x_wconf 81' lang='grc' dir='ltr'>ἢ</span> <span class='ocrx_word' id='word_1_395' title='bbox 717 1869 792 1900; x_wconf 86' lang='grc' dir='ltr'>ὃπως</span> <span class='ocrx_word' id='word_1_396' title='bbox 810 1868 915 1895; x_wconf 73' lang='grc' dir='ltr'>ὲνθένδι</span> 
     </span>
    </p>
   </div>
   <div class='ocr_carea' id='block_1_57' title="bbox 128 1914 915 1952">
    <p class='ocr_par' dir='ltr' id='par_1_57' title="bbox 128 1914 915 1952">
     <span class='ocr_line' id='line_1_57' title="bbox 128 1914 915 1952; baseline -0.006 -6"><span class='ocrx_word' id='word_1_397' title='bbox 128 1917 314 1952; x_wconf 78' lang='grc' dir='ltr'>ἀπελάσωμεν</span> <span class='ocrx_word' id='word_1_398' title='bbox 334 1924 342 1932; x_wconf 92' lang='grc'><strong>·</strong></span> <span class='ocrx_word' id='word_1_399' title='bbox 357 1917 426 1950; x_wconf 86' lang='grc' dir='ltr'>ὅπερ</span> <span class='ocrx_word' id='word_1_400' title='bbox 440 1915 532 1946; x_wconf 84' lang='grc' dir='ltr'>αὐτοῖς</span> <span class='ocrx_word' id='word_1_401' title='bbox 548 1914 653 1949; x_wconf 73' lang='grc' dir='ltr'>ἀνάγκη</span> <span class='ocrx_word' id='word_1_402' title='bbox 672 1914 816 1950; x_wconf 69' lang='grc' dir='ltr'>πράττειν,</span> <span class='ocrx_word' id='word_1_403' title='bbox 838 1914 871 1941; x_wconf 76' lang='grc' dir='ltr'>ἄν</span> <span class='ocrx_word' id='word_1_404' title='bbox 886 1923 915 1941; x_wconf 78' lang='grc' dir='ltr'>τι</span> 
     </span>
    </p>
   </div>
   <div class='ocr_carea' id='block_1_58' title="bbox 128 1957 914 1999">
    <p class='ocr_par' dir='ltr' id='par_1_58' title="bbox 128 1957 914 1999">
     <span class='ocr_line' id='line_1_58' title="bbox 128 1957 914 1999; baseline -0.006 -9"><span class='ocrx_word' id='word_1_405' title='bbox 128 1962 296 1999; x_wconf 79' lang='grc' dir='ltr'>ἡττηθῶσιν,</span> <span class='ocrx_word' id='word_1_406' title='bbox 316 1961 349 1989; x_wconf 81' lang='grc' dir='ltr'>ἀν</span> <span class='ocrx_word' id='word_1_407' title='bbox 367 1969 397 1987; x_wconf 87' lang='grc' dir='ltr'><strong>τε</strong></span> <span class='ocrx_word' id='word_1_408' title='bbox 430 1960 480 1995; x_wconf 89' lang='grc' dir='ltr'>μή.</span> <span class='ocrx_word' id='word_1_409' title='bbox 517 1960 580 1987; x_wconf 83' lang='grc' dir='ltr'>Ἐὰν</span> <span class='ocrx_word' id='word_1_410' title='bbox 604 1959 632 1986; x_wconf 71' lang='grc' dir='ltr'>δὲ</span> <span class='ocrx_word' id='word_1_411' title='bbox 654 1957 802 1994; x_wconf 72' lang='grc' dir='ltr'>ἡττώμεθα</span> <span class='ocrx_word' id='word_1_412' title='bbox 826 1959 914 1991; x_wconf 74' lang='grc' dir='ltr'>αὐτοὶ,</span> 
     </span>
    </p>
   </div>
   <div class='ocr_carea' id='block_1_59' title="bbox 127 2004 916 2043">
    <p class='ocr_par' dir='ltr' id='par_1_59' title="bbox 127 2004 916 2043">
     <span class='ocr_line' id='line_1_59' title="bbox 127 2004 916 2043; baseline -0.005 -8"><span class='ocrx_word' id='word_1_413' title='bbox 127 2009 224 2043; x_wconf 77' lang='grc' dir='ltr'>ὥσπερ</span> <span class='ocrx_word' id='word_1_414' title='bbox 237 2008 297 2034; x_wconf 83' lang='grc' dir='ltr'>καθ’</span> <span class='ocrx_word' id='word_1_415' title='bbox 313 2007 391 2042; x_wconf 79' lang='grc' dir='ltr'>ἡμῶν</span> <span class='ocrx_word' id='word_1_416' title='bbox 407 2006 497 2033; x_wconf 74' lang='grc' dir='ltr'>αὐτῶν</span> <span class='ocrx_word' id='word_1_417' title='bbox 515 2004 674 2039; x_wconf 71' lang='grc' dir='ltr'>ἐξεπίτηδες</span> <span class='ocrx_word' id='word_1_418' title='bbox 689 2004 916 2040; x_wconf 71' lang='grc' dir='ltr'>στρατηγήσομιν</span> 
     </span>
    </p>
   </div>
   <div class='ocr_carea' id='block_1_60' title="bbox 128 2050 916 2089">
    <p class='ocr_par' dir='ltr' id='par_1_60' title="bbox 128 2050 916 2089">
     <span class='ocr_line' id='line_1_60' title="bbox 128 2050 916 2089; baseline -0.008 -7"><span class='ocrx_word' id='word_1_419' title='bbox 128 2057 186 2083; x_wconf 76' lang='grc' dir='ltr'>τοῖς</span> <span class='ocrx_word' id='word_1_420' title='bbox 213 2053 364 2089; x_wconf 81' lang='grc' dir='ltr'>πολεμίοις.</span> <span class='ocrx_word' id='word_1_421' title='bbox 396 2052 477 2079; x_wconf 82' lang='grc' dir='ltr'>’Ὥστε</span> <span class='ocrx_word' id='word_1_422' title='bbox 498 2051 525 2078; x_wconf 85' lang='grc' dir='ltr'><strong>τί</strong></span> <span class='ocrx_word' id='word_1_423' title='bbox 545 2051 578 2078; x_wconf 74' lang='grc' dir='ltr'>ἂν</span> <span class='ocrx_word' id='word_1_424' title='bbox 605 2050 648 2086; x_wconf 73' lang='grc' dir='ltr'>εἴη</span> <span class='ocrx_word' id='word_1_425' title='bbox 672 2050 773 2085; x_wconf 77' lang='grc' dir='ltr'>μᾶλλον</span> <span class='ocrx_word' id='word_1_426' title='bbox 802 2051 916 2082; x_wconf 71' lang='grc' dir='ltr'>ἐκείνοις</span> 
     </span>
    </p>
   </div>
   <div class='ocr_carea' id='block_1_61' title="bbox 129 2096 916 2138">
    <p class='ocr_par' dir='ltr' id='par_1_61' title="bbox 129 2096 916 2138">
     <span class='ocr_line' id='line_1_61' title="bbox 129 2096 916 2138; baseline -0.009 -10"><span class='ocrx_word' id='word_1_427' title='bbox 129 2102 205 2138; x_wconf 76' lang='grc' dir='ltr'>ἥδιον</span> <span class='ocrx_word' id='word_1_428' title='bbox 215 2101 260 2127; x_wconf 77' lang='grc' dir='ltr'>καὶ</span> <span class='ocrx_word' id='word_1_429' title='bbox 270 2099 499 2133; x_wconf 83' lang='grc' dir='ltr'>λυσιτελέστερον,</span> <span class='ocrx_word' id='word_1_430' title='bbox 512 2097 528 2132; x_wconf 76' lang='grc' dir='ltr'>ἢ</span> <span class='ocrx_word' id='word_1_431' title='bbox 540 2097 613 2132; x_wconf 77' lang='grc' dir='ltr'>ἡμᾶς</span> <span class='ocrx_word' id='word_1_432' title='bbox 623 2097 721 2128; x_wconf 75' lang='grc' dir='ltr'>αὐτοὺς</span> <span class='ocrx_word' id='word_1_433' title='bbox 736 2096 782 2122; x_wconf 80' lang='grc' dir='ltr'><strong>ὑπ’</strong></span> <span class='ocrx_word' id='word_1_434' title='bbox 790 2096 916 2127; x_wconf 77' lang='grc' dir='ltr'>ἀδουλίας</span> 
     </span>
    </p>
   </div>
   <div class='ocr_carea' id='block_1_62' title="bbox 129 2141 913 2179">
    <p class='ocr_par' dir='ltr' id='par_1_62' title="bbox 129 2141 913 2179">
     <span class='ocr_line' id='line_1_62' title="bbox 129 2141 913 2179; baseline -0.008 -5"><span class='ocrx_word' id='word_1_435' title='bbox 129 2148 148 2174; x_wconf 79' lang='grc' dir='ltr'>ὃ.</span> <span class='ocrx_word' id='word_1_436' title='bbox 164 2146 278 2176; x_wconf 75' lang='grc' dir='ltr'>ἐκείνοις</span> <span class='ocrx_word' id='word_1_437' title='bbox 292 2144 373 2179; x_wconf 82' lang='grc' dir='ltr'>εὐχῆς</span> <span class='ocrx_word' id='word_1_438' title='bbox 384 2143 446 2176; x_wconf 70' lang='grc' dir='ltr'>ἄξια</span> <span class='ocrx_word' id='word_1_439' title='bbox 456 2142 609 2177; x_wconf 78' lang='grc' dir='ltr'>νομίζεται,</span> <span class='ocrx_word' id='word_1_440' title='bbox 627 2143 713 2168; x_wconf 81' lang='grc' dir='ltr'>ποιεῖν</span> <span class='ocrx_word' id='word_1_441' title='bbox 727 2150 735 2175; x_wconf 87' lang='lat'><strong>;</strong></span> <span class='ocrx_word' id='word_1_442' title='bbox 753 2141 858 2173; x_wconf 79' lang='grc' dir='ltr'>Ἄλλως</span> <span class='ocrx_word' id='word_1_443' title='bbox 873 2150 913 2175; x_wconf 82' lang='grc' dir='ltr'>τι,</span> 
     </span>
    </p>
   </div>
   <div class='ocr_carea' id='block_1_63' title="bbox 130 2188 916 2226">
    <p class='ocr_par' dir='ltr' id='par_1_63' title="bbox 130 2188 916 2226">
     <span class='ocr_line' id='line_1_63' title="bbox 130 2188 916 2226; baseline -0.006 -7"><span class='ocrx_word' id='word_1_444' title='bbox 130 2193 192 2220; x_wconf 75' lang='grc' dir='ltr'>οὐδὲ</span> <span class='ocrx_word' id='word_1_445' title='bbox 212 2191 390 2226; x_wconf 76' lang='grc' dir='ltr'>Ἀλεξάνδρου</span> <span class='ocrx_word' id='word_1_446' title='bbox 407 2189 546 2224; x_wconf 79' lang='grc' dir='ltr'>πρόφασιν</span> <span class='ocrx_word' id='word_1_447' title='bbox 572 2190 639 2224; x_wconf 80' lang='grc' dir='ltr'>ἡμῖν</span> <span class='ocrx_word' id='word_1_448' title='bbox 653 2189 761 2215; x_wconf 86' lang='grc' dir='ltr'>δικαίαν</span> <span class='ocrx_word' id='word_1_449' title='bbox 782 2188 850 2222; x_wconf 75' lang='grc' dir='ltr'>πρὸς</span> <span class='ocrx_word' id='word_1_450' title='bbox 870 2189 916 2214; x_wconf 73' lang='grc' dir='ltr'><strong>τὸν</strong></span> 
     </span>
    </p>
   </div>
   <div class='ocr_carea' id='block_1_64' title="bbox 130 2233 953 2273">
    <p class='ocr_par' dir='ltr' id='par_1_64' title="bbox 130 2233 953 2273">
     <span class='ocr_line' id='line_1_64' title="bbox 130 2233 953 2273; baseline -0.007 -8"><span class='ocrx_word' id='word_1_451' title='bbox 130 2238 249 2273; x_wconf 79' lang='grc' dir='ltr'>πόλεμον</span> <span class='ocrx_word' id='word_1_452' title='bbox 274 2236 495 2272; x_wconf 78' lang='grc' dir='ltr'>παρεσχημένου,</span> <span class='ocrx_word' id='word_1_453' title='bbox 510 2234 670 2269; x_wconf 81' lang='grc' dir='ltr'>ἀδικοίημεν</span> <span class='ocrx_word' id='word_1_454' title='bbox 692 2234 725 2261; x_wconf 79' lang='grc' dir='ltr'>ἂν</span> <span class='ocrx_word' id='word_1_455' title='bbox 752 2234 777 2260; x_wconf 85' lang='grc' dir='ltr'><strong>εί</strong></span> <span class='ocrx_word' id='word_1_456' title='bbox 804 2233 843 2269; x_wconf 82' lang='grc' dir='ltr'>μὴ</span> <span class='ocrx_word' id='word_1_457' title='bbox 856 2234 915 2260; x_wconf 83' lang='grc' dir='ltr'>δια-</span> <span class='ocrx_word' id='word_1_458' title='bbox 930 2239 953 2268; x_wconf 78' lang='grc' dir='ltr'><strong>ι)</strong></span> 
     </span>
    </p>
   </div>
   <div class='ocr_carea' id='block_1_65' title="bbox 130 2279 911 2316">
    <p class='ocr_par' dir='ltr' id='par_1_65' title="bbox 130 2279 911 2316">
     <span class='ocr_line' id='line_1_65' title="bbox 130 2279 911 2316; baseline -0.008 -6"><span class='ocrx_word' id='word_1_459' title='bbox 130 2283 244 2310; x_wconf 85' lang='grc' dir='ltr'>λύεσθαι</span> <span class='ocrx_word' id='word_1_460' title='bbox 262 2281 412 2316; x_wconf 71' lang='grc' dir='ltr'>ἐθέλοιμεν.</span> <span class='ocrx_word' id='word_1_461' title='bbox 428 2280 465 2306; x_wconf 86' lang='grc' dir='ltr'><strong>Οὺ</strong></span> <span class='ocrx_word' id='word_1_462' title='bbox 479 2279 533 2314; x_wconf 84' lang='grc' dir='ltr'><strong>γὰρ</strong></span> <span class='ocrx_word' id='word_1_463' title='bbox 547 2280 613 2314; x_wconf 84' lang='grc' dir='ltr'>ἡμῖν</span> <span class='ocrx_word' id='word_1_464' title='bbox 631 2287 664 2313; x_wconf 89' lang='grc' dir='ltr'><strong>γε</strong></span> <span class='ocrx_word' id='word_1_465' title='bbox 683 2279 911 2313; x_wconf 68' lang='grc' dir='ltr'>ἐπεστράτευσεν,</span> 
     </span>
    </p>
   </div>
   <div class='ocr_carea' id='block_1_66' title="bbox 130 2324 914 2362">
    <p class='ocr_par' dir='ltr' id='par_1_66' title="bbox 130 2324 914 2362">
     <span class='ocr_line' id='line_1_66' title="bbox 130 2324 914 2362; baseline -0.008 -6"><span class='ocrx_word' id='word_1_466' title='bbox 130 2330 189 2356; x_wconf 78' lang='grc' dir='ltr'>ἀλλ’</span> <span class='ocrx_word' id='word_1_467' title='bbox 204 2327 246 2362; x_wconf 81' lang='grc' dir='ltr'><strong>ἐφ’</strong></span> <span class='ocrx_word' id='word_1_468' title='bbox 272 2327 369 2362; x_wconf 75' lang='grc' dir='ltr'>ἑτέραν</span> <span class='ocrx_word' id='word_1_469' title='bbox 400 2326 537 2361; x_wconf 79' lang='grc' dir='ltr'>πρόφασιν</span> <span class='ocrx_word' id='word_1_470' title='bbox 569 2325 664 2357; x_wconf 72' lang='grc' dir='ltr'>ἐλθὼν,</span> <span class='ocrx_word' id='word_1_471' title='bbox 693 2325 768 2351; x_wconf 79' lang='grc' dir='ltr'>ἄκων</span> <span class='ocrx_word' id='word_1_472' title='bbox 797 2324 914 2359; x_wconf 70' lang='grc' dir='ltr'>ἔϐλαψεν</span> 
     </span>
    </p>
   </div>
   <div class='ocr_carea' id='block_1_67' title="bbox 131 2368 914 2410">
    <p class='ocr_par' dir='ltr' id='par_1_67' title="bbox 131 2368 914 2410">
     <span class='ocr_line' id='line_1_67' title="bbox 131 2368 914 2410; baseline -0.009 -9"><span class='ocrx_word' id='word_1_473' title='bbox 131 2375 217 2410; x_wconf 78' lang='grc' dir='ltr'>ἡμᾶς,</span> <span class='ocrx_word' id='word_1_474' title='bbox 241 2372 311 2399; x_wconf 81' lang='grc' dir='ltr'>ὥστε</span> <span class='ocrx_word' id='word_1_475' title='bbox 324 2372 371 2398; x_wconf 77' lang='grc' dir='ltr'>καὶ</span> <span class='ocrx_word' id='word_1_476' title='bbox 387 2372 419 2398; x_wconf 81' lang='grc' dir='ltr'>ὲκ</span> <span class='ocrx_word' id='word_1_477' title='bbox 438 2371 483 2397; x_wconf 85' lang='grc' dir='ltr'>τοῦ</span> <span class='ocrx_word' id='word_1_478' title='bbox 498 2370 536 2406; x_wconf 79' lang='grc' dir='ltr'>μὴ</span> <span class='ocrx_word' id='word_1_479' title='bbox 550 2369 700 2397; x_wconf 80' lang='grc' dir='ltr'>λυσιτελεῖν</span> <span class='ocrx_word' id='word_1_480' title='bbox 713 2370 781 2404; x_wconf 79' lang='grc' dir='ltr'>ἡμῖν</span> <span class='ocrx_word' id='word_1_481' title='bbox 796 2369 841 2395; x_wconf 75' lang='grc' dir='ltr'><strong>τὸν</strong></span> <span class='ocrx_word' id='word_1_482' title='bbox 863 2368 914 2395; x_wconf 90' lang='grc' dir='ltr'>πό-</span> 
     </span>
    </p>
   </div>
   <div class='ocr_carea' id='block_1_68' title="bbox 131 2414 914 2454">
    <p class='ocr_par' dir='ltr' id='par_1_68' title="bbox 131 2414 914 2454">
     <span class='ocr_line' id='line_1_68' title="bbox 131 2414 914 2454; baseline -0.008 -8"><span class='ocrx_word' id='word_1_483' title='bbox 131 2420 226 2454; x_wconf 86' lang='grc' dir='ltr'>λεμον,</span> <span class='ocrx_word' id='word_1_484' title='bbox 241 2419 289 2444; x_wconf 75' lang='grc' dir='ltr'>καὶ</span> <span class='ocrx_word' id='word_1_485' title='bbox 311 2417 343 2443; x_wconf 83' lang='grc' dir='ltr'>ὲκ</span> <span class='ocrx_word' id='word_1_486' title='bbox 361 2416 408 2443; x_wconf 86' lang='grc' dir='ltr'>τοῦ</span> <span class='ocrx_word' id='word_1_487' title='bbox 434 2416 472 2451; x_wconf 85' lang='grc' dir='ltr'>μὴ</span> <span class='ocrx_word' id='word_1_488' title='bbox 490 2416 625 2451; x_wconf 82' lang='grc' dir='ltr'>πρόφασιν</span> <span class='ocrx_word' id='word_1_489' title='bbox 640 2415 749 2442; x_wconf 83' lang='grc' dir='ltr'>δικαίαν</span> <span class='ocrx_word' id='word_1_490' title='bbox 763 2414 914 2449; x_wconf 75' lang='grc' dir='ltr'>εἰληφέναι,</span> 
     </span>
    </p>
   </div>
   <div class='ocr_carea' id='block_1_69' title="bbox 132 2460 915 2501">
    <p class='ocr_par' dir='ltr' id='par_1_69' title="bbox 132 2460 915 2501">
     <span class='ocr_line' id='line_1_69' title="bbox 132 2460 915 2501; baseline -0.009 -9"><span class='ocrx_word' id='word_1_491' title='bbox 132 2466 181 2501; x_wconf 79' lang='grc' dir='ltr'>τὴν</span> <span class='ocrx_word' id='word_1_492' title='bbox 195 2465 307 2500; x_wconf 85' lang='grc' dir='ltr'>εἰρήνην</span> <span class='ocrx_word' id='word_1_493' title='bbox 327 2463 427 2498; x_wconf 83' lang='grc' dir='ltr'>μᾶλλον</span> <span class='ocrx_word' id='word_1_494' title='bbox 440 2461 573 2496; x_wconf 78' lang='grc' dir='ltr'>αἱρετέον.</span> <span class='ocrx_word' id='word_1_495' title='bbox 587 2460 706 2488; x_wconf 84' lang='grc' dir='ltr'>Τοιαῦτα</span> <span class='ocrx_word' id='word_1_496' title='bbox 732 2460 827 2493; x_wconf 81' lang='grc' dir='ltr'>εἰπὼν,</span> <span class='ocrx_word' id='word_1_497' title='bbox 851 2460 915 2492; x_wconf 79' lang='grc' dir='ltr'>τοὺς</span> 
     </span>
    </p>
   </div>
   <div class='ocr_carea' id='block_1_70' title="bbox 134 2507 916 2547">
    <p class='ocr_par' dir='ltr' id='par_1_70' title="bbox 134 2507 916 2547">
     <span class='ocr_line' id='line_1_70' title="bbox 134 2507 916 2547; baseline -0.009 -8"><span class='ocrx_word' id='word_1_498' title='bbox 134 2511 261 2547; x_wconf 76' lang='grc' dir='ltr'>πρέσϐεις</span> <span class='ocrx_word' id='word_1_499' title='bbox 274 2509 482 2546; x_wconf 81' lang='grc' dir='ltr'>προσεκαλεῖτο,</span> <span class='ocrx_word' id='word_1_500' title='bbox 510 2508 558 2535; x_wconf 82' lang='grc' dir='ltr'><strong>καὶ</strong></span> <span class='ocrx_word' id='word_1_501' title='bbox 572 2507 741 2543; x_wconf 73' lang='grc' dir='ltr'>ἐχρημάτιζε</span> <span class='ocrx_word' id='word_1_502' title='bbox 757 2508 820 2542; x_wconf 83' lang='grc' dir='ltr'>περὶ</span> <span class='ocrx_word' id='word_1_503' title='bbox 835 2515 916 2533; x_wconf 85' lang='grc' dir='ltr'>σπον-</span> 
     </span>
    </p>
   </div>
   <div class='ocr_carea' id='block_1_71' title="bbox 132 2552 913 2588">
    <p class='ocr_par' dir='ltr' id='par_1_71' title="bbox 132 2552 913 2588">
     <span class='ocr_line' id='line_1_71' title="bbox 132 2552 913 2588; baseline -0.008 -4"><span class='ocrx_word' id='word_1_504' title='bbox 132 2559 196 2584; x_wconf 83' lang='grc' dir='ltr'>δῶν.</span> <span class='ocrx_word' id='word_1_505' title='bbox 213 2558 266 2584; x_wconf 65' lang='grc' dir='ltr'><strong>Καὶ</strong></span> <span class='ocrx_word' id='word_1_506' title='bbox 292 2556 354 2583; x_wconf 67' lang='grc' dir='ltr'>ἐπεὶ</span> <span class='ocrx_word' id='word_1_507' title='bbox 380 2555 500 2582; x_wconf 73' lang='grc' dir='ltr'>κάκεῖνοι</span> <span class='ocrx_word' id='word_1_508' title='bbox 523 2553 682 2581; x_wconf 76' lang='grc' dir='ltr'>διαλύεσθαι</span> <span class='ocrx_word' id='word_1_509' title='bbox 711 2552 779 2588; x_wconf 74' lang='grc' dir='ltr'>ἦσαν</span> <span class='ocrx_word' id='word_1_510' title='bbox 797 2553 913 2587; x_wconf 71' lang='grc' dir='ltr'>ἕτοιμοι,</span> 
     </span>
    </p>
   </div>
   <div class='ocr_carea' id='block_1_72' title="bbox 134 2599 917 2637">
    <p class='ocr_par' dir='ltr' id='par_1_72' title="bbox 134 2599 917 2637">
     <span class='ocr_line' id='line_1_72' title="bbox 134 2599 917 2637; baseline -0.008 -7"><span class='ocrx_word' id='word_1_511' title='bbox 134 2604 224 2632; x_wconf 64' lang='grc' dir='ltr'>αὐτοῖς</span> <span class='ocrx_word' id='word_1_512' title='bbox 255 2602 305 2637; x_wconf 68' lang='grc' dir='ltr'>μὲν</span> <span class='ocrx_word' id='word_1_513' title='bbox 326 2601 401 2636; x_wconf 84' lang='grc' dir='ltr'>δῶρα</span> <span class='ocrx_word' id='word_1_514' title='bbox 423 2600 575 2636; x_wconf 88' lang='grc' dir='ltr'>παρασχὼν</span> <span class='ocrx_word' id='word_1_515' title='bbox 590 2620 598 2632; x_wconf 91' lang='grc'><strong>,</strong></span> <span class='ocrx_word' id='word_1_516' title='bbox 630 2599 794 2634; x_wconf 83' lang='grc' dir='ltr'>ἀπέπεμπεν</span> <span class='ocrx_word' id='word_1_517' title='bbox 824 2600 863 2630; x_wconf 83' lang='grc' dir='ltr'><strong>εἰς</strong></span> <span class='ocrx_word' id='word_1_518' title='bbox 886 2599 917 2625; x_wconf 81' lang='grc' dir='ltr'>τὸ</span> 
     </span>
    </p>
   </div>
   <div class='ocr_carea' id='block_1_73' title="bbox 135 2645 915 2685">
    <p class='ocr_par' dir='ltr' id='par_1_73' title="bbox 135 2645 915 2685">
     <span class='ocr_line' id='line_1_73' title="bbox 135 2645 915 2685; baseline -0.009 -9"><span class='ocrx_word' id='word_1_519' title='bbox 135 2648 324 2685; x_wconf 66' lang='grc' dir='ltr'>στρατόπεδον.</span> <span class='ocrx_word' id='word_1_520' title='bbox 350 2647 501 2683; x_wconf 78' lang='grc' dir='ltr'>Πρεσῦείαν</span> <span class='ocrx_word' id='word_1_521' title='bbox 518 2646 546 2672; x_wconf 79' lang='grc' dir='ltr'>δὲ</span> <span class='ocrx_word' id='word_1_522' title='bbox 574 2645 685 2680; x_wconf 74' lang='grc' dir='ltr'>πέμψας</span> <span class='ocrx_word' id='word_1_523' title='bbox 703 2645 770 2679; x_wconf 80' lang='grc' dir='ltr'>πρὸς</span> <span class='ocrx_word' id='word_1_524' title='bbox 790 2645 915 2677; x_wconf 80' lang='grc' dir='ltr'>Ἀλέξαν-</span> 
     </span>
    </p>
   </div>
   <div class='ocr_carea' id='block_1_74' title="bbox 121 2691 915 2732">
    <p class='ocr_par' dir='ltr' id='par_1_74' title="bbox 121 2691 915 2732">
     <span class='ocr_line' id='line_1_74' title="bbox 121 2691 915 2732; baseline -0.008 -10"><span class='ocrx_word' id='word_1_525' title='bbox 121 2695 207 2732; x_wconf 69' lang='grc' dir='ltr'>δρον,</span> <span class='ocrx_word' id='word_1_526' title='bbox 225 2695 270 2730; x_wconf 75' lang='grc' dir='ltr'>καὶ</span> <span class='ocrx_word' id='word_1_527' title='bbox 284 2693 364 2724; x_wconf 82' lang='grc' dir='ltr'>αὐτὸς</span> <span class='ocrx_word' id='word_1_528' title='bbox 389 2692 514 2719; x_wconf 70' lang='grc' dir='ltr'>ὲὸεὸαίου</span> <span class='ocrx_word' id='word_1_529' title='bbox 527 2691 576 2722; x_wconf 84' lang='grc' dir='ltr'>τὰς</span> <span class='ocrx_word' id='word_1_530' title='bbox 592 2691 719 2722; x_wconf 74' lang='grc' dir='ltr'>σπονδάς.</span> <span class='ocrx_word' id='word_1_531' title='bbox 740 2691 915 2726; x_wconf 82' lang='grc' dir='ltr'>Βουλομένων</span> 
     </span>
    </p>
   </div>
   <div class='ocr_carea' id='block_1_75' title="bbox 135 2738 917 2774">
    <p class='ocr_par' dir='ltr' id='par_1_75' title="bbox 135 2738 917 2774">
     <span class='ocr_line' id='line_1_75' title="bbox 135 2738 917 2774; baseline -0.004 -7"><span class='ocrx_word' id='word_1_532' title='bbox 135 2741 164 2767; x_wconf 76' lang='grc' dir='ltr'>δὲ</span> <span class='ocrx_word' id='word_1_533' title='bbox 178 2741 232 2767; x_wconf 86' lang='grc' dir='ltr'>τῶν</span> <span class='ocrx_word' id='word_1_534' title='bbox 251 2739 385 2774; x_wconf 79' lang='grc' dir='ltr'>βασιλέων</span> <span class='ocrx_word' id='word_1_535' title='bbox 400 2740 446 2766; x_wconf 75' lang='grc' dir='ltr'><strong>καὶ</strong></span> <span class='ocrx_word' id='word_1_536' title='bbox 471 2738 596 2773; x_wconf 81' lang='grc' dir='ltr'>ἀλλήλοις</span> <span class='ocrx_word' id='word_1_537' title='bbox 614 2738 750 2764; x_wconf 83' lang='grc' dir='ltr'>συνελθεῖν</span> <span class='ocrx_word' id='word_1_538' title='bbox 765 2738 809 2764; x_wconf 83' lang='grc' dir='ltr'>ἐπι</span> <span class='ocrx_word' id='word_1_539' title='bbox 826 2738 917 2772; x_wconf 75' lang='grc' dir='ltr'>φιλίας</span> 
     </span>
    </p>
   </div>
   <div class='ocr_carea' id='block_1_76' title="bbox 137 2784 916 2821">
    <p class='ocr_par' dir='ltr' id='par_1_76' title="bbox 137 2784 916 2821">
     <span class='ocr_line' id='line_1_76' title="bbox 137 2784 916 2821; baseline -0.004 -9"><span class='ocrx_word' id='word_1_540' title='bbox 137 2788 236 2821; x_wconf 71' lang='grc' dir='ltr'>μᾶλλον</span> <span class='ocrx_word' id='word_1_541' title='bbox 249 2785 401 2821; x_wconf 76' lang='grc' dir='ltr'>βεϐαιώσει,</span> <span class='ocrx_word' id='word_1_542' title='bbox 418 2784 581 2811; x_wconf 77' lang='grc' dir='ltr'>διεκώλυσεν</span> <span class='ocrx_word' id='word_1_543' title='bbox 601 2785 614 2810; x_wconf 79' lang='grc' dir='ltr'>ὁ</span> <span class='ocrx_word' id='word_1_544' title='bbox 637 2784 741 2818; x_wconf 84' lang='grc' dir='ltr'>χειμὼν</span> <span class='ocrx_word' id='word_1_545' title='bbox 755 2784 916 2818; x_wconf 75' lang='grc' dir='ltr'>ἐπιγενόμε-</span> 
     </span>
    </p>
   </div>
   <div class='ocr_carea' id='block_1_77' title="bbox 137 2829 918 2867">
    <p class='ocr_par' dir='ltr' id='par_1_77' title="bbox 137 2829 918 2867">
     <span class='ocr_line' id='line_1_77' title="bbox 137 2829 918 2867; baseline -0.004 -8"><span class='ocrx_word' id='word_1_546' title='bbox 137 2842 179 2864; x_wconf 78' lang='grc' dir='ltr'><strong>νος</strong></span> <span class='ocrx_word' id='word_1_547' title='bbox 196 2832 328 2867; x_wconf 72' lang='grc' dir='ltr'>σφοδρός·</span> <span class='ocrx_word' id='word_1_548' title='bbox 346 2832 390 2865; x_wconf 83' lang='grc' dir='ltr'><strong>ὑφ’</strong></span> <span class='ocrx_word' id='word_1_549' title='bbox 417 2829 447 2857; x_wconf 75' lang='grc' dir='ltr'><strong>οὗ</strong></span> <span class='ocrx_word' id='word_1_550' title='bbox 475 2831 512 2864; x_wconf 85' lang='grc' dir='ltr'>μὴ</span> <span class='ocrx_word' id='word_1_551' title='bbox 534 2830 682 2865; x_wconf 81' lang='grc' dir='ltr'>δυνάμενον</span> <span class='ocrx_word' id='word_1_552' title='bbox 703 2829 734 2856; x_wconf 76' lang='grc' dir='ltr'>τὸ</span> <span class='ocrx_word' id='word_1_553' title='bbox 760 2831 918 2864; x_wconf 81' lang='grc' dir='ltr'>στράτευμα</span> 
     </span>
    </p>
   </div>
   <div class='ocr_carea' id='block_1_78' title="bbox 137 2875 918 2912">
    <p class='ocr_par' dir='ltr' id='par_1_78' title="bbox 137 2875 918 2912">
     <span class='ocr_line' id='line_1_78' title="bbox 137 2875 918 2912; baseline -0.005 -7"><span class='ocrx_word' id='word_1_554' title='bbox 137 2877 239 2905; x_wconf 77' lang='grc' dir='ltr'>Μυσῶν</span> <span class='ocrx_word' id='word_1_555' title='bbox 265 2877 455 2912; x_wconf 82' lang='grc' dir='ltr'>διακαρτερεῖν</span> <span class='ocrx_word' id='word_1_556' title='bbox 481 2876 527 2901; x_wconf 70' lang='grc' dir='ltr'><strong>ἐπὶ</strong></span> <span class='ocrx_word' id='word_1_557' title='bbox 543 2877 656 2911; x_wconf 82' lang='grc' dir='ltr'>σκηναῖς</span> <span class='ocrx_word' id='word_1_558' title='bbox 680 2875 858 2909; x_wconf 75' lang='grc' dir='ltr'>ἀνεζεύγνυον</span> <span class='ocrx_word' id='word_1_559' title='bbox 878 2876 918 2907; x_wconf 82' lang='lat' dir='ltr'><strong>el;</strong></span> 
     </span>
    </p>
   </div>
   <div class='ocr_carea' id='block_1_79' title="bbox 248 2921 570 2960">
    <p class='ocr_par' dir='ltr' id='par_1_79' title="bbox 248 2921 570 2960">
     <span class='ocr_line' id='line_1_79' title="bbox 248 2921 570 2960; baseline -0.012 -6"><span class='ocrx_word' id='word_1_560' title='bbox 248 2926 383 2960; x_wconf 58' lang='grc' dir='ltr'>ΡΑτιιοιν</span> <span class='ocrx_word' id='word_1_561' title='bbox 400 2925 459 2953; x_wconf 62' lang='grc' dir='ltr'><strong>(ἓν.</strong></span> <span class='ocrx_word' id='word_1_562' title='bbox 473 2921 570 2952; x_wconf 80' lang='lat' dir='ltr'><strong>CLIII.</strong></span> 
     </span>
    </p>
   </div>
   <div class='ocr_carea' id='block_1_80' title="bbox 962 956 1749 995">
    <p class='ocr_par' dir='ltr' id='par_1_80' title="bbox 962 956 1749 995">
     <span class='ocr_line' id='line_1_80' title="bbox 962 956 1749 995; baseline 0.009 -14"><span class='ocrx_word' id='word_1_563' title='bbox 962 956 1086 983; x_wconf 85' lang='lat' dir='ltr'><strong>eveniret</strong></span> <span class='ocrx_word' id='word_1_564' title='bbox 1116 957 1240 989; x_wconf 83' lang='lat' dir='ltr'><strong>audacia,</strong></span> <span class='ocrx_word' id='word_1_565' title='bbox 1265 957 1412 992; x_wconf 83' lang='lat' dir='ltr'><strong>missisque</strong></span> <span class='ocrx_word' id='word_1_566' title='bbox 1441 959 1604 986; x_wconf 81' lang='lat' dir='ltr'><strong>oratoribus.</strong></span> <span class='ocrx_word' id='word_1_567' title='bbox 1623 960 1656 987; x_wconf 93' lang='lat' dir='ltr'><strong>de</strong></span> <span class='ocrx_word' id='word_1_568' title='bbox 1681 968 1749 995; x_wconf 85' lang='lat' dir='ltr'><strong>pace</strong></span> 
     </span>
    </p>
   </div>
   <div class='ocr_carea' id='block_1_81' title="bbox 962 999 1749 1038">
    <p class='ocr_par' dir='ltr' id='par_1_81' title="bbox 962 999 1749 1038">
     <span class='ocr_line' id='line_1_81' title="bbox 962 999 1749 1038; baseline 0.006 -12"><span class='ocrx_word' id='word_1_569' title='bbox 962 999 1028 1035; x_wconf 84' lang='lat' dir='ltr'><strong>egit.</strong></span> <span class='ocrx_word' id='word_1_570' title='bbox 1041 999 1106 1033; x_wconf 67' lang='lat' dir='ltr'><strong>Quae</strong></span> <span class='ocrx_word' id='word_1_571' title='bbox 1122 1001 1281 1036; x_wconf 82' lang='lat' dir='ltr'><strong>imperatori</strong></span> <span class='ocrx_word' id='word_1_572' title='bbox 1297 1002 1432 1029; x_wconf 78' lang='lat' dir='ltr'><strong>militabat</strong></span> <span class='ocrx_word' id='word_1_573' title='bbox 1442 1001 1749 1038; x_wconf 60' lang='lat' dir='ltr'><strong>juvetitus,a‘tatisrer-</strong></span> 
     </span>
    </p>
   </div>
   <div class='ocr_carea' id='block_1_82' title="bbox 963 1047 1747 1085">
    <p class='ocr_par' dir='ltr' id='par_1_82' title="bbox 963 1047 1747 1085">
     <span class='ocr_line' id='line_1_82' title="bbox 963 1047 1747 1085; baseline 0.006 -12"><span class='ocrx_word' id='word_1_574' title='bbox 963 1054 1028 1074; x_wconf 87' lang='lat' dir='ltr'><strong>vore</strong></span> <span class='ocrx_word' id='word_1_575' title='bbox 1044 1047 1204 1080; x_wconf 82' lang='lat' dir='ltr'><strong>animosior,</strong></span> <span class='ocrx_word' id='word_1_576' title='bbox 1232 1055 1327 1083; x_wconf 85' lang='lat' dir='ltr'><strong>pacem</strong></span> <span class='ocrx_word' id='word_1_577' title='bbox 1357 1049 1525 1083; x_wconf 83' lang='lat' dir='ltr'><strong>dissuadere,</strong></span> <span class='ocrx_word' id='word_1_578' title='bbox 1548 1052 1690 1085; x_wconf 78' lang='lat' dir='ltr'><strong>magisque</strong></span> <span class='ocrx_word' id='word_1_579' title='bbox 1713 1053 1747 1079; x_wconf 64' lang='lat' dir='ltr'><strong>aut</strong></span> 
     </span>
    </p>
   </div>
   <div class='ocr_carea' id='block_1_83' title="bbox 962 1093 1749 1130">
    <p class='ocr_par' dir='ltr' id='par_1_83' title="bbox 962 1093 1749 1130">
     <span class='ocr_line' id='line_1_83' title="bbox 962 1093 1749 1130; baseline 0.006 -11"><span class='ocrx_word' id='word_1_580' title='bbox 962 1093 1087 1127; x_wconf 71' lang='lat' dir='ltr'><strong>prmlium</strong></span> <span class='ocrx_word' id='word_1_581' title='bbox 1116 1094 1267 1128; x_wconf 79' lang='lat' dir='ltr'><strong>impellere.</strong></span> <span class='ocrx_word' id='word_1_582' title='bbox 1299 1094 1346 1122; x_wconf 85' lang='lat' dir='ltr'><strong>ille</strong></span> <span class='ocrx_word' id='word_1_583' title='bbox 1374 1095 1520 1129; x_wconf 84' lang='lat' dir='ltr'><strong>repudiare</strong></span> <span class='ocrx_word' id='word_1_584' title='bbox 1545 1097 1700 1130; x_wconf 86' lang='lat' dir='ltr'><strong>consilium,</strong></span> <span class='ocrx_word' id='word_1_585' title='bbox 1718 1105 1749 1125; x_wconf 81' lang='lat' dir='ltr'><strong>ut</strong></span> 
     </span>
    </p>
   </div>
   <div class='ocr_carea' id='block_1_84' title="bbox 963 1137 1747 1174">
    <p class='ocr_par' dir='ltr' id='par_1_84' title="bbox 963 1137 1747 1174">
     <span class='ocr_line' id='line_1_84' title="bbox 963 1137 1747 1174; baseline 0.011 -12"><span class='ocrx_word' id='word_1_586' title='bbox 963 1144 1060 1171; x_wconf 88' lang='lat' dir='ltr'><strong>parum</strong></span> <span class='ocrx_word' id='word_1_587' title='bbox 1075 1137 1153 1165; x_wconf 87' lang='lat' dir='ltr'><strong>utile.</strong></span> <span class='ocrx_word' id='word_1_588' title='bbox 1167 1138 1196 1166; x_wconf 85' lang='lat' dir='ltr'><strong>Si</strong></span> <span class='ocrx_word' id='word_1_589' title='bbox 1219 1139 1304 1171; x_wconf 87' lang='lat' dir='ltr'><strong>cnim,</strong></span> <span class='ocrx_word' id='word_1_590' title='bbox 1319 1138 1474 1174; x_wconf 72' lang='lat' dir='ltr'><strong>inquiebat.</strong></span> <span class='ocrx_word' id='word_1_591' title='bbox 1495 1149 1557 1168; x_wconf 90' lang='lat' dir='ltr'><strong>cum</strong></span> <span class='ocrx_word' id='word_1_592' title='bbox 1574 1142 1639 1168; x_wconf 80' lang='lat' dir='ltr'><strong>solis</strong></span> <span class='ocrx_word' id='word_1_593' title='bbox 1654 1142 1747 1171; x_wconf 66' lang='lat' dir='ltr'><strong>Moesis</strong></span> 
     </span>
    </p>
   </div>
   <div class='ocr_carea' id='block_1_85' title="bbox 963 1183 1749 1221">
    <p class='ocr_par' dir='ltr' id='par_1_85' title="bbox 963 1183 1749 1221">
     <span class='ocr_line' id='line_1_85' title="bbox 963 1183 1749 1221; baseline 0.009 -13"><span class='ocrx_word' id='word_1_594' title='bbox 963 1186 1102 1209; x_wconf 79' lang='lat' dir='ltr'><strong>certamen</strong></span> <span class='ocrx_word' id='word_1_595' title='bbox 1118 1183 1197 1211; x_wconf 86' lang='lat' dir='ltr'><strong>nobis</strong></span> <span class='ocrx_word' id='word_1_596' title='bbox 1223 1190 1305 1217; x_wconf 84' lang='lat' dir='ltr'><strong>esset,</strong></span> <span class='ocrx_word' id='word_1_597' title='bbox 1323 1192 1377 1212; x_wconf 90' lang='lat' dir='ltr'><strong>non</strong></span> <span class='ocrx_word' id='word_1_598' title='bbox 1390 1183 1562 1221; x_wconf 74' lang='lat' dir='ltr'><strong>sine‘aliqua</strong></span> <span class='ocrx_word' id='word_1_599' title='bbox 1576 1187 1682 1214; x_wconf 85' lang='lat' dir='ltr'><strong>ratione</strong></span> <span class='ocrx_word' id='word_1_600' title='bbox 1700 1196 1749 1215; x_wconf 65' lang='grc' dir='ltr'>ειυς</span> 
     </span>
    </p>
   </div>
   <div class='ocr_carea' id='block_1_86' title="bbox 964 1227 1747 1268">
    <p class='ocr_par' dir='ltr' id='par_1_86' title="bbox 964 1227 1747 1268">
     <span class='ocr_line' id='line_1_86' title="bbox 964 1227 1747 1268; baseline 0.01 -16"><span class='ocrx_word' id='word_1_601' title='bbox 964 1227 1090 1254; x_wconf 72' lang='grc' dir='ltr'>ιιι-ι-εωιιε</span> <span class='ocrx_word' id='word_1_602' title='bbox 1104 1236 1111 1254; x_wconf 87' lang='lat'>:</span> <span class='ocrx_word' id='word_1_603' title='bbox 1127 1235 1200 1255; x_wconf 89' lang='lat' dir='ltr'><strong>nunc</strong></span> <span class='ocrx_word' id='word_1_604' title='bbox 1215 1236 1269 1256; x_wconf 88' lang='lat' dir='ltr'><strong>non</strong></span> <span class='ocrx_word' id='word_1_605' title='bbox 1285 1230 1372 1264; x_wconf 81' lang='lat' dir='ltr'><strong>magis</strong></span> <span class='ocrx_word' id='word_1_606' title='bbox 1384 1232 1522 1264; x_wconf 90' lang='lat' dir='ltr'><strong>quomodo</strong></span> <span class='ocrx_word' id='word_1_607' title='bbox 1533 1231 1642 1265; x_wconf 86' lang='lat' dir='ltr'><strong>horum,</strong></span> <span class='ocrx_word' id='word_1_608' title='bbox 1665 1241 1747 1268; x_wconf 87' lang='lat' dir='ltr'><strong>quam</strong></span> 
     </span>
    </p>
   </div>
   <div class='ocr_carea' id='block_1_87' title="bbox 963 1273 1747 1313">
    <p class='ocr_par' dir='ltr' id='par_1_87' title="bbox 963 1273 1747 1313">
     <span class='ocr_line' id='line_1_87' title="bbox 963 1273 1747 1313; baseline 0.011 -15"><span class='ocrx_word' id='word_1_609' title='bbox 963 1273 1101 1305; x_wconf 90' lang='lat' dir='ltr'><strong>quomodo</strong></span> <span class='ocrx_word' id='word_1_610' title='bbox 1123 1273 1317 1309; x_wconf 81' lang='lat' dir='ltr'><strong>Byzantiorum</strong></span> <span class='ocrx_word' id='word_1_611' title='bbox 1335 1283 1350 1302; x_wconf 90' lang='lat' dir='ltr'><strong>a</strong></span> <span class='ocrx_word' id='word_1_612' title='bbox 1366 1276 1445 1303; x_wconf 86' lang='lat' dir='ltr'><strong>nobis</strong></span> <span class='ocrx_word' id='word_1_613' title='bbox 1462 1278 1517 1303; x_wconf 85' lang='lat' dir='ltr'><strong>vim</strong></span> <span class='ocrx_word' id='word_1_614' title='bbox 1540 1279 1747 1313; x_wconf 72' lang='lat' dir='ltr'><strong>prohibeamus,</strong></span> 
     </span>
    </p>
   </div>
   <div class='ocr_carea' id='block_1_88' title="bbox 963 1317 1747 1357">
    <p class='ocr_par' dir='ltr' id='par_1_88' title="bbox 963 1317 1747 1357">
     <span class='ocr_line' id='line_1_88' title="bbox 963 1317 1747 1357; baseline 0.008 -13"><span class='ocrx_word' id='word_1_615' title='bbox 963 1317 1191 1346; x_wconf 83' lang='lat' dir='ltr'><strong>considerandum</strong></span> <span class='ocrx_word' id='word_1_616' title='bbox 1212 1324 1265 1346; x_wconf 81' lang='lat' dir='ltr'><strong>est.</strong></span> <span class='ocrx_word' id='word_1_617' title='bbox 1285 1320 1349 1347; x_wconf 86' lang='lat' dir='ltr'><strong>Sive</strong></span> <span class='ocrx_word' id='word_1_618' title='bbox 1372 1321 1446 1348; x_wconf 90' lang='lat' dir='ltr'><strong>enim</strong></span> <span class='ocrx_word' id='word_1_619' title='bbox 1470 1321 1572 1350; x_wconf 65' lang='lat' dir='ltr'><strong>Moesos</strong></span> <span class='ocrx_word' id='word_1_620' title='bbox 1590 1323 1747 1357; x_wconf 69' lang='lat' dir='ltr'><strong>vicerimus,</strong></span> 
     </span>
    </p>
   </div>
   <div class='ocr_carea' id='block_1_89' title="bbox 964 1362 1746 1402">
    <p class='ocr_par' dir='ltr' id='par_1_89' title="bbox 964 1362 1746 1402">
     <span class='ocr_line' id='line_1_89' title="bbox 964 1362 1746 1402; baseline 0.012 -13"><span class='ocrx_word' id='word_1_621' title='bbox 964 1362 1033 1390; x_wconf 90' lang='lat' dir='ltr'><strong>nihil</strong></span> <span class='ocrx_word' id='word_1_622' title='bbox 1049 1370 1251 1399; x_wconf 86' lang='lat' dir='ltr'><strong>consequemur</strong></span> <span class='ocrx_word' id='word_1_623' title='bbox 1277 1366 1361 1399; x_wconf 81' lang='lat' dir='ltr'><strong>aliud,</strong></span> <span class='ocrx_word' id='word_1_624' title='bbox 1387 1375 1470 1402; x_wconf 66' lang='lat' dir='ltr'><strong>quam</strong></span> <span class='ocrx_word' id='word_1_625' title='bbox 1488 1373 1519 1395; x_wconf 89' lang='lat' dir='ltr'><strong>ut</strong></span> <span class='ocrx_word' id='word_1_626' title='bbox 1545 1369 1608 1396; x_wconf 89' lang='lat' dir='ltr'><strong>hinc</strong></span> <span class='ocrx_word' id='word_1_627' title='bbox 1636 1371 1746 1401; x_wconf 74' lang='lat' dir='ltr'><strong>abeant.</strong></span> 
     </span>
    </p>
   </div>
   <div class='ocr_carea' id='block_1_90' title="bbox 964 1408 1748 1448">
    <p class='ocr_par' dir='ltr' id='par_1_90' title="bbox 964 1408 1748 1448">
     <span class='ocr_line' id='line_1_90' title="bbox 964 1408 1748 1448; baseline 0.014 -14"><span class='ocrx_word' id='word_1_628' title='bbox 964 1408 1037 1442; x_wconf 91' lang='lat' dir='ltr'><strong>quod</strong></span> <span class='ocrx_word' id='word_1_629' title='bbox 1057 1409 1166 1443; x_wconf 85' lang='lat' dir='ltr'><strong>quidem</strong></span> <span class='ocrx_word' id='word_1_630' title='bbox 1194 1412 1349 1439; x_wconf 87' lang='lat' dir='ltr'><strong>necessario</strong></span> <span class='ocrx_word' id='word_1_631' title='bbox 1372 1413 1429 1447; x_wconf 80' lang='lat' dir='ltr'><strong>jam</strong></span> <span class='ocrx_word' id='word_1_632' title='bbox 1446 1413 1537 1442; x_wconf 83' lang='lat' dir='ltr'><strong>facere</strong></span> <span class='ocrx_word' id='word_1_633' title='bbox 1554 1415 1675 1448; x_wconf 86' lang='lat' dir='ltr'><strong>debent;</strong></span> <span class='ocrx_word' id='word_1_634' title='bbox 1690 1418 1748 1445; x_wconf 87' lang='lat' dir='ltr'><strong>sive</strong></span> 
     </span>
    </p>
   </div>
   <div class='ocr_carea' id='block_1_91' title="bbox 963 1453 1747 1490">
    <p class='ocr_par' dir='ltr' id='par_1_91' title="bbox 963 1453 1747 1490">
     <span class='ocr_line' id='line_1_91' title="bbox 963 1453 1747 1490; baseline 0.013 -11"><span class='ocrx_word' id='word_1_635' title='bbox 963 1453 1106 1481; x_wconf 85' lang='lat' dir='ltr'><strong>vincamur</strong></span> <span class='ocrx_word' id='word_1_636' title='bbox 1126 1455 1196 1490; x_wconf 82' lang='lat' dir='ltr'><strong>ipsi,</strong></span> <span class='ocrx_word' id='word_1_637' title='bbox 1225 1457 1298 1484; x_wconf 71' lang='lat' dir='ltr'><strong>velut</strong></span> <span class='ocrx_word' id='word_1_638' title='bbox 1322 1457 1356 1485; x_wconf 89' lang='lat' dir='ltr'><strong>de</strong></span> <span class='ocrx_word' id='word_1_639' title='bbox 1374 1459 1506 1486; x_wconf 82' lang='lat' dir='ltr'><strong>industria</strong></span> <span class='ocrx_word' id='word_1_640' title='bbox 1534 1460 1628 1488; x_wconf 84' lang='lat' dir='ltr'><strong>hostes</strong></span> <span class='ocrx_word' id='word_1_641' title='bbox 1652 1467 1747 1489; x_wconf 85' lang='lat' dir='ltr'><strong>contra</strong></span> 
     </span>
    </p>
   </div>
   <div class='ocr_carea' id='block_1_92' title="bbox 964 1503 1747 1541">
    <p class='ocr_par' dir='ltr' id='par_1_92' title="bbox 964 1503 1747 1541">
     <span class='ocr_line' id='line_1_92' title="bbox 964 1503 1747 1541; baseline 0.013 -16"><span class='ocrx_word' id='word_1_642' title='bbox 964 1504 1081 1533; x_wconf 87' lang='lat' dir='ltr'><strong>nosmet,</strong></span> <span class='ocrx_word' id='word_1_643' title='bbox 1099 1505 1227 1536; x_wconf 85' lang='lat' dir='ltr'><strong>tanquam</strong></span> <span class='ocrx_word' id='word_1_644' title='bbox 1247 1503 1332 1530; x_wconf 89' lang='lat' dir='ltr'><strong>duces</strong></span> <span class='ocrx_word' id='word_1_645' title='bbox 1347 1511 1451 1536; x_wconf 89' lang='lat' dir='ltr'><strong>eorum,</strong></span> <span class='ocrx_word' id='word_1_646' title='bbox 1476 1505 1652 1534; x_wconf 84' lang='lat' dir='ltr'><strong>adducemus.</strong></span> <span class='ocrx_word' id='word_1_647' title='bbox 1677 1507 1747 1541; x_wconf 80' lang='lat' dir='ltr'><strong>Quid</strong></span> 
     </span>
    </p>
   </div>
   <div class='ocr_carea' id='block_1_93' title="bbox 966 1544 1748 1587">
    <p class='ocr_par' dir='ltr' id='par_1_93' title="bbox 966 1544 1748 1587">
     <span class='ocr_line' id='line_1_93' title="bbox 966 1544 1748 1587; baseline 0.013 -16"><span class='ocrx_word' id='word_1_648' title='bbox 966 1544 1049 1580; x_wconf 84' lang='lat' dir='ltr'><strong>igitur</strong></span> <span class='ocrx_word' id='word_1_649' title='bbox 1063 1545 1117 1573; x_wconf 89' lang='lat' dir='ltr'><strong>illis</strong></span> <span class='ocrx_word' id='word_1_650' title='bbox 1128 1547 1278 1581; x_wconf 81' lang='lat' dir='ltr'><strong>jucundius</strong></span> <span class='ocrx_word' id='word_1_651' title='bbox 1309 1553 1391 1584; x_wconf 84' lang='lat' dir='ltr'><strong>atque</strong></span> <span class='ocrx_word' id='word_1_652' title='bbox 1404 1549 1584 1583; x_wconf 78' lang='lat' dir='ltr'><strong>fruetuosius,</strong></span> <span class='ocrx_word' id='word_1_653' title='bbox 1600 1560 1681 1587; x_wconf 88' lang='lat' dir='ltr'><strong>quam</strong></span> <span class='ocrx_word' id='word_1_654' title='bbox 1698 1562 1748 1581; x_wconf 88' lang='lat' dir='ltr'><strong>nos</strong></span> 
     </span>
    </p>
   </div>
   <div class='ocr_carea' id='block_1_94' title="bbox 966 1591 1749 1634">
    <p class='ocr_par' dir='ltr' id='par_1_94' title="bbox 966 1591 1749 1634">
     <span class='ocr_line' id='line_1_94' title="bbox 966 1591 1749 1634; baseline 0.013 -17"><span class='ocrx_word' id='word_1_655' title='bbox 966 1591 1038 1626; x_wconf 86' lang='lat' dir='ltr'><strong>ipsos</strong></span> <span class='ocrx_word' id='word_1_656' title='bbox 1058 1592 1173 1620; x_wconf 84' lang='lat' dir='ltr'><strong>stultitia</strong></span> <span class='ocrx_word' id='word_1_657' title='bbox 1201 1594 1319 1628; x_wconf 86' lang='lat' dir='ltr'><strong>quadam</strong></span> <span class='ocrx_word' id='word_1_658' title='bbox 1336 1596 1517 1630; x_wconf 81' lang='lat' dir='ltr'><strong>committere,</strong></span> <span class='ocrx_word' id='word_1_659' title='bbox 1548 1599 1620 1632; x_wconf 69' lang='lat' dir='ltr'><strong>quod</strong></span> <span class='ocrx_word' id='word_1_660' title='bbox 1647 1598 1698 1634; x_wconf 87' lang='lat' dir='ltr'><strong>ipsi</strong></span> <span class='ocrx_word' id='word_1_661' title='bbox 1717 1605 1749 1627; x_wconf 92' lang='lat' dir='ltr'><strong>ut</strong></span> 
     </span>
    </p>
   </div>
   <div class='ocr_carea' id='block_1_95' title="bbox 965 1637 1746 1676">
    <p class='ocr_par' dir='ltr' id='par_1_95' title="bbox 965 1637 1746 1676">
     <span class='ocr_line' id='line_1_95' title="bbox 965 1637 1746 1676; baseline 0.008 -10"><span class='ocrx_word' id='word_1_662' title='bbox 965 1637 1076 1666; x_wconf 80' lang='lat' dir='ltr'><strong>difﬁcile</strong></span> <span class='ocrx_word' id='word_1_663' title='bbox 1096 1639 1169 1666; x_wconf 80' lang='lat' dir='ltr'><strong>votis</strong></span> <span class='ocrx_word' id='word_1_664' title='bbox 1191 1641 1391 1676; x_wconf 75' lang='lat' dir='ltr'><strong>expetendum.</strong></span> <span class='ocrx_word' id='word_1_665' title='bbox 1403 1644 1533 1671; x_wconf 76' lang='lat' dir='ltr'><strong>censent?</strong></span> <span class='ocrx_word' id='word_1_666' title='bbox 1546 1644 1587 1672; x_wconf 80' lang='lat' dir='ltr'><strong>Ad</strong></span> <span class='ocrx_word' id='word_1_667' title='bbox 1604 1645 1662 1672; x_wconf 76' lang='lat' dir='ltr'><strong>haec</strong></span> <span class='ocrx_word' id='word_1_668' title='bbox 1684 1653 1746 1672; x_wconf 88' lang='lat' dir='ltr'><strong>cum</strong></span> 
     </span>
    </p>
   </div>
   <div class='ocr_carea' id='block_1_96' title="bbox 965 1683 1746 1723">
    <p class='ocr_par' dir='ltr' id='par_1_96' title="bbox 965 1683 1746 1723">
     <span class='ocr_line' id='line_1_96' title="bbox 965 1683 1746 1723; baseline 0.009 -12"><span class='ocrx_word' id='word_1_669' title='bbox 965 1683 1120 1712; x_wconf 83' lang='lat' dir='ltr'><strong>Alexander</strong></span> <span class='ocrx_word' id='word_1_670' title='bbox 1145 1685 1246 1720; x_wconf 83' lang='lat' dir='ltr'><strong>justam</strong></span> <span class='ocrx_word' id='word_1_671' title='bbox 1273 1687 1352 1715; x_wconf 82' lang='lat' dir='ltr'><strong>nobls</strong></span> <span class='ocrx_word' id='word_1_672' title='bbox 1366 1696 1463 1723; x_wconf 86' lang='lat' dir='ltr'><strong>pugnae</strong></span> <span class='ocrx_word' id='word_1_673' title='bbox 1490 1690 1665 1718; x_wconf 79' lang='lat' dir='ltr'><strong>occasionem</strong></span> <span class='ocrx_word' id='word_1_674' title='bbox 1691 1698 1746 1718; x_wconf 90' lang='lat' dir='ltr'><strong>non</strong></span> 
     </span>
    </p>
   </div>
   <div class='ocr_carea' id='block_1_97' title="bbox 965 1731 1748 1772">
    <p class='ocr_par' dir='ltr' id='par_1_97' title="bbox 965 1731 1748 1772">
     <span class='ocr_line' id='line_1_97' title="bbox 965 1731 1748 1772; baseline 0.008 -14"><span class='ocrx_word' id='word_1_675' title='bbox 965 1731 1107 1764; x_wconf 85' lang='lat' dir='ltr'><strong>obtulerit,</strong></span> <span class='ocrx_word' id='word_1_676' title='bbox 1123 1732 1216 1768; x_wconf 75' lang='lat' dir='ltr'><strong>iniusti</strong></span> <span class='ocrx_word' id='word_1_677' title='bbox 1231 1732 1328 1766; x_wconf 80' lang='lat' dir='ltr'><strong>simus,</strong></span> <span class='ocrx_word' id='word_1_678' title='bbox 1340 1734 1392 1761; x_wconf 85' lang='lat' dir='ltr'><strong>nisi</strong></span> <span class='ocrx_word' id='word_1_679' title='bbox 1405 1742 1498 1770; x_wconf 86' lang='lat' dir='ltr'><strong>pacem</strong></span> <span class='ocrx_word' id='word_1_680' title='bbox 1511 1743 1574 1763; x_wconf 89' lang='lat' dir='ltr'><strong>cum</strong></span> <span class='ocrx_word' id='word_1_681' title='bbox 1589 1743 1622 1764; x_wconf 90' lang='lat' dir='ltr'><strong>eo</strong></span> <span class='ocrx_word' id='word_1_682' title='bbox 1632 1737 1748 1772; x_wconf 84' lang='lat' dir='ltr'><strong>conjun-</strong></span> 
     </span>
    </p>
   </div>
   <div class='ocr_carea' id='block_1_98' title="bbox 965 1779 1748 1814">
    <p class='ocr_par' dir='ltr' id='par_1_98' title="bbox 965 1779 1748 1814">
     <span class='ocr_line' id='line_1_98' title="bbox 965 1779 1748 1814; baseline 0.008 -10"><span class='ocrx_word' id='word_1_683' title='bbox 965 1785 1082 1812; x_wconf 80' lang='lat' dir='ltr'><strong>gamus;</strong></span> <span class='ocrx_word' id='word_1_684' title='bbox 1103 1786 1158 1806; x_wconf 92' lang='lat' dir='ltr'><strong>non</strong></span> <span class='ocrx_word' id='word_1_685' title='bbox 1173 1779 1247 1806; x_wconf 85' lang='lat' dir='ltr'><strong>enim</strong></span> <span class='ocrx_word' id='word_1_686' title='bbox 1271 1787 1322 1807; x_wconf 85' lang='lat' dir='ltr'><strong>nos</strong></span> <span class='ocrx_word' id='word_1_687' title='bbox 1337 1781 1444 1814; x_wconf 89' lang='lat' dir='ltr'><strong>petivit,</strong></span> <span class='ocrx_word' id='word_1_688' title='bbox 1468 1783 1516 1809; x_wconf 90' lang='lat' dir='ltr'><strong>sed</strong></span> <span class='ocrx_word' id='word_1_689' title='bbox 1546 1789 1609 1809; x_wconf 92' lang='lat' dir='ltr'><strong>cum</strong></span> <span class='ocrx_word' id='word_1_690' title='bbox 1638 1783 1691 1810; x_wconf 91' lang='lat' dir='ltr'><strong>alia</strong></span> <span class='ocrx_word' id='word_1_691' title='bbox 1715 1784 1748 1810; x_wconf 85' lang='lat' dir='ltr'><strong>de</strong></span> 
     </span>
    </p>
   </div>
   <div class='ocr_carea' id='block_1_99' title="bbox 965 1823 1747 1857">
    <p class='ocr_par' dir='ltr' id='par_1_99' title="bbox 965 1823 1747 1857">
     <span class='ocr_line' id='line_1_99' title="bbox 965 1823 1747 1857; baseline 0.006 -7"><span class='ocrx_word' id='word_1_692' title='bbox 965 1830 1046 1851; x_wconf 83' lang='lat' dir='ltr'><strong>causa</strong></span> <span class='ocrx_word' id='word_1_693' title='bbox 1074 1823 1129 1851; x_wconf 83' lang='lat' dir='ltr'><strong>huc</strong></span> <span class='ocrx_word' id='word_1_694' title='bbox 1152 1824 1286 1857; x_wconf 83' lang='lat' dir='ltr'><strong>venisset,</strong></span> <span class='ocrx_word' id='word_1_695' title='bbox 1320 1826 1401 1854; x_wconf 79' lang='lat' dir='ltr'><strong>nobis</strong></span> <span class='ocrx_word' id='word_1_696' title='bbox 1429 1827 1501 1854; x_wconf 86' lang='lat' dir='ltr'><strong>haud</strong></span> <span class='ocrx_word' id='word_1_697' title='bbox 1524 1827 1619 1855; x_wconf 87' lang='lat' dir='ltr'><strong>volens</strong></span> <span class='ocrx_word' id='word_1_698' title='bbox 1644 1829 1747 1855; x_wconf 79' lang='lat' dir='ltr'><strong>nocuit.</strong></span> 
     </span>
    </p>
   </div>
   <div class='ocr_carea' id='block_1_100' title="bbox 965 1868 1749 1906">
    <p class='ocr_par' dir='ltr' id='par_1_100' title="bbox 965 1868 1749 1906">
     <span class='ocr_line' id='line_1_100' title="bbox 965 1868 1749 1906; baseline 0.008 -11"><span class='ocrx_word' id='word_1_699' title='bbox 965 1868 1056 1902; x_wconf 85' lang='lat' dir='ltr'><strong>Quare</strong></span> <span class='ocrx_word' id='word_1_700' title='bbox 1068 1871 1132 1904; x_wconf 87' lang='lat' dir='ltr'><strong>quia</strong></span> <span class='ocrx_word' id='word_1_701' title='bbox 1149 1877 1201 1898; x_wconf 85' lang='lat' dir='ltr'><strong>nec</strong></span> <span class='ocrx_word' id='word_1_702' title='bbox 1215 1872 1360 1906; x_wconf 79' lang='lat' dir='ltr'><strong>profutura</strong></span> <span class='ocrx_word' id='word_1_703' title='bbox 1378 1876 1420 1899; x_wconf 87' lang='lat' dir='ltr'><strong>est</strong></span> <span class='ocrx_word' id='word_1_704' title='bbox 1431 1873 1510 1900; x_wconf 89' lang='lat' dir='ltr'><strong>nobis</strong></span> <span class='ocrx_word' id='word_1_705' title='bbox 1523 1873 1676 1905; x_wconf 84' lang='lat' dir='ltr'><strong>dimicatio,</strong></span> <span class='ocrx_word' id='word_1_706' title='bbox 1700 1882 1749 1901; x_wconf 77' lang='lat' dir='ltr'><strong>nec</strong></span> 
     </span>
    </p>
   </div>
   <div class='ocr_carea' id='block_1_101' title="bbox 967 1913 1747 1952">
    <p class='ocr_par' dir='ltr' id='par_1_101' title="bbox 967 1913 1747 1952">
     <span class='ocr_line' id='line_1_101' title="bbox 967 1913 1747 1952; baseline 0.008 -12"><span class='ocrx_word' id='word_1_707' title='bbox 967 1913 1063 1941; x_wconf 90' lang='lat' dir='ltr'><strong>idonea</strong></span> <span class='ocrx_word' id='word_1_708' title='bbox 1078 1915 1137 1950; x_wconf 85' lang='lat' dir='ltr'><strong>ejus</strong></span> <span class='ocrx_word' id='word_1_709' title='bbox 1158 1923 1241 1943; x_wconf 84' lang='lat' dir='ltr'><strong>causa</strong></span> <span class='ocrx_word' id='word_1_710' title='bbox 1265 1916 1392 1948; x_wconf 80' lang='lat' dir='ltr'><strong>olIertur,</strong></span> <span class='ocrx_word' id='word_1_711' title='bbox 1418 1924 1469 1952; x_wconf 85' lang='lat' dir='ltr'><strong>pax</strong></span> <span class='ocrx_word' id='word_1_712' title='bbox 1485 1918 1675 1952; x_wconf 88' lang='lat' dir='ltr'><strong>amplectenda</strong></span> <span class='ocrx_word' id='word_1_713' title='bbox 1694 1923 1747 1946; x_wconf 82' lang='lat' dir='ltr'><strong>est.</strong></span> 
     </span>
    </p>
   </div>
   <div class='ocr_carea' id='block_1_102' title="bbox 966 1957 1748 1999">
    <p class='ocr_par' dir='ltr' id='par_1_102' title="bbox 966 1957 1748 1999">
     <span class='ocr_line' id='line_1_102' title="bbox 966 1957 1748 1999; baseline 0.006 -12"><span class='ocrx_word' id='word_1_714' title='bbox 966 1959 1015 1987; x_wconf 78' lang='lat' dir='ltr'><strong>His</strong></span> <span class='ocrx_word' id='word_1_715' title='bbox 1026 1961 1105 1988; x_wconf 89' lang='lat' dir='ltr'><strong>dictis</strong></span> <span class='ocrx_word' id='word_1_716' title='bbox 1111 1957 1346 1996; x_wconf 64' lang='lat' dir='ltr'><strong>legatosaccersit,</strong></span> <span class='ocrx_word' id='word_1_717' title='bbox 1354 1963 1387 1990; x_wconf 88' lang='lat' dir='ltr'><strong>de</strong></span> <span class='ocrx_word' id='word_1_718' title='bbox 1396 1962 1499 1991; x_wconf 65' lang='lat' dir='ltr'><strong>foedere</strong></span> <span class='ocrx_word' id='word_1_719' title='bbox 1510 1965 1666 1999; x_wconf 84' lang='lat' dir='ltr'><strong>respondet,</strong></span> <span class='ocrx_word' id='word_1_720' title='bbox 1679 1969 1707 1992; x_wconf 87' lang='lat' dir='ltr'><strong>et</strong></span> <span class='ocrx_word' id='word_1_721' title='bbox 1715 1967 1748 1992; x_wconf 49' lang='lat' dir='ltr'><strong>ait</strong></span> 
     </span>
    </p>
   </div>
   <div class='ocr_carea' id='block_1_103' title="bbox 967 2006 1748 2044">
    <p class='ocr_par' dir='ltr' id='par_1_103' title="bbox 967 2006 1748 2044">
     <span class='ocr_line' id='line_1_103' title="bbox 967 2006 1748 2044; baseline 0.006 -11"><span class='ocrx_word' id='word_1_722' title='bbox 967 2006 993 2033; x_wconf 90' lang='lat' dir='ltr'><strong>il</strong></span> <span class='ocrx_word' id='word_1_723' title='bbox 1013 2011 1153 2042; x_wconf 79' lang='lat' dir='ltr'><strong>promptos</strong></span> <span class='ocrx_word' id='word_1_724' title='bbox 1168 2008 1246 2036; x_wconf 88' lang='lat' dir='ltr'><strong>donis</strong></span> <span class='ocrx_word' id='word_1_725' title='bbox 1260 2008 1386 2042; x_wconf 88' lang='lat' dir='ltr'><strong>honorat,</strong></span> <span class='ocrx_word' id='word_1_726' title='bbox 1400 2014 1483 2044; x_wconf 80' lang='lat' dir='ltr'><strong>atque</strong></span> <span class='ocrx_word' id='word_1_727' title='bbox 1499 2010 1532 2036; x_wconf 89' lang='lat' dir='ltr'><strong>ad</strong></span> <span class='ocrx_word' id='word_1_728' title='bbox 1547 2017 1611 2037; x_wconf 82' lang='lat' dir='ltr'><strong>suos</strong></span> <span class='ocrx_word' id='word_1_729' title='bbox 1622 2011 1748 2042; x_wconf 87' lang='lat' dir='ltr'><strong>remittit,</strong></span> 
     </span>
    </p>
   </div>
   <div class='ocr_carea' id='block_1_104' title="bbox 967 2052 1750 2091">
    <p class='ocr_par' dir='ltr' id='par_1_104' title="bbox 967 2052 1750 2091">
     <span class='ocr_line' id='line_1_104' title="bbox 967 2052 1750 2091; baseline 0.004 -12"><span class='ocrx_word' id='word_1_730' title='bbox 967 2052 1081 2087; x_wconf 85' lang='lat' dir='ltr'><strong>ipseque</strong></span> <span class='ocrx_word' id='word_1_731' title='bbox 1108 2061 1158 2088; x_wconf 83' lang='lat' dir='ltr'><strong>per</strong></span> <span class='ocrx_word' id='word_1_732' title='bbox 1178 2061 1243 2081; x_wconf 82' lang='lat' dir='ltr'><strong>suos</strong></span> <span class='ocrx_word' id='word_1_733' title='bbox 1268 2054 1307 2081; x_wconf 49' lang='lat' dir='ltr'><strong>ad»</strong></span> <span class='ocrx_word' id='word_1_734' title='bbox 1323 2055 1508 2082; x_wconf 79' lang='lat' dir='ltr'><strong>Alexandrum</strong></span> <span class='ocrx_word' id='word_1_735' title='bbox 1534 2055 1637 2091; x_wconf 80' lang='lat' dir='ltr'><strong>legatos</strong></span> <span class='ocrx_word' id='word_1_736' title='bbox 1660 2055 1750 2083; x_wconf 60' lang='lat' dir='ltr'><strong>[indui</strong></span> 
     </span>
    </p>
   </div>
   <div class='ocr_carea' id='block_1_105' title="bbox 967 2098 1748 2135">
    <p class='ocr_par' dir='ltr' id='par_1_105' title="bbox 967 2098 1748 2135">
     <span class='ocr_line' id='line_1_105' title="bbox 967 2098 1748 2135; baseline 0.004 -10"><span class='ocrx_word' id='word_1_737' title='bbox 967 2098 1120 2126; x_wconf 78' lang='lat' dir='ltr'><strong>Conﬁrmat.</strong></span> <span class='ocrx_word' id='word_1_738' title='bbox 1138 2099 1205 2126; x_wconf 89' lang='lat' dir='ltr'><strong>Dum</strong></span> <span class='ocrx_word' id='word_1_739' title='bbox 1234 2104 1326 2126; x_wconf 79' lang='lat' dir='ltr'><strong>autem</strong></span> <span class='ocrx_word' id='word_1_740' title='bbox 1349 2107 1427 2135; x_wconf 77' lang='lat' dir='ltr'><strong>reges</strong></span> <span class='ocrx_word' id='word_1_741' title='bbox 1445 2101 1478 2127; x_wconf 87' lang='lat' dir='ltr'><strong>ad</strong></span> <span class='ocrx_word' id='word_1_742' title='bbox 1503 2101 1748 2128; x_wconf 84' lang='lat' dir='ltr'><strong>constabiliendam</strong></span> 
     </span>
    </p>
   </div>
   <div class='ocr_carea' id='block_1_106' title="bbox 968 2143 1751 2178">
    <p class='ocr_par' dir='ltr' id='par_1_106' title="bbox 968 2143 1751 2178">
     <span class='ocr_line' id='line_1_106' title="bbox 968 2143 1751 2178; baseline 0.005 -9"><span class='ocrx_word' id='word_1_743' title='bbox 968 2143 1114 2171; x_wconf 84' lang='lat' dir='ltr'><strong>amicitiam</strong></span> <span class='ocrx_word' id='word_1_744' title='bbox 1123 2148 1252 2178; x_wconf 86' lang='lat' dir='ltr'><strong>pararent</strong></span> <span class='ocrx_word' id='word_1_745' title='bbox 1261 2145 1419 2178; x_wconf 79' lang='lat' dir='ltr'><strong>convenire,</strong></span> <span class='ocrx_word' id='word_1_746' title='bbox 1428 2145 1529 2173; x_wconf 87' lang='lat' dir='ltr'><strong>hiemis</strong></span> <span class='ocrx_word' id='word_1_747' title='bbox 1544 2146 1751 2174; x_wconf 78' lang='lat' dir='ltr'><strong>intervenientis</strong></span> 
     </span>
    </p>
   </div>
   <div class='ocr_carea' id='block_1_107' title="bbox 968 2189 1749 2226">
    <p class='ocr_par' dir='ltr' id='par_1_107' title="bbox 968 2189 1749 2226">
     <span class='ocr_line' id='line_1_107' title="bbox 968 2189 1749 2226; baseline 0.003 -9"><span class='ocrx_word' id='word_1_748' title='bbox 968 2189 1103 2223; x_wconf 77' lang='lat' dir='ltr'><strong>asperitas</strong></span> <span class='ocrx_word' id='word_1_749' title='bbox 1123 2197 1181 2217; x_wconf 86' lang='lat' dir='ltr'><strong>rem</strong></span> <span class='ocrx_word' id='word_1_750' title='bbox 1198 2190 1343 2217; x_wconf 91' lang='lat' dir='ltr'><strong>distinuit:</strong></span> <span class='ocrx_word' id='word_1_751' title='bbox 1361 2190 1445 2226; x_wconf 64' lang='lat'><strong>“6</strong></span> <span class='ocrx_word' id='word_1_752' title='bbox 1459 2199 1514 2225; x_wconf 65' lang='lat' dir='ltr'><strong>prae</strong></span> <span class='ocrx_word' id='word_1_753' title='bbox 1527 2199 1580 2226; x_wconf 89' lang='lat' dir='ltr'><strong>qua</strong></span> <span class='ocrx_word' id='word_1_754' title='bbox 1598 2200 1659 2219; x_wconf 87' lang='lat' dir='ltr'><strong>eum</strong></span> <span class='ocrx_word' id='word_1_755' title='bbox 1673 2193 1749 2220; x_wconf 70' lang='grc' dir='ltr'><strong>Μωδί</strong></span> 
     </span>
    </p>
   </div>
   <div class='ocr_carea' id='block_1_108' title="bbox 967 2234 1751 2270">
    <p class='ocr_par' dir='ltr' id='par_1_108' title="bbox 967 2234 1751 2270">
     <span class='ocr_line' id='line_1_108' title="bbox 967 2234 1751 2270; baseline 0.005 -9"><span class='ocrx_word' id='word_1_756' title='bbox 967 2234 996 2261; x_wconf 88' lang='lat' dir='ltr'><strong>in</strong></span> <span class='ocrx_word' id='word_1_757' title='bbox 1011 2234 1195 2262; x_wconf 83' lang='lat' dir='ltr'><strong>tabernaculis</strong></span> <span class='ocrx_word' id='word_1_758' title='bbox 1210 2235 1360 2270; x_wconf 86' lang='lat' dir='ltr'><strong>perdurare</strong></span> <span class='ocrx_word' id='word_1_759' title='bbox 1374 2236 1533 2270; x_wconf 88' lang='lat' dir='ltr'><strong>nequirent,</strong></span> <span class='ocrx_word' id='word_1_760' title='bbox 1570 2238 1704 2265; x_wconf 86' lang='lat' dir='ltr'><strong>militibus</strong></span> <span class='ocrx_word' id='word_1_761' title='bbox 1724 2244 1751 2265; x_wconf 89' lang='lat' dir='ltr'><strong>et</strong></span> 
     </span>
    </p>
   </div>
   <div class='ocr_carea' id='block_1_109' title="bbox 966 2280 1750 2316">
    <p class='ocr_par' dir='ltr' id='par_1_109' title="bbox 966 2280 1750 2316">
     <span class='ocr_line' id='line_1_109' title="bbox 966 2280 1750 2316; baseline 0.005 -10"><span class='ocrx_word' id='word_1_762' title='bbox 966 2281 1046 2314; x_wconf 86' lang='lat' dir='ltr'><strong>equis</strong></span> <span class='ocrx_word' id='word_1_763' title='bbox 1055 2280 1159 2315; x_wconf 86' lang='lat' dir='ltr'><strong>aliquot</strong></span> <span class='ocrx_word' id='word_1_764' title='bbox 1167 2281 1270 2308; x_wconf 81' lang='lat' dir='ltr'><strong>enectis</strong></span> <span class='ocrx_word' id='word_1_765' title='bbox 1282 2280 1412 2316; x_wconf 83' lang='lat' dir='ltr'><strong>frigorum</strong></span> <span class='ocrx_word' id='word_1_766' title='bbox 1426 2282 1611 2316; x_wconf 72' lang='lat' dir='ltr'><strong>magnitudine</strong></span> <span class='ocrx_word' id='word_1_767' title='bbox 1641 2286 1750 2310; x_wconf 86' lang='lat' dir='ltr'><strong>domum</strong></span> 
     </span>
    </p>
   </div>
   <div class='ocr_carea' id='block_1_110' title="bbox 967 2327 1752 2362">
    <p class='ocr_par' dir='ltr' id='par_1_110' title="bbox 967 2327 1752 2362">
     <span class='ocr_line' id='line_1_110' title="bbox 967 2327 1752 2362; baseline 0.005 -9"><span class='ocrx_word' id='word_1_768' title='bbox 967 2331 1148 2354; x_wconf 78' lang='lat' dir='ltr'><strong>reverterunt.</strong></span> <span class='ocrx_word' id='word_1_769' title='bbox 1163 2327 1227 2354; x_wconf 74' lang='lat' dir='ltr'><strong>Post</strong></span> <span class='ocrx_word' id='word_1_770' title='bbox 1241 2327 1298 2354; x_wconf 64' lang='lat' dir='ltr'><strong>haec</strong></span> <span class='ocrx_word' id='word_1_771' title='bbox 1318 2328 1465 2362; x_wconf 85' lang='lat' dir='ltr'><strong>imperator</strong></span> <span class='ocrx_word' id='word_1_772' title='bbox 1477 2327 1684 2356; x_wconf 84' lang='lat' dir='ltr'><strong>Cantacuzenus</strong></span> <span class='ocrx_word' id='word_1_773' title='bbox 1696 2330 1752 2356; x_wconf 85' lang='lat' dir='ltr'><strong>Au-</strong></span> 
     </span>
    </p>
   </div>
   <div class='ocr_carea' id='block_1_111' title="bbox 968 2370 1752 2408">
    <p class='ocr_par' dir='ltr' id='par_1_111' title="bbox 968 2370 1752 2408">
     <span class='ocr_line' id='line_1_111' title="bbox 968 2370 1752 2408; baseline 0.005 -11"><span class='ocrx_word' id='word_1_774' title='bbox 968 2375 1074 2405; x_wconf 88' lang='lat' dir='ltr'><strong>gustam</strong></span> <span class='ocrx_word' id='word_1_775' title='bbox 1088 2370 1121 2397; x_wconf 90' lang='lat' dir='ltr'><strong>de</strong></span> <span class='ocrx_word' id='word_1_776' title='bbox 1133 2378 1198 2405; x_wconf 85' lang='lat' dir='ltr'><strong>pace</strong></span> <span class='ocrx_word' id='word_1_777' title='bbox 1217 2371 1315 2398; x_wconf 86' lang='lat' dir='ltr'><strong>iterum</strong></span> <span class='ocrx_word' id='word_1_778' title='bbox 1346 2372 1465 2406; x_wconf 81' lang='lat' dir='ltr'><strong>appellat</strong></span> <span class='ocrx_word' id='word_1_779' title='bbox 1476 2392 1483 2403; x_wconf 90' lang='lat'><strong>,</strong></span> <span class='ocrx_word' id='word_1_780' title='bbox 1506 2373 1629 2407; x_wconf 90' lang='lat' dir='ltr'><strong>petitque</strong></span> <span class='ocrx_word' id='word_1_781' title='bbox 1651 2381 1686 2400; x_wconf 88' lang='lat' dir='ltr'><strong>ne</strong></span> <span class='ocrx_word' id='word_1_782' title='bbox 1698 2382 1752 2408; x_wconf 90' lang='lat' dir='ltr'><strong>qua</strong></span> 
     </span>
    </p>
   </div>
   <div class='ocr_carea' id='block_1_112' title="bbox 967 2416 1751 2454">
    <p class='ocr_par' dir='ltr' id='par_1_112' title="bbox 967 2416 1751 2454">
     <span class='ocr_line' id='line_1_112' title="bbox 967 2416 1751 2454; baseline 0.005 -12"><span class='ocrx_word' id='word_1_783' title='bbox 967 2416 1045 2450; x_wconf 90' lang='lat' dir='ltr'><strong>prius</strong></span> <span class='ocrx_word' id='word_1_784' title='bbox 1059 2416 1220 2448; x_wconf 81' lang='lat' dir='ltr'><strong>temeritate,</strong></span> <span class='ocrx_word' id='word_1_785' title='bbox 1235 2417 1310 2450; x_wconf 84' lang='lat' dir='ltr'><strong>paria</strong></span> <span class='ocrx_word' id='word_1_786' title='bbox 1326 2421 1374 2443; x_wconf 87' lang='lat' dir='ltr'><strong>aut</strong></span> <span class='ocrx_word' id='word_1_787' title='bbox 1386 2417 1522 2444; x_wconf 82' lang='lat' dir='ltr'><strong>deteriora</strong></span> <span class='ocrx_word' id='word_1_788' title='bbox 1534 2419 1617 2445; x_wconf 87' lang='lat' dir='ltr'><strong>etiam</strong></span> <span class='ocrx_word' id='word_1_789' title='bbox 1644 2420 1671 2446; x_wconf 94' lang='lat' dir='ltr'><strong>in</strong></span> <span class='ocrx_word' id='word_1_790' title='bbox 1700 2427 1751 2454; x_wconf 85' lang='lat' dir='ltr'><strong>po-</strong></span> 
     </span>
    </p>
   </div>
   <div class='ocr_carea' id='block_1_113' title="bbox 968 2462 1752 2498">
    <p class='ocr_par' dir='ltr' id='par_1_113' title="bbox 968 2462 1752 2498">
     <span class='ocr_line' id='line_1_113' title="bbox 968 2462 1752 2498; baseline 0.005 -9"><span class='ocrx_word' id='word_1_791' title='bbox 968 2467 1072 2489; x_wconf 88' lang='lat' dir='ltr'><strong>sterum</strong></span> <span class='ocrx_word' id='word_1_792' title='bbox 1083 2463 1268 2498; x_wconf 69' lang='lat' dir='ltr'><strong>aggrediatur.</strong></span> <span class='ocrx_word' id='word_1_793' title='bbox 1284 2462 1355 2496; x_wconf 83' lang='lat' dir='ltr'><strong>Quin</strong></span> <span class='ocrx_word' id='word_1_794' title='bbox 1375 2464 1467 2498; x_wconf 89' lang='lat' dir='ltr'><strong>potius</strong></span> <span class='ocrx_word' id='word_1_795' title='bbox 1481 2471 1544 2492; x_wconf 90' lang='lat' dir='ltr'><strong>cum</strong></span> <span class='ocrx_word' id='word_1_796' title='bbox 1560 2472 1594 2492; x_wconf 83' lang='lat' dir='ltr'><strong>ex</strong></span> <span class='ocrx_word' id='word_1_797' title='bbox 1620 2468 1752 2494; x_wconf 78' lang='lat' dir='ltr'><strong>anteactis</strong></span> 
     </span>
    </p>
   </div>
   <div class='ocr_carea' id='block_1_114' title="bbox 967 2507 1750 2545">
    <p class='ocr_par' dir='ltr' id='par_1_114' title="bbox 967 2507 1750 2545">
     <span class='ocr_line' id='line_1_114' title="bbox 967 2507 1750 2545; baseline 0.006 -12"><span class='ocrx_word' id='word_1_798' title='bbox 967 2507 1022 2542; x_wconf 88' lang='lat' dir='ltr'><strong>jam</strong></span> <span class='ocrx_word' id='word_1_799' title='bbox 1036 2508 1204 2542; x_wconf 75' lang='lat' dir='ltr'><strong>cognoverit,</strong></span> <span class='ocrx_word' id='word_1_800' title='bbox 1225 2508 1326 2535; x_wconf 86' lang='lat' dir='ltr'><strong>bellum</strong></span> <span class='ocrx_word' id='word_1_801' title='bbox 1345 2509 1416 2535; x_wconf 85' lang='lat' dir='ltr'><strong>istuc</strong></span> <span class='ocrx_word' id='word_1_802' title='bbox 1431 2509 1585 2537; x_wconf 82' lang='lat' dir='ltr'><strong>Romanum</strong></span> <span class='ocrx_word' id='word_1_803' title='bbox 1606 2511 1750 2545; x_wconf 86' lang='lat' dir='ltr'><strong>imperium</strong></span> 
     </span>
    </p>
   </div>
   <div class='ocr_carea' id='block_1_115' title="bbox 969 2551 1750 2589">
    <p class='ocr_par' dir='ltr' id='par_1_115' title="bbox 969 2551 1750 2589">
     <span class='ocr_line' id='line_1_115' title="bbox 969 2551 1750 2589; baseline 0.005 -11"><span class='ocrx_word' id='word_1_804' title='bbox 969 2551 1094 2579; x_wconf 76' lang='lat' dir='ltr'><strong>funditus</strong></span> <span class='ocrx_word' id='word_1_805' title='bbox 1106 2552 1277 2586; x_wconf 88' lang='lat' dir='ltr'><strong>perditurutn</strong></span> <span class='ocrx_word' id='word_1_806' title='bbox 1290 2572 1298 2584; x_wconf 92' lang='lat'><strong>,</strong></span> <span class='ocrx_word' id='word_1_807' title='bbox 1314 2560 1408 2587; x_wconf 87' lang='lat' dir='ltr'><strong>pacem</strong></span> <span class='ocrx_word' id='word_1_808' title='bbox 1424 2554 1551 2580; x_wconf 85' lang='lat' dir='ltr'><strong>admittat</strong></span> <span class='ocrx_word' id='word_1_809' title='bbox 1564 2562 1572 2581; x_wconf 89' lang='lat'><strong>:</strong></span> <span class='ocrx_word' id='word_1_810' title='bbox 1586 2563 1615 2581; x_wconf 87' lang='lat' dir='ltr'><strong>se</strong></span> <span class='ocrx_word' id='word_1_811' title='bbox 1629 2563 1750 2589; x_wconf 73' lang='lat' dir='ltr'><strong>quoque,</strong></span> 
     </span>
    </p>
   </div>
   <div class='ocr_carea' id='block_1_116' title="bbox 970 2597 1750 2633">
    <p class='ocr_par' dir='ltr' id='par_1_116' title="bbox 970 2597 1750 2633">
     <span class='ocr_line' id='line_1_116' title="bbox 970 2597 1750 2633; baseline 0.003 -9"><span class='ocrx_word' id='word_1_812' title='bbox 970 2597 1033 2625; x_wconf 87' lang='lat' dir='ltr'><strong>licet</strong></span> <span class='ocrx_word' id='word_1_813' title='bbox 1050 2605 1099 2632; x_wconf 84' lang='lat' dir='ltr'><strong>par</strong></span> <span class='ocrx_word' id='word_1_814' title='bbox 1114 2598 1171 2631; x_wconf 87' lang='lat' dir='ltr'><strong>pari</strong></span> <span class='ocrx_word' id='word_1_815' title='bbox 1190 2598 1294 2625; x_wconf 78' lang='lat' dir='ltr'><strong>referre</strong></span> <span class='ocrx_word' id='word_1_816' title='bbox 1307 2599 1405 2633; x_wconf 78' lang='lat' dir='ltr'><strong>possit,</strong></span> <span class='ocrx_word' id='word_1_817' title='bbox 1421 2600 1574 2627; x_wconf 89' lang='lat' dir='ltr'><strong>communis</strong></span> <span class='ocrx_word' id='word_1_818' title='bbox 1589 2601 1649 2626; x_wconf 83' lang='lat' dir='ltr'><strong>boni</strong></span> <span class='ocrx_word' id='word_1_819' title='bbox 1671 2609 1750 2627; x_wconf 71' lang='lat' dir='ltr'><strong>causa</strong></span> 
     </span>
    </p>
   </div>
   <div class='ocr_carea' id='block_1_117' title="bbox 971 2643 1753 2679">
    <p class='ocr_par' dir='ltr' id='par_1_117' title="bbox 971 2643 1753 2679">
     <span class='ocr_line' id='line_1_117' title="bbox 971 2643 1753 2679; baseline 0.004 -10"><span class='ocrx_word' id='word_1_820' title='bbox 971 2644 1004 2670; x_wconf 87' lang='lat' dir='ltr'><strong>ab</strong></span> <span class='ocrx_word' id='word_1_821' title='bbox 1032 2643 1117 2670; x_wconf 84' lang='lat' dir='ltr'><strong>armis</strong></span> <span class='ocrx_word' id='word_1_822' title='bbox 1142 2643 1324 2670; x_wconf 83' lang='lat' dir='ltr'><strong>libentissime</strong></span> <span class='ocrx_word' id='word_1_823' title='bbox 1348 2644 1545 2671; x_wconf 78' lang='lat' dir='ltr'><strong>discessurum.</strong></span> <span class='ocrx_word' id='word_1_824' title='bbox 1564 2645 1681 2679; x_wconf 58' lang='lat' dir='ltr'><strong>Legatus</strong></span> <span class='ocrx_word' id='word_1_825' title='bbox 1693 2652 1753 2672; x_wconf 77' lang='lat' dir='ltr'><strong>erat</strong></span> 
     </span>
    </p>
   </div>
   <div class='ocr_carea' id='block_1_118' title="bbox 970 2689 1752 2725">
    <p class='ocr_par' dir='ltr' id='par_1_118' title="bbox 970 2689 1752 2725">
     <span class='ocr_line' id='line_1_118' title="bbox 970 2689 1752 2725; baseline 0.004 -10"><span class='ocrx_word' id='word_1_826' title='bbox 970 2690 1018 2724; x_wconf 88' lang='lat' dir='ltr'><strong>qui</strong></span> <span class='ocrx_word' id='word_1_827' title='bbox 1033 2693 1060 2716; x_wconf 88' lang='lat' dir='ltr'><strong>et</strong></span> <span class='ocrx_word' id='word_1_828' title='bbox 1073 2689 1150 2722; x_wconf 83' lang='lat' dir='ltr'><strong>alias,</strong></span> <span class='ocrx_word' id='word_1_829' title='bbox 1165 2689 1319 2716; x_wconf 88' lang='lat' dir='ltr'><strong>Demetrius</strong></span> <span class='ocrx_word' id='word_1_830' title='bbox 1332 2690 1511 2725; x_wconf 82' lang='lat' dir='ltr'><strong>Sguropulus,</strong></span> <span class='ocrx_word' id='word_1_831' title='bbox 1524 2696 1551 2718; x_wconf 87' lang='lat' dir='ltr'><strong>et</strong></span> <span class='ocrx_word' id='word_1_832' title='bbox 1565 2699 1619 2718; x_wconf 87' lang='lat' dir='ltr'><strong>una</strong></span> <span class='ocrx_word' id='word_1_833' title='bbox 1633 2691 1752 2718; x_wconf 79' lang='lat' dir='ltr'><strong>Joannes</strong></span> 
     </span>
    </p>
   </div>
   <div class='ocr_carea' id='block_1_119' title="bbox 971 2735 1750 2772">
    <p class='ocr_par' dir='ltr' id='par_1_119' title="bbox 971 2735 1750 2772">
     <span class='ocr_line' id='line_1_119' title="bbox 971 2735 1750 2772; baseline 0.003 -10"><span class='ocrx_word' id='word_1_834' title='bbox 971 2735 1073 2763; x_wconf 81' lang='lat' dir='ltr'><strong>Pothus</strong></span> <span class='ocrx_word' id='word_1_835' title='bbox 1084 2743 1117 2762; x_wconf 77' lang='lat' dir='ltr'><strong>ex</strong></span> <span class='ocrx_word' id='word_1_836' title='bbox 1131 2735 1225 2770; x_wconf 81' lang='lat' dir='ltr'><strong>Angeli</strong></span> <span class='ocrx_word' id='word_1_837' title='bbox 1242 2735 1381 2769; x_wconf 72' lang='lat' dir='ltr'><strong>pincernae</strong></span> <span class='ocrx_word' id='word_1_838' title='bbox 1395 2736 1562 2764; x_wconf 88' lang='lat' dir='ltr'><strong>domesticis.</strong></span> <span class='ocrx_word' id='word_1_839' title='bbox 1578 2737 1617 2764; x_wconf 80' lang='lat' dir='ltr'><strong>Ad</strong></span> <span class='ocrx_word' id='word_1_840' title='bbox 1638 2738 1750 2772; x_wconf 67' lang='lat' dir='ltr'><strong>leg-tio-</strong></span> 
     </span>
    </p>
   </div>
   <div class='ocr_carea' id='block_1_120' title="bbox 972 2781 1750 2816">
    <p class='ocr_par' dir='ltr' id='par_1_120' title="bbox 972 2781 1750 2816">
     <span class='ocr_line' id='line_1_120' title="bbox 972 2781 1750 2816; baseline -0.001 -7"><span class='ocrx_word' id='word_1_841' title='bbox 972 2790 1034 2809; x_wconf 82' lang='lat' dir='ltr'><strong>ncnt</strong></span> <span class='ocrx_word' id='word_1_842' title='bbox 1050 2783 1096 2816; x_wconf 92' lang='lat' dir='ltr'><strong>qui</strong></span> <span class='ocrx_word' id='word_1_843' title='bbox 1115 2781 1236 2816; x_wconf 84' lang='lat' dir='ltr'><strong>Byzantii</strong></span> <span class='ocrx_word' id='word_1_844' title='bbox 1254 2788 1304 2815; x_wconf 94' lang='lat' dir='ltr'><strong>pro</strong></span> <span class='ocrx_word' id='word_1_845' title='bbox 1333 2782 1508 2815; x_wconf 85' lang='lat' dir='ltr'><strong>imperatrice</strong></span> <span class='ocrx_word' id='word_1_846' title='bbox 1520 2783 1674 2809; x_wconf 82' lang='lat' dir='ltr'><strong>tractabant</strong></span> <span class='ocrx_word' id='word_1_847' title='bbox 1698 2783 1750 2809; x_wconf 85' lang='lat' dir='ltr'><strong>im-</strong></span> 
     </span>
    </p>
   </div>
   <div class='ocr_carea' id='block_1_121' title="bbox 972 2827 1752 2864">
    <p class='ocr_par' dir='ltr' id='par_1_121' title="bbox 972 2827 1752 2864">
     <span class='ocr_line' id='line_1_121' title="bbox 972 2827 1752 2864; baseline -0.001 -8"><span class='ocrx_word' id='word_1_848' title='bbox 972 2829 1076 2864; x_wconf 80' lang='lat' dir='ltr'><strong>periunl</strong></span> <span class='ocrx_word' id='word_1_849' title='bbox 1092 2827 1159 2854; x_wconf 90' lang='lat' dir='ltr'><strong>nihil</strong></span> <span class='ocrx_word' id='word_1_850' title='bbox 1169 2828 1344 2861; x_wconf 83' lang='lat' dir='ltr'><strong>respondent,</strong></span> <span class='ocrx_word' id='word_1_851' title='bbox 1360 2829 1406 2854; x_wconf 83' lang='lat' dir='ltr'><strong>sed</strong></span> <span class='ocrx_word' id='word_1_852' title='bbox 1421 2827 1538 2862; x_wconf 81' lang='lat' dir='ltr'><strong>legatum</strong></span> <span class='ocrx_word' id='word_1_853' title='bbox 1555 2829 1671 2855; x_wconf 85' lang='lat' dir='ltr'><strong>alterum</strong></span> <span class='ocrx_word' id='word_1_854' title='bbox 1682 2830 1752 2856; x_wconf 83' lang='lat' dir='ltr'><strong>ntul-</strong></span> 
     </span>
    </p>
   </div>
   <div class='ocr_carea' id='block_1_122' title="bbox 973 2873 1752 2910">
    <p class='ocr_par' dir='ltr' id='par_1_122' title="bbox 973 2873 1752 2910">
     <span class='ocr_line' id='line_1_122' title="bbox 973 2873 1752 2910; baseline 0 -7"><span class='ocrx_word' id='word_1_855' title='bbox 973 2876 1008 2903; x_wconf 90' lang='lat' dir='ltr'><strong>tis</strong></span> <span class='ocrx_word' id='word_1_856' title='bbox 1020 2881 1163 2910; x_wconf 82' lang='lat' dir='ltr'><strong>aspersum</strong></span> <span class='ocrx_word' id='word_1_857' title='bbox 1185 2873 1314 2900; x_wconf 78' lang='lat' dir='ltr'><strong>comitiis</strong></span> <span class='ocrx_word' id='word_1_858' title='bbox 1334 2874 1360 2902; x_wconf 89' lang='lat' dir='ltr'><strong>in</strong></span> <span class='ocrx_word' id='word_1_859' title='bbox 1379 2875 1530 2902; x_wconf 79' lang='lat' dir='ltr'><strong>custodiam</strong></span> <span class='ocrx_word' id='word_1_860' title='bbox 1554 2875 1752 2910; x_wconf 82' lang='lat' dir='ltr'><strong>compingunt:</strong></span> 
     </span>
    </p>
   </div>
   <div class='ocr_carea' id='block_1_123' title="bbox 1516 2923 1578 2973">
    <p class='ocr_par' dir='ltr' id='par_1_123' title="bbox 1516 2923 1578 2973">
     <span class='ocr_line' id='line_1_123' title="bbox 1516 2923 1578 2973; baseline 0.016 -21"><span class='ocrx_word' id='word_1_861' title='bbox 1516 2923 1578 2973; x_wconf 36' lang='lat'><strong>.28</strong></span> 
     </span>
    </p>
   </div>
  </div>
