1931 3090
168 129 223 160 529

755 126 919 158 JOANNIS
937 104 1202 158 CANTAéUZENt

1748 127 1805 159 880

160 186 321 215 tradendam
333 193 381 215 eos
395 186 516 214 allectat.
530 186 593 214 Dies
611 193 665 221 quo
679 186 767 213 veniat
783 185 944 220 praefinitur.

1005 183 1137 216 Βασιλεὺς
1165 187 1194 210 δὲ
1207 185 1220 211 ὁ
1236 184 1464 219 Κοντακουξηνδς
1476 184 1609 211 διενοεῖτο
1627 183 1677 218 μὲν
1691 183 1729 216 ὠς
1741 185 1802 218 ἅμα

160 233 210 261 llle
240 238 384 269 assumpto
411 233 534 261 exercitu
562 233 594 259 ad
628 233 695 259 alias
719 231 844 259 'l‘ltracia‘.
871 232 953 259 urbes

160 281 264 308 iturum
298 280 413 314 illasque
439 279 618 307 obsessurum
640 279 755 314 ﬁngens,
775 286 808 305 ne
844 279 890 314 qui
918 279 952 306 ab

160 328 284 361 Augusta
303 325 423 358 stabant,
438 325 569 352 infestum
585 326 645 360 ejus
660 332 802 352 accessum
818 324 952 351 Adriano-

162 372 246 404 polim
262 370 438 402 nuntiarent,
454 378 535 405 supra
550 371 683 401 Hebrum,
698 375 729 397 ttt
746 370 877 404 postridie
898 370 950 396 nti-

158 416 167 442 ]
183 421 235 442 tem
251 415 477 447 transducturus,
496 419 583 442 castra
604 415 678 442 facit.
696 414 777 441 Mittit
791 422 902 449 quoque
917 414 950 441 ad

158 462 320 489 Pincernam
333 461 543 493 consobrinum,
562 462 608 496 qtti
622 469 684 489 cum
699 461 853 488 tnillenario
870 462 950 488 Pam—

158 508 264 542 philum
283 507 423 539 servabat,
444 511 472 534 ct
485 515 576 535 arcem
596 515 659 535 cum
675 507 737 534 aliis
748 508 838 542 gravis
859 515 949 534 arma-

159 559 227 580 tum
240 561 271 581 ac
280 553 431 589 sagittariis
452 558 562 581 centum
573 562 580 579 :
593 554 714 586 mandat,
731 558 761 581 ut
774 553 866 581 rel?cta
879 553 951 581 arcis

157 599 293 630 custodia,
308 603 337 626 et
356 607 390 627 ex
407 600 531 635 equitatu
559 600 700 631 trecentis,
715 600 761 635 qui
793 599 950 627 inferiorem

155 645 254 673 urbem
269 649 426 677 tuerentur,
443 653 505 672 cum
518 650 617 673 αξιοι-ο
629 647 737 681 agmine
751 645 784 673 ad
797 653 826 673 se
838 645 948 678 veniat;

154 690 241 726 M9
252 698 364 717 causam
383 691 496 725 insuper
507 691 601 724 addit,
623 700 674 719 cur
690 699 754 719 eum
773 696 865 718 vocet.
885 691 950 718 Pin-

157 729 242 762 ce'rna
263 735 393 770 opinatus
409 736 497 763 solum
509 737 580 763 arcis
594 737 750 770 praesidium
766 737 827 764 urbi
840 744 950 764 servan-

157 783 199 808 da:
212 781 350 814 sufficere,
370 788 434 809 cum
454 786 512 808 toto
526 782 650 815 equitatu
667 781 755 809 adest.
770 781 839 808 Cum
857 787 949 809 autem

152 834 211 861 _per
235 831 342 854 noctem
360 827 434 853 illam
459 826 559 854 Boreas
587 827 721 862 spirasset
742 829 947 861 vehementius,

1003 227 1051 264 ἦρι
1067 229 1205 264 Βυζαντίῳ
1231 230 1467 265 ὲπιστρατεύσων,
1482 231 1530 256 καὶ
1552 231 1753 266 πειρασόμενος
1770 231 1797 256 cl

1004 276 1112 302 δύναιτο
1127 275 1218 310 ἐαυτῷ
1234 277 1377 303 ὺποποιεῖν
1391 284 1398 291 ·
1415 277 1490 311 ὅμως
1511 277 1558 303 τοῦ
1579 277 1715 311 χειμῶνος
1735 278 1795 309 τοῖς

1005 321 1034 346 ιν
1065 321 1286 354 Ἀδριανουπόλει
1325 322 1440 356 ἄρχουσι
1473 322 1665 357 προσπέμπων
1702 323 1800 357 κρύφα

1004 366 1053 391 καὶ
1070 366 1273 400 διαλεγόμενος,
1287 366 1382 392 ἔπεισε
1394 368 1445 400 τὴν
1460 366 1536 392 πόλιν
1549 367 1724 402 ἐγχειρίζειν.
1740 368 1798 394 Καὶ

1003 411 1065 437 ἐπεὶ
1089 411 1245 438 συντέιθειτο
1267 412 1359 446 ἡμέρα
1381 412 1442 438 καθ’
1458 412 1492 447 ἥν
1518 412 1572 439 ἔδει
1594 413 1729 446 ἐπελθεῖν,
1745 414 1798 448 τὴν

1003 456 1086 484 οὖσαν
1112 458 1243 492 στρατιὰν
1269 458 1447 493 παραλαϐὼν,
1469 459 1516 485 καὶ
1534 459 1798 495 προσποιησάμενος

1003 503 1044 537 ἐφ’
1059 504 1156 538 ἑτέρας
1167 504 1217 538 τῆς
1229 504 1341 540 Θρᾴκης
1357 504 1508 538 βαδιεῖσθαι
1525 505 1620 536 πόλεις
1635 505 1672 536 ὡς
1686 506 1799 542 πολιορ-

1002 550 1096 584 κήσων
1115 550 1158 576 ἴνα
1178 551 1215 585 μὴ
1233 551 1286 577 ὑπό
1300 559 1347 577 του
1361 551 1416 577 τῶν
1437 550 1473 577 τὰ
1499 551 1635 586 βασιλίδος
1648 553 1799 587 ᾑρημένων

1002 595 1072 629 πρὸς
1096 595 1146 630 τὴν
1175 595 1316 631 Ἀδριανοῦ
1341 597 1358 631 ὴ
1383 595 1478 630 ἔφοδος
1506 597 1627 632 μηνυθῇ,
1650 598 1727 632 παρά
1749 598 1799 624 τὸν

1003 640 1105 676 Ἕϐρον
1121 642 1371 676 ἐστρατοπέδευσεν
1385 642 1424 673 ὡς
1445 643 1669 678 περαιωσόμενος
1687 645 1727 675 είς
1744 643 1798 679 τὴν

1002 687 1162 722 ὑστεραίαν.
1188 687 1303 723 Πέμψας
1334 688 1362 715 δὲ
1387 688 1435 715 καὶ
1466 689 1536 724 πρὸς
1564 689 1721 725 [Ιιγκέρνην
1748 690 1797 717 τὸν

1000 733 1124 768 ἀνεψιὸν,
1151 732 1182 760 τὺ
1215 734 1364 769 Πάμφυλον
1396 734 1456 768 ἃμα
1487 735 1585 769 χιλίοις
1618 735 1795 770 φρουροῦντα

1001 779 1194 813 στρατιώταις,
1210 780 1260 814 τήν
1273 788 1302 806 τε
1319 780 1469 816 ἀκρόπολιν
1483 781 1589 816 ἑτέροις
1606 781 1731 812 ὁπλίταις
1745 782 1797 808 καὶ

1001 824 1089 858 ψιλοῖς
1103 824 1224 857 τοξόταις
1237 825 1348 858 ἑκατὸν,
1365 826 1476 853 ἐκέλευε
1488 828 1539 862 τὴν
1555 828 1585 853 ὲν
1597 829 1629 862 τῇ
1645 828 1796 862 ἀκροπόλει

157 872 279 898 diluculo
298 872 400 899 ﬂumen
413 872 584 907 conglaciare
609 873 753 908 incipiens,
772 874 842 901 intra
866 874 944 902 breve

1001 873 1124 906 φρουρὰν
1148 872 1346 906 καταλιπόντα,
1360 874 1408 899 καὶ
1422 874 1472 909 τῆς
1492 875 1626 909 στρατιᾶς
1638 874 1688 908 τῆς
1711 876 1795 902 ἱππι-

156 924 268 954 tempus
284 923 371 946 toturn
383 919 485 954 frigore
501 919 635 947 constitit.
648 919 743 955 Neque
755 925 848 948 tamen
872 921 944 949 adeo

155 958 233 991 tirtna
257 973 289 992 ac
314 965 397 992 densa
424 969 484 992 erat
499 965 614 1000 glacies.
644 972 675 992 ut
692 970 804 1000 portare
825 968 948 1003 equitem

155 1018 258 1047 posset,
277 1021 326 1040 nec
341 1013 482 1041 consuetis
502 1013 662 1041 actuariolis
680 1014 828 1041 transitum
843 1015 947 1049 praebe-

155 1061 212 1091 bat,
229 1059 276 1086 sed
287 1058 321 1086 ad
330 1058 407 1087 istuc
422 1059 528 1092 durior,
542 1060 575 1085 ad
588 1066 676 1094 equos
691 1066 760 1086 vero
774 1060 948 1088 sustinendos

155 1105 277 1139 fragilior
302 1105 475 1140 apparebat:
493 1113 560 1140 quat
585 1113 630 1133 rcs
656 1105 771 1133 multam
789 1107 946 1134 transeundi

155 1150 359 1178 dubitationem
387 1150 517 1178 habebat.
541 1151 594 1177 Per
614 1151 673 1178 dies
698 1151 790 1186 itaque
805 1151 948 1180 duodenos

156 1196 305 1228 imperator
329 1195 365 1221 ibi
383 1195 408 1221 in
429 1194 536 1221 stativis
557 1197 667 1226 mansit,
687 1200 849 1230 exspectans
861 1196 947 1231 siquo

156 1241 238 1267 modo
254 1241 367 1267 daretur
382 1239 503 1267 Hebrum
518 1242 716 1268 transmittere.
738 1240 767 1268 ltt
786 1241 829 1269 bis
848 1241 947 1269 Adria-

157 1286 276 1320 nopo.im
293 1286 423 1321 Byzantio
446 1286 675 1320 supervenientes
690 1287 812 1314 sexcenti
834 1288 946 1321 milites,

153 1341 214 1360 rem
232 1333 434 1360 disturbarunt.
451 1333 486 1360 At
497 1332 645 1367 Pamphill,
661 1334 790 1368 quoniam
813 1334 944 1362 Pincerna

153 1385 218 1406 cum
226 1378 315 1413 copiis
324 1385 377 1405 non
387 1379 553 1414 aderat,pra2
561 1379 798 1414 qttibusoppidani
805 1379 945 1415 quippiam

156 1426 219 1453 novi
233 1429 342 1453 tentare
357 1424 529 1456 metuebant,
547 1425 625 1460 prius
641 1425 804 1459 quibusdam
823 1433 839 1452 e
851 1425 944 1460 praesi-

156 1473 202 1500 ttio
216 1471 332 1507 pecunia
349 1475 493 1498 numerata
511 1471 663 1504 corruptis,
688 1474 717 1497 et
741 1477 775 1498 eo
794 1470 943 1505 perpulsis,

155 1523 185 1545 ut
195 1525 258 1545 vasa
269 1517 339 1544 clam
348 1519 525 1548 evacuarent,
536 1515 564 1542 in
577 1515 678 1550 quibus
691 1523 790 1550 aquam
801 1519 829 1542 et
838 1516 941 1547 vinum,

154 1564 216 1590 etsi
234 1562 299 1597 quid
325 1562 398 1588 aliud
426 1561 554 1596 potabit",
572 1562 720 1589 servabant
733 1568 799 1595 (non
821 1560 894 1588 enim
909 1568 943 1588 ex

158 1614 242 1644 puteo
255 1607 365 1635 haurire
379 1607 489 1639 licebat,
503 1611 648 1641 postquam
665 1606 717 1633 sibi
730 1605 816 1633 factas
829 1606 942 1634 insidias

155 1655 326 1687 audirrant),
347 1655 475 1681 custodes
506 1653 579 1680 arcis
607 1653 689 1681 simul
704 1645 758 1681 tota
773 1654 838 1681 urbs
855 1661 943 1688 oppu-

155 1707 229 1737 gnat,
247 1704 474 1735 expugnatosque
493 1704 521 1726 et
535 1699 705 1726 intoleranda
722 1699 769 1727 siti
796 1707 942 1734 oppressos

156 1747 188 1772 ad
200 1745 365 1772 tledttiOnem
383 1743 477 1779 adigit,
493 1751 526 1770 ac
543 1748 599 1770 tres
610 1750 706 1770 eorum
726 1745 811 1771 duces
824 1745 940 1777 vinctos,

155 1798 218 1817 cum
231 1795 289 1817 toto
304 1789 431 1824 praesidio
447 1791 481 1816 ad
495 1792 646 1830 Augustam
660 1789 824 1824 Byzantium
839 1790 940 1824 mittit;

154 1843 229 1871 quos
241 1835 362 1872 Byzantii
384 1834 584 1862 contumeliose
606 1838 737 1862 tractatos
757 1839 785 1862 et.
811 1835 941 1862 ontnibus

155 1883 280 1910 αιτιοι-ἰῆς
296 1882 432 1909 laceratos
448 1882 625 1908 incarcerem
644 1880 787 1908 dederunt.
810 1880 839 1908 In
857 1881 942 1916 impe-

154 1933 273 1956 ratorem
289 1935 401 1962 quoque
416 1926 637 1954 Cantacuzenum
660 1934 689 1953 se
702 1926 827 1961 improbe
840 1926 940 1961 jgesse-

154 1972 229 2007 rt‘tnt,
245 1974 352 2001 anulla
381 1973 527 2000 verborum
553 1972 706 2007 petulantia
735 1976 940 2007 temperantes,

153 2027 241 2054 eoque
263 2017 421 2046 stoliditatis
445 2017 584 2052 progressi
610 2022 683 2048 sunt.
715 2021 746 2044 ut
778 2018 800 2044 si
829 2018 940 2053 quando

153 2065 272 2092 Joannes
290 2063 441 2098 imperator
470 2062 631 2090 adolescens
647 2070 663 2089 e
681 2063 784 2098 palatio
805 2064 839 2091 ad
855 2064 939 2091 animi

155 2102 387 2138 oblectamentum
413 2109 543 2144 quopiam
563 2109 687 2143 prodiret
707 2109 753 2144 (ob
767 2113 877 2137 aetatem
905 2111 942 2138 si-

152 2156 264 2191 quidem
285 2157 471 2186 immaturam,
496 2154 611 2188 publicae
625 2154 665 2181 rei
689 2155 758 2182 nihil
779 2155 939 2191 attingebat,

1000 917 1052 952 κῆς
1067 918 1254 952 τριακοσίους,
1272 918 1344 945 ὥστε
1368 921 1500 955 φρουρεῖν
1522 921 1573 954 τὴν
1599 916 1677 947 κᾶτω
1699 921 1792 952 πόλιν,

998 964 1062 994 τοὺς
1080 963 1192 995 λοιποὺς
1212 964 1394 998 ἀναλαϐόντα,
1409 965 1489 1000 ἥκειν
1503 965 1573 1000 πρὸς
1586 965 1679 998 αὐτὸν,
1695 966 1794 1001 ὲδὴλου

998 1007 1026 1035 δὲ
1043 1009 1091 1035 καὶ
1106 1008 1156 1044 τὴν
1175 1008 1265 1036 αἰτίαν
1288 1006 1321 1045 ἧς
1340 1010 1423 1037 ἕνεκα
1443 1010 1565 1038 καλοῖτο.
1588 1010 1617 1038 '0
1637 1011 1661 1037 δ’
1682 1012 1792 1046 ἡγησά-

1000 1061 1080 1088 μενος
1096 1054 1146 1089 τὴν
1160 1056 1190 1081 ὲν
1205 1055 1238 1089 τῇ
1259 1055 1409 1090 ἀκροπόλει
1423 1057 1509 1092 μόνην
1519 1058 1645 1092 φρουρὰν
1658 1057 1793 1091 ἀρκέσειν

998 1100 1069 1134 πρὸς
1082 1100 1252 1135 κατάσχεσιν
1268 1102 1318 1136 τῆς
1335 1101 1452 1135 πόλεως,
1463 1103 1527 1134 τοὺς
1546 1103 1648 1135 ἱππέας
1665 1104 1795 1134 ἃπαντας

998 1144 1179 1180 παραλαϐὼν,
1193 1144 1261 1182 ἧκεν
1273 1146 1312 1178 ὡς
1323 1146 1449 1181 βασιλέα.
1470 1148 1528 1184 Τῆς
1541 1149 1628 1183 αὐτῆς
1646 1149 1675 1176 δὲ
1689 1150 1791 1182 νυκτὸς

997 1192 1045 1219 τοῦ
1066 1193 1154 1227 Βορέα
1170 1193 1338 1225 πνεύσαντος
1351 1194 1531 1230 δριμύτερον,
1544 1196 1593 1229 ἅμ’
1609 1197 1702 1232 ἡμέρᾳ
1718 1206 1790 1232 κρυ-

998 1237 1162 1264 σταλοῦσθαι
1184 1239 1284 1274 ἤρχετο
1307 1240 1321 1265 ό
1350 1240 1485 1274 ποταμὸς,
1510 1241 1558 1267 καὶ
1573 1240 1657 1276 ὀλίγῳ
1672 1241 1791 1276 ὕστερον

997 1284 1070 1317 ἅπας
1093 1285 1246 1320 διεφαίνετο
1277 1286 1494 1321 κρυσταλωθείς.
1520 1288 1590 1314 οὗτε
1611 1288 1640 1314 δὲ
1655 1288 1789 1315 τοσοῦτον

997 1328 1054 1366 εἶχε
1080 1332 1261 1367 στερρότητος
1280 1333 1294 1358 ὁ
1317 1333 1417 1366 πάγος,
1432 1333 1503 1359 ὥστε
1521 1333 1630 1368 στέγειν
1649 1334 1713 1366 τοὺς
1739 1335 1788 1360 ιπ-

997 1377 1067 1407 πέας
1081 1377 1126 1403 ἐπ’
1141 1377 1224 1404 αὑτὸν
1245 1378 1475 1413 περαιουμένους,
1487 1377 1549 1405 οὔτε
1566 1380 1624 1410 τοῖς
1640 1379 1789 1415 συνήθεσιν

995 1422 1119 1454 ἀκατίοις
1143 1424 1212 1459 πρὸς
1239 1424 1285 1451 τὸν
1314 1425 1400 1459 πόρον
1424 1425 1511 1451 δίοδον
1538 1426 1685 1460 παρεῖχεν,
1715 1425 1789 1452 ἀλλὰ

995 1469 1042 1496 τοῦ
1058 1469 1119 1504 μὲν,
1136 1469 1317 1505 στερρότερος
1331 1469 1470 1504 ἐφαίνετο,
1493 1470 1540 1497 τοῦ
1557 1471 1666 1504 στέγειν
1678 1470 1707 1497 δὲ
1722 1471 1788 1502 τοὺς

996 1515 1107 1548 ίππους,
1136 1515 1346 1550 ὰδρανίστερος.
1378 1516 1424 1541 Διὸ
1455 1517 1502 1542 καὶ
1528 1516 1648 1550 ἀπορίαν
1678 1515 1785 1551 πολλὴν

994 1561 1109 1595 παρεῖχε
1139 1560 1208 1595 πρὸς
1237 1560 1283 1587 τὸν
1312 1560 1408 1595 πόρον.
1442 1561 1613 1588 Δυοκαίδεκα
1653 1562 1702 1595 μὲν
1737 1559 1786 1588 οὖν

994 1606 1239 1641 ἐστρατοπεδεύετο
1253 1606 1334 1632 ὲκείὸ
1347 1606 1476 1641 βασιλεὺς
1491 1607 1608 1642 ἡμέρας,
1624 1607 1786 1642 περιμένων

993 1649 1018 1675 ει
1041 1650 1136 1684 τρόπῳ
1150 1649 1182 1684 δή
1207 1658 1260 1676 τινι
1287 1651 1427 1684 ἐγγένοιτο
1449 1651 1495 1677 τὸν
1520 1651 1621 1686 Ἕϐρον
1641 1651 1782 1687 διαϐῆναι.

999 1695 1043 1722 Ἑν
1067 1697 1180 1727 ταύταις
1205 1697 1234 1723 δὲ
1251 1697 1283 1722 ἐκ
1300 1697 1451 1728 Βυζαντίου
1472 1699 1505 1733 τῇ
1525 1697 1670 1733 Ἀδριανοῦ
1687 1699 1783 1733 ἐπιγε-

992 1742 1101 1776 νόμενοι
1135 1741 1301 1776 στρατιῶται
1344 1743 1481 1775 ἑξακόσιοι
1523 1744 1572 1778 τὴν
1607 1745 1784 1780 ἐπιχείρησιν

992 1789 1144 1822 ἀφείλοντο.
1167 1789 1211 1814 Ἐν
1239 1789 1378 1824 Παμφίλῳ
1403 1789 1433 1815 δὲ
1458 1790 1548 1816 ἐπεὶὸ
1570 1790 1726 1826 Πιγκέρνης
1751 1792 1782 1818 οὐ

992 1834 1095 1868 παρῆν,
1113 1833 1184 1869 ἔχων
1206 1835 1257 1869 τὴν
1281 1835 1416 1870 στρατιὰν
1438 1835 1471 1871 ἢν
1488 1837 1587 1863 ἐκεῖνοι
1611 1836 1784 1864 ἐδεδοίκεσαν

992 1881 1176 1915 νεωτερίζειν,
1192 1883 1326 1917 πρότερον
1340 1882 1395 1909 τῶν
1409 1882 1538 1918 φρουρῶν
1557 1891 1636 1914 τινας
1654 1883 1783 1918 χρήμασι

991 1927 1221 1962 διαφθείραντες.
1250 1929 1297 1954 καὶ
1325 1928 1472 1960 πείσαντες
1499 1929 1534 1959 τὰ
1563 1930 1663 1963 ἀγγεῖα
1693 1929 1784 1963 λάϐρα

992 1972 1132 2005 ἐκκενοῦν,
1148 1973 1177 1999 ὲν
1197 1970 1238 2004 οἷς
1264 1973 1336 2009 ὕδωρ
1359 1975 1454 2006 αὐτοῖς
1475 1974 1522 2001 καὶ
1545 1972 1628 2007 οἶνος,
1646 1976 1694 2003 καὶ
1711 1975 1739 2001 εί
1756 1984 1783 2002 τι

991 2018 1086 2053 ἕτερον
1110 2018 1193 2053 ὑγρὸν
1218 2018 1287 2052 πρὸς
1312 2019 1392 2045 πόσιν
1415 2019 1596 2054 ἐφυλάττετο,
1621 2020 1652 2046 οὐ
1677 2021 1732 2055 γὰρ
1750 2022 1784 2047 ἑκ

992 2064 1084 2099 πηγῆς
1103 2063 1238 2099 ἀρύεσθαι
1263 2065 1337 2099 ἐνῆν,
1352 2065 1389 2097 ὡς
1407 2065 1543 2092 ἐπύθοντο
1558 2066 1715 2101 ἡνυσμένην
1731 2067 1783 2101 τὴν

991 2109 1149 2144 ἐπιϐουλὴν,
1160 2110 1279 2144 πόλεμον
1296 2109 1365 2145 πρὸς
1389 2110 1452 2142 τοὺς
1475 2111 1503 2137 ιν
1525 2111 1676 2147 ἀκροπόλει
1694 2120 1783 2147 φροη-

992 2154 1056 2189 ροὺς
1075 2156 1153 2190 κοινῇ
1176 2155 1254 2185 πᾶσα
1270 2156 1288 2190 ἡ
1311 2155 1389 2187 πόλις
1412 2155 1603 2191 ἀναιροῦνται.
1625 2157 1680 2184 Καὶ
1696 2159 1783 2184 ἐκπο-

154 2201 265 2237 qttando
296 2204 372 2233 patre
398 2199 535 2226 moriente
561 2207 616 2226 nou
637 2199 701 2234 plus
728 2208 828 2228 novem
854 2209 941 2230 annos

996 2201 1188 2235 λιορκήσαντες
1210 2200 1241 2226 ἐν
1265 2200 1381 2232 ταύταις
1405 2202 1466 2232 ταῖς
1490 2202 1619 2236 ἡμέραις,
1640 2204 1784 2237 παρεστή-

154 2252 238 2275 natus
252 2246 332 2280 erat),
342 2245 481 2281 praemissi
499 2245 610 2280 quidam
625 2246 661 2273 ab
671 2247 704 2273 iis
717 2247 764 2282 qui
780 2248 813 2275 ad
833 2248 939 2275 clavum

154 2292 297 2324 sedebant,
314 2290 431 2317 feminas
442 2290 521 2325 juxta
540 2297 572 2318 ac
589 2291 662 2318 viros
686 2292 845 2326 incitabant,
867 2297 896 2320 ut
909 2301 941 2320 eo

154 2343 314 2365 transeunte
329 2336 471 2371 complura
498 2335 637 2372 longeque
659 2338 816 2372 turpissima
833 2340 859 2366 in
872 2339 943 2366 Can-

153 2388 319 2409 tucuzenum
342 2381 486 2409 maledicta
502 2386 672 2410 evomerent.
694 2383 727 2410 Et
740 2384 791 2411 hoc
811 2389 940 2419 tanquam

149 2428 303 2461 jucundum
329 2435 429 2454 munus
455 2428 613 2462 imperatori
630 2436 715 2462 pucro
737 2429 940 2458 ollerebant.ln

153 2475 231 2502 hisce
264 2480 347 2508 porro
387 2473 565 2501 contumeliis
591 2474 673 2501 etiam
706 2474 759 2502 hoc
786 2475 837 2502 sibi
851 2475 941 2509 [vole-

152 2521 221 2548 bant
253 2520 308 2554 (ut
341 2519 442 2554 populo
467 2519 597 2555 majorem
637 2521 763 2548 timorem
789 2521 940 2556 lingenera-

156 2567 241 2602 rent),
255 2566 486 2598 Cantacuzenum,
504 2567 525 2593 si
541 2566 674 2598 vinceret,
685 2566 814 2594 atrociter
827 2567 941 2602 injurias

153 2616 378 2649 persecuturum,
409 2611 434 2638 id
462 2611 535 2646 quod
562 2611 616 2638 illis
632 2619 666 2639 ex
685 2612 821 2639 sententia
839 2613 939 2640 evenit.

152 2657 250 2686 Omnis
266 2664 382 2691 namque
397 2656 522 2691 populus,
541 2663 596 2690 quo
611 2657 698 2691 magis
715 2657 876 2688 insaniebat,
890 2656 942 2683 hoc

155 2704 275 2739 amplius
291 2703 438 2735 metut-bat,
457 2707 559 2730 etcum
577 2703 628 2729 sibi
649 2703 810 2738 condignam
836 2711 941 2730 merce-

152 2751 214 2778 dem
232 2756 378 2784 repen-um
401 2749 433 2775 iri
452 2748 620 2781 formidaret,
636 2749 769 2776 audacius
778 2749 894 2781 furebat,
914 2753 942 2777 et

152 2804 167 2822 a
186 2795 408 2822 reconciliatione
433 2796 519 2829 magis
532 2794 708 2821 abhorrebat.
722 2793 804 2830 55o
816 2794 875 2821 Nisi
897 2795 941 2822 ille

153 2842 257 2868 viribus
270 2841 383 2868 omnino
394 2841 543 2868 destitutus
558 2849 588 2869 :tc
612 2841 737 2876 perditus
751 2845 831 2873 esset,
848 2849 900 2867 non
912 2848 940 2868 sc

993 2254 1076 2272 σαειτο
1098 2246 1219 2280 μάλιστα
1237 2245 1302 2281 δίψῃ
1328 2246 1505 2279 πιεσθέντας.
1523 2248 1662 2282 Δήσαντες
1675 2248 1704 2274 δὲ
1717 2249 1784 2280 τούς

992 2300 1022 2318 τε
1035 2292 1206 2327 ἡγουμένους
1223 2293 1323 2325 αὐτῶν,
1341 2292 1366 2319 οἱ
1380 2290 1452 2328 ἦσαν
1463 2294 1548 2327 τρεῖς,
1567 2293 1613 2320 καὶ
1632 2294 1681 2328 τὴν
1696 2303 1783 2329 φρου-

994 2338 1054 2373 ρὰν,
1068 2338 1195 2372 ἔπεμψαν
1214 2339 1255 2369 εἰς
1275 2338 1411 2373 βασιλίδα.
1435 2339 1488 2366 Οὓς
1515 2340 1564 2366 καὶ
1589 2340 1782 2374 ἀτιμάσαντες

991 2385 1016 2410 oi.
1028 2385 1056 2410 ὲν
1067 2384 1207 2418 Βυζαντίῳ
1226 2384 1273 2410 καὶ
1284 2385 1345 2411 πᾶν
1362 2382 1432 2416 εἶδος
1447 2385 1649 2421 ἐπιδειξάμενοι
1665 2387 1782 2422 ἐρεσχε-

992 2429 1064 2460 λίας,
1079 2429 1152 2463 είχον
1176 2430 1205 2455 ἐν
1224 2428 1419 2464 δεσμωτηρίῳ.
1439 2430 1556 2464 Ὁμοίως
1583 2431 1612 2456 δὲ
1637 2431 1683 2462 καὶ
1711 2433 1782 2466 πρὸς

994 2474 1106 2509 βασιλέα
1129 2474 1174 2501 τὸν
1201 2475 1429 2509 Καντακουζηνὸν
1456 2475 1558 2510 πολλὴν
1595 2476 1783 2503 ἐνεδείκνυντο

992 2519 1203 2555 ἀγνωμοσύνην,
1220 2521 1350 2555 οὐδεμιᾶς
1363 2520 1470 2556 ὕϐρεως
1485 2522 1653 2557 φειδόμενοι.
1672 2523 1720 2554 Et;
1734 2532 1782 2549 τοι

994 2564 1089 2592 σοῦτον
1101 2565 1131 2591 δὲ
1145 2565 1280 2600 προῆλθον
1298 2566 1424 2598 ἀτοπίας,
1438 2566 1476 2598 ὡς
1494 2567 1521 2593 εἴ
1541 2575 1607 2594 ποτε
1631 2568 1679 2594 καὶ
1702 2568 1783 2602 βασι-

993 2612 1056 2642 λεὺς
1070 2613 1084 2638 ὸ
1102 2612 1162 2644 νέος
1182 2610 1308 2646 Ἰωάννης
1324 2612 1416 2646 προῐοι
1430 2612 1485 2638 τῶν
1502 2612 1649 2646 βασιλείων
1670 2615 1780 2649 ῥαστώ-

993 2665 1042 2692 νης
1060 2657 1152 2683 εἵνεκα
1165 2665 1172 2672 ·
1190 2657 1221 2683 οὐ
1241 2657 1296 2692 γὰρ
1309 2657 1341 2692 δὴ
1361 2657 1436 2692 αὐτῷ
1452 2666 1479 2683 τι
1494 2657 1547 2685 τῶν
1562 2659 1660 2686 κοινῶν
1678 2661 1783 2695 ιπράτ.

992 2711 1054 2730 τετο
1069 2703 1113 2729 διὰ
1127 2703 1157 2729 τὸ
1180 2702 1229 2737 τῆς
1244 2703 1352 2738 ἡλικίας
1371 2703 1441 2729 πάνυ
1457 2703 1562 2737 ἀτελὲς,
1574 2704 1652 2731 ἐννέα
1673 2706 1728 2741 γὰρ
1745 2704 1781 2742 ἦν

993 2749 1040 2784 ἔτη
1058 2748 1180 2784 γεγονὼς
1205 2748 1387 2781 τελευτῶντος
1411 2749 1459 2776 τοῦ
1477 2751 1580 2785 πατρός
1594 2758 1602 2767 ’
1612 2751 1665 2778 ὑπὸ
1679 2752 1734 2779 τῶν
1747 2755 1782 2780 τὰ

993 2795 1144 2829 πράγματα
1161 2794 1279 2829 ἑχόντων
1292 2795 1521 2830 προπεμπόμενοί
1535 2805 1620 2829 τινες,
1633 2797 1679 2824 τὸν
1693 2798 1781 2833 δῆμον

992 2839 1146 2871 διηρέθιζον
1161 2840 1208 2866 καὶ
1222 2839 1323 2874 ἄνδρας
1337 2841 1386 2866 καὶ
1401 2843 1545 2875 γυναῖκας,
1561 2842 1633 2869 ὥστε
1652 2843 1769 2875 διῖόντος
