  <div class='ocr_page' id='page_1' title='image "/cluster/home/n/w/nwhite01/storage/ocr_20150623/153/njp.32101010943478/447.png"; bbox 0 0 1931 3090; ppageno 0'>
   <div class='ocr_carea' id='block_1_1' title="bbox 150 114 204 148">
    <p class='ocr_par' dir='ltr' id='par_1_1' title="bbox 150 114 204 148">
     <span class='ocr_line' id='line_1_1' title="bbox 150 114 204 148; baseline 0.019 -2"><span class='ocrx_word' id='word_1_1' title='bbox 150 114 204 148; x_wconf 77' lang='grc'><strong>887</strong></span> 
     </span>
    </p>
   </div>
   <div class='ocr_carea' id='block_1_2' title="bbox 731 116 1175 148">
    <p class='ocr_par' dir='ltr' id='par_1_2' title="bbox 731 116 1175 148">
     <span class='ocr_line' id='line_1_2' title="bbox 731 116 1175 148; baseline 0.002 -1"><span class='ocrx_word' id='word_1_2' title='bbox 731 116 892 147; x_wconf 84' lang='lat' dir='ltr'><strong>JOANNIS</strong></span> <span class='ocrx_word' id='word_1_3' title='bbox 911 116 1175 148; x_wconf 73' lang='lat' dir='ltr'><strong>CANTACUZENI</strong></span> 
     </span>
    </p>
   </div>
   <div class='ocr_carea' id='block_1_3' title="bbox 1719 115 1777 147">
    <p class='ocr_par' dir='ltr' id='par_1_3' title="bbox 1719 115 1777 147">
     <span class='ocr_line' id='line_1_3' title="bbox 1719 115 1777 147; baseline -0.017 0"><span class='ocrx_word' id='word_1_4' title='bbox 1719 115 1777 147; x_wconf 64' lang='lat'><strong>888</strong></span> 
     </span>
    </p>
   </div>
   <div class='ocr_carea' id='block_1_4' title="bbox 149 174 935 213">
    <p class='ocr_par' dir='ltr' id='par_1_4' title="bbox 149 176 935 213">
     <span class='ocr_line' id='line_1_4' title="bbox 149 176 935 213; baseline 0 -10"><span class='ocrx_word' id='word_1_5' title='bbox 149 181 250 210; x_wconf 63' lang='lat' dir='ltr'><strong>praeter</strong></span> <span class='ocrx_word' id='word_1_6' title='bbox 266 183 315 204; x_wconf 86' lang='lat' dir='ltr'><strong>eos</strong></span> <span class='ocrx_word' id='word_1_7' title='bbox 330 178 378 212; x_wconf 89' lang='lat' dir='ltr'><strong>qui</strong></span> <span class='ocrx_word' id='word_1_8' title='bbox 399 178 481 213; x_wconf 88' lang='lat' dir='ltr'><strong>paulo</strong></span> <span class='ocrx_word' id='word_1_9' title='bbox 503 182 565 213; x_wconf 87' lang='lat' dir='ltr'><strong>post</strong></span> <span class='ocrx_word' id='word_1_10' title='bbox 579 181 811 213; x_wconf 86' lang='lat' dir='ltr'><strong>supervenerant,</strong></span> <span class='ocrx_word' id='word_1_11' title='bbox 827 176 935 211; x_wconf 82' lang='lat' dir='ltr'><strong>equites</strong></span> 
     </span>
    </p>
   </div>
   <div class='ocr_carea' id='block_1_5' title="bbox 988 174 1776 213">
    <p class='ocr_par' dir='ltr' id='par_1_5' title="bbox 990 174 1776 212">
     <span class='ocr_line' id='line_1_5' title="bbox 990 174 1776 212; baseline -0.005 -8"><span class='ocrx_word' id='word_1_12' title='bbox 990 177 1101 211; x_wconf 73' lang='grc' dir='ltr'>ἐφόδους</span> <span class='ocrx_word' id='word_1_13' title='bbox 1123 176 1268 212; x_wconf 80' lang='grc' dir='ltr'>ἐσομένας,</span> <span class='ocrx_word' id='word_1_14' title='bbox 1294 176 1364 212; x_wconf 69' lang='grc' dir='ltr'>Πρὸς</span> <span class='ocrx_word' id='word_1_15' title='bbox 1387 175 1441 211; x_wconf 84' lang='grc' dir='ltr'>γὰρ</span> <span class='ocrx_word' id='word_1_16' title='bbox 1465 177 1521 207; x_wconf 82' lang='grc' dir='ltr'>τοῖς</span> <span class='ocrx_word' id='word_1_17' title='bbox 1554 174 1666 209; x_wconf 72' lang='grc' dir='ltr'>ὕστερον</span> <span class='ocrx_word' id='word_1_18' title='bbox 1691 174 1776 209; x_wconf 72' lang='grc' dir='ltr'>ὀλίγῳ</span> 
     </span>
    </p>
   </div>
   <div class='ocr_carea' id='block_1_6' title="bbox 149 222 935 258">
    <p class='ocr_par' dir='ltr' id='par_1_6' title="bbox 149 222 935 258">
     <span class='ocr_line' id='line_1_6' title="bbox 149 222 935 258; baseline -0.001 -8"><span class='ocrx_word' id='word_1_19' title='bbox 149 223 238 256; x_wconf 85' lang='lat' dir='ltr'><strong>mille,</strong></span> <span class='ocrx_word' id='word_1_20' title='bbox 270 231 388 258; x_wconf 92' lang='lat' dir='ltr'><strong>quorum</strong></span> <span class='ocrx_word' id='word_1_21' title='bbox 407 223 493 251; x_wconf 87' lang='lat' dir='ltr'><strong>duces</strong></span> <span class='ocrx_word' id='word_1_22' title='bbox 515 224 623 251; x_wconf 81' lang='lat' dir='ltr'><strong>Manuel</strong></span> <span class='ocrx_word' id='word_1_23' title='bbox 642 222 836 253; x_wconf 83' lang='lat' dir='ltr'><strong>Tarchaniota.</strong></span> <span class='ocrx_word' id='word_1_24' title='bbox 849 222 935 250; x_wconf 85' lang='lat' dir='ltr'><strong>Geor-</strong></span> 
     </span>
    </p>
   </div>
   <div class='ocr_carea' id='block_1_7' title="bbox 149 268 935 304">
    <p class='ocr_par' dir='ltr' id='par_1_7' title="bbox 149 268 935 304">
     <span class='ocr_line' id='line_1_7' title="bbox 149 268 935 304; baseline 0 -9"><span class='ocrx_word' id='word_1_25' title='bbox 149 268 212 302; x_wconf 80' lang='lat' dir='ltr'><strong>gius</strong></span> <span class='ocrx_word' id='word_1_26' title='bbox 227 268 390 302; x_wconf 83' lang='lat' dir='ltr'><strong>Phracases,</strong></span> <span class='ocrx_word' id='word_1_27' title='bbox 405 268 526 297; x_wconf 79' lang='lat' dir='ltr'><strong>Joannes</strong></span> <span class='ocrx_word' id='word_1_28' title='bbox 540 269 710 304; x_wconf 70' lang='lat' dir='ltr'><strong>Palaaologus</strong></span> <span class='ocrx_word' id='word_1_29' title='bbox 722 269 791 296; x_wconf 57' lang='lat' dir='ltr'><strong>aulae</strong></span> <span class='ocrx_word' id='word_1_30' title='bbox 808 268 935 303; x_wconf 85' lang='lat' dir='ltr'><strong>primice-</strong></span> 
     </span>
    </p>
   </div>
   <div class='ocr_carea' id='block_1_8' title="bbox 151 314 934 349">
    <p class='ocr_par' dir='ltr' id='par_1_8' title="bbox 151 314 934 349">
     <span class='ocr_line' id='line_1_8' title="bbox 151 314 934 349; baseline 0.001 -9"><span class='ocrx_word' id='word_1_31' title='bbox 151 314 220 346; x_wconf 84' lang='lat' dir='ltr'><strong>rius,</strong></span> <span class='ocrx_word' id='word_1_32' title='bbox 237 320 265 341; x_wconf 89' lang='lat' dir='ltr'><strong>et</strong></span> <span class='ocrx_word' id='word_1_33' title='bbox 287 314 421 349; x_wconf 84' lang='lat' dir='ltr'><strong>Georgius</strong></span> <span class='ocrx_word' id='word_1_34' title='bbox 444 315 555 343; x_wconf 87' lang='lat' dir='ltr'><strong>Glabas.</strong></span> <span class='ocrx_word' id='word_1_35' title='bbox 574 315 748 343; x_wconf 82' lang='lat' dir='ltr'><strong>Suburbanis</strong></span> <span class='ocrx_word' id='word_1_36' title='bbox 775 315 853 342; x_wconf 80' lang='lat' dir='ltr'><strong>valde</strong></span> <span class='ocrx_word' id='word_1_37' title='bbox 877 322 934 341; x_wconf 92' lang='lat' dir='ltr'><strong>am-</strong></span> 
     </span>
    </p>
   </div>
   <div class='ocr_carea' id='block_1_9' title="bbox 150 359 922 398">
    <p class='ocr_par' dir='ltr' id='par_1_9' title="bbox 150 359 922 398">
     <span class='ocr_line' id='line_1_9' title="bbox 150 359 922 398; baseline 0 -11"><span class='ocrx_word' id='word_1_38' title='bbox 150 361 201 394; x_wconf 79' lang='lat' dir='ltr'><strong>plis</strong></span> <span class='ocrx_word' id='word_1_39' title='bbox 216 360 360 395; x_wconf 71' lang='lat' dir='ltr'><strong>praefectos</strong></span> <span class='ocrx_word' id='word_1_40' title='bbox 376 364 449 393; x_wconf 87' lang='lat' dir='ltr'><strong>octo,</strong></span> <span class='ocrx_word' id='word_1_41' title='bbox 474 369 590 396; x_wconf 90' lang='lat' dir='ltr'><strong>quorum</strong></span> <span class='ocrx_word' id='word_1_42' title='bbox 614 361 731 396; x_wconf 90' lang='lat' dir='ltr'><strong>quisque</strong></span> <span class='ocrx_word' id='word_1_43' title='bbox 753 361 827 387; x_wconf 90' lang='lat' dir='ltr'><strong>mille</strong></span> <span class='ocrx_word' id='word_1_44' title='bbox 852 359 922 398; x_wconf 63' lang='lat' dir='ltr'><strong>sagit</strong></span> 
     </span>
    </p>
   </div>
   <div class='ocr_carea' id='block_1_10' title="bbox 152 405 933 442">
    <p class='ocr_par' dir='ltr' id='par_1_10' title="bbox 152 405 933 442">
     <span class='ocr_line' id='line_1_10' title="bbox 152 405 933 442; baseline 0 -10"><span class='ocrx_word' id='word_1_45' title='bbox 152 406 237 433; x_wconf 80' lang='lat' dir='ltr'><strong>ta&#39;rios</strong></span> <span class='ocrx_word' id='word_1_46' title='bbox 268 407 389 441; x_wconf 87' lang='lat' dir='ltr'><strong>regebat,</strong></span> <span class='ocrx_word' id='word_1_47' title='bbox 425 411 454 434; x_wconf 86' lang='lat' dir='ltr'><strong>et</strong></span> <span class='ocrx_word' id='word_1_48' title='bbox 487 407 648 442; x_wconf 87' lang='lat' dir='ltr'><strong>primariutn</strong></span> <span class='ocrx_word' id='word_1_49' title='bbox 677 406 801 434; x_wconf 90' lang='lat' dir='ltr'><strong>omnium</strong></span> <span class='ocrx_word' id='word_1_50' title='bbox 835 405 933 433; x_wconf 89' lang='lat' dir='ltr'><strong>ducem</strong></span> 
     </span>
    </p>
   </div>
   <div class='ocr_carea' id='block_1_11' title="bbox 151 451 934 483">
    <p class='ocr_par' dir='ltr' id='par_1_11' title="bbox 151 451 934 483">
     <span class='ocr_line' id='line_1_11' title="bbox 151 451 934 483; baseline 0.001 -6"><span class='ocrx_word' id='word_1_51' title='bbox 151 451 304 479; x_wconf 82' lang='lat' dir='ltr'><strong>Manuelem</strong></span> <span class='ocrx_word' id='word_1_52' title='bbox 331 453 460 483; x_wconf 80' lang='lat' dir='ltr'><strong>Asanem.</strong></span> <span class='ocrx_word' id='word_1_53' title='bbox 481 453 574 480; x_wconf 74' lang='lat' dir='ltr'><strong>uxoris</strong></span> <span class='ocrx_word' id='word_1_54' title='bbox 599 452 709 480; x_wconf 88' lang='lat' dir='ltr'><strong>fratretn</strong></span> <span class='ocrx_word' id='word_1_55' title='bbox 735 451 887 479; x_wconf 90' lang='lat' dir='ltr'><strong>constituit.</strong></span> <span class='ocrx_word' id='word_1_56' title='bbox 904 451 934 478; x_wconf 91' lang='lat' dir='ltr'><strong>In</strong></span> 
     </span>
    </p>
   </div>
   <div class='ocr_carea' id='block_1_12' title="bbox 150 497 936 532">
    <p class='ocr_par' dir='ltr' id='par_1_12' title="bbox 150 497 936 532">
     <span class='ocr_line' id='line_1_12' title="bbox 150 497 936 532; baseline 0.001 -9"><span class='ocrx_word' id='word_1_57' title='bbox 150 497 265 524; x_wconf 83' lang='lat' dir='ltr'><strong>Thracia</strong></span> <span class='ocrx_word' id='word_1_58' title='bbox 282 497 365 525; x_wconf 85' lang='lat' dir='ltr'><strong>urbes</strong></span> <span class='ocrx_word' id='word_1_59' title='bbox 382 498 517 525; x_wconf 81' lang='lat' dir='ltr'><strong>universa:</strong></span> <span class='ocrx_word' id='word_1_60' title='bbox 534 498 625 530; x_wconf 83' lang='lat' dir='ltr'><strong>simul,</strong></span> <span class='ocrx_word' id='word_1_61' title='bbox 639 505 672 525; x_wconf 89' lang='lat' dir='ltr'><strong>eo</strong></span> <span class='ocrx_word' id='word_1_62' title='bbox 687 497 819 532; x_wconf 83' lang='lat' dir='ltr'><strong>neglecto,</strong></span> <span class='ocrx_word' id='word_1_63' title='bbox 831 497 864 524; x_wconf 90' lang='lat' dir='ltr'><strong>ad</strong></span> <span class='ocrx_word' id='word_1_64' title='bbox 881 497 936 524; x_wconf 82' lang='lat' dir='ltr'><strong>Au-</strong></span> 
     </span>
    </p>
   </div>
   <div class='ocr_carea' id='block_1_13' title="bbox 150 543 934 578">
    <p class='ocr_par' dir='ltr' id='par_1_13' title="bbox 150 543 934 578">
     <span class='ocr_line' id='line_1_13' title="bbox 150 543 934 578; baseline 0 -10"><span class='ocrx_word' id='word_1_65' title='bbox 150 547 257 575; x_wconf 75' lang='lat' dir='ltr'><strong>gustam</strong></span> <span class='ocrx_word' id='word_1_66' title='bbox 286 550 316 570; x_wconf 86' lang='lat' dir='ltr'><strong>se</strong></span> <span class='ocrx_word' id='word_1_67' title='bbox 343 548 546 578; x_wconf 70' lang='lat' dir='ltr'><strong>aggregarunt:</strong></span> <span class='ocrx_word' id='word_1_68' title='bbox 574 543 716 570; x_wconf 73' lang='lat' dir='ltr'><strong>castellum</strong></span> <span class='ocrx_word' id='word_1_69' title='bbox 745 543 934 577; x_wconf 82' lang='lat' dir='ltr'><strong>Empythium,</strong></span> 
     </span>
    </p>
   </div>
   <div class='ocr_carea' id='block_1_14' title="bbox 150 587 936 622">
    <p class='ocr_par' dir='ltr' id='par_1_14' title="bbox 150 587 936 622">
     <span class='ocr_line' id='line_1_14' title="bbox 150 587 936 622; baseline 0.003 -10"><span class='ocrx_word' id='word_1_70' title='bbox 150 587 223 620; x_wconf 77' lang='lat' dir='ltr'><strong>quod</strong></span> <span class='ocrx_word' id='word_1_71' title='bbox 242 588 300 621; x_wconf 84' lang='lat' dir='ltr'><strong>ipse</strong></span> <span class='ocrx_word' id='word_1_72' title='bbox 315 587 406 614; x_wconf 87' lang='lat' dir='ltr'><strong>adhuc</strong></span> <span class='ocrx_word' id='word_1_73' title='bbox 429 589 491 615; x_wconf 71' lang='lat' dir='ltr'><strong>vivo</strong></span> <span class='ocrx_word' id='word_1_74' title='bbox 517 588 684 622; x_wconf 83' lang='lat' dir='ltr'><strong>imperatore</strong></span> <span class='ocrx_word' id='word_1_75' title='bbox 708 596 724 614; x_wconf 87' lang='lat' dir='ltr'><strong>a</strong></span> <span class='ocrx_word' id='word_1_76' title='bbox 749 587 936 615; x_wconf 77' lang='lat' dir='ltr'><strong>fundamentis</strong></span> 
     </span>
    </p>
   </div>
   <div class='ocr_carea' id='block_1_15' title="bbox 150 632 936 668">
    <p class='ocr_par' dir='ltr' id='par_1_15' title="bbox 150 632 936 668">
     <span class='ocr_line' id='line_1_15' title="bbox 150 632 936 668; baseline 0.003 -9"><span class='ocrx_word' id='word_1_77' title='bbox 150 632 343 663; x_wconf 73' lang='lat' dir='ltr'><strong>emditiearat.</strong></span> <span class='ocrx_word' id='word_1_78' title='bbox 364 633 391 660; x_wconf 89' lang='lat' dir='ltr'><strong>in</strong></span> <span class='ocrx_word' id='word_1_79' title='bbox 411 632 464 660; x_wconf 75' lang='lat' dir='ltr'><strong>(Ide</strong></span> <span class='ocrx_word' id='word_1_80' title='bbox 485 633 623 667; x_wconf 81' lang='lat' dir='ltr'><strong>manebat.</strong></span> <span class='ocrx_word' id='word_1_81' title='bbox 644 633 705 668; x_wconf 82' lang='lat' dir='ltr'><strong>Ipse</strong></span> <span class='ocrx_word' id='word_1_82' title='bbox 720 634 875 661; x_wconf 58' lang='lat' dir='ltr'><strong>Matthieum</strong></span> <span class='ocrx_word' id='word_1_83' title='bbox 907 638 936 661; x_wconf 87' lang='lat' dir='ltr'><strong>et</strong></span> 
     </span>
    </p>
   </div>
   <div class='ocr_carea' id='block_1_16' title="bbox 150 676 935 714">
    <p class='ocr_par' dir='ltr' id='par_1_16' title="bbox 150 676 935 714">
     <span class='ocr_line' id='line_1_16' title="bbox 150 676 935 714; baseline 0.004 -11"><span class='ocrx_word' id='word_1_84' title='bbox 150 676 302 704; x_wconf 66' lang='lat' dir='ltr'><strong>Mannelem</strong></span> <span class='ocrx_word' id='word_1_85' title='bbox 328 677 410 710; x_wconf 81' lang='lat' dir='ltr'><strong>ﬁlios,</strong></span> <span class='ocrx_word' id='word_1_86' title='bbox 439 683 467 706; x_wconf 87' lang='lat' dir='ltr'><strong>et</strong></span> <span class='ocrx_word' id='word_1_87' title='bbox 496 679 589 706; x_wconf 76' lang='lat' dir='ltr'><strong>uxoris</strong></span> <span class='ocrx_word' id='word_1_88' title='bbox 613 686 772 714; x_wconf 86' lang='lat' dir='ltr'><strong>germanum</strong></span> <span class='ocrx_word' id='word_1_89' title='bbox 801 679 935 707; x_wconf 79' lang='lat' dir='ltr'><strong>Joannem</strong></span> 
     </span>
    </p>
   </div>
   <div class='ocr_carea' id='block_1_17' title="bbox 149 722 937 760">
    <p class='ocr_par' dir='ltr' id='par_1_17' title="bbox 149 722 937 760">
     <span class='ocr_line' id='line_1_17' title="bbox 149 722 937 760; baseline 0.004 -12"><span class='ocrx_word' id='word_1_90' title='bbox 149 722 280 754; x_wconf 83' lang='lat' dir='ltr'><strong>Asanem,</strong></span> <span class='ocrx_word' id='word_1_91' title='bbox 306 731 358 751; x_wconf 90' lang='lat' dir='ltr'><strong>nec</strong></span> <span class='ocrx_word' id='word_1_92' title='bbox 382 731 437 751; x_wconf 92' lang='lat' dir='ltr'><strong>non</strong></span> <span class='ocrx_word' id='word_1_93' title='bbox 456 724 589 760; x_wconf 79' lang='lat' dir='ltr'><strong>Angelum</strong></span> <span class='ocrx_word' id='word_1_94' title='bbox 617 725 776 759; x_wconf 84' lang='lat' dir='ltr'><strong>pincernam</strong></span> <span class='ocrx_word' id='word_1_95' title='bbox 794 724 937 752; x_wconf 85' lang='lat' dir='ltr'><strong>consobri-</strong></span> 
     </span>
    </p>
   </div>
   <div class='ocr_carea' id='block_1_18' title="bbox 152 768 937 805">
    <p class='ocr_par' dir='ltr' id='par_1_18' title="bbox 152 768 937 805">
     <span class='ocr_line' id='line_1_18' title="bbox 152 768 937 805; baseline 0.006 -12"><span class='ocrx_word' id='word_1_96' title='bbox 152 774 229 800; x_wconf 88' lang='lat' dir='ltr'><strong>num,</strong></span> <span class='ocrx_word' id='word_1_97' title='bbox 256 768 445 803; x_wconf 84' lang='lat' dir='ltr'><strong>nobiliumque</strong></span> <span class='ocrx_word' id='word_1_98' title='bbox 474 774 502 796; x_wconf 90' lang='lat' dir='ltr'><strong>et</strong></span> <span class='ocrx_word' id='word_1_99' title='bbox 543 770 807 805; x_wconf 73' lang='lat' dir='ltr'><strong>consanguineorum</strong></span> <span class='ocrx_word' id='word_1_100' title='bbox 835 770 937 798; x_wconf 73' lang='lat' dir='ltr'><strong>multus</strong></span> 
     </span>
    </p>
   </div>
   <div class='ocr_carea' id='block_1_19' title="bbox 152 813 937 846">
    <p class='ocr_par' dir='ltr' id='par_1_19' title="bbox 152 813 937 846">
     <span class='ocr_line' id='line_1_19' title="bbox 152 813 937 846; baseline 0.005 -7"><span class='ocrx_word' id='word_1_101' title='bbox 152 819 246 840; x_wconf 83' lang='lat' dir='ltr'><strong>secum</strong></span> <span class='ocrx_word' id='word_1_102' title='bbox 270 813 384 846; x_wconf 82' lang='lat' dir='ltr'><strong>habens,</strong></span> <span class='ocrx_word' id='word_1_103' title='bbox 417 822 480 842; x_wconf 86' lang='lat' dir='ltr'><strong>eum</strong></span> <span class='ocrx_word' id='word_1_104' title='bbox 504 822 652 843; x_wconf 88' lang='lat' dir='ltr'><strong>numeroso</strong></span> <span class='ocrx_word' id='word_1_105' title='bbox 676 820 704 843; x_wconf 89' lang='lat' dir='ltr'><strong>et</strong></span> <span class='ocrx_word' id='word_1_106' title='bbox 725 815 789 843; x_wconf 89' lang='lat' dir='ltr'><strong>forti</strong></span> <span class='ocrx_word' id='word_1_107' title='bbox 814 816 937 844; x_wconf 80' lang='lat' dir='ltr'><strong>exercitu</strong></span> 
     </span>
    </p>
   </div>
   <div class='ocr_carea' id='block_1_20' title="bbox 987 217 1804 257">
    <p class='ocr_par' dir='ltr' id='par_1_20' title="bbox 987 217 1804 257">
     <span class='ocr_line' id='line_1_20' title="bbox 987 217 1804 257; baseline -0.002 -9"><span class='ocrx_word' id='word_1_108' title='bbox 987 222 1204 257; x_wconf 77' lang='grc' dir='ltr'>ἐπιγενομένοις,</span> <span class='ocrx_word' id='word_1_109' title='bbox 1225 221 1307 256; x_wconf 79' lang='grc' dir='ltr'><strong>χίλιοι</strong></span> <span class='ocrx_word' id='word_1_110' title='bbox 1329 218 1412 257; x_wconf 78' lang='grc' dir='ltr'>ἦσαν,</span> <span class='ocrx_word' id='word_1_111' title='bbox 1435 217 1484 255; x_wconf 63' lang='grc' dir='ltr'>ὧν,</span> <span class='ocrx_word' id='word_1_112' title='bbox 1505 217 1589 256; x_wconf 78' lang='grc' dir='ltr'>ἦρχον</span> <span class='ocrx_word' id='word_1_113' title='bbox 1614 220 1744 255; x_wconf 72' lang='grc' dir='ltr'>Μανουὴλ</span> <span class='ocrx_word' id='word_1_114' title='bbox 1760 221 1776 246; x_wconf 86' lang='grc' dir='ltr'>ὁ</span> <span class='ocrx_word' id='word_1_115' title='bbox 1799 235 1804 236; x_wconf 40' lang='grc' dir='ltr'><em>γ</em></span> 
     </span>
    </p>
   </div>
   <div class='ocr_carea' id='block_1_21' title="bbox 987 266 1776 304">
    <p class='ocr_par' dir='ltr' id='par_1_21' title="bbox 987 266 1776 304">
     <span class='ocr_line' id='line_1_21' title="bbox 987 266 1776 304; baseline -0.005 -8"><span class='ocrx_word' id='word_1_116' title='bbox 987 268 1208 304; x_wconf 80' lang='grc' dir='ltr'>Ταρχανειώτης,</span> <span class='ocrx_word' id='word_1_117' title='bbox 1221 268 1267 294; x_wconf 79' lang='grc' dir='ltr'>καὶ</span> <span class='ocrx_word' id='word_1_118' title='bbox 1281 267 1430 302; x_wconf 76' lang='grc' dir='ltr'>Φακρασὴς</span> <span class='ocrx_word' id='word_1_119' title='bbox 1449 266 1596 301; x_wconf 81' lang='grc' dir='ltr'>Γεὼργιος,</span> <span class='ocrx_word' id='word_1_120' title='bbox 1613 266 1660 293; x_wconf 74' lang='grc' dir='ltr'>καὶ</span> <span class='ocrx_word' id='word_1_121' title='bbox 1682 266 1776 300; x_wconf 85' lang='grc' dir='ltr'>τρίτος</span> 
     </span>
    </p>
   </div>
   <div class='ocr_carea' id='block_1_22' title="bbox 986 311 1774 349">
    <p class='ocr_par' dir='ltr' id='par_1_22' title="bbox 986 311 1774 349">
     <span class='ocr_line' id='line_1_22' title="bbox 986 311 1774 349; baseline -0.005 -8"><span class='ocrx_word' id='word_1_122' title='bbox 986 315 1002 341; x_wconf 83' lang='lat'><strong>6</strong></span> <span class='ocrx_word' id='word_1_123' title='bbox 1013 314 1063 349; x_wconf 83' lang='grc' dir='ltr'><strong>τῆς</strong></span> <span class='ocrx_word' id='word_1_124' title='bbox 1075 314 1161 348; x_wconf 81' lang='grc' dir='ltr'>αὐλῆς</span> <span class='ocrx_word' id='word_1_125' title='bbox 1175 313 1378 348; x_wconf 81' lang='grc' dir='ltr'>πριμμικήριος</span> <span class='ocrx_word' id='word_1_126' title='bbox 1401 311 1584 345; x_wconf 84' lang='grc' dir='ltr'>Παλαιολόγος</span> <span class='ocrx_word' id='word_1_127' title='bbox 1604 312 1619 338; x_wconf 98' lang='lat'><strong>6</strong></span> <span class='ocrx_word' id='word_1_128' title='bbox 1634 311 1774 346; x_wconf 80' lang='grc' dir='ltr'><strong>Ἰωάννης,</strong></span> 
     </span>
    </p>
   </div>
   <div class='ocr_carea' id='block_1_23' title="bbox 988 357 1777 397">
    <p class='ocr_par' dir='ltr' id='par_1_23' title="bbox 988 357 1777 397">
     <span class='ocr_line' id='line_1_23' title="bbox 988 357 1777 397; baseline -0.005 -10"><span class='ocrx_word' id='word_1_129' title='bbox 988 361 1035 388; x_wconf 80' lang='grc' dir='ltr'>καὶ</span> <span class='ocrx_word' id='word_1_130' title='bbox 1053 361 1067 387; x_wconf 88' lang='lat'><strong>6</strong></span> <span class='ocrx_word' id='word_1_131' title='bbox 1080 359 1186 392; x_wconf 68' lang='grc' dir='ltr'><strong>Παὸἄς</strong></span> <span class='ocrx_word' id='word_1_132' title='bbox 1208 359 1346 397; x_wconf 83' lang='grc' dir='ltr'>Γεώργιος</span> <span class='ocrx_word' id='word_1_133' title='bbox 1370 359 1420 385; x_wconf 85' lang='grc' dir='ltr'>σὺν</span> <span class='ocrx_word' id='word_1_134' title='bbox 1440 358 1559 390; x_wconf 82' lang='grc' dir='ltr'><strong>τούτοις.</strong></span> <span class='ocrx_word' id='word_1_135' title='bbox 1589 358 1652 384; x_wconf 77' lang='grc' dir='ltr'><strong>Ἐπὶ</strong></span> <span class='ocrx_word' id='word_1_136' title='bbox 1680 357 1708 383; x_wconf 86' lang='grc' dir='ltr'><strong>δέ</strong></span> <span class='ocrx_word' id='word_1_137' title='bbox 1724 357 1777 390; x_wconf 80' lang='grc' dir='ltr'>τῆς</span> 
     </span>
    </p>
   </div>
   <div class='ocr_carea' id='block_1_24' title="bbox 988 402 1775 441">
    <p class='ocr_par' dir='ltr' id='par_1_24' title="bbox 988 402 1775 441">
     <span class='ocr_line' id='line_1_24' title="bbox 988 402 1775 441; baseline -0.006 -9"><span class='ocrx_word' id='word_1_138' title='bbox 988 406 1041 438; x_wconf 79' lang='grc' dir='ltr'><strong>ἔξω</strong></span> <span class='ocrx_word' id='word_1_139' title='bbox 1055 405 1248 441; x_wconf 77' lang='grc' dir='ltr'>Διδυμοτείχου</span> <span class='ocrx_word' id='word_1_140' title='bbox 1266 404 1407 435; x_wconf 87' lang='grc' dir='ltr'>συνοικίας</span> <span class='ocrx_word' id='word_1_141' title='bbox 1427 403 1512 438; x_wconf 68' lang='grc' dir='ltr'>οὔσης</span> <span class='ocrx_word' id='word_1_142' title='bbox 1531 403 1642 438; x_wconf 81' lang='grc' dir='ltr'>πολλῆς,</span> <span class='ocrx_word' id='word_1_143' title='bbox 1660 402 1775 436; x_wconf 71' lang='grc' dir='ltr'>ἐτέρους</span> 
     </span>
    </p>
   </div>
   <div class='ocr_carea' id='block_1_25' title="bbox 988 446 1776 486">
    <p class='ocr_par' dir='ltr' id='par_1_25' title="bbox 988 446 1776 486">
     <span class='ocr_line' id='line_1_25' title="bbox 988 446 1776 486; baseline -0.008 -8"><span class='ocrx_word' id='word_1_144' title='bbox 988 451 1140 486; x_wconf 77' lang='grc' dir='ltr'>ἐπέστησεν</span> <span class='ocrx_word' id='word_1_145' title='bbox 1157 451 1290 486; x_wconf 71' lang='grc' dir='ltr'>ἄρχοντας</span> <span class='ocrx_word' id='word_1_146' title='bbox 1303 450 1388 482; x_wconf 73' lang='grc' dir='ltr'>ὀκτὼ,</span> <span class='ocrx_word' id='word_1_147' title='bbox 1401 446 1438 476; x_wconf 79' lang='grc' dir='ltr'>ὧν</span> <span class='ocrx_word' id='word_1_148' title='bbox 1452 447 1538 485; x_wconf 83' lang='grc' dir='ltr'>ἦρχεν</span> <span class='ocrx_word' id='word_1_149' title='bbox 1552 449 1668 479; x_wconf 69' lang='grc' dir='ltr'>ἕκαστος</span> <span class='ocrx_word' id='word_1_150' title='bbox 1680 447 1776 482; x_wconf 79' lang='grc' dir='ltr'>χιλίων</span> 
     </span>
    </p>
   </div>
   <div class='ocr_carea' id='block_1_26' title="bbox 988 490 1777 532">
    <p class='ocr_par' dir='ltr' id='par_1_26' title="bbox 988 490 1777 532">
     <span class='ocr_line' id='line_1_26' title="bbox 988 490 1777 532; baseline -0.008 -8"><span class='ocrx_word' id='word_1_151' title='bbox 988 490 1120 529; x_wconf 57' lang='grc' dir='ltr'>τοξοτῶνξ</span> <span class='ocrx_word' id='word_1_152' title='bbox 1145 496 1302 532; x_wconf 80' lang='grc' dir='ltr'>Στρατηγδν</span> <span class='ocrx_word' id='word_1_153' title='bbox 1334 495 1363 523; x_wconf 65' lang='grc' dir='ltr'>δὲ</span> <span class='ocrx_word' id='word_1_154' title='bbox 1400 495 1447 522; x_wconf 76' lang='grc' dir='ltr'>ἐπὶ</span> <span class='ocrx_word' id='word_1_155' title='bbox 1479 495 1547 521; x_wconf 79' lang='grc' dir='ltr'>πᾶσι</span> <span class='ocrx_word' id='word_1_156' title='bbox 1574 494 1620 520; x_wconf 72' lang='grc' dir='ltr'><strong>τὸν</strong></span> <span class='ocrx_word' id='word_1_157' title='bbox 1644 492 1777 527; x_wconf 62' lang='grc' dir='ltr'>γυναικὸς</span> 
     </span>
    </p>
   </div>
   <div class='ocr_carea' id='block_1_27' title="bbox 987 537 1777 576">
    <p class='ocr_par' dir='ltr' id='par_1_27' title="bbox 987 537 1777 576">
     <span class='ocr_line' id='line_1_27' title="bbox 987 537 1777 576; baseline -0.009 -7"><span class='ocrx_word' id='word_1_158' title='bbox 987 541 1103 576; x_wconf 71' lang='grc' dir='ltr'>ἀδελφὸν</span> <span class='ocrx_word' id='word_1_159' title='bbox 1118 541 1228 575; x_wconf 64' lang='grc' dir='ltr'>Ασάνῃν</span> <span class='ocrx_word' id='word_1_160' title='bbox 1242 540 1372 568; x_wconf 73' lang='grc' dir='ltr'>κατέλιπε</span> <span class='ocrx_word' id='word_1_161' title='bbox 1391 540 1438 566; x_wconf 84' lang='grc' dir='ltr'><strong>τδν</strong></span> <span class='ocrx_word' id='word_1_162' title='bbox 1459 539 1599 573; x_wconf 79' lang='grc' dir='ltr'>Μανουήλ.</span> <span class='ocrx_word' id='word_1_163' title='bbox 1625 538 1733 565; x_wconf 74' lang='grc' dir='ltr'>Πὸλεων</span> <span class='ocrx_word' id='word_1_164' title='bbox 1745 537 1777 563; x_wconf 56' lang='grc' dir='ltr'>δὴ</span> 
     </span>
    </p>
   </div>
   <div class='ocr_carea' id='block_1_28' title="bbox 988 585 1776 622">
    <p class='ocr_par' dir='ltr' id='par_1_28' title="bbox 988 585 1776 622">
     <span class='ocr_line' id='line_1_28' title="bbox 988 585 1776 622; baseline -0.005 -8"><span class='ocrx_word' id='word_1_165' title='bbox 988 587 1042 614; x_wconf 85' lang='grc' dir='ltr'><strong>τῶν</strong></span> <span class='ocrx_word' id='word_1_166' title='bbox 1055 587 1126 614; x_wconf 85' lang='grc' dir='ltr'><strong>κατά</strong></span> <span class='ocrx_word' id='word_1_167' title='bbox 1136 587 1185 622; x_wconf 84' lang='grc' dir='ltr'>τὴν</span> <span class='ocrx_word' id='word_1_168' title='bbox 1201 586 1313 622; x_wconf 78' lang='grc' dir='ltr'><strong>Θρᾴκην</strong></span> <span class='ocrx_word' id='word_1_169' title='bbox 1329 586 1443 612; x_wconf 83' lang='grc' dir='ltr'>ἀπασῶν</span> <span class='ocrx_word' id='word_1_170' title='bbox 1463 585 1575 619; x_wconf 81' lang='grc' dir='ltr'>οὐδεμία</span> <span class='ocrx_word' id='word_1_171' title='bbox 1594 585 1669 619; x_wconf 73' lang='grc' dir='ltr'><strong>αὐτῷ</strong></span> <span class='ocrx_word' id='word_1_172' title='bbox 1686 592 1776 617; x_wconf 88' lang='grc' dir='ltr'>προσ-</span> 
     </span>
    </p>
   </div>
   <div class='ocr_carea' id='block_1_29' title="bbox 988 631 1775 667">
    <p class='ocr_par' dir='ltr' id='par_1_29' title="bbox 988 631 1775 667">
     <span class='ocr_line' id='line_1_29' title="bbox 988 631 1775 667; baseline -0.005 -8"><span class='ocrx_word' id='word_1_173' title='bbox 988 634 1073 667; x_wconf 78' lang='grc' dir='ltr'>εῖχεν,</span> <span class='ocrx_word' id='word_1_174' title='bbox 1098 632 1168 659; x_wconf 81' lang='grc' dir='ltr'>ἀλλὰ</span> <span class='ocrx_word' id='word_1_175' title='bbox 1193 632 1279 658; x_wconf 79' lang='grc' dir='ltr'>πᾶσαι</span> <span class='ocrx_word' id='word_1_176' title='bbox 1305 631 1373 666; x_wconf 66' lang='grc' dir='ltr'>προς</span> <span class='ocrx_word' id='word_1_177' title='bbox 1404 631 1526 666; x_wconf 86' lang='grc' dir='ltr'>βασίλιδα</span> <span class='ocrx_word' id='word_1_178' title='bbox 1555 631 1775 663; x_wconf 75' lang='grc' dir='ltr'><strong>συναπέστησαν,</strong></span> 
     </span>
    </p>
   </div>
   <div class='ocr_carea' id='block_1_30' title="bbox 990 675 1778 714">
    <p class='ocr_par' dir='ltr' id='par_1_30' title="bbox 990 675 1778 714">
     <span class='ocr_line' id='line_1_30' title="bbox 990 675 1778 714; baseline -0.005 -9"><span class='ocrx_word' id='word_1_179' title='bbox 990 678 1059 714; x_wconf 85' lang='grc' dir='ltr'>πλὴν</span> <span class='ocrx_word' id='word_1_180' title='bbox 1073 678 1120 705; x_wconf 83' lang='grc' dir='ltr'>τοῦ</span> <span class='ocrx_word' id='word_1_181' title='bbox 1141 676 1294 712; x_wconf 73' lang='grc' dir='ltr'>Ἐμπυοίου</span> <span class='ocrx_word' id='word_1_182' title='bbox 1321 676 1463 711; x_wconf 86' lang='grc' dir='ltr'>φρουρίου,</span> <span class='ocrx_word' id='word_1_183' title='bbox 1488 676 1503 702; x_wconf 82' lang='grc' dir='ltr'><strong>δ</strong></span> <span class='ocrx_word' id='word_1_184' title='bbox 1523 676 1599 711; x_wconf 75' lang='grc' dir='ltr'><strong>αὺτῷ</strong></span> <span class='ocrx_word' id='word_1_185' title='bbox 1633 675 1778 710; x_wconf 54' lang='grc' dir='ltr'>περιόντος</span> 
     </span>
    </p>
   </div>
   <div class='ocr_carea' id='block_1_31' title="bbox 989 719 1779 759">
    <p class='ocr_par' dir='ltr' id='par_1_31' title="bbox 989 719 1779 759">
     <span class='ocr_line' id='line_1_31' title="bbox 989 719 1779 759; baseline -0.008 -8"><span class='ocrx_word' id='word_1_186' title='bbox 989 724 1030 751; x_wconf 78' lang='grc' dir='ltr'>ιτι</span> <span class='ocrx_word' id='word_1_187' title='bbox 1044 723 1177 759; x_wconf 75' lang='grc' dir='ltr'>βασιλέως</span> <span class='ocrx_word' id='word_1_188' title='bbox 1192 722 1352 758; x_wconf 65' lang='grc' dir='ltr'>ᾠκοδόμητο</span> <span class='ocrx_word' id='word_1_189' title='bbox 1374 722 1471 753; x_wconf 82' lang='grc' dir='ltr'>αὐταῖς</span> <span class='ocrx_word' id='word_1_190' title='bbox 1484 722 1631 757; x_wconf 78' lang='grc' dir='ltr'>κρηπίσιν.</span> <span class='ocrx_word' id='word_1_191' title='bbox 1643 720 1731 751; x_wconf 59' lang='lat' dir='ltr'><strong>acea;</strong></span> <span class='ocrx_word' id='word_1_192' title='bbox 1746 719 1779 745; x_wconf 62' lang='grc' dir='ltr'>δὲ</span> 
     </span>
    </p>
   </div>
   <div class='ocr_carea' id='block_1_32' title="bbox 988 765 1778 802">
    <p class='ocr_par' dir='ltr' id='par_1_32' title="bbox 988 765 1778 802">
     <span class='ocr_line' id='line_1_32' title="bbox 988 765 1778 802; baseline -0.005 -7"><span class='ocrx_word' id='word_1_193' title='bbox 988 768 1052 800; x_wconf 79' lang='grc' dir='ltr'>τούς</span> <span class='ocrx_word' id='word_1_194' title='bbox 1079 777 1108 795; x_wconf 79' lang='grc' dir='ltr'><strong>τε</strong></span> <span class='ocrx_word' id='word_1_195' title='bbox 1131 768 1206 799; x_wconf 76' lang='grc' dir='ltr'>υἱοὺς</span> <span class='ocrx_word' id='word_1_196' title='bbox 1229 767 1299 802; x_wconf 72' lang='grc' dir='ltr'>ἔχων</span> <span class='ocrx_word' id='word_1_197' title='bbox 1319 767 1459 795; x_wconf 78' lang='grc' dir='ltr'>Ματθαιον</span> <span class='ocrx_word' id='word_1_198' title='bbox 1492 767 1541 793; x_wconf 82' lang='grc' dir='ltr'>καὶ</span> <span class='ocrx_word' id='word_1_199' title='bbox 1573 765 1712 800; x_wconf 77' lang='grc' dir='ltr'>Μανουὴλ,</span> <span class='ocrx_word' id='word_1_200' title='bbox 1729 765 1778 792; x_wconf 80' lang='grc' dir='ltr'>καὶ</span> 
     </span>
    </p>
   </div>
   <div class='ocr_carea' id='block_1_33' title="bbox 989 812 1778 849">
    <p class='ocr_par' dir='ltr' id='par_1_33' title="bbox 989 812 1778 849">
     <span class='ocr_line' id='line_1_33' title="bbox 989 812 1778 849; baseline -0.004 -8"><span class='ocrx_word' id='word_1_201' title='bbox 989 815 1034 842; x_wconf 68' lang='grc' dir='ltr'><strong>τὸν</strong></span> <span class='ocrx_word' id='word_1_202' title='bbox 1047 814 1177 849; x_wconf 75' lang='grc' dir='ltr'>γυναικὸς</span> <span class='ocrx_word' id='word_1_203' title='bbox 1192 813 1308 849; x_wconf 74' lang='grc' dir='ltr'>ἀδελφὸν</span> <span class='ocrx_word' id='word_1_204' title='bbox 1338 813 1454 847; x_wconf 77' lang='grc' dir='ltr'>’Δαάνην</span> <span class='ocrx_word' id='word_1_205' title='bbox 1466 813 1511 840; x_wconf 77' lang='grc' dir='ltr'><strong>τὸν</strong></span> <span class='ocrx_word' id='word_1_206' title='bbox 1535 813 1673 847; x_wconf 76' lang='grc' dir='ltr'><strong>Ἰωάννην,</strong></span> <span class='ocrx_word' id='word_1_207' title='bbox 1691 812 1734 838; x_wconf 78' lang='grc' dir='ltr'>ιτι</span> <span class='ocrx_word' id='word_1_208' title='bbox 1746 820 1778 838; x_wconf 76' lang='grc' dir='ltr'>τι</span> 
     </span>
    </p>
   </div>
   <div class='ocr_carea' id='block_1_34' title="bbox 155 849 935 895">
    <p class='ocr_par' dir='ltr' id='par_1_34' title="bbox 155 857 935 895">
     <span class='ocr_line' id='line_1_34' title="bbox 155 857 935 895; baseline 0.006 -11"><span class='ocrx_word' id='word_1_209' title='bbox 155 857 347 893; x_wconf 83' lang='lat' dir='ltr'><strong>Didymoticbo</strong></span> <span class='ocrx_word' id='word_1_210' title='bbox 362 867 489 895; x_wconf 80' lang='lat' dir='ltr'><strong>egressus</strong></span> <span class='ocrx_word' id='word_1_211' title='bbox 499 865 542 889; x_wconf 90' lang='lat' dir='ltr'><strong>est</strong></span> <span class='ocrx_word' id='word_1_212' title='bbox 557 861 642 889; x_wconf 87' lang='lat' dir='ltr'><strong>tertio</strong></span> <span class='ocrx_word' id='word_1_213' title='bbox 654 861 746 889; x_wconf 78' lang='lat' dir='ltr'><strong>Nonas</strong></span> <span class='ocrx_word' id='word_1_214' title='bbox 761 861 854 895; x_wconf 77' lang='lat' dir='ltr'><strong>Maias,</strong></span> <span class='ocrx_word' id='word_1_215' title='bbox 868 861 935 889; x_wconf 84' lang='lat' dir='ltr'><strong>indi-</strong></span> 
     </span>
    </p>
   </div>
   <div class='ocr_carea' id='block_1_35' title="bbox 988 849 1779 895">
    <p class='ocr_par' dir='ltr' id='par_1_35' title="bbox 990 857 1779 895">
     <span class='ocr_line' id='line_1_35' title="bbox 990 857 1779 895; baseline -0.005 -8"><span class='ocrx_word' id='word_1_216' title='bbox 990 860 1123 894; x_wconf 77' lang='grc' dir='ltr'>’Δγγελον</span> <span class='ocrx_word' id='word_1_217' title='bbox 1137 859 1288 895; x_wconf 75' lang='grc' dir='ltr'>πιγκέρνην</span> <span class='ocrx_word' id='word_1_218' title='bbox 1313 859 1360 886; x_wconf 67' lang='grc' dir='ltr'><strong>τον</strong></span> <span class='ocrx_word' id='word_1_219' title='bbox 1373 858 1493 894; x_wconf 75' lang='grc' dir='ltr'>ἀνεψιὸν,</span> <span class='ocrx_word' id='word_1_220' title='bbox 1514 858 1630 885; x_wconf 77' lang='grc' dir='ltr'>καὶτῶν</span> <span class='ocrx_word' id='word_1_221' title='bbox 1656 857 1779 891; x_wconf 78' lang='grc' dir='ltr'>εὐγενῶν</span> 
     </span>
    </p>
   </div>
   <div class='ocr_carea' id='block_1_36' title="bbox 152 903 937 942">
    <p class='ocr_par' dir='ltr' id='par_1_36' title="bbox 152 903 937 942">
     <span class='ocr_line' id='line_1_36' title="bbox 152 903 937 942; baseline 0.006 -12"><span class='ocrx_word' id='word_1_222' title='bbox 152 903 244 930; x_wconf 79' lang='lat' dir='ltr'><strong>ctione</strong></span> <span class='ocrx_word' id='word_1_223' title='bbox 264 904 381 936; x_wconf 84' lang='lat' dir='ltr'><strong>decima,</strong></span> <span class='ocrx_word' id='word_1_224' title='bbox 404 906 547 940; x_wconf 69' lang='lat' dir='ltr'><strong>praemisso</strong></span> <span class='ocrx_word' id='word_1_225' title='bbox 566 906 748 935; x_wconf 86' lang='lat' dir='ltr'><strong>Constantino</strong></span> <span class='ocrx_word' id='word_1_226' title='bbox 774 907 937 942; x_wconf 68' lang='lat' dir='ltr'><strong>Palzologo,</strong></span> 
     </span>
    </p>
   </div>
   <div class='ocr_carea' id='block_1_37' title="bbox 155 947 938 988">
    <p class='ocr_par' dir='ltr' id='par_1_37' title="bbox 155 947 938 988">
     <span class='ocr_line' id='line_1_37' title="bbox 155 947 938 988; baseline 0.006 -13"><span class='ocrx_word' id='word_1_227' title='bbox 155 947 296 976; x_wconf 83' lang='lat' dir='ltr'><strong>Michaelis</strong></span> <span class='ocrx_word' id='word_1_228' title='bbox 313 950 393 978; x_wconf 87' lang='lat' dir='ltr'><strong>ducis</strong></span> <span class='ocrx_word' id='word_1_229' title='bbox 410 951 532 986; x_wconf 68' lang='lat' dir='ltr'><strong>despotze</strong></span> <span class='ocrx_word' id='word_1_230' title='bbox 548 951 616 983; x_wconf 81' lang='lat' dir='ltr'><strong>lilio.</strong></span> <span class='ocrx_word' id='word_1_231' title='bbox 632 952 711 987; x_wconf 80' lang='lat' dir='ltr'><strong>cujus</strong></span> <span class='ocrx_word' id='word_1_232' title='bbox 726 960 820 987; x_wconf 82' lang='lat' dir='ltr'><strong>opera,</strong></span> <span class='ocrx_word' id='word_1_233' title='bbox 835 960 896 988; x_wconf 79' lang='lat' dir='ltr'><strong>quze</strong></span> <span class='ocrx_word' id='word_1_234' title='bbox 910 953 938 981; x_wconf 92' lang='lat' dir='ltr'><strong>in</strong></span> 
     </span>
    </p>
   </div>
   <div class='ocr_carea' id='block_1_38' title="bbox 151 998 938 1036">
    <p class='ocr_par' dir='ltr' id='par_1_38' title="bbox 151 998 938 1036">
     <span class='ocr_line' id='line_1_38' title="bbox 151 998 938 1036; baseline 0.009 -15"><span class='ocrx_word' id='word_1_235' title='bbox 151 1001 208 1021; x_wconf 89' lang='lat' dir='ltr'><strong>rem</strong></span> <span class='ocrx_word' id='word_1_236' title='bbox 223 1000 325 1027; x_wconf 81' lang='lat' dir='ltr'><strong>essent,</strong></span> <span class='ocrx_word' id='word_1_237' title='bbox 342 1003 518 1032; x_wconf 67' lang='lat' dir='ltr'><strong>praepararet.</strong></span> <span class='ocrx_word' id='word_1_238' title='bbox 547 998 598 1032; x_wconf 88' lang='lat' dir='ltr'><strong>Qui</strong></span> <span class='ocrx_word' id='word_1_239' title='bbox 621 1006 684 1026; x_wconf 82' lang='lat' dir='ltr'><strong>mox</strong></span> <span class='ocrx_word' id='word_1_240' title='bbox 701 999 800 1027; x_wconf 83' lang='lat' dir='ltr'><strong>Pheris</strong></span> <span class='ocrx_word' id='word_1_241' title='bbox 819 1000 852 1028; x_wconf 85' lang='lat' dir='ltr'><strong>ad</strong></span> <span class='ocrx_word' id='word_1_242' title='bbox 873 1000 938 1036; x_wconf 82' lang='lat' dir='ltr'><strong>Syr-</strong></span> 
     </span>
    </p>
   </div>
   <div class='ocr_carea' id='block_1_39' title="bbox 151 1041 937 1082">
    <p class='ocr_par' dir='ltr' id='par_1_39' title="bbox 151 1041 937 1082">
     <span class='ocr_line' id='line_1_39' title="bbox 151 1041 937 1082; baseline 0.01 -16"><span class='ocrx_word' id='word_1_243' title='bbox 151 1047 211 1074; x_wconf 85' lang='lat' dir='ltr'><strong>gem</strong></span> <span class='ocrx_word' id='word_1_244' title='bbox 235 1041 347 1076; x_wconf 78' lang='lat' dir='ltr'><strong>defecit,</strong></span> <span class='ocrx_word' id='word_1_245' title='bbox 369 1043 426 1071; x_wconf 83' lang='lat' dir='ltr'><strong>sive</strong></span> <span class='ocrx_word' id='word_1_246' title='bbox 445 1044 517 1079; x_wconf 89' lang='lat' dir='ltr'><strong>quod</strong></span> <span class='ocrx_word' id='word_1_247' title='bbox 530 1044 624 1073; x_wconf 88' lang='lat' dir='ltr'><strong>domui</strong></span> <span class='ocrx_word' id='word_1_248' title='bbox 645 1053 701 1074; x_wconf 66' lang='lat' dir='ltr'><strong>sua:</strong></span> <span class='ocrx_word' id='word_1_249' title='bbox 721 1046 831 1074; x_wconf 87' lang='lat' dir='ltr'><strong>timeret</strong></span> <span class='ocrx_word' id='word_1_250' title='bbox 867 1047 937 1082; x_wconf 84' lang='lat' dir='ltr'><strong>(illic</strong></span> 
     </span>
    </p>
   </div>
   <div class='ocr_carea' id='block_1_40' title="bbox 150 1086 938 1126">
    <p class='ocr_par' dir='ltr' id='par_1_40' title="bbox 150 1086 938 1126">
     <span class='ocr_line' id='line_1_40' title="bbox 150 1086 938 1126; baseline 0.009 -13"><span class='ocrx_word' id='word_1_251' title='bbox 150 1086 224 1114; x_wconf 88' lang='lat' dir='ltr'><strong>enim</strong></span> <span class='ocrx_word' id='word_1_252' title='bbox 247 1087 411 1125; x_wconf 81' lang='lat' dir='ltr'><strong>habitabat).</strong></span> <span class='ocrx_word' id='word_1_253' title='bbox 434 1091 493 1118; x_wconf 82' lang='lat' dir='ltr'><strong>sive</strong></span> <span class='ocrx_word' id='word_1_254' title='bbox 514 1091 587 1126; x_wconf 91' lang='lat' dir='ltr'><strong>quod</strong></span> <span class='ocrx_word' id='word_1_255' title='bbox 604 1099 638 1119; x_wconf 81' lang='lat' dir='ltr'><strong>ex</strong></span> <span class='ocrx_word' id='word_1_256' title='bbox 656 1092 766 1120; x_wconf 91' lang='lat' dir='ltr'><strong>urbium</strong></span> <span class='ocrx_word' id='word_1_257' title='bbox 783 1093 938 1120; x_wconf 85' lang='lat' dir='ltr'><strong>defectione</strong></span> 
     </span>
    </p>
   </div>
   <div class='ocr_carea' id='block_1_41' title="bbox 154 1132 936 1172">
    <p class='ocr_par' dir='ltr' id='par_1_41' title="bbox 154 1132 936 1172">
     <span class='ocr_line' id='line_1_41' title="bbox 154 1132 936 1172; baseline 0.009 -14"><span class='ocrx_word' id='word_1_258' title='bbox 154 1132 337 1161; x_wconf 76' lang='lat' dir='ltr'><strong>(Iantacuzeni</strong></span> <span class='ocrx_word' id='word_1_259' title='bbox 362 1134 500 1162; x_wconf 79' lang='lat' dir='ltr'><strong>fortunam</strong></span> <span class='ocrx_word' id='word_1_260' title='bbox 528 1136 658 1164; x_wconf 82' lang='lat' dir='ltr'><strong>amictum</strong></span> <span class='ocrx_word' id='word_1_261' title='bbox 679 1137 713 1164; x_wconf 92' lang='lat' dir='ltr'><strong>iri</strong></span> <span class='ocrx_word' id='word_1_262' title='bbox 740 1137 936 1172; x_wconf 74' lang='lat' dir='ltr'><strong>augurabatur.</strong></span> 
     </span>
    </p>
   </div>
   <div class='ocr_carea' id='block_1_42' title="bbox 152 1177 938 1218">
    <p class='ocr_par' dir='ltr' id='par_1_42' title="bbox 152 1177 938 1218">
     <span class='ocr_line' id='line_1_42' title="bbox 152 1177 938 1218; baseline 0.01 -15"><span class='ocrx_word' id='word_1_263' title='bbox 152 1177 303 1212; x_wconf 85' lang='lat' dir='ltr'><strong>Imperator</strong></span> <span class='ocrx_word' id='word_1_264' title='bbox 318 1181 426 1208; x_wconf 87' lang='lat' dir='ltr'><strong>tametsi</strong></span> <span class='ocrx_word' id='word_1_265' title='bbox 443 1188 476 1208; x_wconf 78' lang='lat' dir='ltr'><strong>ex</strong></span> <span class='ocrx_word' id='word_1_266' title='bbox 493 1186 620 1209; x_wconf 86' lang='lat' dir='ltr'><strong>anteacto</strong></span> <span class='ocrx_word' id='word_1_267' title='bbox 641 1187 764 1218; x_wconf 86' lang='lat' dir='ltr'><strong>tempore</strong></span> <span class='ocrx_word' id='word_1_268' title='bbox 782 1191 835 1210; x_wconf 92' lang='lat' dir='ltr'><strong>non</strong></span> <span class='ocrx_word' id='word_1_269' title='bbox 860 1183 938 1212; x_wconf 69' lang='lat' dir='ltr'><strong>bonae</strong></span> 
     </span>
    </p>
   </div>
   <div class='ocr_carea' id='block_1_43' title="bbox 151 1224 938 1264">
    <p class='ocr_par' dir='ltr' id='par_1_43' title="bbox 151 1224 938 1264">
     <span class='ocr_line' id='line_1_43' title="bbox 151 1224 938 1264; baseline 0.009 -14"><span class='ocrx_word' id='word_1_270' title='bbox 151 1231 215 1258; x_wconf 84' lang='lat' dir='ltr'><strong>spes</strong></span> <span class='ocrx_word' id='word_1_271' title='bbox 228 1224 402 1260; x_wconf 80' lang='lat' dir='ltr'><strong>atl‘ulgerent,</strong></span> <span class='ocrx_word' id='word_1_272' title='bbox 416 1227 449 1254; x_wconf 91' lang='lat' dir='ltr'><strong>ad</strong></span> <span class='ocrx_word' id='word_1_273' title='bbox 466 1226 561 1254; x_wconf 85' lang='lat' dir='ltr'><strong>Beram</strong></span> <span class='ocrx_word' id='word_1_274' title='bbox 579 1229 712 1256; x_wconf 83' lang='lat' dir='ltr'><strong>constitit.</strong></span> <span class='ocrx_word' id='word_1_275' title='bbox 731 1228 814 1264; x_wconf 65' lang='grc'><strong>454</strong></span> <span class='ocrx_word' id='word_1_276' title='bbox 828 1230 879 1262; x_wconf 87' lang='lat' dir='ltr'><strong>Qui</strong></span> <span class='ocrx_word' id='word_1_277' title='bbox 898 1230 938 1257; x_wconf 83' lang='lat' dir='ltr'><strong>lo-</strong></span> 
     </span>
    </p>
   </div>
   <div class='ocr_carea' id='block_1_44' title="bbox 152 1271 938 1310">
    <p class='ocr_par' dir='ltr' id='par_1_44' title="bbox 152 1271 938 1310">
     <span class='ocr_line' id='line_1_44' title="bbox 152 1271 938 1310; baseline 0.009 -15"><span class='ocrx_word' id='word_1_278' title='bbox 152 1276 201 1296; x_wconf 85' lang='lat' dir='ltr'><strong>cus</strong></span> <span class='ocrx_word' id='word_1_279' title='bbox 216 1277 279 1297; x_wconf 84' lang='lat' dir='ltr'><strong>eum</strong></span> <span class='ocrx_word' id='word_1_280' title='bbox 294 1271 375 1305; x_wconf 82' lang='lat' dir='ltr'><strong>equis</strong></span> <span class='ocrx_word' id='word_1_281' title='bbox 394 1272 486 1300; x_wconf 66' lang='lat' dir='ltr'><strong>laetum</strong></span> <span class='ocrx_word' id='word_1_282' title='bbox 504 1273 634 1308; x_wconf 86' lang='lat' dir='ltr'><strong>pabulum</strong></span> <span class='ocrx_word' id='word_1_283' title='bbox 655 1274 758 1302; x_wconf 72' lang='lat' dir='ltr'><strong>affatim</strong></span> <span class='ocrx_word' id='word_1_284' title='bbox 780 1275 938 1310; x_wconf 84' lang='lat' dir='ltr'><strong>suppedita-</strong></span> 
     </span>
    </p>
   </div>
   <div class='ocr_carea' id='block_1_45' title="bbox 151 1317 937 1356">
    <p class='ocr_par' dir='ltr' id='par_1_45' title="bbox 151 1317 937 1356">
     <span class='ocr_line' id='line_1_45' title="bbox 151 1317 937 1356; baseline 0.009 -14"><span class='ocrx_word' id='word_1_285' title='bbox 151 1319 205 1348; x_wconf 88' lang='lat' dir='ltr'><strong>ret,</strong></span> <span class='ocrx_word' id='word_1_286' title='bbox 223 1323 277 1343; x_wconf 88' lang='lat' dir='ltr'><strong>non</strong></span> <span class='ocrx_word' id='word_1_287' title='bbox 295 1318 369 1345; x_wconf 89' lang='lat' dir='ltr'><strong>enim</strong></span> <span class='ocrx_word' id='word_1_288' title='bbox 388 1317 414 1345; x_wconf 91' lang='lat' dir='ltr'><strong>id</strong></span> <span class='ocrx_word' id='word_1_289' title='bbox 441 1318 543 1354; x_wconf 88' lang='lat' dir='ltr'><strong>ubique</strong></span> <span class='ocrx_word' id='word_1_290' title='bbox 572 1323 614 1354; x_wconf 68' lang='lat' dir='ltr'><strong>(ut</strong></span> <span class='ocrx_word' id='word_1_291' title='bbox 628 1327 692 1347; x_wconf 84' lang='lat' dir='ltr'><strong>vere</strong></span> <span class='ocrx_word' id='word_1_292' title='bbox 712 1320 802 1348; x_wconf 85' lang='lat' dir='ltr'><strong>adhuc</strong></span> <span class='ocrx_word' id='word_1_293' title='bbox 821 1321 937 1356; x_wconf 86' lang='lat' dir='ltr'><strong>recenti)</strong></span> 
     </span>
    </p>
   </div>
   <div class='ocr_carea' id='block_1_46' title="bbox 152 1361 936 1401">
    <p class='ocr_par' dir='ltr' id='par_1_46' title="bbox 152 1361 936 1401">
     <span class='ocr_line' id='line_1_46' title="bbox 152 1361 936 1401; baseline 0.01 -15"><span class='ocrx_word' id='word_1_294' title='bbox 152 1361 323 1395; x_wconf 86' lang='lat' dir='ltr'><strong>suppetebat,</strong></span> <span class='ocrx_word' id='word_1_295' title='bbox 341 1361 400 1390; x_wconf 82' lang='lat' dir='ltr'><strong>dies</strong></span> <span class='ocrx_word' id='word_1_296' title='bbox 414 1362 517 1390; x_wconf 89' lang='lat' dir='ltr'><strong>ibidem</strong></span> <span class='ocrx_word' id='word_1_297' title='bbox 531 1371 585 1391; x_wconf 89' lang='lat' dir='ltr'><strong>non</strong></span> <span class='ocrx_word' id='word_1_298' title='bbox 599 1365 701 1393; x_wconf 84' lang='lat' dir='ltr'><strong>multos</strong></span> <span class='ocrx_word' id='word_1_299' title='bbox 713 1366 894 1401; x_wconf 83' lang='lat' dir='ltr'><strong>consumpsit,</strong></span> <span class='ocrx_word' id='word_1_300' title='bbox 908 1367 936 1394; x_wconf 93' lang='lat' dir='ltr'><strong>in</strong></span> 
     </span>
    </p>
   </div>
   <div class='ocr_carea' id='block_1_47' title="bbox 153 1407 938 1445">
    <p class='ocr_par' dir='ltr' id='par_1_47' title="bbox 153 1407 938 1445">
     <span class='ocr_line' id='line_1_47' title="bbox 153 1407 938 1445; baseline 0.008 -12"><span class='ocrx_word' id='word_1_301' title='bbox 153 1407 254 1440; x_wconf 88' lang='lat' dir='ltr'><strong>quibus</strong></span> <span class='ocrx_word' id='word_1_302' title='bbox 270 1408 411 1435; x_wconf 86' lang='lat' dir='ltr'><strong>castellum</strong></span> <span class='ocrx_word' id='word_1_303' title='bbox 427 1410 551 1442; x_wconf 84' lang='lat' dir='ltr'><strong>tentavit,</strong></span> <span class='ocrx_word' id='word_1_304' title='bbox 571 1410 592 1438; x_wconf 89' lang='lat' dir='ltr'><strong>si</strong></span> <span class='ocrx_word' id='word_1_305' title='bbox 611 1418 660 1445; x_wconf 87' lang='lat' dir='ltr'><strong>per</strong></span> <span class='ocrx_word' id='word_1_306' title='bbox 672 1411 842 1439; x_wconf 88' lang='lat' dir='ltr'><strong>deditionem</strong></span> <span class='ocrx_word' id='word_1_307' title='bbox 856 1419 938 1439; x_wconf 80' lang='lat' dir='ltr'><strong>oceu—</strong></span> 
     </span>
    </p>
   </div>
   <div class='ocr_carea' id='block_1_48' title="bbox 151 1453 937 1492">
    <p class='ocr_par' dir='ltr' id='par_1_48' title="bbox 151 1453 937 1492">
     <span class='ocr_line' id='line_1_48' title="bbox 151 1453 937 1492; baseline 0.009 -14"><span class='ocrx_word' id='word_1_308' title='bbox 151 1459 216 1486; x_wconf 90' lang='lat' dir='ltr'><strong>pare</strong></span> <span class='ocrx_word' id='word_1_309' title='bbox 236 1458 342 1487; x_wconf 87' lang='lat' dir='ltr'><strong>posset;</strong></span> <span class='ocrx_word' id='word_1_310' title='bbox 361 1453 386 1480; x_wconf 93' lang='lat' dir='ltr'><strong>vi</strong></span> <span class='ocrx_word' id='word_1_311' title='bbox 402 1455 474 1482; x_wconf 90' lang='lat' dir='ltr'><strong>enim</strong></span> <span class='ocrx_word' id='word_1_312' title='bbox 495 1455 623 1491; x_wconf 77' lang='lat' dir='ltr'><strong>subigere</strong></span> <span class='ocrx_word' id='word_1_313' title='bbox 653 1463 766 1492; x_wconf 87' lang='lat' dir='ltr'><strong>propter</strong></span> <span class='ocrx_word' id='word_1_314' title='bbox 787 1457 937 1485; x_wconf 83' lang='lat' dir='ltr'><strong>monachos</strong></span> 
     </span>
    </p>
   </div>
   <div class='ocr_carea' id='block_1_49' title="bbox 989 903 1779 941">
    <p class='ocr_par' dir='ltr' id='par_1_49' title="bbox 989 903 1779 941">
     <span class='ocr_line' id='line_1_49' title="bbox 989 903 1779 941; baseline -0.005 -8"><span class='ocrx_word' id='word_1_315' title='bbox 989 906 1036 933; x_wconf 82' lang='grc' dir='ltr'>καὶ</span> <span class='ocrx_word' id='word_1_316' title='bbox 1051 905 1112 933; x_wconf 81' lang='grc' dir='ltr'>καθ’</span> <span class='ocrx_word' id='word_1_317' title='bbox 1134 904 1203 940; x_wconf 72' lang='grc' dir='ltr'>αἷμα</span> <span class='ocrx_word' id='word_1_318' title='bbox 1219 906 1414 941; x_wconf 73' lang='grc' dir='ltr'><strong>προσηκόντων</strong></span> <span class='ocrx_word' id='word_1_319' title='bbox 1429 904 1479 931; x_wconf 80' lang='grc' dir='ltr'>οὐκ</span> <span class='ocrx_word' id='word_1_320' title='bbox 1492 904 1611 938; x_wconf 82' lang='grc' dir='ltr'>ὀλίγους,</span> <span class='ocrx_word' id='word_1_321' title='bbox 1627 903 1677 939; x_wconf 79' lang='grc' dir='ltr'><strong>τὴν</strong></span> <span class='ocrx_word' id='word_1_322' title='bbox 1691 912 1779 938; x_wconf 77' lang='grc' dir='ltr'>στρα-</span> 
     </span>
    </p>
   </div>
   <div class='ocr_carea' id='block_1_50' title="bbox 987 948 1777 986">
    <p class='ocr_par' dir='ltr' id='par_1_50' title="bbox 987 948 1777 986">
     <span class='ocr_line' id='line_1_50' title="bbox 987 948 1777 986; baseline -0.006 -7"><span class='ocrx_word' id='word_1_323' title='bbox 987 952 1050 979; x_wconf 82' lang='grc' dir='ltr'>τιὰν</span> <span class='ocrx_word' id='word_1_324' title='bbox 1063 952 1163 986; x_wconf 77' lang='grc' dir='ltr'>πολλὴν</span> <span class='ocrx_word' id='word_1_325' title='bbox 1179 952 1227 978; x_wconf 82' lang='grc' dir='ltr'>καὶ</span> <span class='ocrx_word' id='word_1_326' title='bbox 1242 951 1350 986; x_wconf 74' lang='grc' dir='ltr'>ἀγαθὴν</span> <span class='ocrx_word' id='word_1_327' title='bbox 1375 949 1459 977; x_wconf 76' lang='grc' dir='ltr'>οὖσαν</span> <span class='ocrx_word' id='word_1_328' title='bbox 1482 949 1662 985; x_wconf 73' lang='grc' dir='ltr'>παραλαϐὼν,</span> <span class='ocrx_word' id='word_1_329' title='bbox 1676 948 1777 984; x_wconf 80' lang='grc' dir='ltr'>ἐξῆλθε</span> 
     </span>
    </p>
   </div>
   <div class='ocr_carea' id='block_1_51' title="bbox 988 995 1779 1034">
    <p class='ocr_par' dir='ltr' id='par_1_51' title="bbox 988 995 1779 1034">
     <span class='ocr_line' id='line_1_51' title="bbox 988 995 1779 1034; baseline -0.006 -8"><span class='ocrx_word' id='word_1_330' title='bbox 988 999 1180 1034; x_wconf 78' lang='grc' dir='ltr'>Διδυμοτείχου</span> <span class='ocrx_word' id='word_1_331' title='bbox 1200 998 1314 1033; x_wconf 74' lang='grc' dir='ltr'>πέμπτῃ</span> <span class='ocrx_word' id='word_1_332' title='bbox 1335 997 1460 1032; x_wconf 78' lang='grc' dir='ltr'>Μαρτίου</span> <span class='ocrx_word' id='word_1_333' title='bbox 1487 997 1634 1031; x_wconf 74' lang='grc' dir='ltr'>ἱσταμένου</span> <span class='ocrx_word' id='word_1_334' title='bbox 1660 996 1709 1030; x_wconf 88' lang='grc' dir='ltr'>τῆς</span> <span class='ocrx_word' id='word_1_335' title='bbox 1734 995 1779 1021; x_wconf 86' lang='grc' dir='ltr'>δε-</span> 
     </span>
    </p>
   </div>
   <div class='ocr_carea' id='block_1_52' title="bbox 988 1041 1779 1079">
    <p class='ocr_par' dir='ltr' id='par_1_52' title="bbox 988 1041 1779 1079">
     <span class='ocr_line' id='line_1_52' title="bbox 988 1041 1779 1079; baseline -0.006 -8"><span class='ocrx_word' id='word_1_336' title='bbox 988 1045 1074 1079; x_wconf 80' lang='grc' dir='ltr'>κάτης</span> <span class='ocrx_word' id='word_1_337' title='bbox 1089 1043 1265 1075; x_wconf 83' lang='grc' dir='ltr'>ἰνδικτιῶνος.</span> <span class='ocrx_word' id='word_1_338' title='bbox 1282 1042 1452 1078; x_wconf 80' lang='grc' dir='ltr'>Προῡπεμπέ</span> <span class='ocrx_word' id='word_1_339' title='bbox 1468 1050 1498 1068; x_wconf 77' lang='grc' dir='ltr'><strong>τε</strong></span> <span class='ocrx_word' id='word_1_340' title='bbox 1515 1041 1613 1069; x_wconf 71' lang='grc' dir='ltr'>ἑαυτοῦ</span> <span class='ocrx_word' id='word_1_341' title='bbox 1627 1041 1779 1068; x_wconf 66' lang='grc' dir='ltr'>Κωνστανο</span> 
     </span>
    </p>
   </div>
   <div class='ocr_carea' id='block_1_53' title="bbox 987 1086 1776 1124">
    <p class='ocr_par' dir='ltr' id='par_1_53' title="bbox 987 1086 1776 1124">
     <span class='ocr_line' id='line_1_53' title="bbox 987 1086 1776 1124; baseline -0.006 -6"><span class='ocrx_word' id='word_1_342' title='bbox 987 1093 1059 1119; x_wconf 79' lang='grc' dir='ltr'>τίνον</span> <span class='ocrx_word' id='word_1_343' title='bbox 1075 1091 1122 1117; x_wconf 66' lang='grc' dir='ltr'><strong>τὸν</strong></span> <span class='ocrx_word' id='word_1_344' title='bbox 1144 1089 1339 1124; x_wconf 80' lang='grc' dir='ltr'>Παλαιολόγον,</span> <span class='ocrx_word' id='word_1_345' title='bbox 1364 1089 1410 1115; x_wconf 64' lang='grc' dir='ltr'><strong>τόν</strong></span> <span class='ocrx_word' id='word_1_346' title='bbox 1427 1089 1559 1116; x_wconf 81' lang='grc' dir='ltr'><strong>δεσπότου</strong></span> <span class='ocrx_word' id='word_1_347' title='bbox 1590 1087 1701 1123; x_wconf 78' lang='grc' dir='ltr'><strong>Μιχαὴλ</strong></span> <span class='ocrx_word' id='word_1_348' title='bbox 1725 1086 1776 1113; x_wconf 72' lang='grc' dir='ltr'><strong>τοῦ</strong></span> 
     </span>
    </p>
   </div>
   <div class='ocr_carea' id='block_1_54' title="bbox 989 1134 1778 1169">
    <p class='ocr_par' dir='ltr' id='par_1_54' title="bbox 989 1134 1778 1169">
     <span class='ocr_line' id='line_1_54' title="bbox 989 1134 1778 1169; baseline -0.006 -5"><span class='ocrx_word' id='word_1_349' title='bbox 989 1138 1085 1169; x_wconf 80' lang='grc' dir='ltr'>δουκὺς</span> <span class='ocrx_word' id='word_1_350' title='bbox 1106 1137 1176 1168; x_wconf 68' lang='grc' dir='ltr'>υἱὸν,</span> <span class='ocrx_word' id='word_1_351' title='bbox 1194 1136 1232 1168; x_wconf 79' lang='grc' dir='ltr'>ὡς</span> <span class='ocrx_word' id='word_1_352' title='bbox 1246 1136 1279 1162; x_wconf 81' lang='grc' dir='ltr'>δι’</span> <span class='ocrx_word' id='word_1_353' title='bbox 1296 1135 1379 1163; x_wconf 80' lang='grc' dir='ltr'>αὑτοῦ</span> <span class='ocrx_word' id='word_1_354' title='bbox 1394 1136 1449 1164; x_wconf 81' lang='grc' dir='ltr'><strong>τῶν</strong></span> <span class='ocrx_word' id='word_1_355' title='bbox 1461 1135 1612 1162; x_wconf 77' lang='grc' dir='ltr'>δοκούντων</span> <span class='ocrx_word' id='word_1_356' title='bbox 1625 1134 1778 1160; x_wconf 78' lang='grc' dir='ltr'>λυσιτελεῖν</span> 
     </span>
    </p>
   </div>
   <div class='ocr_carea' id='block_1_55' title="bbox 987 1180 1778 1218">
    <p class='ocr_par' dir='ltr' id='par_1_55' title="bbox 987 1180 1778 1218">
     <span class='ocr_line' id='line_1_55' title="bbox 987 1180 1778 1218; baseline -0.008 -7"><span class='ocrx_word' id='word_1_357' title='bbox 987 1193 1048 1211; x_wconf 88' lang='grc' dir='ltr'>τινα</span> <span class='ocrx_word' id='word_1_358' title='bbox 1074 1183 1417 1218; x_wconf 73' lang='grc' dir='ltr'>προπαρασκευασόμενος,</span> <span class='ocrx_word' id='word_1_359' title='bbox 1453 1182 1485 1206; x_wconf 86' lang='lat' dir='ltr'><strong>&#39;t)</strong></span> <span class='ocrx_word' id='word_1_360' title='bbox 1513 1181 1538 1207; x_wconf 88' lang='grc' dir='ltr'>δ’</span> <span class='ocrx_word' id='word_1_361' title='bbox 1568 1180 1669 1207; x_wconf 81' lang='grc' dir='ltr'>αὐτίκα</span> <span class='ocrx_word' id='word_1_362' title='bbox 1705 1180 1778 1214; x_wconf 71' lang='grc' dir='ltr'>πρὸς</span> 
     </span>
    </p>
   </div>
   <div class='ocr_carea' id='block_1_56' title="bbox 988 1225 1779 1265">
    <p class='ocr_par' dir='ltr' id='par_1_56' title="bbox 988 1225 1779 1265">
     <span class='ocr_line' id='line_1_56' title="bbox 988 1225 1779 1265; baseline -0.005 -9"><span class='ocrx_word' id='word_1_363' title='bbox 988 1230 1097 1265; x_wconf 80' lang='grc' dir='ltr'>Συργὴν</span> <span class='ocrx_word' id='word_1_364' title='bbox 1127 1229 1259 1264; x_wconf 76' lang='grc' dir='ltr'>ἀφίστατο</span> <span class='ocrx_word' id='word_1_365' title='bbox 1290 1229 1319 1254; x_wconf 84' lang='grc' dir='ltr'><strong>ἐν</strong></span> <span class='ocrx_word' id='word_1_366' title='bbox 1341 1228 1453 1261; x_wconf 68' lang='grc' dir='ltr'>Φεραῖς,</span> <span class='ocrx_word' id='word_1_367' title='bbox 1479 1227 1534 1254; x_wconf 77' lang='grc' dir='ltr'>εἴτε</span> <span class='ocrx_word' id='word_1_368' title='bbox 1549 1226 1615 1262; x_wconf 74' lang='grc' dir='ltr'>περὶ</span> <span class='ocrx_word' id='word_1_369' title='bbox 1626 1226 1675 1260; x_wconf 83' lang='grc' dir='ltr'>τῆς</span> <span class='ocrx_word' id='word_1_370' title='bbox 1685 1225 1779 1256; x_wconf 72' lang='grc' dir='ltr'>οἰκίας</span> 
     </span>
    </p>
   </div>
   <div class='ocr_carea' id='block_1_57' title="bbox 988 1271 1779 1310">
    <p class='ocr_par' dir='ltr' id='par_1_57' title="bbox 988 1271 1779 1310">
     <span class='ocr_line' id='line_1_57' title="bbox 988 1271 1779 1310; baseline -0.008 -8"><span class='ocrx_word' id='word_1_371' title='bbox 988 1275 1089 1307; x_wconf 81' lang='grc' dir='ltr'>δείσας,</span> <span class='ocrx_word' id='word_1_372' title='bbox 1105 1274 1230 1310; x_wconf 76' lang='grc' dir='ltr'>Φεραίοις</span> <span class='ocrx_word' id='word_1_373' title='bbox 1244 1273 1299 1309; x_wconf 81' lang='grc' dir='ltr'><strong>γὰρ</strong></span> <span class='ocrx_word' id='word_1_374' title='bbox 1324 1272 1460 1308; x_wconf 85' lang='grc' dir='ltr'>συνῴκει,</span> <span class='ocrx_word' id='word_1_375' title='bbox 1480 1273 1536 1300; x_wconf 75' lang='grc' dir='ltr'>εἴτε</span> <span class='ocrx_word' id='word_1_376' title='bbox 1556 1272 1602 1298; x_wconf 77' lang='grc' dir='ltr'>καὶ</span> <span class='ocrx_word' id='word_1_377' title='bbox 1614 1271 1779 1306; x_wconf 72' lang='grc' dir='ltr'>οἰωνισάμε-</span> 
     </span>
    </p>
   </div>
   <div class='ocr_carea' id='block_1_58' title="bbox 987 1317 1777 1356">
    <p class='ocr_par' dir='ltr' id='par_1_58' title="bbox 987 1317 1777 1356">
     <span class='ocr_line' id='line_1_58' title="bbox 987 1317 1777 1356; baseline -0.006 -7"><span class='ocrx_word' id='word_1_378' title='bbox 987 1331 1031 1353; x_wconf 84' lang='grc' dir='ltr'><strong>νος</strong></span> <span class='ocrx_word' id='word_1_379' title='bbox 1046 1323 1077 1348; x_wconf 82' lang='grc' dir='ltr'><strong>ἐκ</strong></span> <span class='ocrx_word' id='word_1_380' title='bbox 1093 1321 1143 1356; x_wconf 83' lang='grc' dir='ltr'>τῆς</span> <span class='ocrx_word' id='word_1_381' title='bbox 1174 1321 1229 1348; x_wconf 85' lang='grc' dir='ltr'><strong>τῶν</strong></span> <span class='ocrx_word' id='word_1_382' title='bbox 1251 1321 1357 1347; x_wconf 85' lang='grc' dir='ltr'>πόλεων</span> <span class='ocrx_word' id='word_1_383' title='bbox 1384 1319 1568 1351; x_wconf 82' lang='grc' dir='ltr'>ἀποστασίας,</span> <span class='ocrx_word' id='word_1_384' title='bbox 1595 1318 1633 1349; x_wconf 85' lang='grc' dir='ltr'>ὼς</span> <span class='ocrx_word' id='word_1_385' title='bbox 1653 1318 1684 1344; x_wconf 80' lang='grc' dir='ltr'>οὐ</span> <span class='ocrx_word' id='word_1_386' title='bbox 1700 1317 1777 1344; x_wconf 77' lang='grc' dir='ltr'><strong>κατά</strong></span> 
     </span>
    </p>
   </div>
   <div class='ocr_carea' id='block_1_59' title="bbox 990 1363 1779 1403">
    <p class='ocr_par' dir='ltr' id='par_1_59' title="bbox 990 1363 1779 1403">
     <span class='ocr_line' id='line_1_59' title="bbox 990 1363 1779 1403; baseline -0.006 -9"><span class='ocrx_word' id='word_1_387' title='bbox 990 1367 1054 1403; x_wconf 79' lang='grc' dir='ltr'>ροὓν</span> <span class='ocrx_word' id='word_1_388' title='bbox 1070 1366 1203 1401; x_wconf 65' lang='grc' dir='ltr'>βασιλέως</span> <span class='ocrx_word' id='word_1_389' title='bbox 1218 1364 1450 1400; x_wconf 78' lang='grc' dir='ltr'>Καντακουζηνοῦ</span> <span class='ocrx_word' id='word_1_390' title='bbox 1463 1364 1498 1391; x_wconf 83' lang='grc' dir='ltr'><strong>τὰ</strong></span> <span class='ocrx_word' id='word_1_391' title='bbox 1511 1364 1666 1400; x_wconf 83' lang='grc' dir='ltr'>πράγματα</span> <span class='ocrx_word' id='word_1_392' title='bbox 1681 1363 1779 1398; x_wconf 75' lang='grc' dir='ltr'>χωρή-</span> 
     </span>
    </p>
   </div>
   <div class='ocr_carea' id='block_1_60' title="bbox 989 1408 1777 1447">
    <p class='ocr_par' dir='ltr' id='par_1_60' title="bbox 989 1408 1777 1447">
     <span class='ocr_line' id='line_1_60' title="bbox 989 1408 1777 1447; baseline -0.008 -7"><span class='ocrx_word' id='word_1_393' title='bbox 989 1422 1040 1440; x_wconf 90' lang='grc' dir='ltr'>σει.</span> <span class='ocrx_word' id='word_1_394' title='bbox 1057 1413 1189 1444; x_wconf 71' lang='grc' dir='ltr'>Βασιλεὺς</span> <span class='ocrx_word' id='word_1_395' title='bbox 1210 1412 1251 1445; x_wconf 76' lang='grc' dir='ltr'><strong>δέ,</strong></span> <span class='ocrx_word' id='word_1_396' title='bbox 1265 1412 1354 1439; x_wconf 82' lang='grc' dir='ltr'>καίτοι</span> <span class='ocrx_word' id='word_1_397' title='bbox 1368 1411 1424 1438; x_wconf 84' lang='grc' dir='ltr'><strong>τῶν</strong></span> <span class='ocrx_word' id='word_1_398' title='bbox 1436 1410 1634 1447; x_wconf 81' lang='grc' dir='ltr'>πραττομένων</span> <span class='ocrx_word' id='word_1_399' title='bbox 1649 1409 1681 1435; x_wconf 84' lang='grc' dir='ltr'>οὐ</span> <span class='ocrx_word' id='word_1_400' title='bbox 1701 1408 1777 1435; x_wconf 73' lang='grc' dir='ltr'>πάνυ</span> 
     </span>
    </p>
   </div>
   <div class='ocr_carea' id='block_1_61' title="bbox 987 1454 1777 1495">
    <p class='ocr_par' dir='ltr' id='par_1_61' title="bbox 987 1454 1777 1495">
     <span class='ocr_line' id='line_1_61' title="bbox 987 1454 1777 1495; baseline -0.008 -9"><span class='ocrx_word' id='word_1_401' title='bbox 987 1458 1110 1495; x_wconf 79' lang='grc' dir='ltr'>χρηστὰς</span> <span class='ocrx_word' id='word_1_402' title='bbox 1136 1457 1246 1489; x_wconf 78' lang='grc' dir='ltr'>ἐλπίδας</span> <span class='ocrx_word' id='word_1_403' title='bbox 1263 1455 1452 1492; x_wconf 79' lang='grc' dir='ltr'>παρεχόντων,</span> <span class='ocrx_word' id='word_1_404' title='bbox 1467 1455 1519 1491; x_wconf 84' lang='grc' dir='ltr'>τὴν</span> <span class='ocrx_word' id='word_1_405' title='bbox 1536 1455 1670 1491; x_wconf 80' lang='grc' dir='ltr'>στρατιὰν</span> <span class='ocrx_word' id='word_1_406' title='bbox 1692 1454 1777 1490; x_wconf 78' lang='grc' dir='ltr'>ἔχων,</span> 
     </span>
    </p>
   </div>
   <div class='ocr_carea' id='block_1_62' title="bbox 150 1497 935 1545">
    <p class='ocr_par' dir='ltr' id='par_1_62' title="bbox 150 1497 935 1538">
     <span class='ocr_line' id='line_1_62' title="bbox 150 1497 935 1538; baseline 0.009 -14"><span class='ocrx_word' id='word_1_407' title='bbox 150 1497 254 1526; x_wconf 81' lang='lat' dir='ltr'><strong>incolas</strong></span> <span class='ocrx_word' id='word_1_408' title='bbox 268 1499 388 1528; x_wconf 84' lang='lat' dir='ltr'><strong>nolebat.</strong></span> <span class='ocrx_word' id='word_1_409' title='bbox 407 1500 523 1527; x_wconf 87' lang='lat' dir='ltr'><strong>Videbat</strong></span> <span class='ocrx_word' id='word_1_410' title='bbox 537 1501 611 1528; x_wconf 90' lang='lat' dir='ltr'><strong>enim</strong></span> <span class='ocrx_word' id='word_1_411' title='bbox 627 1502 649 1529; x_wconf 95' lang='lat' dir='ltr'><strong>si</strong></span> <span class='ocrx_word' id='word_1_412' title='bbox 664 1502 690 1530; x_wconf 89' lang='lat' dir='ltr'><strong>vi</strong></span> <span class='ocrx_word' id='word_1_413' title='bbox 706 1507 862 1537; x_wconf 86' lang='lat' dir='ltr'><strong>caperetur,</strong></span> <span class='ocrx_word' id='word_1_414' title='bbox 878 1503 935 1538; x_wconf 91' lang='lat' dir='ltr'><strong>lege</strong></span> 
     </span>
    </p>
   </div>
   <div class='ocr_carea' id='block_1_63' title="bbox 988 1497 1778 1545">
    <p class='ocr_par' dir='ltr' id='par_1_63' title="bbox 989 1502 1778 1545">
     <span class='ocr_line' id='line_1_63' title="bbox 989 1502 1778 1545; baseline -0.006 -13"><span class='ocrx_word' id='word_1_415' title='bbox 989 1504 1235 1541; x_wconf 73' lang='grc' dir='ltr'>ἐστρατοπέδευσεν</span> <span class='ocrx_word' id='word_1_416' title='bbox 1263 1505 1293 1531; x_wconf 81' lang='grc' dir='ltr'><strong>ἐν</strong></span> <span class='ocrx_word' id='word_1_417' title='bbox 1310 1503 1398 1539; x_wconf 73' lang='grc' dir='ltr'>Βήρᾳ.</span> <span class='ocrx_word' id='word_1_418' title='bbox 1421 1502 1568 1537; x_wconf 82' lang='grc' dir='ltr'>Ἀφθονίαν</span> <span class='ocrx_word' id='word_1_419' title='bbox 1584 1502 1614 1529; x_wconf 75' lang='grc' dir='ltr'>δὲ</span> <span class='ocrx_word' id='word_1_420' title='bbox 1633 1502 1694 1528; x_wconf 79' lang='grc' dir='ltr'>ἐκεῖ</span> <span class='ocrx_word' id='word_1_421' title='bbox 1718 1502 1778 1545; x_wconf 79' lang='grc' dir='ltr'>τοῖς</span> 
     </span>
    </p>
   </div>
   <div class='ocr_carea' id='block_1_64' title="bbox 152 1543 934 1583">
    <p class='ocr_par' dir='ltr' id='par_1_64' title="bbox 152 1543 934 1583">
     <span class='ocr_line' id='line_1_64' title="bbox 152 1543 934 1583; baseline 0.01 -14"><span class='ocrx_word' id='word_1_422' title='bbox 152 1543 264 1571; x_wconf 87' lang='lat' dir='ltr'><strong>militari</strong></span> <span class='ocrx_word' id='word_1_423' title='bbox 296 1546 495 1573; x_wconf 79' lang='lat' dir='ltr'><strong>monasterium</strong></span> <span class='ocrx_word' id='word_1_424' title='bbox 535 1554 644 1582; x_wconf 87' lang='lat' dir='ltr'><strong>quoque</strong></span> <span class='ocrx_word' id='word_1_425' title='bbox 674 1547 841 1576; x_wconf 91' lang='lat' dir='ltr'><strong>diruendum</strong></span> <span class='ocrx_word' id='word_1_426' title='bbox 866 1549 934 1583; x_wconf 71' lang='grc'><strong>(86),</strong></span> 
     </span>
    </p>
   </div>
   <div class='ocr_carea' id='block_1_65' title="bbox 152 1589 936 1630">
    <p class='ocr_par' dir='ltr' id='par_1_65' title="bbox 152 1589 936 1630">
     <span class='ocr_line' id='line_1_65' title="bbox 152 1589 936 1630; baseline 0.008 -14"><span class='ocrx_word' id='word_1_427' title='bbox 152 1589 239 1622; x_wconf 85' lang='lat' dir='ltr'><strong>Quam</strong></span> <span class='ocrx_word' id='word_1_428' title='bbox 256 1590 291 1617; x_wconf 89' lang='lat' dir='ltr'><strong>ob</strong></span> <span class='ocrx_word' id='word_1_429' title='bbox 308 1598 417 1618; x_wconf 80' lang='lat' dir='ltr'><strong>causam</strong></span> <span class='ocrx_word' id='word_1_430' title='bbox 432 1599 483 1619; x_wconf 88' lang='lat' dir='ltr'><strong>nec</strong></span> <span class='ocrx_word' id='word_1_431' title='bbox 500 1592 611 1620; x_wconf 84' lang='lat' dir='ltr'><strong>assidue</strong></span> <span class='ocrx_word' id='word_1_432' title='bbox 628 1593 780 1622; x_wconf 84' lang='lat' dir='ltr'><strong>obsidendo</strong></span> <span class='ocrx_word' id='word_1_433' title='bbox 796 1603 936 1630; x_wconf 49' lang='lat' dir='ltr'><strong>oppugna‘</strong></span> 
     </span>
    </p>
   </div>
   <div class='ocr_carea' id='block_1_66' title="bbox 150 1635 936 1675">
    <p class='ocr_par' dir='ltr' id='par_1_66' title="bbox 150 1635 936 1675">
     <span class='ocr_line' id='line_1_66' title="bbox 150 1635 936 1675; baseline 0.008 -13"><span class='ocrx_word' id='word_1_434' title='bbox 150 1635 208 1667; x_wconf 82' lang='lat' dir='ltr'><strong>bat,</strong></span> <span class='ocrx_word' id='word_1_435' title='bbox 223 1635 270 1662; x_wconf 83' lang='lat' dir='ltr'><strong>sed</strong></span> <span class='ocrx_word' id='word_1_436' title='bbox 287 1636 445 1670; x_wconf 80' lang='lat' dir='ltr'><strong>opinionem</strong></span> <span class='ocrx_word' id='word_1_437' title='bbox 465 1642 570 1665; x_wconf 85' lang='lat' dir='ltr'><strong>tantum</strong></span> <span class='ocrx_word' id='word_1_438' title='bbox 587 1639 735 1673; x_wconf 62' lang='lat' dir='ltr'><strong>premebat,</strong></span> <span class='ocrx_word' id='word_1_439' title='bbox 752 1641 831 1675; x_wconf 86' lang='lat' dir='ltr'><strong>quasi</strong></span> <span class='ocrx_word' id='word_1_440' title='bbox 853 1648 884 1668; x_wconf 91' lang='lat' dir='ltr'><strong>se</strong></span> <span class='ocrx_word' id='word_1_441' title='bbox 902 1641 936 1668; x_wconf 84' lang='lat' dir='ltr'><strong>ad</strong></span> 
     </span>
    </p>
   </div>
   <div class='ocr_carea' id='block_1_67' title="bbox 153 1682 936 1722">
    <p class='ocr_par' dir='ltr' id='par_1_67' title="bbox 153 1682 936 1722">
     <span class='ocr_line' id='line_1_67' title="bbox 153 1682 936 1722; baseline 0.008 -14"><span class='ocrx_word' id='word_1_442' title='bbox 153 1689 248 1709; x_wconf 89' lang='lat' dir='ltr'><strong>muros</strong></span> <span class='ocrx_word' id='word_1_443' title='bbox 261 1682 428 1710; x_wconf 89' lang='lat' dir='ltr'><strong>adoriundos</strong></span> <span class='ocrx_word' id='word_1_444' title='bbox 443 1689 624 1719; x_wconf 87' lang='lat' dir='ltr'><strong>compararet.</strong></span> <span class='ocrx_word' id='word_1_445' title='bbox 650 1685 775 1714; x_wconf 79' lang='lat' dir='ltr'><strong>Monachi</strong></span> <span class='ocrx_word' id='word_1_446' title='bbox 800 1694 867 1714; x_wconf 89' lang='lat' dir='ltr'><strong>vero</strong></span> <span class='ocrx_word' id='word_1_447' title='bbox 888 1687 936 1722; x_wconf 87' lang='lat' dir='ltr'><strong>qui</strong></span> 
     </span>
    </p>
   </div>
   <div class='ocr_carea' id='block_1_68' title="bbox 151 1727 935 1767">
    <p class='ocr_par' dir='ltr' id='par_1_68' title="bbox 151 1727 935 1767">
     <span class='ocr_line' id='line_1_68' title="bbox 151 1727 935 1767; baseline 0.01 -14"><span class='ocrx_word' id='word_1_448' title='bbox 151 1727 228 1755; x_wconf 84' lang='lat' dir='ltr'><strong>intus</strong></span> <span class='ocrx_word' id='word_1_449' title='bbox 242 1733 332 1760; x_wconf 83' lang='lat' dir='ltr'><strong>erant.</strong></span> <span class='ocrx_word' id='word_1_450' title='bbox 345 1733 374 1757; x_wconf 87' lang='lat' dir='ltr'><strong>et</strong></span> <span class='ocrx_word' id='word_1_451' title='bbox 384 1730 438 1758; x_wconf 91' lang='lat' dir='ltr'><strong>alia</strong></span> <span class='ocrx_word' id='word_1_452' title='bbox 452 1730 530 1758; x_wconf 90' lang='lat' dir='ltr'><strong>turba</strong></span> <span class='ocrx_word' id='word_1_453' title='bbox 545 1738 578 1757; x_wconf 85' lang='lat' dir='ltr'><strong>ex</strong></span> <span class='ocrx_word' id='word_1_454' title='bbox 592 1732 748 1767; x_wconf 78' lang='lat' dir='ltr'><strong>agrestibus</strong></span> <span class='ocrx_word' id='word_1_455' title='bbox 761 1732 887 1767; x_wconf 73' lang='lat' dir='ltr'><strong>collecta,</strong></span> <span class='ocrx_word' id='word_1_456' title='bbox 901 1741 935 1761; x_wconf 83' lang='lat' dir='ltr'><strong>an</strong></span> 
     </span>
    </p>
   </div>
   <div class='ocr_carea' id='block_1_69' title="bbox 152 1774 938 1814">
    <p class='ocr_par' dir='ltr' id='par_1_69' title="bbox 152 1774 938 1814">
     <span class='ocr_line' id='line_1_69' title="bbox 152 1774 938 1814; baseline 0.009 -15"><span class='ocrx_word' id='word_1_457' title='bbox 152 1777 266 1808; x_wconf 87' lang='lat' dir='ltr'><strong>propter</strong></span> <span class='ocrx_word' id='word_1_458' title='bbox 283 1774 464 1802; x_wconf 85' lang='lat' dir='ltr'><strong>defectionem</strong></span> <span class='ocrx_word' id='word_1_459' title='bbox 482 1776 582 1813; x_wconf 72' lang='lat' dir='ltr'><strong>trepidi</strong></span> <span class='ocrx_word' id='word_1_460' title='bbox 606 1777 695 1812; x_wconf 85' lang='lat' dir='ltr'><strong>(prius</strong></span> <span class='ocrx_word' id='word_1_461' title='bbox 713 1785 831 1813; x_wconf 87' lang='lat' dir='ltr'><strong>namque</strong></span> <span class='ocrx_word' id='word_1_462' title='bbox 852 1778 938 1814; x_wconf 82' lang='lat' dir='ltr'><strong>impe-</strong></span> 
     </span>
    </p>
   </div>
   <div class='ocr_carea' id='block_1_70' title="bbox 153 1819 937 1857">
    <p class='ocr_par' dir='ltr' id='par_1_70' title="bbox 153 1819 937 1857">
     <span class='ocr_line' id='line_1_70' title="bbox 153 1819 937 1857; baseline 0.008 -11"><span class='ocrx_word' id='word_1_463' title='bbox 153 1819 254 1847; x_wconf 85' lang='lat' dir='ltr'><strong>ratoris</strong></span> <span class='ocrx_word' id='word_1_464' title='bbox 267 1819 438 1854; x_wconf 68' lang='lat' dir='ltr'><strong>praesidium,</strong></span> <span class='ocrx_word' id='word_1_465' title='bbox 453 1825 480 1848; x_wconf 90' lang='lat' dir='ltr'><strong>et</strong></span> <span class='ocrx_word' id='word_1_466' title='bbox 496 1821 654 1856; x_wconf 73' lang='lat' dir='ltr'><strong>praefectum</strong></span> <span class='ocrx_word' id='word_1_467' title='bbox 670 1823 738 1857; x_wconf 87' lang='lat' dir='ltr'><strong>ipsis</strong></span> <span class='ocrx_word' id='word_1_468' title='bbox 754 1823 849 1851; x_wconf 88' lang='lat' dir='ltr'><strong>datum</strong></span> <span class='ocrx_word' id='word_1_469' title='bbox 862 1824 937 1852; x_wconf 84' lang='lat' dir='ltr'><strong>frau-</strong></span> 
     </span>
    </p>
   </div>
   <div class='ocr_carea' id='block_1_71' title="bbox 153 1865 937 1906">
    <p class='ocr_par' dir='ltr' id='par_1_71' title="bbox 153 1865 937 1906">
     <span class='ocr_line' id='line_1_71' title="bbox 153 1865 937 1906; baseline 0.013 -16"><span class='ocrx_word' id='word_1_470' title='bbox 153 1866 187 1892; x_wconf 88' lang='lat' dir='ltr'><strong>de</strong></span> <span class='ocrx_word' id='word_1_471' title='bbox 203 1865 419 1899; x_wconf 84' lang='lat' dir='ltr'><strong>eircnm\entos,</strong></span> <span class='ocrx_word' id='word_1_472' title='bbox 435 1867 607 1903; x_wconf 87' lang='lat' dir='ltr'><strong>vinculisque</strong></span> <span class='ocrx_word' id='word_1_473' title='bbox 630 1869 780 1904; x_wconf 83' lang='lat' dir='ltr'><strong>implicitos</strong></span> <span class='ocrx_word' id='word_1_474' title='bbox 795 1871 829 1898; x_wconf 91' lang='lat' dir='ltr'><strong>ad</strong></span> <span class='ocrx_word' id='word_1_475' title='bbox 852 1871 937 1906; x_wconf 78' lang='lat' dir='ltr'><strong>impe-</strong></span> 
     </span>
    </p>
   </div>
   <div class='ocr_carea' id='block_1_72' title="bbox 151 1912 936 1951">
    <p class='ocr_par' dir='ltr' id='par_1_72' title="bbox 151 1912 936 1951">
     <span class='ocr_line' id='line_1_72' title="bbox 151 1912 936 1951; baseline 0.006 -11"><span class='ocrx_word' id='word_1_476' title='bbox 151 1912 279 1940; x_wconf 88' lang='lat' dir='ltr'><strong>ratricem</strong></span> <span class='ocrx_word' id='word_1_477' title='bbox 296 1913 449 1949; x_wconf 78' lang='lat' dir='ltr'><strong>miserant),</strong></span> <span class='ocrx_word' id='word_1_478' title='bbox 462 1922 496 1941; x_wconf 88' lang='lat' dir='ltr'><strong>an</strong></span> <span class='ocrx_word' id='word_1_479' title='bbox 507 1915 590 1942; x_wconf 90' lang='lat' dir='ltr'><strong>etiam</strong></span> <span class='ocrx_word' id='word_1_480' title='bbox 603 1915 655 1943; x_wconf 85' lang='lat' dir='ltr'><strong>alia</strong></span> <span class='ocrx_word' id='word_1_481' title='bbox 663 1916 780 1951; x_wconf 89' lang='lat' dir='ltr'><strong>quadam</strong></span> <span class='ocrx_word' id='word_1_482' title='bbox 796 1917 830 1945; x_wconf 92' lang='lat' dir='ltr'><strong>de</strong></span> <span class='ocrx_word' id='word_1_483' title='bbox 842 1925 936 1951; x_wconf 86' lang='lat' dir='ltr'><strong>causa,</strong></span> 
     </span>
    </p>
   </div>
   <div class='ocr_carea' id='block_1_73' title="bbox 149 1957 936 1990">
    <p class='ocr_par' dir='ltr' id='par_1_73' title="bbox 149 1957 936 1990">
     <span class='ocr_line' id='line_1_73' title="bbox 149 1957 936 1990; baseline 0.005 -4"><span class='ocrx_word' id='word_1_484' title='bbox 149 1966 167 1986; x_wconf 74' lang='grc' dir='ltr'><strong>ο</strong></span> <span class='ocrx_word' id='word_1_485' title='bbox 183 1959 269 1986; x_wconf 88' lang='lat' dir='ltr'><strong>muris</strong></span> <span class='ocrx_word' id='word_1_486' title='bbox 281 1962 421 1987; x_wconf 84' lang='lat' dir='ltr'><strong>structura</strong></span> <span class='ocrx_word' id='word_1_487' title='bbox 436 1959 613 1988; x_wconf 87' lang='lat' dir='ltr'><strong>validissimis</strong></span> <span class='ocrx_word' id='word_1_488' title='bbox 627 1957 830 1990; x_wconf 78' lang='lat' dir='ltr'><strong>animosissime</strong></span> <span class='ocrx_word' id='word_1_489' title='bbox 845 1970 875 1990; x_wconf 87' lang='lat' dir='ltr'><strong>se</strong></span> <span class='ocrx_word' id='word_1_490' title='bbox 887 1964 936 1990; x_wconf 86' lang='lat' dir='ltr'><strong>de-</strong></span> 
     </span>
    </p>
   </div>
   <div class='ocr_carea' id='block_1_74' title="bbox 151 2003 936 2040">
    <p class='ocr_par' dir='ltr' id='par_1_74' title="bbox 151 2003 936 2040">
     <span class='ocr_line' id='line_1_74' title="bbox 151 2003 936 2040; baseline 0.008 -11"><span class='ocrx_word' id='word_1_491' title='bbox 151 2003 310 2036; x_wconf 84' lang='lat' dir='ltr'><strong>fendebant,</strong></span> <span class='ocrx_word' id='word_1_492' title='bbox 340 2011 392 2031; x_wconf 87' lang='lat' dir='ltr'><strong>nec</strong></span> <span class='ocrx_word' id='word_1_493' title='bbox 417 2004 452 2032; x_wconf 88' lang='lat' dir='ltr'><strong>de</strong></span> <span class='ocrx_word' id='word_1_494' title='bbox 477 2006 677 2040; x_wconf 88' lang='lat' dir='ltr'><strong>compositione</strong></span> <span class='ocrx_word' id='word_1_495' title='bbox 699 2008 813 2035; x_wconf 89' lang='lat' dir='ltr'><strong>verbum</strong></span> <span class='ocrx_word' id='word_1_496' title='bbox 840 2007 936 2036; x_wconf 89' lang='lat' dir='ltr'><strong>audire</strong></span> 
     </span>
    </p>
   </div>
   <div class='ocr_carea' id='block_1_75' title="bbox 149 2048 936 2088">
    <p class='ocr_par' dir='ltr' id='par_1_75' title="bbox 149 2048 936 2088">
     <span class='ocr_line' id='line_1_75' title="bbox 149 2048 936 2088; baseline 0.006 -13"><span class='ocrx_word' id='word_1_497' title='bbox 149 2048 334 2076; x_wconf 83' lang='lat' dir='ltr'><strong>sustinebant.</strong></span> <span class='ocrx_word' id='word_1_498' title='bbox 368 2049 473 2077; x_wconf 85' lang='lat' dir='ltr'><strong>Interea</strong></span> <span class='ocrx_word' id='word_1_499' title='bbox 506 2050 627 2078; x_wconf 83' lang='lat' dir='ltr'><strong>Joannes</strong></span> <span class='ocrx_word' id='word_1_500' title='bbox 655 2051 782 2079; x_wconf 85' lang='lat' dir='ltr'><strong>Batatzes</strong></span> <span class='ocrx_word' id='word_1_501' title='bbox 806 2052 936 2088; x_wconf 85' lang='lat' dir='ltr'><strong>Byzantio</strong></span> 
     </span>
    </p>
   </div>
   <div class='ocr_carea' id='block_1_76' title="bbox 150 2095 935 2133">
    <p class='ocr_par' dir='ltr' id='par_1_76' title="bbox 150 2095 935 2133">
     <span class='ocr_line' id='line_1_76' title="bbox 150 2095 935 2133; baseline 0.008 -12"><span class='ocrx_word' id='word_1_502' title='bbox 150 2099 234 2121; x_wconf 77' lang='lat' dir='ltr'><strong>nertu</strong></span> <span class='ocrx_word' id='word_1_503' title='bbox 250 2095 321 2122; x_wconf 76' lang='lat' dir='ltr'><strong>clam</strong></span> <span class='ocrx_word' id='word_1_504' title='bbox 335 2095 459 2130; x_wconf 86' lang='lat' dir='ltr'><strong>(propter</strong></span> <span class='ocrx_word' id='word_1_505' title='bbox 476 2103 587 2123; x_wconf 87' lang='lat' dir='ltr'><strong>causam</strong></span> <span class='ocrx_word' id='word_1_506' title='bbox 617 2097 690 2124; x_wconf 92' lang='lat' dir='ltr'><strong>enim</strong></span> <span class='ocrx_word' id='word_1_507' title='bbox 703 2098 760 2133; x_wconf 90' lang='lat' dir='ltr'><strong>jam</strong></span> <span class='ocrx_word' id='word_1_508' title='bbox 778 2105 935 2133; x_wconf 82' lang='lat' dir='ltr'><strong>expressam</strong></span> 
     </span>
    </p>
   </div>
   <div class='ocr_carea' id='block_1_77' title="bbox 110 2141 934 2180">
    <p class='ocr_par' dir='ltr' id='par_1_77' title="bbox 110 2141 934 2180">
     <span class='ocr_line' id='line_1_77' title="bbox 110 2141 934 2180; baseline 0.007 -13"><span class='ocrx_word' id='word_1_509' title='bbox 110 2144 113 2147; x_wconf 87' lang='lat'>&#39;</span> <span class='ocrx_word' id='word_1_510' title='bbox 148 2141 292 2168; x_wconf 79' lang='lat' dir='ltr'><strong>castellum</strong></span> <span class='ocrx_word' id='word_1_511' title='bbox 307 2146 383 2168; x_wconf 83' lang='lat' dir='ltr'><strong>certo</strong></span> <span class='ocrx_word' id='word_1_512' title='bbox 397 2147 613 2178; x_wconf 88' lang='lat' dir='ltr'><strong>constanterque</strong></span> <span class='ocrx_word' id='word_1_513' title='bbox 627 2151 682 2172; x_wconf 91' lang='lat' dir='ltr'><strong>non</strong></span> <span class='ocrx_word' id='word_1_514' title='bbox 699 2145 934 2180; x_wconf 78' lang='lat' dir='ltr'><strong>oppugnabatur),</strong></span> 
     </span>
    </p>
   </div>
   <div class='ocr_carea' id='block_1_78' title="bbox 149 2179 974 2226">
    <p class='ocr_par' dir='ltr' id='par_1_78' title="bbox 149 2179 974 2226">
     <span class='ocr_line' id='line_1_78' title="bbox 149 2179 974 2226; baseline 0.007 -13"><span class='ocrx_word' id='word_1_515' title='bbox 149 2195 212 2218; x_wconf 83' lang='lat' dir='ltr'><strong>cum</strong></span> <span class='ocrx_word' id='word_1_516' title='bbox 230 2196 313 2223; x_wconf 70' lang='lat' dir='ltr'><strong>parra</strong></span> <span class='ocrx_word' id='word_1_517' title='bbox 328 2196 410 2215; x_wconf 89' lang='lat' dir='ltr'><strong>manu</strong></span> <span class='ocrx_word' id='word_1_518' title='bbox 427 2189 579 2223; x_wconf 85' lang='lat' dir='ltr'><strong>ingressus,</strong></span> <span class='ocrx_word' id='word_1_519' title='bbox 595 2189 622 2217; x_wconf 91' lang='lat' dir='ltr'><strong>id</strong></span> <span class='ocrx_word' id='word_1_520' title='bbox 639 2190 691 2217; x_wconf 87' lang='lat' dir='ltr'><strong>sub</strong></span> <span class='ocrx_word' id='word_1_521' title='bbox 705 2179 834 2226; x_wconf 45' lang='lat' dir='ltr'><strong>augustae</strong></span> <span class='ocrx_word' id='word_1_522' title='bbox 849 2179 937 2226; x_wconf 84' lang='lat' dir='ltr'><strong>impe-</strong></span> <span class='ocrx_word' id='word_1_523' title='bbox 950 2179 974 2210; x_wconf 73' lang='grc' dir='ltr'><strong>υ</strong></span> 
     </span>
    </p>
   </div>
   <div class='ocr_carea' id='block_1_79' title="bbox 150 2232 935 2271">
    <p class='ocr_par' dir='ltr' id='par_1_79' title="bbox 150 2232 935 2271">
     <span class='ocr_line' id='line_1_79' title="bbox 150 2232 935 2271; baseline 0.006 -12"><span class='ocrx_word' id='word_1_524' title='bbox 150 2233 221 2259; x_wconf 87' lang='lat' dir='ltr'><strong>rium</strong></span> <span class='ocrx_word' id='word_1_525' title='bbox 240 2232 358 2267; x_wconf 79' lang='lat' dir='ltr'><strong>redegit,</strong></span> <span class='ocrx_word' id='word_1_526' title='bbox 372 2237 401 2260; x_wconf 86' lang='lat' dir='ltr'><strong>et</strong></span> <span class='ocrx_word' id='word_1_527' title='bbox 415 2233 608 2261; x_wconf 82' lang='lat' dir='ltr'><strong>Cantacuzcuo</strong></span> <span class='ocrx_word' id='word_1_528' title='bbox 622 2235 683 2269; x_wconf 89' lang='lat' dir='ltr'><strong>ejus</strong></span> <span class='ocrx_word' id='word_1_529' title='bbox 697 2235 839 2263; x_wconf 90' lang='lat' dir='ltr'><strong>obtinendi</strong></span> <span class='ocrx_word' id='word_1_530' title='bbox 858 2243 935 2271; x_wconf 84' lang='lat' dir='ltr'><strong>spem</strong></span> 
     </span>
    </p>
   </div>
   <div class='ocr_carea' id='block_1_80' title="bbox 149 2277 935 2316">
    <p class='ocr_par' dir='ltr' id='par_1_80' title="bbox 149 2277 935 2316">
     <span class='ocr_line' id='line_1_80' title="bbox 149 2277 935 2316; baseline 0.005 -11"><span class='ocrx_word' id='word_1_531' title='bbox 149 2277 276 2305; x_wconf 76' lang='lat' dir='ltr'><strong>abstulit.</strong></span> <span class='ocrx_word' id='word_1_532' title='bbox 288 2277 361 2306; x_wconf 81' lang='lat' dir='ltr'><strong>Moto</strong></span> <span class='ocrx_word' id='word_1_533' title='bbox 375 2277 459 2313; x_wconf 79' lang='lat' dir='ltr'><strong>igitur</strong></span> <span class='ocrx_word' id='word_1_534' title='bbox 473 2278 537 2306; x_wconf 87' lang='lat' dir='ltr'><strong>inde</strong></span> <span class='ocrx_word' id='word_1_535' title='bbox 552 2280 685 2313; x_wconf 77' lang='lat' dir='ltr'><strong>exercitu,</strong></span> <span class='ocrx_word' id='word_1_536' title='bbox 704 2280 935 2316; x_wconf 81' lang='lat' dir='ltr'><strong>Anastasiopolim</strong></span> 
     </span>
    </p>
   </div>
   <div class='ocr_carea' id='block_1_81' title="bbox 149 2323 934 2361">
    <p class='ocr_par' dir='ltr' id='par_1_81' title="bbox 149 2323 934 2361">
     <span class='ocr_line' id='line_1_81' title="bbox 149 2323 934 2361; baseline 0.004 -10"><span class='ocrx_word' id='word_1_537' title='bbox 149 2323 336 2358; x_wconf 79' lang='lat' dir='ltr'><strong>(Andronicus</strong></span> <span class='ocrx_word' id='word_1_538' title='bbox 365 2324 568 2352; x_wconf 85' lang='lat' dir='ltr'><strong>Peritheorium</strong></span> <span class='ocrx_word' id='word_1_539' title='bbox 596 2325 754 2361; x_wconf 87' lang='lat' dir='ltr'><strong>appellavit)</strong></span> <span class='ocrx_word' id='word_1_540' title='bbox 787 2327 934 2361; x_wconf 81' lang='lat' dir='ltr'><strong>processit,</strong></span> 
     </span>
    </p>
   </div>
   <div class='ocr_carea' id='block_1_82' title="bbox 148 2368 935 2405">
    <p class='ocr_par' dir='ltr' id='par_1_82' title="bbox 148 2368 935 2405">
     <span class='ocr_line' id='line_1_82' title="bbox 148 2368 935 2405; baseline 0.006 -10"><span class='ocrx_word' id='word_1_541' title='bbox 148 2377 231 2404; x_wconf 87' lang='lat' dir='ltr'><strong>quam</strong></span> <span class='ocrx_word' id='word_1_542' title='bbox 258 2376 307 2404; x_wconf 88' lang='lat' dir='ltr'><strong>per</strong></span> <span class='ocrx_word' id='word_1_543' title='bbox 324 2368 383 2396; x_wconf 88' lang='lat' dir='ltr'><strong>dies</strong></span> <span class='ocrx_word' id='word_1_544' title='bbox 410 2374 529 2404; x_wconf 88' lang='lat' dir='ltr'><strong>quatuor</strong></span> <span class='ocrx_word' id='word_1_545' title='bbox 554 2375 582 2398; x_wconf 89' lang='lat' dir='ltr'><strong>et</strong></span> <span class='ocrx_word' id='word_1_546' title='bbox 610 2371 706 2405; x_wconf 87' lang='lat' dir='ltr'><strong>viginti</strong></span> <span class='ocrx_word' id='word_1_547' title='bbox 735 2372 935 2400; x_wconf 89' lang='lat' dir='ltr'><strong>circumsidens</strong></span> 
     </span>
    </p>
   </div>
   <div class='ocr_carea' id='block_1_83' title="bbox 149 2414 934 2452">
    <p class='ocr_par' dir='ltr' id='par_1_83' title="bbox 149 2414 934 2452">
     <span class='ocr_line' id='line_1_83' title="bbox 149 2414 934 2452; baseline 0.006 -11"><span class='ocrx_word' id='word_1_548' title='bbox 149 2414 327 2449; x_wconf 77' lang='lat' dir='ltr'><strong>oppugnavit.</strong></span> <span class='ocrx_word' id='word_1_549' title='bbox 344 2415 433 2442; x_wconf 87' lang='lat' dir='ltr'><strong>Etiam</strong></span> <span class='ocrx_word' id='word_1_550' title='bbox 450 2415 484 2443; x_wconf 90' lang='lat' dir='ltr'><strong>ad</strong></span> <span class='ocrx_word' id='word_1_551' title='bbox 506 2415 634 2445; x_wconf 83' lang='lat' dir='ltr'><strong>Cbrelem</strong></span> <span class='ocrx_word' id='word_1_552' title='bbox 663 2421 690 2444; x_wconf 88' lang='lat' dir='ltr'><strong>et</strong></span> <span class='ocrx_word' id='word_1_553' title='bbox 706 2422 934 2452; x_wconf 87' lang='lat' dir='ltr'><strong>protostratorem</strong></span> 
     </span>
    </p>
   </div>
   <div class='ocr_carea' id='block_1_84' title="bbox 149 2459 935 2495">
    <p class='ocr_par' dir='ltr' id='par_1_84' title="bbox 149 2459 935 2495">
     <span class='ocr_line' id='line_1_84' title="bbox 149 2459 935 2495; baseline 0.009 -9"><span class='ocrx_word' id='word_1_554' title='bbox 149 2460 373 2488; x_wconf 76' lang='lat' dir='ltr'><strong>Thessalonicam</strong></span> <span class='ocrx_word' id='word_1_555' title='bbox 390 2461 424 2488; x_wconf 93' lang='lat' dir='ltr'><strong>de</strong></span> <span class='ocrx_word' id='word_1_556' title='bbox 448 2461 567 2490; x_wconf 91' lang='lat' dir='ltr'><strong>adventu</strong></span> <span class='ocrx_word' id='word_1_557' title='bbox 590 2471 641 2490; x_wconf 89' lang='lat' dir='ltr'><strong>suo</strong></span> <span class='ocrx_word' id='word_1_558' title='bbox 663 2464 785 2495; x_wconf 85' lang='lat' dir='ltr'><strong>miserat,</strong></span> <span class='ocrx_word' id='word_1_559' title='bbox 802 2468 830 2491; x_wconf 89' lang='lat' dir='ltr'><strong>et</strong></span> <span class='ocrx_word' id='word_1_560' title='bbox 853 2459 935 2493; x_wconf 74' lang='lat' dir='ltr'><strong>nosse</strong></span> 
     </span>
    </p>
   </div>
   <div class='ocr_carea' id='block_1_85' title="bbox 149 2506 934 2545">
    <p class='ocr_par' dir='ltr' id='par_1_85' title="bbox 149 2506 934 2545">
     <span class='ocr_line' id='line_1_85' title="bbox 149 2506 934 2545; baseline 0.008 -13"><span class='ocrx_word' id='word_1_561' title='bbox 149 2506 259 2539; x_wconf 82' lang='lat' dir='ltr'><strong>avebat,</strong></span> <span class='ocrx_word' id='word_1_562' title='bbox 284 2514 350 2534; x_wconf 92' lang='lat' dir='ltr'><strong>num</strong></span> <span class='ocrx_word' id='word_1_563' title='bbox 375 2507 448 2534; x_wconf 88' lang='lat' dir='ltr'><strong>idem</strong></span> <span class='ocrx_word' id='word_1_564' title='bbox 472 2513 546 2536; x_wconf 86' lang='lat' dir='ltr'><strong>esset</strong></span> <span class='ocrx_word' id='word_1_565' title='bbox 561 2516 657 2536; x_wconf 88' lang='lat' dir='ltr'><strong>eorum</strong></span> <span class='ocrx_word' id='word_1_566' title='bbox 673 2517 736 2544; x_wconf 82' lang='lat' dir='ltr'><strong>erga</strong></span> <span class='ocrx_word' id='word_1_567' title='bbox 761 2517 790 2538; x_wconf 92' lang='lat' dir='ltr'><strong>se</strong></span> <span class='ocrx_word' id='word_1_568' title='bbox 815 2511 934 2545; x_wconf 87' lang='lat' dir='ltr'><strong>animus,</strong></span> 
     </span>
    </p>
   </div>
   <div class='ocr_carea' id='block_1_86' title="bbox 151 2552 936 2590">
    <p class='ocr_par' dir='ltr' id='par_1_86' title="bbox 151 2552 936 2590">
     <span class='ocr_line' id='line_1_86' title="bbox 151 2552 936 2590; baseline 0.008 -11"><span class='ocrx_word' id='word_1_569' title='bbox 151 2552 199 2587; x_wconf 85' lang='lat' dir='ltr'><strong>qui</strong></span> <span class='ocrx_word' id='word_1_570' title='bbox 216 2552 362 2580; x_wconf 89' lang='lat' dir='ltr'><strong>hactenus.</strong></span> <span class='ocrx_word' id='word_1_571' title='bbox 379 2553 504 2581; x_wconf 82' lang='lat' dir='ltr'><strong>Batatzes</strong></span> <span class='ocrx_word' id='word_1_572' title='bbox 521 2554 616 2589; x_wconf 90' lang='lat' dir='ltr'><strong>(porro</strong></span> <span class='ocrx_word' id='word_1_573' title='bbox 638 2555 682 2583; x_wconf 89' lang='lat' dir='ltr'><strong>cui</strong></span> <span class='ocrx_word' id='word_1_574' title='bbox 707 2555 742 2582; x_wconf 91' lang='lat' dir='ltr'><strong>ab</strong></span> <span class='ocrx_word' id='word_1_575' title='bbox 763 2555 936 2590; x_wconf 79' lang='lat' dir='ltr'><strong>imperatrice</strong></span> 
     </span>
    </p>
   </div>
   <div class='ocr_carea' id='block_1_87' title="bbox 151 2599 935 2633">
    <p class='ocr_par' dir='ltr' id='par_1_87' title="bbox 151 2599 935 2633">
     <span class='ocr_line' id='line_1_87' title="bbox 151 2599 935 2633; baseline 0.008 -9"><span class='ocrx_word' id='word_1_576' title='bbox 151 2605 301 2633; x_wconf 83' lang='lat' dir='ltr'><strong>rerumque</strong></span> <span class='ocrx_word' id='word_1_577' title='bbox 325 2599 481 2627; x_wconf 86' lang='lat' dir='ltr'><strong>rectoribus</strong></span> <span class='ocrx_word' id='word_1_578' title='bbox 506 2599 571 2627; x_wconf 86' lang='lat' dir='ltr'><strong>belli</strong></span> <span class='ocrx_word' id='word_1_579' title='bbox 594 2605 690 2628; x_wconf 85' lang='lat' dir='ltr'><strong>contra</strong></span> <span class='ocrx_word' id='word_1_580' title='bbox 714 2601 935 2630; x_wconf 83' lang='lat' dir='ltr'><strong>Cantacuzenum</strong></span> 
     </span>
    </p>
   </div>
   <div class='ocr_carea' id='block_1_88' title="bbox 150 2643 937 2682">
    <p class='ocr_par' dir='ltr' id='par_1_88' title="bbox 150 2643 937 2682">
     <span class='ocr_line' id='line_1_88' title="bbox 150 2643 937 2682; baseline 0.006 -12"><span class='ocrx_word' id='word_1_581' title='bbox 150 2643 354 2671; x_wconf 87' lang='lat' dir='ltr'><strong>administratio</strong></span> <span class='ocrx_word' id='word_1_582' title='bbox 368 2644 514 2672; x_wconf 85' lang='lat' dir='ltr'><strong>commissa</strong></span> <span class='ocrx_word' id='word_1_583' title='bbox 535 2646 605 2680; x_wconf 85' lang='lat' dir='ltr'><strong>erat)</strong></span> <span class='ocrx_word' id='word_1_584' title='bbox 631 2653 694 2672; x_wconf 83' lang='lat' dir='ltr'><strong>cum</strong></span> <span class='ocrx_word' id='word_1_585' title='bbox 718 2646 851 2674; x_wconf 83' lang='lat' dir='ltr'><strong>militibus</strong></span> <span class='ocrx_word' id='word_1_586' title='bbox 867 2655 937 2682; x_wconf 88' lang='lat' dir='ltr'><strong>quos</strong></span> 
     </span>
    </p>
   </div>
   <div class='ocr_carea' id='block_1_89' title="bbox 148 2687 937 2728">
    <p class='ocr_par' dir='ltr' id='par_1_89' title="bbox 148 2687 937 2728">
     <span class='ocr_line' id='line_1_89' title="bbox 148 2687 937 2728; baseline 0.005 -12"><span class='ocrx_word' id='word_1_587' title='bbox 148 2687 280 2724; x_wconf 86' lang='lat' dir='ltr'><strong>Byzantio</strong></span> <span class='ocrx_word' id='word_1_588' title='bbox 300 2689 466 2722; x_wconf 85' lang='lat' dir='ltr'><strong>adducebat,</strong></span> <span class='ocrx_word' id='word_1_589' title='bbox 489 2694 518 2718; x_wconf 92' lang='lat' dir='ltr'><strong>et</strong></span> <span class='ocrx_word' id='word_1_590' title='bbox 538 2698 572 2718; x_wconf 78' lang='lat' dir='ltr'><strong>ex</strong></span> <span class='ocrx_word' id='word_1_591' title='bbox 594 2690 717 2719; x_wconf 62' lang='lat' dir='ltr'><strong>Thraciae</strong></span> <span class='ocrx_word' id='word_1_592' title='bbox 732 2691 937 2728; x_wconf 75' lang='lat' dir='ltr'><strong>ac,Rhodopes</strong></span> 
     </span>
    </p>
   </div>
   <div class='ocr_carea' id='block_1_90' title="bbox 988 1544 1778 1585">
    <p class='ocr_par' dir='ltr' id='par_1_90' title="bbox 988 1544 1778 1585">
     <span class='ocr_line' id='line_1_90' title="bbox 988 1544 1778 1585; baseline -0.006 -7"><span class='ocrx_word' id='word_1_593' title='bbox 988 1551 1081 1582; x_wconf 73' lang='grc' dir='ltr'>ἵπποις</span> <span class='ocrx_word' id='word_1_594' title='bbox 1101 1550 1149 1577; x_wconf 77' lang='grc' dir='ltr'>τοῦ</span> <span class='ocrx_word' id='word_1_595' title='bbox 1167 1550 1250 1577; x_wconf 86' lang='grc' dir='ltr'>τόπου</span> <span class='ocrx_word' id='word_1_596' title='bbox 1269 1549 1431 1585; x_wconf 70' lang='grc' dir='ltr'>παρὲχοντος</span> <span class='ocrx_word' id='word_1_597' title='bbox 1442 1548 1558 1584; x_wconf 77' lang='grc' dir='ltr'><strong>τροφῆς,</strong></span> <span class='ocrx_word' id='word_1_598' title='bbox 1582 1547 1660 1574; x_wconf 78' lang='grc' dir='ltr'>οὔπω</span> <span class='ocrx_word' id='word_1_599' title='bbox 1672 1547 1727 1582; x_wconf 85' lang='grc' dir='ltr'><strong>γὰρ</strong></span> <span class='ocrx_word' id='word_1_600' title='bbox 1741 1544 1778 1581; x_wconf 78' lang='grc' dir='ltr'>ἦν</span> 
     </span>
    </p>
   </div>
   <div class='ocr_carea' id='block_1_91' title="bbox 988 1592 1778 1630">
    <p class='ocr_par' dir='ltr' id='par_1_91' title="bbox 988 1592 1778 1630">
     <span class='ocr_line' id='line_1_91' title="bbox 988 1592 1778 1630; baseline -0.009 -5"><span class='ocrx_word' id='word_1_601' title='bbox 988 1597 1137 1625; x_wconf 81' lang='grc' dir='ltr'>ἀπολαύειν</span> <span class='ocrx_word' id='word_1_602' title='bbox 1145 1595 1263 1630; x_wconf 81' lang='grc' dir='ltr'>ἀφθόνου</span> <span class='ocrx_word' id='word_1_603' title='bbox 1273 1594 1465 1629; x_wconf 59' lang='grc' dir='ltr'>πανταχοῦλδιά</span> <span class='ocrx_word' id='word_1_604' title='bbox 1475 1593 1524 1629; x_wconf 80' lang='grc' dir='ltr'>τὴν</span> <span class='ocrx_word' id='word_1_605' title='bbox 1533 1593 1607 1628; x_wconf 84' lang='grc' dir='ltr'>ὥραν</span> <span class='ocrx_word' id='word_1_606' title='bbox 1619 1593 1682 1628; x_wconf 76' lang='grc' dir='ltr'>ἄρτι</span> <span class='ocrx_word' id='word_1_607' title='bbox 1692 1592 1778 1626; x_wconf 70' lang='grc' dir='ltr'>ἀρχο-</span> 
     </span>
    </p>
   </div>
   <div class='ocr_carea' id='block_1_92' title="bbox 991 1635 1778 1679">
    <p class='ocr_par' dir='ltr' id='par_1_92' title="bbox 991 1635 1778 1679">
     <span class='ocr_line' id='line_1_92' title="bbox 991 1635 1778 1679; baseline -0.009 -9"><span class='ocrx_word' id='word_1_608' title='bbox 991 1643 1072 1679; x_wconf 68' lang='grc' dir='ltr'>μένου</span> <span class='ocrx_word' id='word_1_609' title='bbox 1093 1643 1185 1677; x_wconf 72' lang='grc' dir='ltr'>ἔαρος,</span> <span class='ocrx_word' id='word_1_610' title='bbox 1197 1641 1364 1676; x_wconf 76' lang='grc' dir='ltr'>παρέμεινεν</span> <span class='ocrx_word' id='word_1_611' title='bbox 1372 1640 1480 1676; x_wconf 76' lang='grc' dir='ltr'>ἡμέρας</span> <span class='ocrx_word' id='word_1_612' title='bbox 1497 1639 1528 1666; x_wconf 76' lang='grc' dir='ltr'>οὗ</span> <span class='ocrx_word' id='word_1_613' title='bbox 1537 1638 1648 1671; x_wconf 79' lang='grc' dir='ltr'>πολλάς.</span> <span class='ocrx_word' id='word_1_614' title='bbox 1657 1638 1702 1664; x_wconf 81' lang='grc' dir='ltr'>Ἑν</span> <span class='ocrx_word' id='word_1_615' title='bbox 1711 1635 1778 1663; x_wconf 80' lang='grc' dir='ltr'>ταύ-</span> 
     </span>
    </p>
   </div>
   <div class='ocr_carea' id='block_1_93' title="bbox 987 1683 1777 1724">
    <p class='ocr_par' dir='ltr' id='par_1_93' title="bbox 987 1683 1777 1724">
     <span class='ocr_line' id='line_1_93' title="bbox 987 1683 1777 1724; baseline -0.01 -8"><span class='ocrx_word' id='word_1_616' title='bbox 987 1698 1046 1721; x_wconf 85' lang='grc' dir='ltr'>ταις</span> <span class='ocrx_word' id='word_1_617' title='bbox 1059 1689 1087 1716; x_wconf 74' lang='grc' dir='ltr'><strong>δέ</strong></span> <span class='ocrx_word' id='word_1_618' title='bbox 1097 1688 1143 1715; x_wconf 85' lang='grc' dir='ltr'>τοῦ</span> <span class='ocrx_word' id='word_1_619' title='bbox 1158 1687 1290 1724; x_wconf 84' lang='grc' dir='ltr'>φρουρίου</span> <span class='ocrx_word' id='word_1_620' title='bbox 1300 1686 1450 1721; x_wconf 82' lang='grc' dir='ltr'>ἀπεπείρα,</span> <span class='ocrx_word' id='word_1_621' title='bbox 1464 1686 1488 1712; x_wconf 86' lang='grc' dir='ltr'><strong>εί</strong></span> <span class='ocrx_word' id='word_1_622' title='bbox 1497 1685 1607 1712; x_wconf 84' lang='grc' dir='ltr'>δύναιτο</span> <span class='ocrx_word' id='word_1_623' title='bbox 1627 1683 1777 1717; x_wconf 80' lang='grc' dir='ltr'>κατασχεῖν</span> 
     </span>
    </p>
   </div>
   <div class='ocr_carea' id='block_1_94' title="bbox 987 1723 1777 1771">
    <p class='ocr_par' dir='ltr' id='par_1_94' title="bbox 987 1723 1777 1771">
     <span class='ocr_line' id='line_1_94' title="bbox 987 1723 1777 1771; baseline -0.011 -9"><span class='ocrx_word' id='word_1_624' title='bbox 987 1735 1128 1771; x_wconf 60' lang='grc' dir='ltr'>ὀμολοκιίᾳ.</span> <span class='ocrx_word' id='word_1_625' title='bbox 1151 1734 1203 1769; x_wconf 77' lang='grc' dir='ltr'><strong>Βία</strong></span> <span class='ocrx_word' id='word_1_626' title='bbox 1225 1733 1279 1768; x_wconf 74' lang='grc' dir='ltr'>γὰρ</span> <span class='ocrx_word' id='word_1_627' title='bbox 1295 1731 1526 1767; x_wconf 80' lang='grc' dir='ltr'>παραστήσεσθαι</span> <span class='ocrx_word' id='word_1_628' title='bbox 1553 1730 1605 1757; x_wconf 82' lang='grc' dir='ltr'>οὐκ</span> <span class='ocrx_word' id='word_1_629' title='bbox 1624 1723 1705 1765; x_wconf 68' lang='grc' dir='ltr'>ἧθὶλε</span> <span class='ocrx_word' id='word_1_630' title='bbox 1729 1728 1777 1754; x_wconf 68' lang='grc' dir='ltr'><strong>διὰ</strong></span> 
     </span>
    </p>
   </div>
   <div class='ocr_carea' id='block_1_95' title="bbox 988 1775 1778 1816">
    <p class='ocr_par' dir='ltr' id='par_1_95' title="bbox 988 1775 1778 1816">
     <span class='ocr_line' id='line_1_95' title="bbox 988 1775 1778 1816; baseline -0.01 -7"><span class='ocrx_word' id='word_1_631' title='bbox 988 1781 1019 1809; x_wconf 79' lang='grc' dir='ltr'><strong>τὸ</strong></span> <span class='ocrx_word' id='word_1_632' title='bbox 1051 1780 1184 1816; x_wconf 79' lang='grc' dir='ltr'>μοναχοὺς</span> <span class='ocrx_word' id='word_1_633' title='bbox 1205 1779 1235 1805; x_wconf 83' lang='grc' dir='ltr'><strong>τὺ</strong></span> <span class='ocrx_word' id='word_1_634' title='bbox 1249 1778 1382 1814; x_wconf 83' lang='grc' dir='ltr'>φρούριον</span> <span class='ocrx_word' id='word_1_635' title='bbox 1407 1777 1566 1804; x_wconf 77' lang='grc' dir='ltr'>κατοικεῖν·</span> <span class='ocrx_word' id='word_1_636' title='bbox 1589 1775 1711 1810; x_wconf 88' lang='grc' dir='ltr'>συνορῶν</span> <span class='ocrx_word' id='word_1_637' title='bbox 1738 1775 1778 1806; x_wconf 86' lang='grc' dir='ltr'><strong>ὡς</strong></span> 
     </span>
    </p>
   </div>
   <div class='ocr_carea' id='block_1_96' title="bbox 988 1822 1777 1864">
    <p class='ocr_par' dir='ltr' id='par_1_96' title="bbox 988 1822 1777 1864">
     <span class='ocr_line' id='line_1_96' title="bbox 988 1822 1777 1864; baseline -0.011 -9"><span class='ocrx_word' id='word_1_638' title='bbox 988 1829 1012 1855; x_wconf 87' lang='grc' dir='ltr'>ει</span> <span class='ocrx_word' id='word_1_639' title='bbox 1029 1827 1075 1864; x_wconf 78' lang='grc' dir='ltr'>βίᾳ</span> <span class='ocrx_word' id='word_1_640' title='bbox 1087 1825 1263 1862; x_wconf 82' lang='grc' dir='ltr'>Ικρατηθείη.</span> <span class='ocrx_word' id='word_1_641' title='bbox 1278 1825 1355 1852; x_wconf 75' lang='grc' dir='ltr'>οὐδὲν</span> <span class='ocrx_word' id='word_1_642' title='bbox 1374 1824 1453 1851; x_wconf 79' lang='grc' dir='ltr'>ἔσται</span> <span class='ocrx_word' id='word_1_643' title='bbox 1466 1823 1571 1854; x_wconf 70' lang='grc' dir='ltr'>λοιπον,</span> <span class='ocrx_word' id='word_1_644' title='bbox 1588 1822 1605 1857; x_wconf 84' lang='grc' dir='ltr'>ἢ</span> <span class='ocrx_word' id='word_1_645' title='bbox 1621 1822 1777 1848; x_wconf 72' lang='grc' dir='ltr'>ἀνάπτατον</span> 
     </span>
    </p>
   </div>
   <div class='ocr_carea' id='block_1_97' title="bbox 987 1867 1778 1908">
    <p class='ocr_par' dir='ltr' id='par_1_97' title="bbox 987 1867 1778 1908">
     <span class='ocr_line' id='line_1_97' title="bbox 987 1867 1778 1908; baseline -0.01 -8"><span class='ocrx_word' id='word_1_646' title='bbox 987 1873 1111 1908; x_wconf 74' lang='grc' dir='ltr'>γίνεσθαι</span> <span class='ocrx_word' id='word_1_647' title='bbox 1133 1871 1181 1907; x_wconf 83' lang='grc' dir='ltr'>τὴν</span> <span class='ocrx_word' id='word_1_648' title='bbox 1202 1870 1286 1906; x_wconf 82' lang='grc' dir='ltr'>μονὴν</span> <span class='ocrx_word' id='word_1_649' title='bbox 1316 1871 1439 1906; x_wconf 75' lang='grc' dir='ltr'>πολέμου</span> <span class='ocrx_word' id='word_1_650' title='bbox 1464 1870 1540 1904; x_wconf 79' lang='grc' dir='ltr'>νόμῳ</span> <span class='ocrx_word' id='word_1_651' title='bbox 1566 1867 1778 1903; x_wconf 81' lang='grc' dir='ltr'>πορθουμένην.</span> 
     </span>
    </p>
   </div>
   <div class='ocr_carea' id='block_1_98' title="bbox 987 1912 1778 1955">
    <p class='ocr_par' dir='ltr' id='par_1_98' title="bbox 987 1912 1778 1955">
     <span class='ocr_line' id='line_1_98' title="bbox 987 1912 1778 1955; baseline -0.01 -8"><span class='ocrx_word' id='word_1_652' title='bbox 987 1916 1024 1947; x_wconf 61' lang='lat' dir='ltr'><strong>OE</strong></span> <span class='ocrx_word' id='word_1_653' title='bbox 1047 1919 1079 1955; x_wconf 82' lang='grc' dir='ltr'>δὴ</span> <span class='ocrx_word' id='word_1_654' title='bbox 1097 1919 1178 1946; x_wconf 72' lang='grc' dir='ltr'>ἕνεκα</span> <span class='ocrx_word' id='word_1_655' title='bbox 1202 1918 1262 1945; x_wconf 75' lang='grc' dir='ltr'>οὐδὲ</span> <span class='ocrx_word' id='word_1_656' title='bbox 1295 1917 1429 1949; x_wconf 81' lang='grc' dir='ltr'>συντόνως</span> <span class='ocrx_word' id='word_1_657' title='bbox 1451 1915 1617 1950; x_wconf 75' lang='grc' dir='ltr'>ἐπολιόρκει,</span> <span class='ocrx_word' id='word_1_658' title='bbox 1643 1914 1711 1941; x_wconf 80' lang='grc' dir='ltr'>ἀλλὰ.</span> <span class='ocrx_word' id='word_1_659' title='bbox 1731 1912 1778 1940; x_wconf 86' lang='grc' dir='ltr'>δό-</span> 
     </span>
    </p>
   </div>
   <div class='ocr_carea' id='block_1_99' title="bbox 987 1958 1776 2001">
    <p class='ocr_par' dir='ltr' id='par_1_99' title="bbox 987 1958 1776 2001">
     <span class='ocr_line' id='line_1_99' title="bbox 987 1958 1776 2001; baseline -0.01 -9"><span class='ocrx_word' id='word_1_660' title='bbox 987 1973 1071 2001; x_wconf 77' lang='grc' dir='ltr'>κησιν</span> <span class='ocrx_word' id='word_1_661' title='bbox 1088 1958 1203 1999; x_wconf 66' lang='grc' dir='ltr'>παρεῖχε</span> <span class='ocrx_word' id='word_1_662' title='bbox 1224 1964 1316 1998; x_wconf 85' lang='grc' dir='ltr'>μόνον,</span> <span class='ocrx_word' id='word_1_663' title='bbox 1339 1962 1377 1994; x_wconf 80' lang='grc' dir='ltr'><strong>ὡς</strong></span> <span class='ocrx_word' id='word_1_664' title='bbox 1399 1961 1467 1997; x_wconf 70' lang='grc' dir='ltr'>πρὸς</span> <span class='ocrx_word' id='word_1_665' title='bbox 1486 1960 1665 1996; x_wconf 80' lang='grc' dir='ltr'>τειχομαχίαν</span> <span class='ocrx_word' id='word_1_666' title='bbox 1682 1967 1776 1992; x_wconf 82' lang='grc' dir='ltr'>παρα-</span> 
     </span>
    </p>
   </div>
   <div class='ocr_carea' id='block_1_100' title="bbox 988 2005 1778 2046">
    <p class='ocr_par' dir='ltr' id='par_1_100' title="bbox 988 2005 1778 2046">
     <span class='ocr_line' id='line_1_100' title="bbox 988 2005 1778 2046; baseline -0.01 -8"><span class='ocrx_word' id='word_1_667' title='bbox 988 2011 1204 2046; x_wconf 70' lang='grc' dir='ltr'>σκευαζόμενος.’</span> <span class='ocrx_word' id='word_1_668' title='bbox 1232 2009 1353 2044; x_wconf 81' lang='grc' dir='ltr'>Μοναχοὶ</span> <span class='ocrx_word' id='word_1_669' title='bbox 1386 2008 1415 2035; x_wconf 78' lang='grc' dir='ltr'><strong>δέ</strong></span> <span class='ocrx_word' id='word_1_670' title='bbox 1439 2008 1464 2034; x_wconf 76' lang='grc' dir='ltr'>οἱ</span> <span class='ocrx_word' id='word_1_671' title='bbox 1486 2007 1562 2034; x_wconf 74' lang='grc' dir='ltr'>ἔνδον</span> <span class='ocrx_word' id='word_1_672' title='bbox 1582 2006 1668 2036; x_wconf 69' lang='grc' dir='ltr'>ὄντες,</span> <span class='ocrx_word' id='word_1_673' title='bbox 1699 2005 1748 2031; x_wconf 73' lang='grc' dir='ltr'>καὶ</span> <span class='ocrx_word' id='word_1_674' title='bbox 1762 2007 1778 2031; x_wconf 88' lang='lat'><strong>6</strong></span> 
     </span>
    </p>
   </div>
   <div class='ocr_carea' id='block_1_101' title="bbox 987 2051 1778 2092">
    <p class='ocr_par' dir='ltr' id='par_1_101' title="bbox 987 2051 1778 2092">
     <span class='ocr_line' id='line_1_101' title="bbox 987 2051 1778 2092; baseline -0.008 -8"><span class='ocrx_word' id='word_1_675' title='bbox 987 2058 1065 2089; x_wconf 76' lang='grc' dir='ltr'>ἀλλος</span> <span class='ocrx_word' id='word_1_676' title='bbox 1087 2056 1182 2092; x_wconf 81' lang='grc' dir='ltr'>ὅμιλος</span> <span class='ocrx_word' id='word_1_677' title='bbox 1208 2056 1237 2089; x_wconf 76' lang='grc' dir='ltr'>ἐξ</span> <span class='ocrx_word' id='word_1_678' title='bbox 1253 2055 1379 2090; x_wconf 87' lang='grc' dir='ltr'>ἀγροτῶν</span> <span class='ocrx_word' id='word_1_679' title='bbox 1407 2052 1621 2089; x_wconf 75' lang='grc' dir='ltr'>συνειλεγμένοι,</span> <span class='ocrx_word' id='word_1_680' title='bbox 1644 2053 1700 2079; x_wconf 74' lang='grc' dir='ltr'>εἴτε</span> <span class='ocrx_word' id='word_1_681' title='bbox 1730 2051 1778 2078; x_wconf 76' lang='grc' dir='ltr'><strong>διὰ</strong></span> 
     </span>
    </p>
   </div>
   <div class='ocr_carea' id='block_1_102' title="bbox 987 2095 1778 2138">
    <p class='ocr_par' dir='ltr' id='par_1_102' title="bbox 987 2095 1778 2138">
     <span class='ocr_line' id='line_1_102' title="bbox 987 2095 1778 2138; baseline -0.011 -8"><span class='ocrx_word' id='word_1_682' title='bbox 987 2103 1036 2138; x_wconf 81' lang='grc' dir='ltr'>τὴν</span> <span class='ocrx_word' id='word_1_683' title='bbox 1061 2101 1233 2129; x_wconf 76' lang='grc' dir='ltr'>ἀποστασίαν</span> <span class='ocrx_word' id='word_1_684' title='bbox 1263 2099 1414 2131; x_wconf 81' lang='grc' dir='ltr'>δεδοικότες</span> <span class='ocrx_word' id='word_1_685' title='bbox 1432 2106 1442 2116; x_wconf 74' lang='grc'><strong><em>⁸</em></strong></span> <span class='ocrx_word' id='word_1_686' title='bbox 1476 2099 1526 2132; x_wconf 81' lang='grc' dir='ltr'>τὴν</span> <span class='ocrx_word' id='word_1_687' title='bbox 1557 2097 1613 2131; x_wconf 79' lang='grc' dir='ltr'><strong>γὰρ</strong></span> <span class='ocrx_word' id='word_1_688' title='bbox 1640 2095 1778 2131; x_wconf 80' lang='grc' dir='ltr'>βασιλέως</span> 
     </span>
    </p>
   </div>
   <div class='ocr_carea' id='block_1_103' title="bbox 989 2143 1778 2183">
    <p class='ocr_par' dir='ltr' id='par_1_103' title="bbox 989 2143 1778 2183">
     <span class='ocr_line' id='line_1_103' title="bbox 989 2143 1778 2183; baseline -0.01 -8"><span class='ocrx_word' id='word_1_689' title='bbox 989 2150 1123 2183; x_wconf 78' lang='grc' dir='ltr'>πρότερον</span> <span class='ocrx_word' id='word_1_690' title='bbox 1154 2146 1290 2181; x_wconf 68' lang='grc' dir='ltr'>φρουρὰν,</span> <span class='ocrx_word' id='word_1_691' title='bbox 1316 2145 1424 2172; x_wconf 73' lang='grc' dir='ltr'>καὶτὸν</span> <span class='ocrx_word' id='word_1_692' title='bbox 1440 2145 1559 2180; x_wconf 77' lang='grc' dir='ltr'>ἄρχοντα</span> <span class='ocrx_word' id='word_1_693' title='bbox 1584 2143 1612 2169; x_wconf 84' lang='grc' dir='ltr'><strong>δν</strong></span> <span class='ocrx_word' id='word_1_694' title='bbox 1623 2143 1778 2176; x_wconf 76' lang='grc' dir='ltr'>ἐπέστησεν</span> 
     </span>
    </p>
   </div>
   <div class='ocr_carea' id='block_1_104' title="bbox 989 2187 1778 2226">
    <p class='ocr_par' dir='ltr' id='par_1_104' title="bbox 989 2187 1778 2226">
     <span class='ocr_line' id='line_1_104' title="bbox 989 2187 1778 2226; baseline -0.009 -7"><span class='ocrx_word' id='word_1_695' title='bbox 989 2193 1093 2224; x_wconf 82' lang='grc' dir='ltr'>αὐτοῖς,</span> <span class='ocrx_word' id='word_1_696' title='bbox 1112 2191 1207 2226; x_wconf 77' lang='grc' dir='ltr'>ἀπάτῃ</span> <span class='ocrx_word' id='word_1_697' title='bbox 1232 2190 1417 2225; x_wconf 79' lang='grc' dir='ltr'>κατασχόντες</span> <span class='ocrx_word' id='word_1_698' title='bbox 1432 2189 1567 2224; x_wconf 84' lang='grc' dir='ltr'>δεσμότας</span> <span class='ocrx_word' id='word_1_699' title='bbox 1594 2188 1722 2222; x_wconf 68' lang='grc' dir='ltr'>ἔπεμψαν</span> <span class='ocrx_word' id='word_1_700' title='bbox 1736 2187 1778 2217; x_wconf 79' lang='grc' dir='ltr'><strong>εις</strong></span> 
     </span>
    </p>
   </div>
   <div class='ocr_carea' id='block_1_105' title="bbox 991 2231 1778 2271">
    <p class='ocr_par' dir='ltr' id='par_1_105' title="bbox 991 2231 1778 2271">
     <span class='ocr_line' id='line_1_105' title="bbox 991 2231 1778 2271; baseline -0.008 -8"><span class='ocrx_word' id='word_1_701' title='bbox 991 2236 1118 2271; x_wconf 81' lang='grc' dir='ltr'>βασιλίδα</span> <span class='ocrx_word' id='word_1_702' title='bbox 1133 2244 1141 2253; x_wconf 86' lang='grc'>·</span> <span class='ocrx_word' id='word_1_703' title='bbox 1157 2234 1213 2262; x_wconf 72' lang='grc' dir='ltr'>εἴτε</span> <span class='ocrx_word' id='word_1_704' title='bbox 1240 2235 1288 2262; x_wconf 77' lang='grc' dir='ltr'>καὶ</span> <span class='ocrx_word' id='word_1_705' title='bbox 1302 2235 1397 2270; x_wconf 87' lang='grc' dir='ltr'>τρόπῳ</span> <span class='ocrx_word' id='word_1_706' title='bbox 1411 2234 1443 2270; x_wconf 85' lang='grc' dir='ltr'>δή</span> <span class='ocrx_word' id='word_1_707' title='bbox 1459 2242 1512 2260; x_wconf 86' lang='grc' dir='ltr'>τινι</span> <span class='ocrx_word' id='word_1_708' title='bbox 1528 2233 1625 2268; x_wconf 76' lang='grc' dir='ltr'>ἑτέρῳ,</span> <span class='ocrx_word' id='word_1_709' title='bbox 1639 2231 1778 2267; x_wconf 75' lang='grc' dir='ltr'>ἠμύνοντό</span> 
     </span>
    </p>
   </div>
   <div class='ocr_carea' id='block_1_106' title="bbox 989 2279 1777 2318">
    <p class='ocr_par' dir='ltr' id='par_1_106' title="bbox 989 2279 1777 2318">
     <span class='ocr_line' id='line_1_106' title="bbox 989 2279 1777 2318; baseline -0.008 -9"><span class='ocrx_word' id='word_1_710' title='bbox 989 2282 1185 2318; x_wconf 65' lang='grc' dir='ltr'>καρτερώτατα</span> <span class='ocrx_word' id='word_1_711' title='bbox 1211 2281 1266 2308; x_wconf 64' lang='grc' dir='ltr'><strong>ἀπὸ</strong></span> <span class='ocrx_word' id='word_1_712' title='bbox 1287 2281 1342 2308; x_wconf 83' lang='grc' dir='ltr'><strong>τῶν</strong></span> <span class='ocrx_word' id='word_1_713' title='bbox 1362 2280 1461 2315; x_wconf 87' lang='grc' dir='ltr'>τειχῶν</span> <span class='ocrx_word' id='word_1_714' title='bbox 1489 2279 1671 2315; x_wconf 81' lang='grc' dir='ltr'>ὀχυρωτάτων</span> <span class='ocrx_word' id='word_1_715' title='bbox 1690 2279 1777 2305; x_wconf 73' lang='grc' dir='ltr'>όντων</span> 
     </span>
    </p>
   </div>
   <div class='ocr_carea' id='block_1_107' title="bbox 989 2321 1776 2363">
    <p class='ocr_par' dir='ltr' id='par_1_107' title="bbox 989 2321 1776 2363">
     <span class='ocr_line' id='line_1_107' title="bbox 989 2321 1776 2363; baseline -0.008 -7"><span class='ocrx_word' id='word_1_716' title='bbox 989 2331 1022 2356; x_wconf 88' lang='grc' dir='ltr'><strong>ἐκ</strong></span> <span class='ocrx_word' id='word_1_717' title='bbox 1039 2321 1222 2363; x_wconf 76' lang='grc' dir='ltr'>κατασκευῆς.</span> <span class='ocrx_word' id='word_1_718' title='bbox 1239 2328 1285 2354; x_wconf 74' lang='grc' dir='ltr'>καὶ</span> <span class='ocrx_word' id='word_1_719' title='bbox 1301 2327 1356 2354; x_wconf 78' lang='grc' dir='ltr'>οὐδ’</span> <span class='ocrx_word' id='word_1_720' title='bbox 1374 2328 1472 2361; x_wconf 75' lang='grc' dir='ltr'>ἄκροις</span> <span class='ocrx_word' id='word_1_721' title='bbox 1486 2327 1538 2353; x_wconf 85' lang='grc' dir='ltr'><strong>ὠσὶ</strong></span> <span class='ocrx_word' id='word_1_722' title='bbox 1552 2325 1697 2361; x_wconf 82' lang='grc' dir='ltr'>προσίεντο</span> <span class='ocrx_word' id='word_1_723' title='bbox 1710 2325 1776 2355; x_wconf 79' lang='grc' dir='ltr'>τοὺς</span> 
     </span>
    </p>
   </div>
   <div class='ocr_carea' id='block_1_108' title="bbox 991 2371 1777 2411">
    <p class='ocr_par' dir='ltr' id='par_1_108' title="bbox 991 2371 1777 2411">
     <span class='ocr_line' id='line_1_108' title="bbox 991 2371 1777 2411; baseline -0.006 -10"><span class='ocrx_word' id='word_1_724' title='bbox 991 2376 1055 2411; x_wconf 73' lang='grc' dir='ltr'>περὶ</span> <span class='ocrx_word' id='word_1_725' title='bbox 1071 2375 1234 2409; x_wconf 78' lang='grc' dir='ltr'>συμὸἀσεως</span> <span class='ocrx_word' id='word_1_726' title='bbox 1251 2373 1359 2408; x_wconf 85' lang='grc' dir='ltr'>λόγους.</span> <span class='ocrx_word' id='word_1_727' title='bbox 1377 2372 1422 2399; x_wconf 83' lang='grc' dir='ltr'>Ἑν</span> <span class='ocrx_word' id='word_1_728' title='bbox 1438 2373 1525 2407; x_wconf 79' lang='grc' dir='ltr'>τούτῳ</span> <span class='ocrx_word' id='word_1_729' title='bbox 1539 2372 1568 2398; x_wconf 84' lang='grc' dir='ltr'><strong>δέ</strong></span> <span class='ocrx_word' id='word_1_730' title='bbox 1584 2372 1631 2398; x_wconf 71' lang='grc' dir='ltr'>καὶ</span> <span class='ocrx_word' id='word_1_731' title='bbox 1641 2372 1655 2397; x_wconf 87' lang='lat'><strong>6</strong></span> <span class='ocrx_word' id='word_1_732' title='bbox 1670 2371 1777 2398; x_wconf 82' lang='grc' dir='ltr'>Βατάτ-</span> 
     </span>
    </p>
   </div>
   <div class='ocr_carea' id='block_1_109' title="bbox 990 2417 1775 2456">
    <p class='ocr_par' dir='ltr' id='par_1_109' title="bbox 990 2417 1775 2456">
     <span class='ocr_line' id='line_1_109' title="bbox 990 2417 1775 2456; baseline -0.006 -8"><span class='ocrx_word' id='word_1_733' title='bbox 990 2420 1174 2456; x_wconf 80' lang='grc' dir='ltr'>ζηςΊωάννης</span> <span class='ocrx_word' id='word_1_734' title='bbox 1191 2421 1224 2446; x_wconf 77' lang='grc' dir='ltr'><strong>ἐκ</strong></span> <span class='ocrx_word' id='word_1_735' title='bbox 1241 2419 1389 2452; x_wconf 79' lang='grc' dir='ltr'>Βυζαντίου</span> <span class='ocrx_word' id='word_1_736' title='bbox 1402 2419 1498 2450; x_wconf 78' lang='grc' dir='ltr'>νυκτὸς</span> <span class='ocrx_word' id='word_1_737' title='bbox 1510 2418 1655 2450; x_wconf 84' lang='grc' dir='ltr'>διαλαθὼν,</span> <span class='ocrx_word' id='word_1_738' title='bbox 1674 2417 1705 2443; x_wconf 82' lang='grc' dir='ltr'>οὐ</span> <span class='ocrx_word' id='word_1_739' title='bbox 1719 2417 1775 2451; x_wconf 84' lang='grc' dir='ltr'>γὰρ</span> 
     </span>
    </p>
   </div>
   <div class='ocr_carea' id='block_1_110' title="bbox 990 2465 1775 2502">
    <p class='ocr_par' dir='ltr' id='par_1_110' title="bbox 990 2465 1775 2502">
     <span class='ocr_line' id='line_1_110' title="bbox 990 2465 1775 2502; baseline -0.006 -8"><span class='ocrx_word' id='word_1_740' title='bbox 990 2467 1123 2502; x_wconf 67' lang='grc' dir='ltr'>ἀσφαλῶς</span> <span class='ocrx_word' id='word_1_741' title='bbox 1135 2468 1165 2493; x_wconf 80' lang='grc' dir='ltr'>τὸ</span> <span class='ocrx_word' id='word_1_742' title='bbox 1181 2465 1312 2502; x_wconf 85' lang='grc' dir='ltr'>φρούριον</span> <span class='ocrx_word' id='word_1_743' title='bbox 1328 2466 1516 2502; x_wconf 73' lang='grc' dir='ltr'>ἐπολιορκεῖτο</span> <span class='ocrx_word' id='word_1_744' title='bbox 1529 2465 1573 2493; x_wconf 73' lang='grc' dir='ltr'><strong>διὰ</strong></span> <span class='ocrx_word' id='word_1_745' title='bbox 1592 2465 1642 2500; x_wconf 84' lang='grc' dir='ltr'>τὴν</span> <span class='ocrx_word' id='word_1_746' title='bbox 1657 2465 1775 2499; x_wconf 75' lang='grc' dir='ltr'>εἰρημέ-</span> 
     </span>
    </p>
   </div>
   <div class='ocr_carea' id='block_1_111' title="bbox 990 2510 1778 2548">
    <p class='ocr_par' dir='ltr' id='par_1_111' title="bbox 990 2510 1778 2548">
     <span class='ocr_line' id='line_1_111' title="bbox 990 2510 1778 2548; baseline -0.006 -8"><span class='ocrx_word' id='word_1_747' title='bbox 990 2522 1039 2548; x_wconf 86' lang='grc' dir='ltr'>νην</span> <span class='ocrx_word' id='word_1_748' title='bbox 1054 2513 1155 2544; x_wconf 89' lang='grc' dir='ltr'>αἱτίαν,</span> <span class='ocrx_word' id='word_1_749' title='bbox 1173 2512 1231 2546; x_wconf 74' lang='grc' dir='ltr'>ἅμα</span> <span class='ocrx_word' id='word_1_750' title='bbox 1245 2512 1345 2545; x_wconf 73' lang='grc' dir='ltr'>ὀλίγοις</span> <span class='ocrx_word' id='word_1_751' title='bbox 1372 2511 1552 2547; x_wconf 80' lang='grc' dir='ltr'>στρατιώταις</span> <span class='ocrx_word' id='word_1_752' title='bbox 1569 2510 1711 2542; x_wconf 84' lang='grc' dir='ltr'>είσελθὼν,</span> <span class='ocrx_word' id='word_1_753' title='bbox 1727 2519 1778 2536; x_wconf 81' lang='grc' dir='ltr'>πε-</span> 
     </span>
    </p>
   </div>
   <div class='ocr_carea' id='block_1_112' title="bbox 992 2556 1777 2594">
    <p class='ocr_par' dir='ltr' id='par_1_112' title="bbox 992 2556 1777 2594">
     <span class='ocr_line' id='line_1_112' title="bbox 992 2556 1777 2594; baseline -0.001 -10"><span class='ocrx_word' id='word_1_754' title='bbox 992 2558 1135 2594; x_wconf 76' lang='grc' dir='ltr'>ριεποίησέ</span> <span class='ocrx_word' id='word_1_755' title='bbox 1149 2566 1179 2584; x_wconf 89' lang='grc' dir='ltr'><strong>τε</strong></span> <span class='ocrx_word' id='word_1_756' title='bbox 1193 2557 1224 2584; x_wconf 82' lang='grc' dir='ltr'><strong>τδ</strong></span> <span class='ocrx_word' id='word_1_757' title='bbox 1241 2558 1372 2593; x_wconf 82' lang='grc' dir='ltr'>φρούριον</span> <span class='ocrx_word' id='word_1_758' title='bbox 1400 2558 1526 2592; x_wconf 84' lang='grc' dir='ltr'>βασιλίδι.</span> <span class='ocrx_word' id='word_1_759' title='bbox 1546 2559 1594 2584; x_wconf 83' lang='grc' dir='ltr'>καὶ</span> <span class='ocrx_word' id='word_1_760' title='bbox 1609 2557 1717 2592; x_wconf 81' lang='grc' dir='ltr'>βασιλεῖ</span> <span class='ocrx_word' id='word_1_761' title='bbox 1736 2556 1777 2591; x_wconf 82' lang='grc' dir='ltr'>τῷ</span> 
     </span>
    </p>
   </div>
   <div class='ocr_carea' id='block_1_113' title="bbox 989 2602 1777 2638">
    <p class='ocr_par' dir='ltr' id='par_1_113' title="bbox 989 2602 1777 2638">
     <span class='ocr_line' id='line_1_113' title="bbox 989 2602 1777 2638; baseline -0.001 -8"><span class='ocrx_word' id='word_1_762' title='bbox 989 2602 1212 2638; x_wconf 80' lang='grc' dir='ltr'>Καντακουζηνῷ</span> <span class='ocrx_word' id='word_1_763' title='bbox 1233 2603 1282 2637; x_wconf 82' lang='grc' dir='ltr'>τὴν</span> <span class='ocrx_word' id='word_1_764' title='bbox 1296 2603 1468 2638; x_wconf 77' lang='grc' dir='ltr'>ἐπιχείρησιν</span> <span class='ocrx_word' id='word_1_765' title='bbox 1485 2602 1647 2630; x_wconf 84' lang='grc' dir='ltr'>ἀνέλπιστον</span> <span class='ocrx_word' id='word_1_766' title='bbox 1671 2603 1777 2629; x_wconf 81' lang='grc' dir='ltr'>ἐποίει.</span> 
     </span>
    </p>
   </div>
   <div class='ocr_carea' id='block_1_114' title="bbox 996 2649 1777 2685">
    <p class='ocr_par' dir='ltr' id='par_1_114' title="bbox 996 2649 1777 2685">
     <span class='ocr_line' id='line_1_114' title="bbox 996 2649 1777 2685; baseline -0.003 -8"><span class='ocrx_word' id='word_1_767' title='bbox 996 2650 1165 2684; x_wconf 76' lang='grc' dir='ltr'>’Δναστήσας</span> <span class='ocrx_word' id='word_1_768' title='bbox 1184 2649 1273 2676; x_wconf 85' lang='grc' dir='ltr'>τοίνυν</span> <span class='ocrx_word' id='word_1_769' title='bbox 1291 2649 1397 2675; x_wconf 71' lang='grc' dir='ltr'>ἐκεῖθεν</span> <span class='ocrx_word' id='word_1_770' title='bbox 1422 2650 1472 2684; x_wconf 66' lang='grc' dir='ltr'>τὴν</span> <span class='ocrx_word' id='word_1_771' title='bbox 1497 2649 1640 2685; x_wconf 81' lang='grc' dir='ltr'>στρατιὰν,</span> <span class='ocrx_word' id='word_1_772' title='bbox 1657 2650 1697 2681; x_wconf 79' lang='grc' dir='ltr'><strong>εἰς</strong></span> <span class='ocrx_word' id='word_1_773' title='bbox 1724 2649 1777 2684; x_wconf 80' lang='grc' dir='ltr'>τὴν</span> 
     </span>
    </p>
   </div>
   <div class='ocr_carea' id='block_1_115' title="bbox 997 2692 1778 2729">
    <p class='ocr_par' dir='ltr' id='par_1_115' title="bbox 997 2692 1778 2729">
     <span class='ocr_line' id='line_1_115' title="bbox 997 2692 1778 2729; baseline 0.001 -10"><span class='ocrx_word' id='word_1_774' title='bbox 997 2692 1177 2720; x_wconf 81' lang='grc' dir='ltr'>Ἀναστασίου</span> <span class='ocrx_word' id='word_1_775' title='bbox 1191 2693 1282 2726; x_wconf 84' lang='grc' dir='ltr'>πόλιν,</span> <span class='ocrx_word' id='word_1_776' title='bbox 1309 2693 1327 2728; x_wconf 79' lang='grc' dir='ltr'><strong>ἡ</strong></span> <span class='ocrx_word' id='word_1_777' title='bbox 1352 2692 1536 2729; x_wconf 76' lang='grc' dir='ltr'>Περιθεώριον</span> <span class='ocrx_word' id='word_1_778' title='bbox 1564 2693 1617 2720; x_wconf 78' lang='grc' dir='ltr'>ὑπὸ</span> <span class='ocrx_word' id='word_1_779' title='bbox 1640 2692 1778 2728; x_wconf 75' lang='grc' dir='ltr'>βασιλέως</span> 
     </span>
    </p>
   </div>
   <div class='ocr_carea' id='block_1_116' title="bbox 780 2743 1150 2783">
    <p class='ocr_par' dir='ltr' id='par_1_116' title="bbox 780 2743 1150 2783">
     <span class='ocr_line' id='line_1_116' title="bbox 780 2743 1150 2783; baseline 0.003 -2"><span class='ocrx_word' id='word_1_780' title='bbox 780 2751 889 2782; x_wconf 82' lang='lat' dir='ltr'><strong>Jacobi</strong></span> <span class='ocrx_word' id='word_1_781' title='bbox 907 2743 1038 2783; x_wconf 85' lang='lat' dir='ltr'><strong>Pontani</strong></span> <span class='ocrx_word' id='word_1_782' title='bbox 1058 2755 1150 2782; x_wconf 66' lang='lat' dir='ltr'><strong>notes.</strong></span> 
     </span>
    </p>
   </div>
   <div class='ocr_carea' id='block_1_117' title="bbox 183 2798 933 2835">
    <p class='ocr_par' dir='ltr' id='par_1_117' title="bbox 183 2798 933 2835">
     <span class='ocr_line' id='line_1_117' title="bbox 183 2798 933 2835; baseline 0.004 -9"><span class='ocrx_word' id='word_1_783' title='bbox 183 2798 238 2833; x_wconf 73' lang='grc' dir='ltr'>(ει)</span> <span class='ocrx_word' id='word_1_784' title='bbox 252 2798 354 2828; x_wconf 73' lang='lat' dir='ltr'><strong>Graecis</strong></span> <span class='ocrx_word' id='word_1_785' title='bbox 381 2800 449 2834; x_wconf 83' lang='grc' dir='ltr'>μονὴ</span> <span class='ocrx_word' id='word_1_786' title='bbox 473 2804 516 2827; x_wconf 87' lang='lat' dir='ltr'><strong>est</strong></span> <span class='ocrx_word' id='word_1_787' title='bbox 540 2800 744 2832; x_wconf 70' lang='lat' dir='ltr'><strong>monasterium,</strong></span> <span class='ocrx_word' id='word_1_788' title='bbox 761 2801 839 2835; x_wconf 77' lang='lat' dir='ltr'><strong>quasi</strong></span> <span class='ocrx_word' id='word_1_789' title='bbox 858 2801 933 2829; x_wconf 82' lang='lat' dir='ltr'><strong>dicas</strong></span> 
     </span>
    </p>
   </div>
   <div class='ocr_carea' id='block_1_118' title="bbox 150 2835 933 2872">
    <p class='ocr_par' dir='ltr' id='par_1_118' title="bbox 150 2835 933 2872">
     <span class='ocr_line' id='line_1_118' title="bbox 150 2835 933 2872; baseline 0.004 -11"><span class='ocrx_word' id='word_1_790' title='bbox 150 2835 320 2865; x_wconf 68' lang='lat' dir='ltr'><strong>mansionem</strong></span> <span class='ocrx_word' id='word_1_791' title='bbox 345 2837 434 2867; x_wconf 75' lang='lat' dir='ltr'><strong>ttuare</strong></span> <span class='ocrx_word' id='word_1_792' title='bbox 449 2835 529 2864; x_wconf 83' lang='lat' dir='ltr'><strong>etiam</strong></span> <span class='ocrx_word' id='word_1_793' title='bbox 543 2836 723 2872; x_wconf 78' lang='lat' dir='ltr'><strong>scriptoribus</strong></span> <span class='ocrx_word' id='word_1_794' title='bbox 740 2836 933 2865; x_wconf 79' lang='lat' dir='ltr'><strong>ecclesiasticis</strong></span> 
     </span>
    </p>
   </div>
   <div class='ocr_carea' id='block_1_119' title="bbox 987 2801 1777 2836">
    <p class='ocr_par' dir='ltr' id='par_1_119' title="bbox 987 2801 1777 2836">
     <span class='ocr_line' id='line_1_119' title="bbox 987 2801 1777 2836; baseline -0.001 -7"><span class='ocrx_word' id='word_1_795' title='bbox 987 2802 1092 2830; x_wconf 80' lang='lat' dir='ltr'><strong>Latinis</strong></span> <span class='ocrx_word' id='word_1_796' title='bbox 1114 2801 1325 2836; x_wconf 82' lang='lat' dir='ltr'><strong>mansionarius,</strong></span> <span class='ocrx_word' id='word_1_797' title='bbox 1343 2801 1495 2836; x_wconf 79' lang='lat' dir='ltr'><strong>mansionis</strong></span> <span class='ocrx_word' id='word_1_798' title='bbox 1510 2801 1610 2835; x_wconf 78' lang='lat' dir='ltr'><strong>incola,</strong></span> <span class='ocrx_word' id='word_1_799' title='bbox 1626 2801 1777 2835; x_wconf 84' lang='lat' dir='ltr'><strong>habitator,</strong></span> 
     </span>
    </p>
   </div>
   <div class='ocr_carea' id='block_1_120' title="bbox 987 2837 1267 2871">
    <p class='ocr_par' dir='ltr' id='par_1_120' title="bbox 987 2837 1267 2871">
     <span class='ocr_line' id='line_1_120' title="bbox 987 2837 1267 2871; baseline -0.004 -6"><span class='ocrx_word' id='word_1_800' title='bbox 987 2837 1013 2865; x_wconf 88' lang='lat' dir='ltr'><strong>id</strong></span> <span class='ocrx_word' id='word_1_801' title='bbox 1031 2842 1082 2871; x_wconf 85' lang='lat' dir='ltr'><strong>est,</strong></span> <span class='ocrx_word' id='word_1_802' title='bbox 1098 2837 1267 2865; x_wconf 85' lang='lat' dir='ltr'><strong>monasterii.</strong></span> 
     </span>
    </p>
   </div>
  </div>
