1931 3090
79 179 134 212 897

646 177 789 209 HlSTOR
797 178 888 209 [ΔΒΗ
894 178 919 208 Μ
942 177 1060 209 LIBER
1081 177 1140 208 ΙΙΙ.

1652 184 1705 215 898

76 238 128 272 τῆς
152 237 219 269 ιδίας
250 237 383 272 ὠφελείας
411 245 504 269 ενεκα,
533 237 591 270 εἴγε
615 238 662 263 καὶ
679 236 799 271 ὠφέλειά
825 244 866 267 τις

927 239 998 262 toste
1010 235 1121 269 capitali
1142 232 1231 262 fmdus
1245 235 1384 270 percutias
1405 244 1412 263 :
1429 232 1452 264 s'i
1471 240 1561 264 tamen
1577 245 1707 273 compen-

76 284 176 319 ἕψεται
200 284 233 310 ἐκ
250 284 299 319 τῆς
325 284 450 318 εἰρήνης,
467 282 535 309 ἀλλὰ
555 282 592 317 μὴ
616 282 703 318 βλάϐη
725 282 865 317 δεινοτέρα

79 332 114 357 ἐκ
128 330 182 357 τῶν
197 330 246 357 τοῧ
267 330 387 364 πολέμου
403 329 595 364 γενησομένων
619 329 746 356 ἁπασῶν.
764 329 797 355 Ἀ
814 328 868 362 γὰρ

78 378 152 412 αὑτὴ
167 377 297 411 περὶτῆς
314 376 382 412 πρὸς
400 376 505 402 ἐκεῖνον
521 376 635 410 εἰρήνης
650 375 699 409 τῆς
718 374 869 409 παρελθού-

80 432 132 459 σης
146 423 299 458 διειλέχθης
315 422 422 454 νυκτὸς,
436 423 491 448 οὐδ’
511 423 585 457 ἡμᾶς
602 421 726 448 διέλαθεν
741 421 786 446 ἐπὶ
804 420 868 446 πολ-

79 469 135 495 λῶν
150 469 285 504 εἰρημένα
314 468 422 500 ἀκοαῖς.
445 468 565 494 Ἐκεῖνον
596 467 645 502 μὲν
662 466 708 494 οὖν
723 467 819 502 ἡμεῖς
830 466 867 497 ὡς

80 515 154 542 κατὰ
171 514 217 541 σοῦ
239 514 286 541 καὶ
302 515 357 540 τῶν
375 514 478 540 παίδων
492 514 526 540 τὰ.
548 514 689 540 δεινότατα
713 514 760 540 καὶ
781 512 867 539 διανο-

79 559 198 592 ούμενον
213 558 261 585 καὶ
274 558 325 594 ἤδη
341 558 508 593 πράττοντα,
525 556 621 590 ὥσπερ
635 557 690 583 ὰπδ
706 557 770 591 μιᾶς
795 555 869 589 γνώ-

82 613 138 640 μης
152 604 284 640 πολέμιόν
307 612 336 631 τε
351 604 527 639 ἡγησάμεθα,
538 603 586 630 καὶ
601 603 719 635 οὐδενὸς,
736 603 767 629 τό
780 611 813 635 γε
828 603 869 634 είς

79 651 157 685 ἡμᾶς
171 648 251 686 ἧκον,
266 650 447 685 ἠμελήσαμεν
471 649 526 676 τῶν
553 649 683 683 βλάπτειν
699 649 867 683 δυναμένων.

81 696 115 723 Εἰ
128 696 152 723 δ’
170 697 202 722 ἐκ
211 705 294 723 τινων
311 695 409 723 αἰτιῶν
424 696 441 730 ἡ
456 696 551 731 εἰρήνη
571 695 675 729 μᾶλλον
690 695 869 729 συμφέρουσα

81 742 225 777 νομίζεται
238 742 308 775 νυνὶ,
326 741 380 768 οὐδ’
403 741 483 776 ἡμεῖς
507 741 726 775 ἐναντιωσόμεθα
752 741 820 775 πρὸς
835 739 870 766 τὰ

82 787 237 821 φαινόμενα
253 787 414 817 λυσιτελεῖν,
430 787 510 822 μόνον
524 787 548 812 εί
561 787 657 821 γνώμῃ
671 787 748 820 κοινῇ
760 786 869 812 πάντων

81 831 163 864 ἡμῶν
180 831 197 865 ἠ
212 831 309 866 είρήνη
334 829 546 865 ἐπιψηφισθείη.
563 830 602 855 Τὰ
626 829 680 864 γὰρ
698 828 750 855 ὑπὸ
765 828 869 855 πολλῶν

80 876 301 911 δοκιμαζόμενα,
319 877 421 910 ἥκιστα
436 876 470 903 ἂν
492 876 679 910 ἁμαρτηθείη.
699 874 730 902 Εἰ
755 874 804 908 μὲν
823 871 869 900 οὖν

919 280 1007 311 dium,
1025 284 1053 307 et
1066 287 1121 306 non
1138 281 1278 314 omnibus,
1293 289 1354 316 quae
1369 289 1384 309 e
1400 282 1471 309 bello
1485 281 1628 313 exsistent.
1644 292 1706 320 gra-

920 325 982 353 vius
1007 325 1181 360 dispendium
1209 333 1304 360 pacem
1327 327 1406 354 istam
1430 328 1617 356 comitabitur.
1641 329 1707 362 Quae

918 371 992 398 enim
1007 371 1041 398 de
1056 379 1121 405 pace
1137 378 1199 398 cum
1215 372 1274 406 ipso
1287 372 1406 400 ineunda
1420 374 1513 401 multis
1529 375 1707 402 audientibus

909 417 1084 450 'disseruisti,
1101 425 1152 445 nec
1167 425 1217 444 nos
1230 418 1326 446 latent.
1341 419 1430 452 Quare
1446 427 1496 447 nos
1512 428 1575 448 eum
1594 427 1623 448 ut
1640 422 1665 448 iu
1681 426 1707 448 te

919 471 950 491 ac
969 463 1039 491 ﬁlios
1053 468 1115 492 tuos
1133 466 1275 492 teterrima
1297 466 1506 500 parturientem,
1525 471 1552 493 et
1564 467 1620 501 jam
1636 468 1708 494 desi-

918 514 1059 544 gnantem,
1075 510 1342 538 unanimieonseusu
1359 518 1387 538 et
1400 511 1506 539 hostem
1521 512 1707 546 decernimus,

918 559 947 582 ot
961 559 1093 590 quantum
1110 556 1137 582 in
1157 556 1236 583 nobis
1247 561 1300 589 est,
1321 556 1390 584 nihil
1407 557 1480 592 quod
1494 558 1593 585 laudere
1609 560 1707 593 possit,

919 600 954 628 ab
967 608 1000 628 eo
1014 601 1223 629 abstinebimus.
1242 602 1320 635 Quod
1337 603 1359 629 si
1381 603 1545 637 quibusdam
1561 612 1708 639 argumen-

921 646 955 673 tis
967 654 1019 681 pax
1032 647 1059 673 in
1084 655 1206 681 praesens
1230 647 1340 674 videtur
1362 650 1517 675 conducere
1541 650 1636 683 magis,
1658 658 1708 677 uec

920 699 970 719 nos
1000 692 1218 726 adversabimur,
1245 693 1267 720 si
1299 698 1404 720 tantum
1418 694 1556 720 communi
1585 695 1708 722 omnium

922 743 1044 765 nostrum
1059 738 1161 774 iudicio
1177 744 1206 767 et
1219 740 1357 766 sententia
1369 739 1568 766 confirmetur:
1582 747 1597 766 a
1614 741 1709 767 multis

920 784 994 811 enim
1019 785 1170 819 approbata
1197 785 1310 812 minime
1329 786 1482 820 decipiunt.
1505 785 1574 820 Ergo
1585 786 1614 812 ‘si
1635 787 1708 820 quod

922 837 972 856 nos
998 830 1143 863 sentimus,
1176 835 1204 857 tu
1233 837 1343 865 quoque
1369 831 1500 864 senseris,
1529 831 1710 866 petitiouique

923 880 1034 907 nostra,
1053 881 1082 903 ut
1104 878 1194 911 iusta,
1215 877 1307 904 locum
1328 877 1483 911 reliqueris,
1503 877 1711 905 ﬂorehuutmn-

80 923 179 958 ὥσπερ
195 923 359 958 ἐγνώκαμεν
375 923 444 957 αὐτή
463 931 492 948 τε
518 921 612 956 πείθῃ,
631 921 678 947 καὶ
691 921 742 956 τὴν
759 920 872 952 ἀξίωσιν

926 923 984 950 nia:
1001 923 1043 950 sin
1058 923 1129 950 forte
1141 923 1214 950 aliud
1232 924 1342 955 statuis,
1363 923 1442 950 nobis
1459 929 1552 958 aperte
1565 924 1665 957 iudica,
1682 929 1711 950 ut

80 971 164 1005 me?”
179 970 217 1001 ὡς
229 969 338 996 δικαίαν
357 969 510 1004 παροδέχῃ.
530 969 609 995 πάντ’
626 967 659 994 ἂν
674 968 730 1002 ἔχοι
759 967 869 1002 ἄριστα.

82 1016 115 1042 Ei
130 1016 154 1042 δ’
172 1016 227 1050 ἄρα
243 1015 345 1050 ἑτέρως
361 1014 485 1048 ἔγνωκας
505 1014 584 1049 αὐτὴ,
601 1013 658 1040 ἀλλ’
673 1014 739 1048 ἡμῖν
753 1022 784 1046 γε
800 1013 872 1048 φρά-

81 1070 130 1089 σον
144 1061 280 1097 φανερῶς,
296 1061 332 1088 ῐν⁹
348 1061 465 1092 ἕκαστος
481 1060 519 1092 ὼς
539 1060 572 1087 ἂν
588 1060 707 1094 μάλιστα
728 1057 783 1091 οἷός
796 1068 825 1086 τε
841 1057 871 1097 ᾖ,

81 1108 135 1143 τὴν
149 1107 289 1143 σωτηρίαν
305 1106 440 1142 ἐκπορίζῃ
456 1106 558 1141 ἐαυτῷ.
573 1107 675 1137 Πάντες
688 1105 717 1132 δὲ
730 1102 774 1132 οἷα
788 1106 873 1141 πατρὶ

81 1152 267 1187 πνευματικῷ
283 1152 323 1188 τῷ
342 1153 498 1188 πατριάρχῃ
517 1153 550 1187 ἢν
563 1152 619 1186 ἔχει
633 1151 747 1187 γνώμην
758 1152 872 1183 ἕκαστος

81 1201 153 1234 περὶ
165 1199 200 1226 τὰ
232 1199 355 1234 παρόντα
375 1198 541 1232 ἀνεθέμεθα.
559 1198 588 1230 ἐξ
604 1195 634 1224 οὗ
657 1197 760 1232 δυνήσῃ
777 1197 873 1231 μαθεῖν

82 1244 256 1279 σαφέστερον
269 1243 304 1270 τὰ
317 1242 378 1270 καθ’
390 1243 477 1277 ἡμᾶς,
488 1242 581 1273 Οὕτως
597 1241 734 1273 είπόντας,
748 1242 873 1268 ἐκέλευεν

83 1287 170 1320 εὐθὺς
183 1289 197 1314 ὁ
213 1287 387 1322 πατριάρχης
404 1287 556 1322 ὑποχωρεῖν
567 1294 575 1301 ·
593 1285 673 1319 μόνος
687 1285 715 1312 δὲ
736 1285 804 1320 πρὸς
822 1285 873 1320 μό-

82 1341 136 1367 νην
153 1332 203 1367 τὴν
219 1331 343 1366 βασιλίδα
361 1330 547 1365 ὑπολειφθεὶς,
563 1330 621 1362 Τίς,
636 1329 750 1364 ἔφασκε,
769 1329 874 1361 βάσκα-

83 1387 132 1410 νος
149 1378 257 1412 δαίμων
275 1376 392 1404 τοιαῦτα
417 1377 534 1403 πέπεικε
551 1375 720 1410 λογίζεσθαι,
737 1375 788 1401 οὐκ
808 1376 874 1401 ἀλυ-

84 1425 180 1459 σιτελῆ
201 1424 293 1458 μόνον,
317 1423 385 1450 ἀλλὰ
413 1422 460 1450 καὶ
477 1421 595 1450 ἀδύνατα
623 1421 734 1456 σχεδόνς
763 1420 824 1447 Τίσι
847 1421 875 1447 δέ

84 1471 220 1507 χρωμένη
234 1470 387 1504 λογισμοῖς,
403 1467 632 1502 Καντακουζηνδν
646 1467 739 1502 ᾠήθης
757 1467 822 1500 φίλα
835 1466 876 1492 σοί

84 1525 118 1543 τε
131 1518 179 1543 καὶ
189 1517 269 1543 παισὶ
282 1515 413 1542 δύνασθαί
426 1523 489 1541 ποτε
506 1514 653 1549 φρονήσειν
663 1514 724 1545 ;“Ος
741 1512 797 1547 γὰρ
811 1512 875 1547 μήθ’

85 1564 142 1590 ὑπὸ
157 1562 301 1598 βασιλέως,
322 1563 389 1597 μήτε
408 1561 457 1588 σοῦ
472 1561 604 1596 πρότερον
622 1559 706 1594 μηδὲν
723 1559 874 1593 ἀδικηθεὶς,

86 1611 160 1638 ἀλλὰ
180 1609 284 1637 πολλῶν
305 1609 351 1636 ἐπὶ
368 1609 494 1635 πλεῖστον
513 1608 608 1642 χρόνον
625 1606 783 1637 ἀπολαύσας
808 1607 876 1640 ἀγα-

85 1657 146 1684 θῶν
161 1657 271 1683 πάντων
292 1655 505 1691 ἐπιλελησμένος
527 1655 558 1680 ἐν
575 1653 682 1689 βραχεῖ,
700 1653 730 1678 οὐ
746 1652 811 1686 περὶ
825 1651 875 1686 τῆς

85 1701 180 1737 ἀρχῆς
192 1701 285 1735 μόνον,
306 1699 374 1727 ἀλλὰ
388 1699 436 1726 καὶ
449 1699 513 1733 περὶ
530 1699 666 1733 σωτηρίας
681 1697 874 1728 ἐπεϐούλευσε,

86 1749 151 1780 πῶς
170 1748 202 1774 ἂν
228 1747 271 1782 ειη
287 1746 393 1776 δίκαιος
409 1744 587 1772 πιστεύεσθαι
612 1745 675 1779 περὶ
696 1745 749 1770 τῶν
764 1743 876 1776 μελλόν-

85 1803 155 1826 των,
170 1795 218 1820 καὶ
232 1793 321 1820 ταῦτα
337 1792 388 1818 οὐκ
405 1791 505 1825 ὀλίγων
520 1790 597 1826 παρὰ
616 1791 662 1817 τὸν
681 1790 728 1817 τοῦ
755 1789 875 1823 πολέμου

87 1840 189 1876 χρόνον
203 1839 258 1866 τῶν
278 1838 430 1866 δοκούντων
446 1832 621 1872 ἐφύϐρισῖῶν
641 1836 708 1871 πρὸς
724 1835 806 1862 αὐτὸν
830 1842 877 1868 γε-

86 1888 250 1923 γενημένων
268 1884 424 1920 ςοῖσθαιθ
447 1883 485 1916 ὡς
513 1885 571 1915 τοῖς
594 1883 758 1917 εἰθισμένοις
783 1882 877 1916 ἄρχειν

88 1936 140 1961 καὶ
152 1932 286 1969 τιμᾶσθαι
302 1931 379 1967 παρὰ
389 1931 499 1958 πάντων
524 1930 559 1956 τὰ
571 1927 685 1955 τοιαῦτα
698 1927 816 1962 μάλιστα
826 1927 877 1953 οὐκ

88 1981 206 2008 ἀνεκτά.
225 1980 256 2006 El
275 1978 299 2006 δ’
314 1979 368 2014 ἄρα
387 1977 436 2004 τοῦ
453 1976 552 2012 χρόνου
577 1976 751 2011 τριίομέωυ,
770 1975 786 2008 ἡ
807 1982 845 2008 πρ
862 1981 876 2004 ς

89 2028 197 2054 ἐκεῖνον
213 2025 335 2060 φαίνοιτο
352 2025 450 2060 εἰρήνη
473 2022 622 2056 ἀναγκαία,
644 2021 749 2056 βέλτιον
765 2021 825 2051 ταῖς
843 2020 876 2046 ἁ-

89 2073 203 2100 πάντων
218 2072 364 2107 χρωμένην
379 2069 506 2105 γνώμαις
523 2068 670 2103 πράττειν,
681 2066 699 2094 ᾱ
715 2069 791 2102 κοινῇ
804 2065 878 2092 δοκεῖ

88 2117 252 2149 λυσιτελεῖν,
278 2115 295 2150 ἢ
325 2115 380 2142 τῶν
396 2113 486 2141 ἄλλων
512 2112 704 2147 ἀμελήσασαν,
728 2109 878 2146 ἀπερισκέ-

90 2172 168 2195 πτως
182 2163 217 2189 τὰ
232 2160 428 2197 παριστάμενα
442 2159 542 2186 ποιεῖν.
560 2157 590 2184 Εἰ
609 2157 658 2193 μὲν
675 2155 723 2184 οὖν
743 2157 811 2192 πρὸς
829 2157 878 2190 τὴν

90 2211 206 2243 ἀξίωσιν
221 2207 313 2235 αὐτῶν
330 2206 504 2237 ἑπινεύσειας
532 2204 581 2232 καὶ
601 2204 681 2238 αὑτὴ,
702 2203 750 2229 καὶ
766 2203 834 2237 πρὸς
848 2202 879 2240 το

922 966 1037 1002 quisque
1050 975 1131 1002 quam
1152 969 1255 1003 optime
1279 968 1384 1000 licebit,
1403 969 1484 996 saluti
1518 976 1575 995 sua:
1599 977 1711 1003 prospe-

921 1018 996 1041 ctum
1022 1020 1077 1042 eat.
1091 1014 1173 1051 5,60
1197 1014 1299 1042 Omnes
1316 1019 1407 1042 autem
1431 1022 1528 1042 sensus
1548 1020 1656 1042 nostros
1676 1016 1710 1042 de

922 1063 1048 1095 praesenti
1075 1069 1166 1088 rerum
1189 1064 1263 1088 statu
1286 1060 1460 1096 patriarchae,
1480 1064 1610 1095 tanquam
1638 1061 1710 1096 patri
1728 1090 1735 1096 ,

922 1105 1059 1140 spirituali
1086 1107 1287 1138 commisimus,
1306 1114 1339 1133 ex
1354 1109 1416 1141 quo;
1431 1107 1544 1136 clarius,
1557 1107 1622 1142 quid
1645 1108 1711 1134 veli-

923 1159 995 1184 mus,
1012 1152 1153 1187 percipere
1166 1152 1279 1186 poteris.
1297 1152 1360 1179 Haec
1369 1152 1414 1179 ubi
1430 1153 1571 1185 dixerunt,
1594 1154 1712 1188 patriar-

922 1199 974 1226 cha
987 1199 1114 1233 protinus
1137 1198 1206 1225 alios
1229 1198 1307 1225 abire
1323 1198 1414 1233 jussit,
1430 1198 1560 1233 solusque
1579 1199 1650 1233 apud
1668 1207 1712 1226 so-

923 1245 977 1272 lam
1009 1243 1209 1279 imperatricem
1246 1251 1407 1275 remanens,
1434 1243 1501 1276 Quis
1523 1249 1577 1270 tam
1605 1245 1712 1273 invidus

924 1291 1042 1321 damon,
1062 1289 1162 1324 inquit,
1180 1289 1213 1316 ad
1229 1289 1288 1316 haec
1300 1296 1354 1315 nou
1374 1289 1455 1316 modo
1470 1289 1651 1323 infructuosa,
1663 1291 1712 1317 sed

924 1335 999 1363 factu
1016 1335 1100 1362 etiam
1115 1335 1313 1370 propemodum
1333 1334 1515 1369 impossibilia
1538 1335 1671 1362 volvenda
1687 1341 1713 1362 te

926 1381 1190 1414 induxit?Quaenam
1208 1382 1328 1408 rationes
1342 1387 1368 1408 te
1383 1386 1505 1414 moveut,
1529 1385 1558 1408 ut
1579 1381 1714 1410 Cautacu-

926 1434 1024 1454 zenutu
1048 1427 1098 1454 tibi
1122 1433 1155 1453 ac
1174 1426 1269 1454 liberis
1296 1428 1350 1454 tuis
1368 1434 1489 1462 unquam
1510 1427 1630 1454 amicum
1651 1435 1714 1456 esse

925 1480 1005 1507 posse
1020 1472 1186 1500 existimes?
1204 1472 1256 1505 Qui
1279 1473 1353 1499 enim
1375 1480 1465 1507 neque
1477 1472 1512 1500 ab
1534 1473 1712 1508 imperatore,

927 1526 1017 1553 neque
1032 1519 1081 1546 abs
1094 1522 1121 1546 te
1141 1519 1218 1553 prius
1233 1519 1287 1546 ulla
1302 1518 1327 1545 in
1346 1527 1375 1546 re
1390 1519 1523 1551 otl‘ensus,
1542 1520 1589 1546 sed
1608 1519 1712 1547 diutis‘

927 1565 997 1592 sime
1006 1565 1099 1591 multis
1110 1565 1191 1593 bouis
1200 1565 1367 1597 cumulatus,
1380 1565 1455 1592 brevi
1465 1565 1588 1592 omnium
1600 1566 1713 1598 oblitus,

928 1619 982 1638 nou
1006 1611 1125 1646 imperio
1144 1611 1244 1644 solum,
1258 1611 1306 1638 sed
1328 1611 1409 1638 saluti
1424 1611 1506 1639 etiam
1527 1617 1626 1639 vestrae
1648 1611 1716 1639 insi-

926 1656 1018 1684 diatus
1044 1661 1096 1687 est.
1126 1665 1182 1692 quo
1198 1661 1277 1691 pacto
1298 1657 1334 1684 illi
1355 1657 1421 1685 ﬁdes
1445 1657 1472 1685 in
1502 1657 1626 1684 futurum
1651 1657 1715 1693 jure

927 1702 1094 1730 habebitur?
1118 1703 1200 1737 idque
1215 1711 1277 1729 cum
1293 1711 1347 1730 non
1363 1704 1440 1737 pauci
1455 1711 1504 1738 per
1530 1708 1638 1738 tempus
1651 1703 1716 1731 belli

927 1749 954 1776 in
966 1756 1029 1775 eum
1045 1748 1238 1775 contumeliosi
1260 1748 1346 1776 fuisse
1368 1748 1524 1777 videantur.
1542 1749 1601 1777 Non
1617 1754 1643 1777 te
1668 1758 1717 1777 au-

927 1797 981 1821 tem
997 1793 1077 1829 fugit,
1095 1801 1176 1828 quam
1190 1793 1223 1820 iis
1237 1794 1284 1828 qui
1300 1793 1362 1821 alii.
1376 1793 1535 1829 imperitare
1563 1799 1591 1821 et
1607 1795 1716 1829 publice

927 1839 980 1867 coli
996 1847 1027 1866 ac
1043 1839 1172 1866 honorari
1195 1844 1409 1872 consueverunt,
1422 1840 1579 1875 hujusmodi
1608 1841 1716 1874 injuriae

927 1876 1115 1911 intolerabiles
1125 1883 1191 1910 sint.
1208 1883 1236 1911 Si
1255 1888 1378 1919 tempore
1394 1885 1562 1919 procedente
1586 1893 1637 1920 pax
1651 1893 1714 1913 eum

929 1931 975 1957 illo
991 1930 1144 1957 necessaria
1168 1929 1347 1964 iudicabitur,
1375 1930 1516 1965 praestabit
1542 1930 1576 1958 de
1592 1932 1715 1959 omnium

928 1980 1053 2002 nostrutu
1068 1976 1205 2002 sententia
1229 1975 1330 2007 facere,
1347 1984 1408 2010 qua:
1424 1976 1496 2003 bono
1509 1976 1715 2011 sintomnibus,

928 2030 1010 2057 quam
1026 2021 1087 2049 aliis
1100 2029 1154 2049 non
1164 2021 1320 2056 appellatis,
1335 2021 1494 2049 inconsulto
1509 2021 1583 2056 quod
1595 2022 1623 2048 iu
1640 2029 1717 2049 men-

930 2074 984 2096 tem
997 2068 1072 2095 venit
1093 2068 1224 2103 exsequi.‘
1232 2067 1404 2103 Quapropter
1427 2067 1449 2095 si
1462 2075 1558 2095 eorum
1569 2069 1717 2103 postulatis

928 2121 1064 2145 annuens,
1078 2117 1174 2140 contra
1190 2113 1321 2147 promissa
1344 2113 1413 2140 nihil
1436 2120 1557 2148 unquam
1577 2119 1602 2141 te
1628 2113 1712 2141 iactu-

929 2167 987 2187 ram
1017 2159 1097 2187 ﬁdem
1124 2159 1244 2191 dederis,
1275 2158 1326 2193 ipsi
1351 2158 1473 2186 vicissim
1504 2167 1554 2194 pro
1572 2159 1716 2195 dignitate,

931 2206 1139 2240 commodisque
1155 2204 1209 2232 tuis
1219 2209 1246 2231 et
1262 2204 1404 2239 pecunias,
1422 2210 1450 2231 et
1463 2204 1604 2239 oppositus
1621 2212 1718 2238 corpo-

93 2257 192 2292 μέλλον
215 2256 308 2282 πίστιν
323 2254 386 2281 τινὰ
411 2252 576 2287 παράσχοιο,
598 2250 634 2280 ti);
650 2250 728 2276 οὐδὲν
749 2248 874 2275 οὐδέποτε

932 2260 990 2279 rum
1010 2259 1133 2280 suorum.
1150 2257 1188 2282 et,
1202 2251 1226 2277 si
1250 2258 1361 2277 necesse
1376 2250 1440 2282 erit,
1461 2258 1514 2284 qua
1537 2251 1575 2277 nil
1595 2251 1715 2283 charius,

88 2303 170 2338 παρὰ
186 2302 219 2329 τὰ
239 2301 418 2336 ὑπεσχημένα
442 2298 564 2333 δράσεις,
582 2296 629 2323 καὶ
654 2295 731 2322 αὐτοί
752 2302 794 2320 σοι
809 2293 878 2327 πρὸς

92 2351 183 2376 πάντα
200 2347 248 2374 καὶ
267 2347 390 2382 χρήμασι
425 2345 472 2371 καὶ
497 2344 608 2378 σώμασι
635 2341 774 2376 πρόθυμοι
794 2348 879 2365 συνα-

92 2394 269 2430 γωνιοῦνται.
284 2393 330 2419 καὶ
343 2392 398 2418 οὐδ’
414 2391 510 2425 αὐτῆς,
534 2390 558 2415 εί
573 2389 639 2421 δέοι,
656 2389 706 2422 τῆς
724 2387 805 2421 φίλης
819 2385 880 2420 φεί-

94 2449 188 2469 σονται
205 2439 289 2474 ζωῆς,
308 2438 378 2464 ὥστε
393 2437 538 2472 προΐεσθαι
554 2435 626 2469 ὑπὲρ
644 2433 699 2459 τῶν
714 2441 756 2459 σοι
775 2433 881 2458 λυσιτε-

92 2488 224 2515 λούντων.
240 2486 289 2512 Ἂν
316 2484 339 2511 δ’
368 2483 470 2517 ἑτέρως
495 2481 644 2508 αἴσθωνται
668 2479 879 2515 βουλευομένην,

93 2534 167 2562 ὀκνῶ
181 2533 231 2568 μὲν
243 2532 342 2564 εἰπεῖν,
354 2528 544 2564 ἀποκρύπτειν
560 2527 589 2553 δὲ
604 2526 635 2552 οὑ
645 2526 761 2558 δίκαιον,
777 2525 814 2555 ὡς
832 2524 881 2559 μία

94 2582 164 2608 πᾶσι
177 2579 301 2614 παρέστη
314 2577 422 2612 γνώμη,
437 2575 484 2601 καὶ
494 2575 584 2609 ὅρκοις
598 2573 648 2607 τὴν
657 2572 785 2606 ὁμόνοιαν
794 2572 882 2605 ὴσςρα-

95 2629 219 2656 λίσανςο.
236 2625 267 2652 σὲ
285 2625 334 2660 μὲν
349 2624 395 2650 καὶ
411 2622 508 2653 παῖδας
521 2619 696 2646 ἀποκτείνειν
710 2629 715 2634 -
735 2618 833 2648 αὐτοὺς
853 2617 882 2642 δὲ

95 2674 245 2706 Βυζάντιον
258 2670 436 2704 κατέχοντας,
449 2667 520 2694 ὅπλα
545 2663 767 2698 Καντακουζψῴ
787 2662 881 2690 ἀνταί-

98 2728 157 2756 ρειν
185 2718 266 2753 μέχρι
297 2716 399 2746 παντὸς
423 2714 471 2739 τοῦ
486 2711 611 2739 δυνατοῦ.
627 2711 675 2736 Ἂν
692 2710 715 2756 δῗ
742 2709 882 2756 ἀδυνατως

95 2755 180 2801 ἔχωσι
197 2764 264 2798 πρὸς
276 2762 307 2788 τὸ
331 2759 495 2796 ἀμύνεσθαι,
518 2757 617 2793 μᾶλλον
642 2755 784 2791 αἱροῦνται
805 2755 881 2780 Ἀλε-

95 2812 201 2846 ξάνδρῳ
226 2809 265 2844 τῷ
280 2808 381 2835 Μυσῶν
396 2806 502 2842 βασιλεί
516 2803 650 2830 δουλεύειν
663 2802 712 2835 τὴν
736 2801 812 2828 πόλιν
829 2809 882 2827 πα-

96 2858 239 2894 ραδόντας,
254 2855 269 2890 ἦ
287 2855 342 2885 τοῖς
358 2854 390 2880 ἐκ
405 2851 542 2883 Βενετίας,
562 2850 579 2884 ἢ
596 2848 727 2894 ξεννούας
744 2847 881 2894 ᾼατῐνοις,

94 2893 112 2942 ἢ
135 2900 356 2936 Καντακουζηνῷ
379 2898 497 2933 δεσπότῃ
514 2895 643 2932 χρῆσθαι.
657 2895 722 2923 Ὅτε
745 2893 792 2921 οὖν
811 2894 828 2929 ἦ
852 2902 880 2920 τε

931 2297 1049 2323 animam
1080 2296 1296 2331 sanguineumque
1311 2303 1391 2322 suum
1406 2295 1582 2330 pollicentur.
1600 2295 1627 2323 Si
1642 2296 1716 2323 aliud

932 2346 958 2369 te
974 2342 1043 2369 velle
1057 2341 1214 2376 cnguoriut,
1229 2341 1328 2368 horreo
1351 2340 1452 2373 dicere,
1469 2341 1541 2375 quod
1559 2348 1648 2367 tamen
1672 2349 1719 2368 oc-

933 2387 1039 2414 cultum
1056 2381 1150 2414 haberi
1166 2395 1220 2414 nou
1239 2386 1332 2419 debet,
1362 2394 1440 2414 mens
1453 2387 1583 2413 omnibus
1600 2394 1653 2413 una
1663 2390 1717 2418 est,

931 2438 959 2460 et
975 2439 1178 2460 sacramentum
1200 2432 1272 2459 inter
1284 2440 1313 2459 se
1324 2433 1465 2464 dixerunt,
1484 2435 1512 2457 ut
1529 2435 1554 2458 te
1570 2439 1632 2458 cum
1650 2431 1719 2458 libe-

932 2479 970 2506 ris
983 2479 1183 2510 coutrucidata,
1199 2478 1356 2513 Byzantium
1377 2481 1522 2511 occupent,
1535 2482 1564 2503 et
1582 2477 1718 2504 Cautacu-

933 2533 1011 2557 zeuo,
1029 2533 1082 2559 qua
1100 2525 1237 2551 valuerint
1252 2524 1354 2551 virtute
1380 2523 1520 2550 resistant.
1539 2522 1568 2550 Si
1589 2523 1614 2549 id
1629 2524 1719 2550 minus

933 2576 1071 2607 poterunt,
1087 2570 1241 2598 Alexandro
1263 2569 1410 2597 Mcesorum
1429 2569 1485 2603 regi
1503 2570 1570 2596 urbe
1586 2569 1718 2595 transdita

932 2606 1037 2645 servire
1052 2617 1168 2648 malunt,
1187 2606 1269 2650 quam
1283 2620 1331 2642 aut
1352 2615 1480 2646 Venetos,
1497 2617 1543 2641 aut
1558 2614 1718 2641 Genuenses

933 2664 1055 2695 Latinus,
1073 2667 1121 2689 aut
1137 2661 1358 2689 Cantacuzenum
1372 2660 1499 2687 dominos
1518 2660 1634 2694 perpeti.
1646 2660 1717 2693 Quia

933 2710 1018 2746 igitur
1028 2709 1133 2744 justum
1154 2711 1262 2742 petunt,
1279 2714 1431 2740 eorumque
1446 2706 1609 2741 petitionem
1627 2705 1719 2740 despi-

933 2764 1007 2788 cere,
1027 2763 1082 2782 non
1108 2754 1157 2781 tibi
1175 2753 1261 2780 solum
1281 2761 1312 2780 ac
1345 2753 1440 2780 liberis
1462 2752 1516 2779 tuis
1534 2752 1718 2786 periculosum

933 2809 985 2835 est,
1013 2801 1062 2829 sed
1084 2806 1112 2828 et
1131 2800 1180 2827 toti
1210 2800 1396 2827 Romanorum
1426 2799 1540 2833 itnperio
1567 2797 1720 2824 vastitatem

934 2856 965 2876 ac
979 2846 1128 2883 perniciem
1143 2849 1292 2873 extremam
1304 2845 1457 2877 minitatur,
1481 2844 1592 2878 quinam
1603 2843 1719 2878 justum,

935 2899 983 2922 aut
997 2893 1074 2927 utile,
1090 2899 1194 2929 qumso,
1212 2895 1325 2927 propter
1334 2895 1492 2926 exspectata
1506 2897 1538 2917 ex
1553 2896 1622 2925 pace
1638 2888 1718 2920 bona,
