1931 3090
188 137 242 169 933

781 131 947 162 JOANNIS
963 130 1228 161 CANTACUZENI

1767 132 1825 163 9‘5

189 203 204 222 a
218 193 339 221 lmodum
353 191 526 228 corporibus,
541 190 581 218 sic
598 190 700 217 animis
707 196 817 224 quoque
826 188 979 224 promissis,

1038 188 1083 215 οὐκ
1099 189 1194 214 εῖασαν
1211 188 1256 214 ἐπί
1278 188 1388 221 ταυτὸν,
1404 187 1462 215 ἀλλ’
1480 187 1558 214 ἄλλον
1576 187 1672 215 ἄλλοσε
1699 187 1827 215 διέσπει-

190 247 218 268 et
253 239 393 267 blanditiis
434 244 556 264 seorsum
597 235 790 270 unusquisque
834 239 981 269 corruptus

191 290 395 322 separarentur.
416 283 530 310 Fluebat
559 283 644 318 igitur
672 286 792 316 tempus,
810 285 838 308 et
855 280 928 308 dicta
952 279 980 306 in

192 338 288 359 VCIIIOS
315 334 496 361 recesserant,
527 336 619 362 neque
648 327 776 355 monachi
795 335 868 354 cura:
891 331 980 355 erant.

190 378 241 411 Qui
252 380 465 407 cernentes,eos
480 375 552 403 bello
578 382 660 409 quam
677 381 742 409 pace
754 373 872 408 gaudere
883 373 980 407 magis,

191 431 254 450 cum
267 422 348 449 toties
365 429 449 456 super
465 428 498 447 ea
516 420 615 456 rogati,
632 419 665 446 ad
683 420 813 447 obtentus
846 420 981 453 quosdam

192 473 220 494 ct
247 474 346 494 causas
372 465 580 493 commentitlas
606 464 806 499 confugerent.
825 462 981 490 revertendi

192 518 354 548 pots-Staten)
368 512 536 546 petiverunt.
554 511 588 538 At
604 511 664 538 istis
684 518 734 537 nec
757 511 808 537 hor.
825 509 982 536 conducere

192 559 281 586 visunt
301 562 354 590 est,
370 563 400 585 ut
415 558 530 592 digressi
552 557 679 584 monachi
695 557 769 591 ipsos
793 555 867 587 belli,
883 554 983 582 Canta.

191 612 326 631 cuzenum
353 605 429 638 pacis
475 607 616 629 auctorem
645 602 837 637 prwdicarcnt,
861 600 982 627 testimo-

191 652 323 686 niumque
338 651 454 682 ferrent,
484 649 560 676 illum
591 649 705 683 iustitia:
742 652 927 675 consentanea
955 651 984 673 et

192 697 334 726 universit.
347 696 365 723 ti
381 696 519 723 fructuosa
536 695 686 730 postulare.
705 693 764 722 Non
781 695 854 721 enim
869 693 984 727 quibus-

191 746 255 773 dam
298 745 406 772 lcvibus
442 743 606 770 ratiunculis
640 749 739 769 u~uros
775 741 983 768 arbitrabantur

192 792 293 826 quibus
326 791 445 826 populos
474 789 670 824 perturbarent
688 809 696 822 ,
727 793 809 822 atque
840 787 873 814 ad
907 793 983 813 arma

193 836 395 868 incenderent,
426 843 488 863 cum
524 835 575 870 ipsi
599 842 633 862 ex
668 834 795 861 instituto
825 833 984 860 blaterones

192 883 325 918 quosdam
353 882 522 909 subornatos
538 889 587 916 per
609 881 710 916 oppida
737 880 915 910 dimisissent.
935 878 982 914 qtti

192 929 408 964 proclamarem,
424 927 650 954 Cantacuzenutn
680 927 714 954 ab
740 925 884 953 auditione
910 925 986 959 pacis

193 973 354 1004 abhorrere,
369 977 397 999 et
412 971 514 998 minari
531 978 561 998 se
577 971 662 998 relata
682 970 799 997 victoria
813 969 986 1004 imperatoris

193 1019 299 1046 liberos
318 1019 457 1046 facturum
480 1017 611 1045 mortales
625 1017 807 1048 miserrimos,
817 1023 849 1042 ac
858 1022 986 1050 peraeque

195 1067 276 1100 alios,
289 1070 425 1101 quotqu0t
442 1071 536 1092 amore
552 1064 665 1099 justitiae
682 1071 732 1098 pro
759 1063 826 1097 ipsis
841 1067 936 1089 contra
958 1068 987 1088 se

192 1112 387 1148 pugnaverint.
403 1110 559 1138 incitabant
573 1109 656 1144 igitur
671 1108 798 1143 populos,
819 1112 850 1134 ut
868 1107 985 1134 liliorum

194 1157 369 1193 imperatoris
387 1157 444 1192 jam
470 1156 657 1190 orphanorum
684 1155 771 1181 vicem
797 1153 933 1185 dolentes,
951 1153 986 1180 ab

193 1212 290 1232 eorum
306 1203 443 1238 capitibus
456 1202 575 1228 hominis
587 1201 704 1235 injurias
723 1200 928 1234 propulsarent.
945 1198 987 1226 0b

196 1251 249 1278 hoc
281 1250 375 1284 itaque
418 1247 703 1278 commentabantur,
740 1245 880 1280 quomodo
913 1245 988 1272 inter

194 1295 344 1323 monachos
384 1293 459 1321 litem
497 1296 527 1319 et
553 1291 752 1318 dissensionem
784 1294 920 1317 sererent.
947 1290 987 1316 Ac

194 1340 344 1368 Macarium
366 1339 477 1374 quidem
504 1338 600 1365 Laurus
626 1337 803 1372 pra-lectum,
831 1335 988 1370 metropoli-

195 1392 250 1414 tam
267 1385 539 1414 Thessalonicensem
549 1384 738 1419 designantcs,
751 1391 786 1410 eo
799 1382 988 1418 perduxerunt

195 1437 226 1460 ut
237 1440 291 1459 non
314 1436 420 1459 tantum
441 1431 475 1458 ab
489 1431 552 1458 aliis
575 1429 719 1457 monachis
733 1428 891 1460 dissideret,
905 1424 988 1464 m

194 1485 298 1513 eosque
316 1476 552 1505 Cautacuzenismi
588 1480 716 1511 argueret
746 1475 822 1510 (quia
851 1474 984 1501 nimirum

1034 243 1086 268 ραν
1100 244 1106 249 ·
1124 234 1169 265 ὡς·
1188 234 1221 260 ἂν
1235 236 1268 269 τῇ
1284 234 1427 261 διαστάσει
1449 235 1505 261 τῶν
1526 234 1661 268 σωμάτων
1693 235 1741 261 καὶ
1764 237 1828 265 ταῖς

1032 279 1158 315 γνώμαις
1171 279 1334 311 διαστῶσιν,
1353 281 1519 314 ὑποσχέσεσι
1531 281 1579 307 καὶ
1593 281 1681 314 λόγοις
1700 281 1828 315 ἰδίαέκα-

1033 334 1097 358 στος
1111 326 1322 362 διαφθαρέντες.
1338 326 1478 361 Ἐτρίϐετο
1496 328 1546 362 μὲν
1560 325 1607 353 οὖν
1619 327 1634 353 ὁ
1653 327 1760 361 χρόνος,
1778 327 1828 352 καὶ

1032 372 1146 407 οὐδεμία
1162 372 1216 398 τῶν
1233 372 1389 406 εἰρημένων
1407 370 1440 407 ἦν
1456 374 1567 407 φροντὶς
1581 394 1588 404 ,
1605 373 1666 399 οὐδὲ
1681 382 1722 404 τις
1744 373 1827 406 λόγος

1033 417 1140 451 ἐγίνετο
1161 417 1216 442 τῶν
1231 417 1367 452 μοναχῶν.
1392 417 1508 444 Ἐκεῖνοι
1523 418 1552 444 δὲ
1567 417 1685 451 ὁρῶντες
1700 417 1738 448 ὼς
1756 417 1829 452 μᾶλ-

1034 464 1081 490 λον
1097 463 1190 494 αὐτοῖς
1207 464 1330 497 αἱρετὲος
1358 464 1433 489 ἐστὶν
1453 465 1467 490 ό
1494 464 1624 498 πόλεμος,
1652 464 1667 499 ἢ
1684 465 1828 500 ἡείρήνη,

1035 509 1106 544 μετὰ
1127 510 1157 534 τὸ
1181 509 1267 535 πολλὰ
1290 509 1421 542 δεηθῆναι
1448 510 1514 544 περὶ
1535 511 1631 544 αὶτῆς,
1661 510 1724 536 ἐπεὶ
1753 510 1828 545 πρὸς

1035 555 1153 589 σκήψεις
1188 555 1236 581 καὶ
1257 555 1420 589 προφάσεις,
1443 557 1490 581 καὶ
1520 555 1597 581 οὐδὲν
1624 556 1702 589 ὑγιὲς
1728 556 1829 591 ἑώρων

1034 601 1273 633 καταφεύγοντας,
1302 601 1352 636 τὴν
1381 601 1512 628 ἐπάνοδον
1548 602 1672 637 ᾐτοῦντο.
1703 603 1767 634 Τοῖς
1797 602 1828 629 ὃὶ

1033 646 1093 672 οὐδὲ
1109 646 1188 672 τοῦτο
1206 646 1359 673 λυσιτελεῖν
1372 647 1470 677 ἐδόκει,
1488 647 1558 674 ὣστε
1574 648 1748 680 ἀπελθόντας
1761 649 1828 680 τοὺς

1035 693 1179 726 μοναχοῦς,
1193 692 1288 723 αὐτοῖς
1306 693 1354 727 μὲν
1365 693 1522 720 ἀνατιθέναι
1538 695 1586 728 τὴν
1601 695 1694 721 αίτίαν
1709 694 1757 720 τοῦ
1774 702 1827 720 πο-

1035 737 1131 772 λέμου,
1155 738 1381 773 Καντακουζηνῷ
1408 739 1436 766 δὶ
1462 738 1502 774 τῷ
1532 740 1639 774 βασιλεί
1672 740 1702 766 τὸ
1719 739 1826 775 μᾶλλον

1035 783 1173 819 αἱρεῖσθαι
1204 785 1253 819 τὴν
1286 785 1410 820 εἰρήνην,
1443 787 1489 811 κιὶ
1517 785 1612 813 δίκαια
1639 786 1686 812 καὶ
1719 786 1830 820 συμφέ-

1037 839 1117 864 ροντι
1136 831 1193 862 τοῖς
1209 833 1292 857 πᾶσιν
1305 831 1398 862 ἀξιοῦν
1426 831 1647 866 συμμαρτυρεῖν.
1674 830 1743 857 Οὐδὶ
1770 830 1828 867 γὰρ

1039 877 1138 912 μέτριά
1165 885 1226 904 τινα
1252 877 1458 913 προστήσεσθαι
1488 878 1580 908 αὐτοῖς
1611 876 1738 912 ἐνόμιζον
1755 878 1831 911 πρὸς

1037 923 1066 948 τὸ
1081 924 1142 953 τοὺς
1157 923 1261 957 δήμους
1278 923 1472 959 ἐκταράττειν,
1500 925 1546 950 καὶ
1561 923 1606 950 τὶν
1629 923 1750 957 πόλεμον
1781 932 1827 950 κι-

1037 970 1102 995 νεῖν.
1135 968 1309 1003 Ἐξεπίτηδες
1334 969 1388 1003 γὰρ
1416 969 1494 995 αὐτοὶ
1515 969 1613 1001 λάλους
1627 969 1705 1000 τινὰς
1729 969 1829 996 καθίε-

1038 1023 1089 1040 σαν
1106 1015 1147 1046 εἰς
1163 1014 1212 1046 τὰς
1240 1014 1331 1046 πόλεις
1351 1014 1550 1050 κηρύττοντας,
1569 1014 1608 1046 ὡς
1628 1016 1830 1049 Καντακουζηο

1037 1060 1081 1090 νος
1097 1061 1152 1087 οὐδ’
1170 1060 1266 1095 ἄκροις
1287 1060 1341 1086 ὠσὶ
1356 1061 1406 1093 τὴν
1421 1061 1534 1095 εἰρήνην
1547 1061 1738 1096 παραδέχοιτο,
1757 1061 1830 1088 ἀλλὰ

1037 1104 1070 1131 τὰ
1089 1104 1232 1130 δεινότατα
1247 1105 1311 1134 τοὺς
1327 1103 1459 1138 βασιλέως
1476 1104 1574 1135 παῖδας
1589 1105 1728 1139 διαθήσειν
1745 1105 1829 1131 ἀπει-

1036 1148 1089 1179 λεῖ,
1103 1149 1127 1186 εἰ
1143 1147 1315 1182 περιγένοιτο
1332 1149 1361 1174 ἐν
1375 1147 1414 1181 τῷ
1430 1148 1553 1183 πολέμῳ,
1573 1148 1622 1175 καὶ
1635 1149 1698 1179 τοὺς
1712 1148 1826 1180 ἄλλους,

1037 1195 1095 1221 ὅσοι
1110 1194 1204 1221 δίκαια
1227 1194 1366 1225 ποιεῦντες
1395 1195 1492 1229 ἐκείνῳ
1512 1195 1739 1229 πεπολεμήκασιν
1755 1190 1828 1230 ὑπὲρ

1016 1263 1024 1269 .
1038 1241 1140 1268 αὐτῶν.
1167 1240 1348 1276 Παρεκάλουν
1365 1249 1394 1267 τε
1414 1241 1477 1272 τοὺς
1492 1241 1596 1275 δήμους
1613 1241 1683 1276 ὑπὲρ
1697 1241 1753 1267 τῶν
1776 1241 1829 1275 βα-

1041 1287 1139 1318 σιλέως
1158 1287 1261 1312 παίδων
1277 1286 1405 1321 ὀρφανῶν
1419 1285 1505 1312 ὅντων
1522 1286 1626 1320 πατρὸς
1646 1287 1828 1319 ἀγανακτεῖν,

1038 1333 1086 1360 καὶ
1100 1331 1258 1368 ἀμύνεσθαι
1289 1333 1334 1358 τὸν
1353 1332 1509 1360 ἀδικοῦντα.
1527 1329 1565 1360 οὗ
1591 1332 1624 1367 δὴ
1647 1332 1732 1360 ῑνεκα
1747 1333 1829 1360 ἐσκέ-

1036 1378 1122 1413 ψανεο
1152 1378 1323 1414 συγκρούειν
1349 1378 1419 1413 πρὸς
1451 1377 1567 1410 ἑαυτοὺς
1591 1379 1654 1410 τοὺς
1680 1379 1828 1414 μοναχούς.

1039 1426 1089 1451 Κατ
1109 1425 1255 1459 Μακάριον
1272 1425 1322 1460 μὲν
1338 1425 1383 1451 τὸν
1403 1425 1513 1460 Λαύρας
1530 1425 1695 1459 ἡγούμενον,
1722 1425 1830 1452 Θεσσα-

1037 1472 1149 1506 λονίκης
1175 1472 1384 1506 μητροπολίτην
1417 1471 1619 1503 ἀποδείξαντες,
1652 1471 1767 1499 ἔπεισαν
1795 1472 1828 1498 οὐ

195 1524 313 1551 amicum
324 1523 359 1550 ob
376 1521 617 1555 armacommunia
632 1521 757 1556 periculo
767 1519 983 1553 ,conﬂictautent

1038 1517 1104 1554 πρὸς
1118 1519 1181 1549 τοὺς
1201 1517 1299 1549 ἄλλους
1323 1519 1404 1553 μόνον
1425 1518 1593 1552 διενεχθῆναι
1607 1518 1752 1554 μοναχοὺς,
1779 1519 1830 1547 καὶ

195 1568 355 1599 intuentes,
382 1572 411 1594 et
437 1567 525 1593 zelum
556 1566 710 1600 meliusque
725 1565 870 1592 consilium
891 1563 987 1599 puere-

196 1619 291 1641 rentes
302 1614 327 1639 ei
344 1613 384 1640 sic
399 1612 562 1647 opitulatum
579 1611 730 1646 venirent),
746 1618 842 1638 verum
856 1611 939 1637 etiam
957 1614 987 1637 ut

196 1657 306 1692 probris
322 1657 415 1684 multis
435 1657 631 1691 imperatorem
646 1655 874 1684 Cantacuzenum
892 1655 986 1682 inces-

196 1707 283 1735 seret,
313 1709 363 1729 nec
383 1709 412 1728 se
429 1701 464 1728 ab
490 1701 558 1736 ipsis
579 1700 745 1735 conspiratis
763 1699 942 1729 amarulentia
960 1699 987 1726 in

200 1749 278 1775 illum
294 1747 366 1775 vinci
388 1753 540 1782 pateretur.
569 1746 646 1774 Unde
660 1752 689 1775 et
709 1746 911 1774 Thessalonica:
924 1753 988 1773 cum

196 1796 252 1832 jam
269 1799 354 1826 esset,
369 1795 475 1821 nullum
490 1798 550 1821 erat
570 1793 608 1820 ibi
634 1799 688 1820 tam
706 1793 797 1820 nobile
823 1793 988 1820 crudelitate

197 1846 226 1868 et
241 1841 364 1875 nequitia
384 1840 475 1867 scelus
495 1844 558 1867 ante
575 1844 774 1874 perpetratum,
789 1839 833 1866 cui
847 1840 904 1874 ipse
932 1847 986 1866 non

197 1895 247 1923 par
258 1887 369 1914 laceret.
387 1886 519 1913 lsaacium
533 1893 610 1917 vero,
630 1886 678 1920 qui
698 1885 824 1912 ordinem
853 1885 985 1918 ducebat,

197 1932 231 1958 ad
252 1931 447 1958 monasterium
465 1931 546 1958 Petra
572 1930 677 1958 dictum
705 1931 894 1958 condemnant
913 1938 920 1957 :
938 1930 987 1962 ita,

198 1983 229 2004 ut
256 1985 271 2004 a
298 1977 408 2004 nemine
434 1976 644 2009 conveniretur,
667 1976 742 2003 nulla
772 1980 863 2003 tamen
895 1983 924 2002 re
952 1974 987 2002 ad

198 2023 351 2050 curandum
363 2030 466 2058 corpus
478 2024 633 2056 necessaria
653 2026 758 2056 egeret.
773 2021 886 2054 Sabam,
913 2020 988 2056 quod

198 2069 301 2096 virtute
326 2069 435 2096 catteris
459 2071 623 2100 antestaret,
658 2071 788 2102 essetque
814 2066 989 2102 imperatoris

198 2113 322 2140 amicitia
350 2113 523 2145 notissimus,
543 2117 572 2140 et
595 2113 629 2140 ab
649 2113 717 2148 ipsis
739 2112 830 2140 facere
847 2113 944 2145 nollet,
960 2112 989 2140 in

199 2159 254 2186 alio
282 2159 461 2192 monasterio,
489 2159 580 2186 Cbora
610 2159 749 2194 appellato
783 2166 904 2190 manere,
936 2166 988 2185 nec

199 2211 263 2231 eum
291 2211 306 2230 a
330 2211 468 2239 quoquam
495 2204 566 2231 adiri
600 2204 793 2232 decreverunt.
813 2205 899 2237 Quem
923 2211 985 2231 cum
1002 2196 1024 2224 ι)

201 2250 298 2277 sedulo
315 2257 412 2277 curare
441 2249 559 2281 vellent,
592 2257 648 2276 non
665 2249 727 2276 tulit
743 2258 751 2276 :
769 2249 842 2284 quod
870 2249 986 2283 diceret,

201 2296 326 2330 iniquum
345 2303 405 2322 esse
432 2295 467 2322 ab
495 2295 528 2322 iis
559 2295 604 2330 qui
633 2296 660 2322 in
687 2300 761 2322 crede
786 2301 816 2323 et
853 2297 988 2331 sanguine

200 2342 369 2376 voluptatem
405 2341 561 2373 haberent,
590 2341 740 2376 quidquam
758 2341 897 2376 accipere.
929 2341 986 2368 Hoc

201 2391 291 2415 autem
307 2387 364 2415 solo
377 2387 461 2421 dicto,
483 2395 564 2422 quem
589 2387 661 2415 Deus
687 2392 822 2420 tueretur,
836 2388 911 2415 nulla
923 2395 987 2414 eum

202 2433 330 2460 machina
344 2433 378 2459 ab
398 2433 453 2460 ullo
471 2433 628 2460 mortalium
645 2440 724 2468 posse
750 2432 883 2465 interimi,
909 2433 988 2460 dein-

201 2487 266 2515 ceps
284 2481 378 2507 Iacuit.
402 2480 516 2508 (ἔπιθι-ῖς
542 2487 624 2515 porro
643 2480 784 2513 omnibus,
800 2484 830 2506 ut
842 2486 900 2506 non
916 2478 986 2506 tanti

201 2525 380 2558 aestimandis,
400 2526 434 2552 ad
459 2526 626 2553 monasteria
650 2533 700 2554 sua
715 2525 903 2553 reversionem
919 2531 986 2551 con-

201 2576 354 2599 cesserunt.
368 2571 545 2607 Legationem
559 2572 709 2599 monachor
719 2579 764 2598 um
781 2571 935 2607 patriarcha
959 2575 989 2598 et

202 2615 339 2650 coujurati
366 2616 400 2643 ad
426 2617 499 2643 hunc
514 2616 625 2643 modum
644 2622 826 2651 exceperunt.
852 2616 989 2643 Cantacu-

201 2667 296 2692 zeuus,
311 2666 455 2696 postquam
472 2661 597 2689 Batatzes
612 2662 748 2698 legatione
763 2661 797 2689 de
816 2669 894 2696 pace,
912 2665 988 2688 metu

201 2713 299 2733 eorum
312 2706 358 2740 qui
371 2707 531 2742 regnabant,
541 2707 615 2742 fungi
629 2707 780 2742 pertimuit,
791 2707 824 2733 ad
835 2706 988 2734 exercitum

203 2751 298 2784 rediit;
315 2752 361 2778 ubi
374 2753 489 2780 reduces
503 2753 618 2785 invenit,
641 2761 712 2788 quos
736 2760 824 2787 nuper
846 2753 879 2780 ad
894 2755 989 2787 proto-

202 2802 348 2824 stratorem
379 2798 503 2831 miserat,
543 2799 724 2832 nuntiantes,
754 2798 861 2825 veniret
903 2806 987 2833 quam

202 2842 386 2877 maturrime,
415 2845 507 2872 omnia
541 2852 555 2871 ε
586 2849 784 2880 protostratore
818 2843 874 2871 illic
917 2844 987 2872 bene

1038 1563 1322 1598 Καντακουζηνισμὶιν
1345 1564 1436 1590 αὐτῶν
1454 1565 1631 1599 κατηγορεῖν,
1658 1565 1700 1590 ὅτι
1718 1564 1751 1598 δὴ
1779 1564 1828 1591 τὸν

1038 1611 1115 1646 φίλον
1127 1610 1245 1645 δρῶντες
1259 1610 1422 1636 ἀπολεῖσθαι
1443 1610 1496 1636 ὑπὸ
1512 1609 1559 1636 τοῦ
1587 1609 1680 1636 κοινοῦ
1703 1609 1827 1645 πολέμου

1039 1657 1243 1688 κινδυνεύοντα,
1259 1657 1288 1683 ἐν
1299 1657 1382 1692 ζήλου
1403 1657 1489 1692 μοίρᾳ
1506 1657 1553 1683 καὶ
1568 1657 1618 1691 τῆς
1633 1657 1702 1692 πρὸς
1715 1658 1752 1684 τὰ
1765 1658 1828 1692 βελ-

1038 1704 1089 1731 τίω
1101 1703 1263 1739 συμῦουλ.ῆς
1290 1704 1404 1738 ἥκουσιν
1427 1704 1525 1738 ἐκείνῳ
1543 1703 1736 1739 βοηθήσοντες,
1756 1705 1828 1731 ἀλλὰ

1038 1750 1087 1777 καὶ
1101 1749 1235 1785 βασιλέως
1251 1750 1352 1781 πολλὰς
1362 1751 1509 1785 καταχέειν
1525 1750 1670 1784 λοιδορίας,
1686 1750 1734 1776 καὶ
1748 1749 1828 1777 οὐδὲν

1038 1795 1154 1822 ἑκείνων
1169 1795 1367 1822 ἀπολείπεσθαι
1383 1795 1431 1830 τὴν
1449 1797 1489 1827 εἰς
1507 1796 1589 1822 αὑτὸν
1604 1795 1726 1831 πικρίαν.
1746 1796 1829 1823 ὈΒιν

1040 1842 1088 1868 καὶ
1105 1841 1252 1876 γενόμενος
1268 1842 1297 1868 ιν
1324 1840 1511 1876 Θεσσαλονίκῃ
1538 1840 1646 1872 οὐδενὸς
1657 1841 1712 1867 τῶν
1733 1842 1828 1870 ὲκείσα

1038 1887 1230 1923 τολμηθέντων
1243 1888 1290 1914 επὶ
1303 1887 1425 1922 ὠμότητι
1441 1888 1488 1914 καὶ
1506 1887 1624 1922 πονηρίᾳ.
1648 1886 1828 1922 βεὸοημὲνων

1048 1935 1226 1961 ἀπελείπετο.
1245 1934 1356 1970 Πρῶτον
1371 1932 1410 1967 δὲ,
1426 1934 1456 1960 ὲν
1474 1935 1508 1969 τῇ
1538 1935 1606 1968 μονῇ
1635 1935 1669 1969 τῇ
1689 1942 1831 1969 προσαγο.

1040 1982 1178 2017 ρευομίνῃ
1192 1981 1283 2016 Πέτρα
1297 1980 1428 2016 ἀπρόῖτον
1443 1980 1537 2015 μένειν
1551 1980 1746 2013 κατεδίκασαν,
1760 1989 1830 2017 προ-

1039 2027 1114 2060 νοίας
1128 2027 1178 2062 τῆς
1193 2027 1234 2058 είς
1248 2027 1278 2053 τὸ
1295 2026 1375 2068 σῶμα
1392 2026 1588 2061 προσηκούσης
1605 2026 1736 2061 οὐδεμιᾶς
1757 2027 1830 2054 arto-

1041 2073 1238 2108 στερήσαντες.
1270 2071 1360 2099 Σαϐὰν
1386 2071 1415 2098 δὲ
1445 2071 1490 2098 διὰ
1509 2072 1540 2098 τὸ
1551 2072 1636 2107 ἀρετῇ
1654 2072 1709 2100 τῶν
1738 2073 1830 2100 ἄλλων

1041 2119 1197 2153 ὑπερέχειν.
1221 2117 1270 2144 καὶ
1286 2117 1502 2152 γνωριμώτατον
1526 2117 1580 2143 τῶν
1594 2117 1728 2152 βασιλέως
1740 2119 1830 2153 φίλων

1041 2161 1122 2194 εἶναι,
1136 2163 1198 2190 ἐπεὶ
1217 2163 1254 2197 μὴ
1269 2164 1434 2197 συμφρονεῖν
1451 2162 1544 2193 αὐτοῖς
1561 2161 1701 2194 ὲσούλετο,
1719 2164 1748 2189 ὲν
1773 2163 1830 2190 Lt-

1042 2216 1078 2243 p;
1098 2204 1177 2242 ’μονῇ
1198 2208 1230 2241 τῇ
1263 2206 1347 2240 Χώρᾳ
1372 2205 1634 2240 προσαγορευομένῃ
1663 2206 1755 2238 μένειν
1780 2207 1829 2233 καὶ

1042 2254 1123 2279 αὑτὸν
1136 2253 1305 2287 ἐψηφίσαντο
1317 2252 1458 2286 ὰπρὸῖτον.
1470 2250 1646 2285 Βουλομένων
1660 2252 1688 2278 δὲ
1704 2253 1751 2278 καὶ
1762 2261 1831 2288 προ-

1041 2298 1115 2329 νοία;
1144 2297 1240 2329 ἀξιοῦν
1268 2296 1380 2331 πολλῆς,
1411 2296 1442 2322 οὺ
1469 2296 1654 2329 κατεδέξατο·
1674 2297 1712 2332 μὴ
1723 2297 1829 2324 δίκαιον

1042 2343 1114 2372 εἶναι
1132 2344 1247 2377 φάσκων
1262 2343 1294 2369 ἐκ
1309 2343 1362 2368 τῶν
1377 2342 1476 2376 αἵμασι
1495 2343 1542 2368 καὶ
1556 2343 1647 2376 φόνοις
1673 2343 1829 2378 χαιρόντων

1041 2400 1068 2418 τι
1084 2391 1188 2418 λαϐεῖν.
1205 2390 1292 2416 Τοῦτο
1301 2389 1329 2416 δὲ
1347 2389 1429 2424 μόνον
1448 2389 1545 2420 είπὼν,
1558 2389 1596 2419 ὡς
1610 2391 1655 2416 τδν
1680 2391 1733 2417 ὑπὸ
1758 2392 1829 2418 Θεοῦ

1042 2435 1247 2469 φρουρούμενον
1273 2434 1388 2468 οὐδεμιᾷ
1404 2441 1457 2460 τινι
1484 2436 1594 2470 μηχανῇ
1623 2434 1738 2461 δυνατὸν
1771 2437 1828 2463 ὐπδ

1042 2481 1151 2512 οὐδενὸς
1173 2479 1368 2514 διαφθαρῆναι,
1385 2479 1503 2513 ἡσυχίαν
1531 2478 1593 2514 ἦγε.
1619 2480 1681 2512 Τοῖς
1699 2481 1723 2507 δ’
1736 2481 1830 2513 ἄλλοις

1041 2526 1145 2553 ἅπασιν
1162 2525 1194 2552 οὐ
1220 2525 1339 2559 μάλιστα
1365 2524 1518 2558 ἀξιολόγοις
1546 2525 1618 2557 οὖσι,
1649 2526 1698 2561 τὴν
1714 2527 1754 2557 εὶς
1778 2527 1830 2558 τὰς

1043 2571 1111 2602 ιδίας
1127 2571 1211 2605 μονὰς
1228 2571 1382 2604 επέτρεπον
1398 2570 1541 2598 ἐπάνοδον.
1558 2571 1626 2606 Περὶ
1644 2572 1695 2606 μὲν
1717 2571 1765 2600 οὖν
1779 2574 1831 2609 τὴν

1041 2616 1096 2643 τῶν
1123 2615 1249 2651 μοναχῶν
1274 2615 1438 2650 πρεσϐείαν,
1458 2615 1567 2642 τοιοῦτα
1595 2617 1758 2654 πατριάρχῃ
1781 2621 1831 2646 καὶ

1042 2662 1098 2692 τοῖς
1111 2661 1280 2696 συνομόταις
1297 2656 1426 2687 ἐτελεῖτο.
1441 2661 1575 2693 Βασιλεὺς
1601 2661 1630 2688 δὲ
1643 2663 1658 2689 ό
1670 2663 1831 2692 Καντακιω-

1043 2708 1135 2742 ζηνδς,
1149 2708 1186 2738 ὡς
1200 2707 1250 2742 τὴν
1268 2707 1337 2741 ὑπὲρ
1352 2707 1401 2742 τῆς
1412 2707 1684 2743 είρήνηςιπρεσσείαν
1699 2710 1714 2736 ό
1726 2710 1831 2738 Buri:-

1042 2755 1089 2789 (q,
1108 2754 1163 2780 δέει
1179 2753 1233 2778 τῶν
1259 2753 1294 2778 τὰ
1313 2753 1464 2788 πράγματα
1485 2754 1626 2788 ἀρχόντων
1641 2755 1831 2790 ἀπηγόρευεν,

1042 2802 1080 2831 εἰς
1100 2799 1130 2825 τὸ
1146 2798 1326 2833 στρατόπεδον
1345 2798 1484 2833 ἐπανῆκεν
1495 2806 1504 2815 ’
1521 2796 1584 2833 εὗρε
1599 2798 1628 2825 δι
1644 2800 1676 2826 lx
1693 2800 1831 2828 Θεσσαλο-

1045 2845 1122 2879 νίιης
1138 2843 1308 2878 ἀφιγμένους
1328 2842 1374 2875 οὓς
1403 2844 1484 2875 αὐτὸς
1499 2845 1583 2881 ὀλίγῳ
1606 2847 1744 2882 πρότερον
1761 2850 1829 2884 πρὸς
