1931 3090
103 173 159 205 905

676 173 944 207 HISTORIARUM
965 173 1080 203 LIBER
1100 173 1159 203 IlI.

106 229 341 264 πρωτοστράτορα
369 228 480 264 πέμψας
505 225 554 264 ἦν,
585 228 665 264 ἥκειν
680 229 730 263 τὴν
759 229 891 264 ταχίστην

946 227 1144 255 administrari.
1164 227 1202 255 Ne
1228 227 1377 262 imperator
1398 229 1506 264 quidem
1527 229 1729 262 cunctandum.

104 274 341 310 ἀπαγγέλλοντας,
359 275 396 307 ὡς
409 275 463 302 τῶν
481 275 572 302 ἐκεῖσε
589 274 699 302 πάντων
713 275 767 302 ὑπὸ
780 283 888 309 πρωτο-

105 321 259 355 στράτορος
275 320 366 352 καλῶς
382 321 571 356 διῳκημένων.
594 321 698 348 Ἐδόκει
715 322 765 354 μὲν
780 319 826 349 οὖν
842 323 889 348 καὶ

105 366 211 401 βασιλεῖ
237 367 274 401 μὴ
293 366 402 401 μέλλειν
421 367 487 398 δεῖν,
513 366 581 394 ἀλλὰ
598 368 668 402 πρὸς
687 368 889 403 Θεσσαλονίκην

103 412 263 446 ἐπείγεσθαι
279 412 362 439 οὖσαν
379 412 534 446 ἀναγκαίαν
545 422 552 430 ·
570 414 625 440 τῶν
642 413 710 449 πρὸς
731 414 781 448 τὴν
805 422 891 448 τειχο-

107 458 207 492 μαχίαν
218 458 246 484 δὲ
261 458 370 485 πάντων
392 459 444 494 ἢδη
462 459 746 494 παρεσκευασμένων,
760 459 890 485 ἐκέλευεν

104 503 148 540 εἰς
162 503 209 539 τὴν
227 504 376 540 ὑστεραίαν
393 505 450 540 ἅμα
466 505 538 541 πρωῒ
554 505 607 532 τῶν
619 505 718 540 τειχῶν
734 506 891 539 ἀποπειρα-

92 550 253 583 ,σαμένουῇ
272 551 296 576 εἰ
315 551 353 586 μὴ
369 551 493 578 δύναιντο
510 551 751 586 παραστήσασθαι,
779 552 810 586 τῇ
830 551 890 585 μετ’

104 595 202 630 αὐτὴν,
226 596 276 631 τῆς
304 598 343 627 είς
370 597 570 631 Θεσσαλονίκης
595 597 705 632 ἔχεσθαι
739 597 888 632 φερούσης.

105 641 185 668 Οὕτω
204 642 254 676 μὲν
268 640 316 669 οὖν
327 643 461 673 ἐδέδοκτο.
476 643 530 670 Καὶ
548 644 605 678 ἅμα
623 643 696 679 πρωῒ
707 645 735 676 ἐς
752 643 892 679 τῆν’ὑστεο

108 687 190 722 ραίαν
204 687 393 723 ὁπλισάμενοι,
412 689 581 723 προσέϐα).ον
600 689 656 718 τοῖς
669 689 771 724 τείχεσι
787 690 892 724 προσά-

105 741 201 767 γοντες
214 734 262 765 τὰς
278 735 415 769 μηχανάς.
434 736 483 762 Διὰ
497 736 588 770 πάσης
603 736 631 762 δὲ
650 736 758 771 ἡμέρας
771 736 821 770 τῆς
834 744 889 762 τει-

105 780 244 814 χομαχίας
256 782 473 816 καρτερωτάτης
489 782 691 816 γεγενημένης,
717 781 818 816 μικροῦ
843 782 892 816 μὲν

105 826 217 860 ἐδέησεν
231 827 344 859 ἁλῶναι,
360 827 414 854 τῶν
429 836 458 853 τε
480 828 625 862 κλιμάκων
639 827 892 862 προσεριισθεισῶν

104 873 161 903 τοῖς
177 873 290 907 τείχεσι,
306 873 352 900 καὶ
365 874 563 909 μηχανήματός
577 874 649 906 τινος
665 875 710 901 ἐπὶ
724 874 831 909 τροχῶν
848 883 893 909 χε-

945 272 994 300 sed
1007 272 1242 305 Thessalonicam,
1260 278 1290 301 ut
1307 273 1341 300 ad
1357 274 1451 302 urbem
1470 274 1581 302 maximi
1597 276 1732 304 momenti

947 318 1133 353 festinandum
1159 319 1297 352 duxit;et
1330 320 1459 347 omnibus
1484 320 1540 355 jam
1567 321 1601 348 ad
1629 322 1732 349 moenia

946 365 1110 392 Peritheorii
1136 365 1320 400 oppugnanda
1349 365 1504 398 confectis,
1535 367 1668 401 praecepit
1698 368 1735 394 iis

946 409 1080 443 postridie
1094 409 1138 435 die
1162 409 1338 436 illucescente
1356 408 1481 442 tenlalis,
1504 410 1527 437 si
1545 417 1661 438 conatus
1677 419 1733 438 non

948 454 1139 489 responderet,
1153 455 1198 482 die
1215 455 1297 482 tertio
1314 455 1385 482 viam
1401 463 1496 483 versus
1509 448 1732 484 Thessalonicam

950 502 1095 536 arriperet.
1111 501 1157 528 Sic
1170 501 1289 529 censuit.
1308 502 1356 529 Die
1370 505 1476 534 exorto,
1490 509 1595 534 muros,
1613 502 1733 530 admotis

947 546 1030 574 etiam
1050 536 1314 579 machinationibus,
1338 547 1473 574 invadunt
1490 557 1495 574 :
1510 555 1580 581 quos
1596 556 1658 576 cum
1675 553 1733 575 toto

948 591 993 619 die
1019 595 1226 626 oppugnassent
1256 593 1410 625 acerrime,
1437 601 1532 628 parum
1554 594 1642 621 abfuit
1666 595 1733 629 quin

947 645 995 665 eos
1014 642 1074 665 acta
1101 638 1156 673 jam
1185 638 1332 669 testudine,
1354 643 1382 665 et
1406 639 1486 666 scalis
1512 640 1650 674 applicitis
1664 648 1732 668 con-

949 683 1124 713 scenderent,
1139 683 1185 710 sed
1199 684 1288 710 noctis
1307 683 1480 712 interventus
1500 692 1557 712 rem
1579 685 1731 719 impedivit.

951 727 1060 754 Obsessi
1075 732 1240 760 metuentes,
1261 736 1295 755 ne
1308 728 1353 755 die
1377 729 1502 763 sequenti
1516 737 1607 764 pugna
1626 730 1735 757 instau-

950 780 1010 801 rata
1022 779 1197 808 caperentur,
1217 779 1299 802 noctu
1313 774 1478 808 decernunt,
1495 775 1548 803 ﬁde
1564 777 1597 802 ab
1613 776 1734 811 impera-

950 825 1011 847 tore
1031 824 1154 855 accepta,
1172 820 1268 847 urbem
1286 820 1396 849 dedere.
1429 822 1506 849 Mane
1535 822 1569 849 de
1594 822 1733 851 mcenibus

950 867 1097 894 clamorem
1112 867 1139 893 in
1156 868 1369 901 castradantes,
1393 866 1553 903 imperatori
1577 870 1732 897 renuntiari

105 919 196 954 λώνης
216 920 502 956 προσαγορευομένου.
536 920 568 947 Ἦ
594 920 643 953 νὺξ
659 921 687 947 δὲ
712 921 811 948 αὐτίκα
835 921 892 947 ὲπι-

946 911 1055 947 jubent,
1074 911 1156 947 465
1168 913 1190 940 si
1205 913 1282 946 velit,
1297 921 1329 940 ex
1346 918 1426 948 pacto
1443 918 1580 941 convento
1593 915 1732 943 civitatem

105 966 244 999 γενομένη
261 965 409 992 διεκώλυσε
427 966 476 1002 τὴν
493 966 606 993 ἅλωσιν.
620 966 652 993 Οί
667 966 893 1002 πολιορκούμενοι

107 1008 136 1034 δὲ
151 1008 304 1042 δείσαντες,
335 1011 374 1045 μὴ
391 1011 432 1042 είς
451 1011 500 1045 τὴν
519 1011 669 1046 ὑστεραίαν
699 1010 778 1044 αὖθις
805 1012 894 1048 μάχης

105 1053 195 1080 ἁλῶσι
224 1055 377 1091 γενομένης
395 1057 590 1091 ἐϐουλεύσαντο
608 1059 705 1089 νυκτὸς
728 1059 833 1091 πίστεις
849 1058 894 1087 λα-

108 1101 205 1134 ϐόντες
223 1102 299 1135 παρὰ
313 1102 457 1137 βασιλέως,
476 1103 607 1139 ὁμολογίᾳ
634 1105 684 1139 τὴν
700 1105 778 1132 πόλιν
800 1113 893 1140 παρα-

106 1147 211 1174 δοῦναι.
232 1148 288 1174 Καὶ
303 1148 362 1183 ἅμα
382 1149 454 1184 πρωῒ
485 1150 516 1176 ὲκ
541 1150 596 1176 τῶν
615 1151 714 1186 τειχῶν
729 1152 785 1183 τοῖς
800 1151 839 1182 είς
863 1152 893 1178 τὸ

109 1192 293 1226 στρατόπεδον
313 1193 440 1219 ἐκέλευον
459 1194 573 1228 μηνύειν
591 1194 706 1228 βασιλεῖ,
732 1195 756 1221 εἰ
773 1195 894 1230 βούλοιτο

108 1238 156 1265 ἐπὶ
171 1239 308 1274 συμϐάσει
323 1239 372 1274 τὴν
388 1239 466 1266 πόλιν
484 1240 722 1275 παραλαμϐάνειν.
752 1241 853 1273 Ἡδέως
866 1241 894 1269 δὲ

110 1281 246 1317 βασιλέως
261 1283 307 1308 τὸν
321 1283 401 1317 λόγον
415 1283 572 1318 δεξαμένου,
586 1284 633 1310 καὶ
649 1284 806 1316 κελεύοντος
816 1285 894 1320 ἥκειν

109 1329 179 1364 πρὸς
198 1328 280 1356 αύτδν
304 1329 342 1359 ὡς
358 1329 448 1356 πάντα
465 1329 615 1365 πράξοντος
643 1330 735 1361 αὐτοῖς
760 1330 795 1357 τὰ
823 1331 895 1358 κατά

110 1375 237 1409 γνώμην,
254 1373 321 1406 ἧκον
343 1375 389 1402 τοῦ
404 1383 433 1401 τε
451 1376 549 1410 δήμου,
581 1378 629 1404 καὶ
646 1376 701 1403 τῶν
723 1375 790 1410 παρ’
803 1376 894 1408 αὐτοῖς

107 1421 231 1448 δυνατῶν
246 1421 342 1454 ὀλίγοι,
361 1423 407 1448 καὶ
424 1421 479 1449 τῶν
490 1422 530 1457 τῷ
544 1422 639 1457 κλήρῳ
653 1422 703 1457 τῆς
715 1422 781 1456 παρ’
801 1423 894 1454 αὐτοῖς

109 1467 259 1500 ἐκκλησίας
286 1467 508 1502 κατειλεγμένων
522 1475 529 1482 ·
555 1467 646 1497 αἰτίας
662 1467 690 1493 δὲ
709 1467 804 1501 ὥσπερ
828 1468 894 1493 ἀπο-

107 1512 219 1543 λύοντες
247 1513 362 1544 ὲαυτοὶις
391 1514 438 1540 ἐπὶ
467 1513 505 1548 τῷ
530 1513 601 1540 ὅπλα
619 1513 797 1547 κεκινηκέναι
826 1513 893 1548 πρὸς

110 1557 204 1589 αὑτὸν,
225 1558 256 1583 τὸ
281 1557 340 1583 δέον
365 1557 470 1591 ἔφασαν
497 1557 692 1591 πεποιηκέναι,
719 1557 893 1592 ὀμωμοκέναι

108 1601 164 1634 γὰρ
190 1600 273 1636 ὀλίγῳ
290 1601 424 1636 πρότερον
442 1601 660 1637 κάντιστήσεσθαι
691 1602 748 1632 τοῖς
777 1600 893 1636 βασιλίδι

108 1647 260 1682 πολεμοῦσι
277 1647 360 1682 μέχρι
389 1647 433 1673 καὶ
448 1646 496 1673 τοῦ
516 1647 646 1674 δυνατοῦ.
663 1647 732 1678 Tati;
748 1655 778 1673 τε
794 1647 894 1682 ὅρκους

108 1692 258 1727 τοιγαροῦν
273 1693 456 1728 τετηρηκέναι
479 1692 622 1727 ἀσφαλῶς,
647 1693 695 1719 καὶ
711 1693 742 1718 τὸ
760 1692 807 1718 νῦν
820 1692 896 1719 λυσι-

107 1740 198 1767 τελεῖν
211 1740 376 1774 φαινόμενον
388 1739 419 1765 ὲκ
434 1739 489 1765 τῶν
504 1739 676 1772 πραγμάτων
690 1739 822 1773 πράττειν
837 1737 895 1772 μετ’

109 1782 336 1818 εὐγνωμοσύνης.
368 1782 449 1809 Ὅθεν
479 1781 550 1814 ἄξιοι
579 1781 745 1817 συγγνώμης
774 1783 895 1816 νομίζειν

110 1826 185 1856 εἶναι
197 1827 262 1864 παρ’
278 1828 365 1863 αὐτῷ.
383 1828 493 1854 Δεῖσθαι
510 1828 603 1862 μέντοι
620 1828 729 1862 καὶτῆς
749 1827 783 1853 δι’
805 1827 895 1861 ὅρκων

110 1875 275 1910 ἀσφαλείας,
288 1874 326 1905 th;
341 1874 417 1901 οὐδὲν
439 1874 579 1901 πείσονται
594 1873 649 1900 τῶν
666 1874 737 1900 κατὰ
751 1873 797 1900 τὸν
811 1874 895 1900 πόλε-

109 1931 161 1957 μον
178 1922 272 1953 αὐτοῖς
285 1921 472 1956 εἰργασμένων
488 1920 581 1953 ἕνεκα,
602 1921 649 1946 καὶ
662 1920 716 1946 τῶν
736 1920 850 1955 ὕϐρεων,
865 1920 895 1947 αἱ

108 1969 187 2004 παρὰ
213 1968 324 2002 φαύλων
341 1968 389 1994 καὶ
416 1966 463 1994 τοῦ
481 1967 598 2002 μηδενὸς
622 1966 706 1999 ἀξίων
740 1966 894 2002 ἀνθρώπων

106 2015 235 2050 εἴρηνται
250 2015 317 2050 πρὸς
333 2013 414 2041 αύτδν
430 2014 484 2040 τῶν
502 2015 533 2040 ὲν
557 2013 629 2048 λόγῳ
640 2013 750 2040 πάντων
776 2013 895 2046 μάλιστα

107 2061 284 2095 ἁνιωμένων,
303 2061 350 2087 καὶ
364 2061 413 2094 τὴν
432 2059 583 2086 ἀκολασίαν
606 2059 655 2094 τῆς
679 2058 803 2094 γλώττης
820 2058 895 2084 sto:-

110 2108 202 2143 μένων
228 2107 257 2133 ἐν
281 2106 372 2141 δεινῷ.
399 2105 539 2140 Οὺδεμιᾶς
562 2104 616 2140 γάρ
632 2105 738 2139 ὕϐρεως
756 2104 895 2139 ἐφείδοντο

107 2153 229 2185 ἑστῶτες
247 2153 294 2179 ἐπὶ
310 2152 364 2179 τῶν
376 2151 486 2186 τειχῶν.
508 2151 591 2178 Ὅθεν
617 2151 662 2177 καί
680 2159 744 2177 ποτε
761 2150 894 2184 βασιλέως

107 2202 138 2227 ὲν
166 2199 260 2230 ὅπλοις
275 2198 419 2234 παριόντος
436 2197 484 2224 καὶ
510 2197 544 2223 τά
570 2197 649 2231 τείχη
667 2196 895 2231 κατασκεπτομέ-

945 957 1073 992 accipiat.
1087 958 1135 985 [lle
1150 958 1205 986 hoc!
1213 959 1315 986 nuntio
1323 959 1443 994 gavisus,
1458 966 1508 987 eos
1516 965 1624 992 evocat,
1644 960 1733 988 lactu-

946 1012 1006 1032 rum
1021 1013 1050 1032 se
1073 1013 1134 1040 qua:
1159 1010 1266 1040 optent,
1279 1005 1382 1033 omnia.
1398 1005 1518 1033 Veniunt
1539 1006 1572 1034 de
1600 1007 1689 1041 plebe,
1706 1012 1735 1034 et

947 1051 1128 1086 optimatibus
1142 1052 1232 1086 pauci,
1259 1052 1292 1079 de
1313 1053 1386 1079 clero
1401 1053 1465 1079 item
1482 1052 1619 1080 nonnulli.
1643 1054 1735 1088 Atque

947 1100 978 1124 ut
1005 1104 1035 1124 se
1062 1101 1213 1132 purgarent
1243 1097 1461 1132 quodammodo,
1481 1098 1562 1126 aliter
1580 1106 1610 1126 se
1643 1098 1734 1126 facere

947 1143 1088 1178 nequiisse
1114 1143 1252 1176 dixerunt,
1294 1148 1441 1179 propterea
1473 1144 1548 1179 quod
1574 1146 1735 1180 nuperrime

947 1194 1117 1216 sacramento
1132 1193 1266 1224 concepto
1280 1189 1490 1224 spoponderim,
1504 1198 1533 1217 se
1547 1191 1730 1225 imperatricis

946 1234 1072 1262 hostibus
1087 1239 1218 1269 quantum
1237 1235 1362 1262 valerent
1380 1235 1535 1263 restituros.
1547 1236 1623 1267 Quod
1637 1237 1727 1272 juras-

947 1283 1018 1311 sent,
1033 1279 1194 1313 praestitisse
1208 1279 1342 1307 hactenus
1367 1280 1484 1307 lldeliter
1501 1290 1508 1308 :
1523 1282 1633 1316 etquod
1652 1290 1727 1310 nunc
1776 1286 1780 1290 ‘

947 1332 992 1352 res
1015 1325 1074 1360 ipsa
1102 1325 1169 1352 ulile
1196 1325 1320 1352 futurum
1339 1326 1447 1360 doceat,
1474 1326 1499 1353 id
1530 1335 1609 1362 aquo
1637 1328 1730 1356 animo

947 1370 1079 1397 tacturos.
1096 1371 1196 1398 Putare
1215 1371 1308 1405 igitur,
1332 1379 1362 1399 se
1376 1371 1473 1406 dignos
1489 1380 1550 1400 esse
1572 1374 1664 1401 venia.
1679 1374 1734 1402 Cu-

946 1423 1012 1451 pere
1041 1421 1131 1443 tamen
1159 1417 1339 1452 jurejurando
1366 1418 1419 1445 sibi
1448 1419 1550 1451 caveri,
1580 1420 1618 1447 nil
1649 1427 1733 1454 grave

946 1469 1076 1497 passuros
1083 1462 1119 1489 ob
1129 1470 1161 1490 ea
1172 1470 1232 1497 quae
1238 1463 1404 1491 durantibus
1419 1465 1504 1491 armis
1516 1465 1732 1496 commisissent,

945 1508 980 1535 ob
995 1508 1118 1535 convicia
1137 1508 1252 1542 scilicet,
1278 1517 1338 1544 quae
1353 1517 1407 1536 non
1432 1510 1492 1538 sine
1508 1518 1615 1538 summo
1637 1511 1731 1540 dolore

946 1554 1066 1581 virorum
1103 1554 1252 1589 gravium,
1284 1555 1382 1591 abjccti
1400 1576 1406 1588 ,
1437 1561 1465 1584 ct
1494 1557 1575 1584 nauci
1605 1557 1732 1586 homines

946 1599 1055 1634 procaci
1065 1599 1156 1635 lingua
1171 1600 1199 1627 in
1208 1607 1271 1628 eum
1286 1601 1480 1631 contorserint.
1495 1602 1582 1630 Nullis
1594 1603 1731 1638 siquidem

947 1644 1057 1678 probris
1085 1649 1190 1672 stantes
1211 1645 1239 1671 in
1276 1645 1365 1672 muris
1394 1645 1542 1680 parcebant
1565 1655 1572 1672 :
1595 1652 1623 1673 ut
1648 1647 1731 1674 etiam

946 1690 1094 1724 aliquando
1104 1695 1211 1718 armato
1227 1691 1394 1725 imperatore
1413 1691 1573 1724 accedente,
1586 1695 1613 1719 et
1629 1693 1732 1720 moenia

946 1740 1059 1770 propter
1073 1736 1531 1772 oppugnationemcontemplante,
1554 1743 1610 1765 tres
1620 1738 1731 1773 quidam

946 1789 978 1808 eo
991 1783 1101 1817 cognito
1112 1783 1226 1810 eiTusius
1242 1783 1445 1810 maledicercnt.
1461 1783 1513 1816 Qui
1526 1785 1639 1819 propius
1652 1792 1732 1813 acce-

950 1827 1020 1855 dens
1048 1829 1176 1869 qua'si'vit
1193 1849 1200 1861 ,
1230 1837 1296 1856 num
1321 1829 1439 1857 scientes
1461 1830 1524 1865 quis
1550 1835 1632 1863 esset,
1663 1832 1733 1859 adeo

946 1874 1097 1902 liberaliter
1114 1875 1296 1902 contumelias
1324 1875 1459 1902 dicerent.
1487 1875 1589 1902 Eorum
1608 1883 1663 1902 uno
1688 1882 1735 1904 τοι

946 1921 1110 1955 spondente,
1143 1922 1261 1948 maxime
1280 1925 1308 1949 et
1337 1921 1441 1948 idcirco
1468 1921 1568 1956 probra
1600 1921 1728 1954 fundere,

946 1967 1048 2002 quibus
1061 1967 1118 2002 ipse
1141 1967 1234 1994 multis
1251 1967 1347 2002 dignus
1371 1971 1454 2000 esset,
1476 1967 1549 2001 quod
1564 1967 1650 1995 fracta
1665 1967 1729 2001 ﬁde,

947 2013 1121 2048 imperatoris
1149 2013 1245 2040 liberis
1270 2013 1470 2045 insidiaretur,
1496 2020 1647 2047 omnesque
1670 2015 1730 2041 vias

946 2059 1099 2095 indagaret,
1112 2067 1166 2094 quo
1184 2059 1245 2086 illos
1259 2059 1399 2086 meditata:
1414 2059 1448 2086 ab
1463 2067 1492 2086 se
1508 2060 1591 2087 morti
1605 2060 1728 2092 oﬂ'erret,

946 2112 961 2131 a
999 2105 1100 2139 quibus
1132 2105 1234 2132 nullam
1264 2112 1384 2140 unquam
1418 2105 1551 2133 sensisset
1583 2105 1728 2141 injuriam,

946 2150 1061 2183 Quando
1073 2155 1176 2183 autem,
1193 2151 1299 2185 excepit
1311 2150 1530 2183 Cantacuzenus,
1553 2152 1579 2178 in
1594 2152 1729 2186 iudicium

946 2203 990 2223 me
1010 2198 1222 2232 vocatum,quia
1246 2197 1396 2224 dissolvere
1419 2197 1535 2225 crimina
1560 2207 1615 2226 non
1639 2200 1729 2234 potui,

109 2255 158 2274 νου
179 2246 224 2272 διὰ
247 2246 296 2281 τὴν
319 2245 511 2280 τειχομαχίαν,
533 2242 694 2279 τρεῖςτινὲς
714 2242 831 2273 ἑστῶτες
848 2243 892 2269 ἐπὶ

947 2246 974 2269 et
1000 2242 1116 2277 injuriae,
1143 2247 1171 2270 et
1203 2243 1337 2278 periurii,
1371 2248 1398 2271 et
1423 2244 1504 2279 hujus
1516 2245 1628 2272 sceleris
1656 2246 1730 2280 quod

63 2288 65 2290 ’
106 2292 163 2318 τῶν
178 2291 286 2326 τειχῶν,
305 2289 406 2325 μᾶλλον
429 2288 482 2315 τῶν
511 2287 618 2321 ὕϐρεων
645 2287 773 2321 ἠφείδουν
794 2286 894 2321 γνωρί-

108 2347 162 2372 μου
189 2337 345 2372 γινομένου.
368 2335 398 2364 '0
414 2336 442 2362 δὲ
469 2336 552 2370 ἔγγὺς
575 2334 736 2369 γενόμενος,
756 2333 854 2368 ἠρώτα
868 2332 893 2358 εἰ

107 2384 207 2414 εἰδότες
223 2383 251 2415 ὅς
268 2391 310 2414 τις
325 2382 368 2416 εἴη
386 2382 546 2417 ὑϐρίζουσιν
566 2381 652 2411 οὕτως
665 2379 793 2414 ἀφειδῶς.
817 2378 893 2409 Ἐνδς

105 2430 136 2457 δὲ
163 2428 474 2464 ἀποκριναμὶένουκώς
503 2427 622 2462 μάλιστα
656 2426 764 2456 εἰδεῖεν,
788 2425 835 2451 καὶ
849 2425 893 2450 διὰ

105 2474 188 2503 τοῦτο
203 2477 249 2502 καὶ
259 2474 381 2510 ὑϐρίζειν
391 2473 498 2501 πολλῶν
513 2473 576 2500 ὄντα
592 2472 668 2505 ἄξιον
691 2471 840 2506 λοιδοριῶν,
853 2470 893 2497 ὅτι

106 2521 270 2556 ἀποστάτης
310 2520 431 2555 γεγονὼς
459 2521 515 2551 τοῖς
543 2519 676 2553 βασιλέως
708 2517 892 2544 ἐπεϐούλευσε

105 2568 196 2598 παισὶ,
222 2568 270 2592 καὶ
299 2566 429 2600 οὐδεμιᾶς
459 2566 596 2600 ἀπέσχετο
621 2565 720 2599 πείρας
733 2563 892 2590 ἀποκτεῖναι

105 2613 168 2643 τοὺς
179 2612 257 2639 οὐδὲν
267 2612 430 2648 ἠδικηκότας
440 2612 647 2647 μηχανώμενος,
657 2611 724 2636 Πότε
735 2609 773 2641 δὲ,
782 2609 893 2644 εἴρηκεν

105 2660 121 2685 ὁ
139 2658 280 2693 βασιλεὺς,
293 2659 340 2684 ἐπὶ
363 2657 442 2692 δίκην
471 2657 658 2688 καταστάντα,
672 2656 713 2683 ὅτι
742 2656 779 2691 μὴ
798 2656 833 2682 τὰ
848 2656 894 2689 ὲγο

105 2701 237 2739 κλήματα
267 2704 404 2739 ἠδυνήθην
439 2703 647 2734 ἀπολύσασθαι,
669 2700 893 2737 κατεψηφίσασθε

103 2751 212 2778 ἀδικεῖν
228 2750 305 2777 αὐτοὶ
320 2751 366 2776 καὶ
379 2742 532 2784 ἐπιορκεῖν,
548 2749 596 2775 καὶ
613 2748 726 2775 τοιαῦτα
740 2745 785 2774 οία
797 2747 891 2781 λέγετε

105 2797 222 2832 τολμᾷν.
248 2797 309 2823 Τῶν
332 2797 360 2823 δὲ
384 2796 497 2830 ἔναγχος
522 2796 553 2821 ὲκ
578 2794 728 2827 Βυζαντίου
759 2794 893 2820 είπόντων

106 2844 186 2877 ἥκειν
200 2844 228 2868 ὲν
243 2839 265 2876 ᾦ
277 2842 311 2869 τά
324 2843 395 2868 κατὰ
409 2841 543 2877 βασιλέως
567 2841 613 2868 ὑπ’
627 2841 711 2867 αὑτοῦ
739 2841 893 2874 ὲσκαιωρη-

106 2888 180 2924 μετα
207 2889 340 2923 ἐκμαθεῖν
357 2896 364 2903 ‘
381 2886 413 2915 δι’
439 2891 456 2915 ἃ.
469 2888 518 2914 καὶ
534 2887 597 2918 τοὺς
622 2887 681 2913 ἐκεῖ
709 2885 742 2912 τὰ
761 2884 893 2920 βασιλέως

226 2935 362 2965 ΡΑΤιιοι..
379 2936 437 2966 Gn.
458 2935 559 2965 CLlll.

946 2287 1078 2322 objicitis,
1095 2296 1140 2315 me
1162 2289 1385 2316 condemnastisi
1406 2289 1652 2325 Respondentibus
1665 2291 1729 2324 illis,

944 2334 1026 2368 paulo
1042 2338 1105 2361 ante
1133 2334 1263 2378 Byyntio
1285 2334 1407 2367 venisse,
1431 2342 1446 2361 a
1466 2343 1521 2370 quo
1537 2343 1599 2370 quae
1626 2336 1683 2370 ipse
1702 2337 1730 2363 in

946 2380 1139 2414 imperatorem
1162 2379 1362 2407 adolescentem
1393 2387 1521 2415 perVerse
1555 2381 1730 2409 machinatus

945 2430 1027 2459 esset,
1046 2425 1209 2453 didicissent
1227 2431 1275 2454 :et
1291 2426 1395 2454 idcirco
1410 2426 1456 2460 qui
1469 2426 1525 2453 illic
1537 2427 1730 2461 imperatorem

948 2477 1102 2505 tuerentur,
1126 2473 1214 2508 ipsum
1229 2473 1379 2508 expulisse,
1400 2473 1578 2508 quibuscum
1601 2474 1732 2502 resistere

945 2523 1065 2553 nequeat
1093 2518 1148 2546 huc
1177 2520 1282 2551 venire,
1314 2519 1408 2551 Recte,
1438 2519 1473 2546 mi
1499 2519 1592 2551 homo,
1610 2521 1732 2548 occurrit

945 2564 1163 2596 Cantacuzcnus,
1182 2565 1239 2592 haec
1251 2572 1299 2592 vos
1311 2565 1443 2600 Byzantio
1459 2565 1590 2593 didicisse
1603 2566 1654 2593 eis.
1672 2567 1729 2601 Ego

947 2617 1012 2638 vero
1026 2611 1079 2638 huc
1087 2611 1180 2644 venio,
1195 2614 1225 2637 ut
1240 2618 1302 2638 cum
1316 2615 1341 2638 te
1354 2612 1388 2638 ob
1401 2611 1562 2638 maledicam
1579 2612 1730 2646 loquacita-

948 2661 1002 2683 tem
1018 2657 1166 2691 punivero,
1194 2662 1240 2684 tuo
1255 2658 1383 2691 exemplo
1410 2656 1461 2691 ipsi
1488 2658 1640 2692 protervire
1657 2659 1733 2685 desis

945 2708 1020 2729 nant.
1040 2702 1088 2729 His
1104 2711 1153 2737 per
1165 2702 1260 2730 ludum
1274 2703 1364 2736 dictis,
1380 2703 1520 2737 prtetcriit.
1535 2703 1635 2730 Eadem
1651 2709 1731 2732 nocte

946 2749 1050 2775 milites
1058 2749 1137 2784 jussu
1153 2748 1329 2782 imperatoris
1341 2749 1455 2776 insidias
1463 2749 1495 2775 ad
1511 2754 1602 2783 portas
1618 2749 1732 2776 tendenc

946 2799 999 2826 tes,
1017 2798 1045 2821 ut
1058 2793 1226 2828 oppidanum
1241 2793 1360 2827 aliquem
1377 2800 1517 2829 caperent,
1534 2801 1565 2821 ex
1589 2801 1643 2828 quo
1665 2794 1731 2828 quid

945 2839 1020 2866 intus
1047 2843 1209 2874 gereretur,
1227 2839 1432 2874 exprimerent,
1464 2848 1527 2868 casu
1557 2840 1727 2874 ipsissimum

946 2885 1160 2914 conviciatorem
1177 2885 1263 2913 multo
1279 2894 1370 2920 mane,
1387 2887 1479 2915 nescio
1497 2887 1574 2921 cujus
1589 2887 1627 2914 rci
1646 2894 1725 2915 Cillhil

1531 2932 1568 2962 29

1674 174 1770 205 906·
