1931 3090
119 210 175 243 913

682 218 954 249 lllS'l‘OBIARUM
978 221 1095 252 LIBER
1119 219 1175 252 ΠΙ.

1686 224 1716 255 91
1722 224 1737 254 4

119 266 218 302 τέχνης
247 265 360 301 ὠφελεῖν
375 289 381 301 ,
408 270 562 304 ἠνάγκαζον
586 273 662 301 αὐτοὶ
677 273 710 299 τὰ
731 273 896 307 κελευόμενα

961 280 1003 300 am
1027 275 1201 303 manifestum
1225 276 1294 304 fore.
1313 277 1433 305 Medicus
1455 277 1669 305 comminatione
1683 283 1738 305 ter-

121 312 220 344 ποιεῖν,
239 312 272 338 ἶν’
287 313 379 344 αὐτοῖς
399 323 427 340 τε
444 315 473 347 ἐξ
491 316 579 351 ἀρχῆς
594 317 704 352 ὠμότης
730 319 898 352 διασώζοιτο,

120 357 168 382 καὶ
186 358 255 391 μηδὲ
274 357 409 392 βασιλίδος
433 363 613 395 καταφρονεῖν
634 363 738 390 δοκοῖεν
763 364 797 390 τὰ
816 372 899 391 κεκε-

119 401 257 434 λευσμένα
295 404 333 438 μὴ
367 405 525 437 ποιοῦντες·
553 408 578 433 εί
608 408 630 434 δ’
654 409 902 446 ίσχυρογνωμονοίη

119 448 167 473 καὶ
188 447 255 482 πρὸς
270 449 405 482 ὠφέλειάν
419 459 447 476 τε
459 451 508 485 τῆς
521 453 654 488 νοσούσης
668 454 753 488 λέγοι,
773 455 809 490 μὴ
830 455 902 490 μέμ-

119 491 219 525 φεσθαι
247 493 339 525 αὐτοῖς
375 494 412 527 ὡς
442 497 525 523 αὑτοῦ
554 498 608 525 τῶν
635 500 776 534 ἐσομένων
807 502 902 527 κακῶν

119 537 209 564 αίτίου
237 539 327 574 ἑαυτῷ
347 543 547 577 παρεσομένου.
576 545 662 578 Δῆλος
686 547 740 581 γὰρ
764 546 815 582 ἤδη
833 546 903 574 εἶναι

120 583 259 618 ᾑρημένος
286 586 321 611 τὰ
347 585 586 624 Καντακουζηνοῦ.
621 591 650 617 '0
678 592 706 618 δέ
732 592 822 624 δείσας
854 594 904 628 τὴν

121 629 256 664 ἀπειλήν·
272 631 348 657 οὐδὲν
376 633 430 667 γὰρ
450 631 484 669 ἦν
509 635 540 660 τὸ
558 635 640 670 μέσον
656 636 701 663 τοῦ
721 646 751 664 τε
766 638 904 665 ὑποπτευ-

121 674 203 709 θῆναι
231 675 277 701 καὶ¹
311 677 358 703 τοῦ
387 678 502 713 πάσχειν
526 680 560 706 τὰ
593 681 732 709 δεινότατα
749 691 758 698 '
774 684 905 719 πρότερον

122 720 360 756 ἐπαγγειλάμενος
397 724 481 759 μηδὲν
513 726 568 753 τῶν
595 729 747 763 γινομένων
775 729 906 764 μηνύσειν

125 766 253 800 βασιλίδι,
272 767 370 795 ἔπειτα
385 770 454 804 πρὸς
472 770 606 806 βασιλέως
621 773 707 809 είσῄει
726 775 775 810 τὴν
790 776 906 810 μητέρα·

126 811 210 847 μηδὲν
234 813 262 839 δὲ
287 813 437 848 δυνάμενος
453 816 496 842 διὰ
519 817 549 843 τὸ
571 819 603 844 ἐκ
624 818 677 844 τῶν
696 820 835 854 ἀρχόντων
849 822 908 853 δέος

125 856 303 900 φθέγγεσθαι,
318 857 380 890 τοὺς
401 855 549 894 ἑπομένους
573 861 696 895 φύλακας
718 863 755 895 ὡς
771 865 834 900 ἐνῆν
850 865 908 892 δια-

125 899 233 933 λαθὼν,
258 901 372 936 νεύματι
398 903 529 937 ἐσήμαινε
559 905 609 940 τὴν
639 907 668 933 ἐν
685 907 790 940 ἀγκῶνι
820 910 906 943 φλέϐα

124 945 246 981 τέμνειν.
267 947 383 985 Ἔπειτα
406 949 479 985 ἐξῄει
506 938 592 986 μηδὲν
605 953 635 979 τὺ
651 938 761 980 σύνολον
786 938 905 990 φθεγξά-
923 938 943 965 Β

125 999 207 1037 μενος
221 1000 229 1007 ·
256 993 284 1019 αὶ
306 995 440 1027 γυναῖκες
464 996 491 1022 δὲ
510 997 588 1029 αὖθις
608 999 662 1026 τῶν
681 996 819 1035 ἀρχόντων
844 1002 906 1037 δεη-

125 1035 213 1062 θεῖσαι
227 1037 273 1063 τὺν
288 1038 398 1073 τέμνειν
419 1041 520 1075 φλέϐας
533 1043 715 1078 ἐπιστάμενον
732 1046 853 1081 εἰσάγειν
873 1035 904 1074 οὐ

125 1082 338 1128 σονεχωροῦντο.
356 1085 439 1112 Ὅθεν
468 1087 521 1114 ὑπὸ
554 1089 602 1115 τοῦ
633 1091 752 1125 πυρετοῦ
772 1101 906 1128 κατεργα-

125 1126 220 1173 otia-laet
260 1129 308 1156 καὶ
334 1130 470 1165 μηδεμιᾶς
497 1133 565 1165 ὅλως
586 1135 713 1170 προνοίας
738 1126 906 1173 ἀξιωθείσα,

125 1171 302 1218 ἐτελεύτησεν
319 1173 385 1218 ἕκτῃ
404 1175 488 1218 μηνὸς
510 1177 676 1212 ’ῐανουαρίου
690 1180 806 1216 δεκάτης
821 1171 904 1218 οὒσης

126 1214 293 1263 ῐνδικτιῶνος
306 1216 352 1243 τοῦ
369 1217 442 1254 ,ςων’
463 1220 551 1252 ἔτους·
568 1223 737 1258 τελευτώσης
761 1214 789 1251 δέ
814 1214 906 1263 ἤδη,

125 1259 172 1308 τοῦ
197 1260 329 1308 βασιλέως
353 1264 521 1299 Ἀνδρονίκου
543 1267 645 1302 ἀδελφὴ
673 1269 690 1304 ἢ
708 1259 906 1308 πρότερον

125 1305 234 1341 Μιχαὴλ
247 1307 286 1343 τῷ
304 1309 406 1336 Μυσῶν
423 1311 540 1346 συνῴκει
560 1313 676 1348 βασιλεί-
695 1305 905 1346 ἕπειταήέκείνου

124 1351 340 1388 τελευτήσαντος
357 1356 425 1392 πρδς
440 1357 486 1384 τὸν
509 1359 623 1394 ἀδελφὸν
645 1362 845 1398 ἐπανελθοῦσα,
862 1367 908 1393 καὶ

126 1398 177 1430 τὴν
197 1400 226 1425 ἐν
248 1399 396 1435 βασιλείοις
411 1402 553 1439 διατριϐὴν
568 1407 757 1435 καταλιποῦσα
781 1410 908 1444 μσνάζειν

126 1444 227 1492 εἵλετο,
248 1447 296 1473 καὶ
322 1448 450 1475 Θεοδοσία
476 1450 508 1476 ὲκ
529 1450 669 1487 Θεοδώρας
698 1456 908 1492 μετωνομάσθη,

125 1491 267 1527 πυθομένη
299 1494 362 1527 περὶ
388 1494 438 1529 τῆς
456 1495 590 1530 βασιλέως
612 1500 717 1533 μητρὸς
732 1500 772 1526 ὅτι
796 1491 910 1533 τελευτᾷ

126 1537 175 1563 καὶ
185 1537 278 1573 ὥσπερ
287 1539 454 1575 ἀμειϐομένη
463 1542 516 1568 τῶν
527 1531 634 1578 ἐκείνης
643 1531 776 1579 πρότερον
791 1531 903 1582 ὑπηργί

952 319 1020 346 ritus
1044 320 1121 355 (nihil
1147 322 1247 356 quippe
1261 326 1332 349 inter
1350 327 1507 357 suspectum
1527 330 1590 349 esse
1620 325 1649 349 et
1661 329 1738 349 acer-

950 365 1064 394 bissima
1091 369 1195 402 perpeti
1209 368 1352 403 intererat)
1372 377 1433 396 cum
1454 368 1655 403 spopondisset,
1668 367 1737 394 nihil

953 411 1051 439 horum
1078 413 1246 447 impcratrici
1273 414 1469 445 indicaturum,
1496 414 1528 441 ad
1552 413 1738 440 Cantacuzeni

953 462 1068 485 matrem
1085 459 1218 486 introivit.
1240 460 1363 494 Cumque
1376 465 1488 495 propter
1504 459 1680 487 formidinem
1694 465 1739 484 ar-

953 504 1084 531 chontnm
1107 505 1182 539 loqui
1208 513 1262 532 non
1286 505 1410 538 auderet,
1436 509 1584 539 sequentes
1596 503 1737 536 custodes,

954 554 985 578 ut
1003 551 1114 582 licebat.
1129 551 1227 578 fallens
1241 559 1255 578 e
1268 552 1381 579 brachio
1396 551 1559 578 mittendum
1576 551 1738 585 sanguinem

954 602 1034 632 gestu
1051 597 1234 631 signiﬁcabat.
1248 597 1350 624 Deinde
1366 602 1459 624 mutus
1471 597 1552 631 plane
1565 596 1668 624 abibat.
1681 596 1739 623 Mu-

954 642 1038 669 lier’es
1056 643 1155 669 iterum
1177 642 1356 669 archontibus
1371 642 1518 676 supplices,
1534 642 1739 676 phlebotomum

955 687 1131 715 introducere
1152 696 1205 714 non
1224 687 1463 722 permittebantur.
1476 687 1521 714 Sic
1536 687 1609 713 omni
1628 694 1740 721 prorsus

955 734 1097 761 curatione
1119 737 1225 768 negata.
1242 739 1276 771 et
1286 733 1355 760 febri
1367 739 1545 771 consumpta.
1563 737 1660 760 octavo
1677 732 1740 759 ldus

956 779 1113 810 Ianuarias.
1141 770 1291 806 indictione
1315 779 1436 810 decima,
1457 786 1529 805 anno
1543 778 1662 805 ab-orbe
1676 785 1742 804 con-

957 824 1015 851 dito
1038 825 1128 851 sexies
1151 825 1296 852 millesimo
1321 824 1550 859 octingentesimo
1569 824 1741 859 quinquage-

958 869 1027 896 simo
1049 868 1120 895 hanc
1145 868 1234 895 lucem
1257 868 1370 896 deserit.
1396 868 1569 902 Imperatoris
1590 867 1741 894 Andronici

957 916 1047 944 soi-or,
1071 914 1209 948 quondam
1226 913 1349 940 Michaeli
1367 913 1513 940 Massorum
1530 914 1585 947 regi
1597 917 1701 947 .nupta,
1714 916 1741 939 et

959 960 1058 987 marito
1083 964 1189 986 mortuo
1207 959 1239 986 ad
1256 959 1366 986 fratrem
1385 967 1507 992 reversa,
1523 960 1634 993 vitaque
1654 958 1742 986 aulica

957 1005 1061 1032 relicta,
1078 1008 1105 1030 et
1127 1004 1304 1031 monasticam
1332 1004 1482 1038 complexa,
1496 1011 1527 1030 ac
1541 1003 1696 1031 Thcodmia
1709 1011 1742 1030 ex

959 1051 1101 1078 Theodora
1116 1050 1187 1077 dicta
1205 1049 1272 1086 (90).
1292 1050 1339 1077 ubi
1352 1057 1411 1078 eam
1430 1050 1547 1077 animam
1564 1058 1645 1085 agere
1663 1041 1743 1079 intel-

958 1096 1034 1129 lexit,
1061 1096 1136 1123 velut
1161 1103 1344 1123 remunerans
1364 1096 1424 1131 ejus
1448 1096 1475 1123 in
1507 1103 1535 1123 se
1564 1096 1662 1123 merita
1689 1095 1741 1131 (sui

958 1142 1032 1170 enim
1046 1142 1251 1176 cupidissimam
1276 1142 1411 1175 senserat)
1437 1142 1463 1168 in
1488 1149 1627 1170 carcerem
1653 1141 1739 1174 venit,

959 1191 987 1214 et
1015 1195 1100 1221 usque
1115 1186 1148 1213 ad
1163 1185 1289 1213 ultimum
1304 1186 1431 1220 spiritum
1448 1185 1481 1212 ab
1497 1193 1528 1213 ea
1543 1194 1597 1212 non
1614 1186 1741 1216 recessit,

960 1240 1042 1268 quam
1060 1232 1158 1259 elatam
1183 1232 1211 1260 in
1229 1232 1396 1259 monasterio
1420 1232 1488 1258 avia:
1507 1231 1594 1266 ipsius
1609 1230 1745 1258 defuncta:

961 1283 1102 1310 matrona,
1134 1278 1238 1306 sororis
1259 1277 1371 1312 inquam
1389 1277 1528 1304 Michaelis
1548 1277 1629 1312 primi
1644 1276 1744 1304 Palam-

961 1325 1034 1359 logi,
1056 1324 1168 1351 Marthae
1189 1323 1345 1358 appellato,
1369 1323 1396 1349 in
1426 1327 1540 1358 paterno
1566 1326 1744 1349 monumento

962 1369 1126 1404 composuit.
1147 1368 1249 1396 Deinde
1264 1369 1415 1402 Augustam
1431 1368 1536 1399 adiens,
1552 1367 1744 1395 crudelitatem

961 1415 1138 1442 inhumanam
1166 1414 1330 1442 archontum
1356 1413 1513 1445 nuntiavit,
1543 1421 1595 1447 qua
1625 1413 1651 1440 in
1685 1420 1744 1439 eam

963 1468 1053 1495 usque
1072 1460 1105 1486 ad
1122 1464 1236 1487 mortem
1251 1459 1412 1486 sawiissenl.
1431 1459 1478 1486 lila
1499 1459 1584 1486 Deum
1602 1458 1745 1485 homines-

962 1513 1020 1538 que
1045 1505 1151 1537 testari,
1176 1505 1246 1532 nihil
1262 1505 1359 1531 horum
1376 1512 1405 1532 se
1420 1504 1510 1536 scire;
1526 1504 1609 1539 470
1625 1508 1746 1531 tantum-
1768 1502 1771 1503 ⁷

964 1551 1046 1579 modo
1063 1552 1178 1586 iussisse
1202 1550 1229 1577 in
1252 1558 1389 1577 carcerem
1401 1550 1475 1582 dari,
1490 1554 1518 1578 et
1534 1557 1630 1577 eorum
1648 1550 1745 1577 barba-

127 1583 218 1635 μένων
238 1585 358 1635 ἀγμθῶν,
385 1586 485 1622 πολλὴν
501 1588 555 1623 γὰρ
571 1590 610 1620 εἰς
625 1590 733 1625 ἐκείνην
753 1591 909 1621 ἐπεδείκνυ-

963 1605 1020 1624 ram
1045 1596 1182 1624 ieritatem
1205 1595 1261 1631 ipsa
1284 1603 1393 1630 quoque
1418 1596 1568 1623 exsecrari.
1587 1595 1745 1624 Sectndum

125 1638 157 1655 το
183 1629 233 1664 τὴν
255 1630 385 1663 εὔνοιαν,
411 1632 525 1665 ἀφίκετό
549 1641 578 1659 τε
604 1634 643 1665 εἰς
671 1635 702 1661 τὸ
725 1636 910 1673 δεσμωτήριον

127 1674 197 1710 πρὸς
211 1675 306 1711 αὐτὴν,
321 1676 368 1702 καὶ
383 1673 551 1712 παρέμεινεν
564 1679 628 1715 ἄχρι
645 1681 784 1716 τελευτῆς.
796 1684 911 1711 Ἔπειτα

127 1721 173 1747 τὸν
201 1721 295 1757 νεκρὸν
315 1722 487 1757 ἑξαγαγοῦσα
515 1726 590 1760 παρὰ
615 1726 664 1761 τὴν
681 1727 765 1763 μονὴν
779 1729 829 1764 τῆς
843 1731 912 1764 πρὸς

129 1766 233 1801 μητρὸς
258 1768 365 1804 ἐκείνης
389 1769 506 1805 μάμμης
533 1771 651 1808 ἀδελφῆς
665 1773 712 1800 τοῦ
733 1775 843 1810 πρώτου
856 1778 911 1803 τῶν

129 1812 319 1847 Παλαιολόγων
337 1815 469 1849 βασιλέως
493 1817 604 1853 Μιχαὴλ
621 1819 671 1854 τῆς
691 1820 808 1855 Μάρθας
829 1831 912 1858 προσ-

128 1859 333 1894 αγορευομένην
362 1860 390 1886 ἐν
408 1862 464 1892 τοῖς
491 1863 631 1897 πατρῴοις
656 1865 791 1900 κατέθηκε
803 1867 911 1900 τάφοις.

130 1904 248 1931 Ἔπειτα
264 1905 368 1932 ἐκεῖθεν
381 1907 447 1942 πρὸς
464 1906 590 1941 βασιλίδα
603 1909 808 1945 ἀναστρέψασα,
820 1913 911 1946 ἀπήγ-

128 1951 206 1984 γειλε
231 1951 281 1986 τὴν
301 1952 430 1986 ὠμότητα
444 1955 492 1981 καὶ
513 1955 562 1989 τὴν
576 1955 777 1990 ἀπανθρωπίαν
793 1958 847 1984 τῶν
862 1959 912 1994 ἀρ-

129 1997 242 2031 χόντων,
259 1998 291 2033 ἢν
306 1999 370 2032 περὶ
385 1999 494 2034 ἐκείνην
511 2000 678 2032 ἐνεδείξαντο
697 2002 761 2037 ἄχρι
771 2003 912 2039 τελευτῆς.

129 2043 192 2069 Ἦδ“
212 2043 303 2078 ὅρκοις
326 2044 520 2076 διεϐεϐαιοῦτο,
538 2046 621 2081 μηδὲν
648 2048 747 2074 εἰδέναι
763 2049 818 2076 τῶν
835 2058 915 2084 γεγε-

130 2088 269 2122 νημένων,
286 2088 357 2124 πλὴν
383 2090 424 2116 ὅτι
453 2091 593 2125 εἴργεσθαι
616 2093 820 2126 προσετέτακτο
848 2096 914 2131 παρ’

130 2133 226 2168 αὐτῆς·
254 2135 443 2168 κατεγίνωσκέ
470 2144 498 2162 τε
526 2137 572 2163 καὶ
595 2137 664 2173 αὐτὴ
687 2139 787 2175 πολλὴν
802 2141 914 2168 ἐκείνων

130 2178 180 2213 τὴν
198 2179 340 2214 ἀπήνειαν.
364 2180 442 2206 Μετὰ
467 2181 495 2207 δὲ
518 2181 568 2215 τὴν
583 2183 691 2218 ἐκείνης
711 2184 838 2219 τελευτὴν
853 2204 861 2216 ,
880 2186 915 2212 τὰ

130 2225 262 2259 χρήματα
277 2225 385 2261 ἐκείνης
410 2235 440 2253 τε
461 2228 507 2253 καὶ
527 2227 575 2254 τοῦ
592 2228 649 2254 υἱοῦ
677 2229 849 2270 διηρευνᾱτο,
867 2233 915 2258 καὶ

963 1641 1067 1670 obitum
1086 1641 1156 1677 ejus,
1183 1639 1230 1668 filii
1255 1640 1371 1675 pecunia
1394 1640 1518 1675 indagata
1538 1644 1565 1668 et
1595 1641 1690 1675 ingens
1706 1641 1747 1667 in-

963 1693 1044 1716 venta
1077 1692 1130 1715 est.
1155 1687 1224 1721 Quia
1250 1687 1323 1714 enim
1346 1687 1500 1722 patriarcha
1526 1687 1658 1715 adversus
1685 1695 1745 1714 eam

964 1738 1104 1762 servantes
1125 1733 1384 1761 anatbematismum
1397 1734 1552 1760 vibraverat
1565 1733 1658 1768 (quem
1673 1733 1748 1760 velut

963 1780 1118 1808 ininistrum
1143 1787 1175 1806 ac
1199 1778 1343 1806 satellitem
1368 1778 1514 1812 quemdam
1537 1778 1677 1806 sceleratis
1699 1787 1747 1806 cu-

962 1825 1124 1860 piditatibus
1149 1823 1206 1851 suis
1223 1823 1352 1850 omnibus
1375 1823 1579 1857 promptissime
1594 1824 1745 1850 inservient-

964 1875 1018 1899 tem
1035 1869 1173 1902 habebat),
1194 1875 1256 1895 eum
1273 1867 1351 1894 multi
1371 1872 1535 1898 metuentes,
1551 1868 1715 1895 custoditam
1731 1877 1746 1894 ει

965 1922 995 1943 se
1009 1915 1156 1949 pecuniam
1174 1913 1337 1941 aﬂ‘erebant.
1356 1912 1409 1939 Alii
1428 1912 1480 1939 hoc
1494 1912 1595 1938 fulmen
1612 1913 1687 1939 velut
1705 1913 1747 1938 in-

962 1961 1068 1996 justum
1094 1959 1287 1995 despicienles,
1314 1957 1424 1984 interim
1441 1957 1608 1989 retinebant,
1626 1958 1713 1984 donec
1732 1966 1747 1985 ει

965 2007 1084 2035 consciis
1099 2006 1206 2042 prodita
1221 2005 1385 2041 penitusque
1401 2004 1531 2031 distracta
1548 2009 1575 2031 et
1600 2004 1747 2030 distributa

964 2058 1016 2081 est.
1039 2052 1107 2080 Tam
1131 2057 1222 2080 autem
1246 2050 1455 2079 innumerabilis
1468 2050 1529 2083 fuit,
1547 2053 1577 2077 ut
1591 2056 1746 2084 quanquam

965 2097 1043 2125 multi
1068 2105 1128 2124 eam
1156 2097 1227 2124 inter
1251 2103 1280 2124 se
1295 2095 1475 2130 partirentnr,
1496 2099 1525 2122 et
1539 2102 1603 2129 pars
1619 2094 1747 2128 Apoeau-

966 2143 1018 2171 cho
1041 2150 1138 2177 magno
1163 2142 1226 2169 duci
1244 2141 1407 2176 obtingeret,
1423 2148 1486 2175 pars
1506 2140 1615 2168 Gabalm
1626 2143 1757 2174 protosc—-

966 2190 1044 2217 basto
1068 2190 1140 2223 (nam
1159 2191 1186 2214 et
1204 2187 1226 2214 is
1240 2186 1406 2222 Apocaucho
1427 2190 1487 2213 erat
1505 2185 1532 2212 in
1548 2186 1688 2219 republica
1705 2192 1749 2211 re-

967 2235 1054 2270 genda
1076 2234 1177 2271 socius,
1193 2238 1221 2260 et
1236 2231 1418 2268 imperatricis
1433 2231 1502 2259 aulze
1514 2231 1672 2266 prvcl'eclus,
1689 2231 1749 2258 sive

130 2270 216 2295 πολλά
231 2270 343 2296 ἐκείνων
361 2271 546 2306 ὲξευρίσκετο,
563 2273 680 2307 μάλιστα
701 2274 722 2300 δ’
739 2275 780 2301 ὅτι
797 2277 844 2301 καὶ
862 2285 909 2303 πα-

964 2279 1094 2314 curator),
1108 2286 1171 2313 pars
1190 2277 1335 2309 Cinname,
1353 2277 1445 2305 comiti
1467 2284 1608 2304 sacrarum
1625 2276 1750 2310 largitio-

131 2317 267 2350 τριάρχης
297 2316 368 2343 κατά
383 2317 437 2343 τῶν
467 2318 584 2356 ἐχόντων
612 2318 719 2350 ἐξεῖπεν
748 2321 934 2356 ἀφορισμὸνπ

133 2361 163 2387 ὃν
187 2360 260 2396 εἶχεν
284 2361 379 2397 ὥσπερ
410 2362 472 2388 τινὰ
492 2364 641 2398 δορυφόρον
660 2366 720 2396 ταῖς
745 2366 916 2401 παρανόμοις

132 2407 291 2441 ἐπιθυμίαις
322 2409 424 2440 πάσαις
453 2408 571 2440 ὀξύτατα
603 2411 813 2445 ὑπηρετοῦντα·
832 2413 867 2438 ὃν
891 2413 915 2440 οἱ

133 2453 226 2479 πολλοὶ
244 2453 301 2479 τῶν
324 2454 441 2488 ἐχόντων
452 2454 604 2488 δείσαντες,
621 2457 749 2491 φέροντες
765 2457 799 2483 τὰ
814 2458 910 2492 φυλατ-

132 2499 234 2535 τόμενα
256 2501 403 2535 παρεῖχον·
428 2501 453 2526 οἱ
480 2500 507 2527 δέ
529 2503 576 2527 καὶ
601 2502 638 2533 ὡς
654 2503 730 2538 παρὰ
745 2503 826 2538 δίκην
841 2513 916 2537 γινο-

134 2548 216 2581 μένου
232 2546 479 2582 καταφρονοῦντες,
502 2547 569 2578 τέως
596 2547 645 2582 μὲν
668 2550 802 2583 κατεῖχον·
827 2550 916 2584 χρόνῳ

132 2595 161 2621 δὲ
181 2593 293 2628 ὕστερον
320 2593 373 2619 ὑπὸ
397 2593 452 2619 τῶν
476 2593 634 2620 συνειδότων
653 2596 811 2630 μηνυόμενα
826 2596 915 2622 πάντα

132 2639 271 2674 ἀναλώθη.
291 2638 371 2666 Οὕτω
385 2639 413 2665 δὲ
425 2637 493 2674 ἦσαν
511 2639 626 2666 πλεῖστα
635 2641 670 2666 τὰ
688 2641 913 2677 ἐξευρισκόμενα,

969 2333 1047 2357 num,
1059 2323 1205 2358 multisque
1220 2323 1332 2357 insuper
1347 2322 1492 2354 eunuchis,
1508 2322 1554 2356 qui
1565 2321 1645 2348 simul
1663 2321 1751 2348 domi-

968 2371 1124 2402 nabantur,
1148 2369 1326 2397 nihilominus
1355 2376 1388 2396 ex
1411 2369 1523 2403 reliquis
1546 2368 1697 2402 impensam
1723 2377 1750 2395 in

970 2416 1069 2442 bellum
1096 2418 1191 2442 contra
1203 2413 1430 2448 {Cantacuzenum
1447 2413 1604 2440 tolerarent.
1615 2411 1750 2439 Caeterum

970 2460 1129 2495 imperatrix
1143 2460 1260 2487 multum
1283 2467 1314 2486 ac
1333 2466 1404 2493 smpe
1419 2465 1480 2485 cum
1508 2457 1667 2492 patriarcha
1689 2458 1753 2485 reli-

971 2507 1087 2540 quisque
1107 2505 1213 2539 imperii
1241 2504 1469 2540 gubernatoribus
1497 2503 1531 2530 de
1554 2511 1622 2538 pace
1649 2510 1751 2537 agens,

972 2552 1038 2586 ipsis
1062 2551 1117 2585 jam
1138 2558 1229 2577 rerum
1254 2549 1423 2583 potentibus,
1438 2552 1466 2576 et
1485 2556 1500 2575 a
1521 2549 1661 2575 mentione
1676 2549 1752 2583 pacis

972 2595 1181 2631 refugientibus,
1194 2595 1262 2621 nihil
1270 2598 1378 2629 tequ
1391 2593 1564 2628 impetrabat.
1578 2593 1680 2620 Tamen
1697 2599 1723 2620 tu
1736 2601 1752 2620 a

970 2641 1073 2678 iustitia
1100 2648 1154 2669 non
1182 2640 1320 2672 recedere,
1343 2644 1371 2668 et
1395 2640 1561 2674 imperatriei
1583 2646 1615 2666 ac
1643 2638 1752 2666 sibimet

721 2732 731 2742 .
769 2712 876 2743 Jacobi
889 2712 1021 2743 Pontani
1043 2715 1136 2744 notae.

170 2773 228 2809 (90)
252 2773 328 2805 Quod
343 2780 404 2799 cum
428 2773 489 2802 viri.
508 2777 563 2800 tum
585 2771 692 2809 feminze
710 2772 743 2798 ad
760 2772 916 2806 religiosum

134 2810 199 2837 vita:
220 2816 314 2841 genus,
334 2815 382 2835 seu
411 2812 510 2835 statum
535 2808 712 2834 monasticum
734 2812 916 2839 transeuntes,

136 2851 236 2870 nomen
252 2847 399 2874 mutarent,
416 2843 478 2868 inde
491 2843 591 2869 factum
603 2842 695 2872 credo,
709 2842 781 2875 quod
801 2849 849 2876 per
860 2849 918 2867 mo-

135 2879 271 2905 nachismi
295 2877 489 2912 professionem
511 2885 540 2904 se
566 2877 638 2903 velut
664 2878 760 2903 iterum
785 2876 916 2912 baptizari

137 2917 277 2948 putarent,
290 2911 316 2940 et
327 2919 388 2940 esse
400 2912 548 2940 secundum
570 2920 650 2946 quem
664 2914 715 2939 tam
727 2911 891 2947 baptismum
908 2919 915 2937 :

971 2771 999 2799 in
1016 2771 1150 2806 baptismo
1166 2773 1369 2806 autclnrnomen
1384 2769 1454 2796 solet
1471 2769 1627 2806 imponi,_ct
1639 2767 1750 2806 quidem

971 2802 1083 2837 novum,
1106 2806 1128 2833 si
1150 2805 1211 2839 quis
1237 2805 1356 2836 adultus,
1380 2812 1413 2831 ac
1440 2804 1561 2839 nondum
1582 2802 1753 2839 Christianus

970 2842 1043 2868 aliud
1058 2837 1202 2869 habuisset.
1220 2845 1250 2866 ut
1264 2845 1359 2866 omnes
1383 2839 1492 2866 habent.
1508 2837 1655 2874 Cuiusdam
1670 2837 1752 2874 igitur

972 2875 1185 2912 regenerationis
1198 2875 1305 2910 signum
1319 2873 1436 2902 nominis
1449 2874 1555 2901 novitas
1572 2873 1633 2900 fuit.
