1931 3090
140 168 194 200 917

706 170 978 201 HISTORIARUM
1000 171 1115 201 LIBER
1135 171 1191 201 lli.

1709 174 1762 205 ‘Ji8

131 222 429 259 τερονπρωτοστάτορι
446 223 562 257 μηνύειν
591 224 641 260 τὴν
657 225 816 260 ἐπιδημίαν.
834 225 919 256 Εἰδὼς

974 230 1146 254 tostratorem
1174 227 1249 261 prius
1278 235 1447 255 moneuoum
1469 228 1558 256 duxit.
1585 228 1653 256 Cum
1669 234 1759 257 autem

131 268 161 295 δὲ
191 268 229 299 ὡς
255 269 364 305 Συργὴς
387 270 560 305 στρατιώτας
586 271 696 306 πέμψας
713 271 845 304 φυλάττει
871 271 919 303 τὰς

131 314 209 346 ὁδοὺς
224 315 272 342 τοῦ
287 316 325 350 μὴ
343 315 458 344 λαθόντα
473 317 545 349 τινὰ,
558 317 689 351 ἀγγελίας
701 318 734 345 ἐκ
748 326 830 345 τινων
847 315 929 353 αὐτῷ’

100 379 106 384 -
131 362 254 397 κομίζει,
263 362 384 390 τοιοῦτόν
398 371 424 390 τι
435 364 503 399 πρὸς
513 363 564 399 τὴν
575 364 683 391 ἐκείνου
697 364 833 400 πονηρίαν
845 365 922 392 ἀντι·

131 409 263 443 τεχνᾶται
284 408 339 436 τῶν
354 409 532 444 στρατιωτῶν
556 409 630 441 δυσὶ,
645 410 693 436 τὸν
708 410 769 445 μὶν,
795 410 923 438 ἐκέλευεν

130 455 304 482 amotam
330 455 379 482 καὶ
399 456 657 490 περιαγκωνίσαντα
676 456 781 489 ἑαυτὸν,
807 457 922 491 ἄγεσθαι

130 502 297 538 δεσμώτηνο
309 502 356 529 τὸν
373 502 470 539 ἕτερον
484 503 513 530 δὲ
527 503 616 536 ἄγειν.
642 503 674 530 Εί
690 502 720 530 δὲ
743 503 768 530 οι
782 503 833 534 τὰς
845 503 922 535 ὀδοὺς

131 547 285 583 τηροῦντες
301 547 488 583 περιτύχοιεν,
507 549 555 576 τὸν
568 549 670 582 ἄγοντα
683 549 800 583 φάσκειν
814 549 852 579 ὥς
875 549 922 576 τὸν

134 594 221 620 ἵππον
235 593 431 627 ἀπολωλεκὼς,
448 594 495 622 τδν
511 595 572 630 μὲν,
588 595 640 629 οὐχ
659 594 736 630 εὕροι
751 602 758 610 ’
774 594 820 622 τὸν
844 595 922 630 χαλι-

73 665 82 670 ,
131 639 177 665 νὺν
188 629 228 668 δὲ.
258 639 334 672 παρὰ
350 639 447 675 τάνδρὶ
458 629 558 667 τουτωῒ
571 648 578 655 ·
592 629 763 667 ἀπαιτοῦντα
774 640 804 668 δὲ
818 629 865 668 καὶ
876 641 922 666 τὸν

132 685 218 712 ῑππον
233 685 271 720 μὴ
285 685 442 712 ἀποδιδόναι
454 693 461 700 ·
479 685 549 712 ἀλλὰ
561 686 608 712 τὸν
617 686 727 721 χαλινὸν
743 687 824 721 μόνον
840 686 923 721 εὑρη-

132 731 212 758 κέναι
229 731 307 765 παρὰ
321 731 370 766 τὴν
387 731 446 758 ὁδὸν
466 731 695 767 διῖσχυρίζεσθαι.
729 729 767 759 οὗ
794 732 826 766 δὴ
841 732 923 767 χάριν

131 776 264 811 δήσαντα,
280 776 358 811 ἄγειν
373 777 443 811 πρὶς
457 776 503 803 τὸν
514 776 647 812 βασιλέως
664 777 746 809 θεῖον,
767 777 843 807 ὅπως
855 777 922 812 παρ’

131 821 240 848 ἐκείνου
273 820 489 856 βασανιζόμενος
527 822 641 858 ἀποδοίη
671 822 719 848 καὶ
751 821 798 849 τὸν
827 822 922 849 ἵππον.

139 866 265 893 Ἐκὲλευε
290 866 318 893 δὲ
347 867 395 893 καὶ
421 867 468 893 τὸν
495 867 640 903 δεσμώτην
654 868 693 902 τῷ
709 868 803 902 ἄγοντι
825 867 860 895 τὰ
875 868 921 895 ἴσα

974 273 1163 307 comperisset,
1178 273 1282 309 Syrgen
1298 274 1388 302 missis
1404 275 1538 302 militibus
1551 275 1610 302 vias
1621 275 1760 308 obsidere,

973 326 1007 346 ne
1028 319 1091 353 quis
1112 319 1145 346 ad
1168 327 1230 347 eum
1255 319 1352 348 fallens
1372 321 1485 347 nttntios
1503 321 1647 355 perferret,
1663 326 1759 349 contra

972 363 1123 397 nequitiam
1142 364 1221 396 illius
1244 363 1391 392 artificium
1410 364 1600 400 hujuscemodi
1619 366 1759 401 excogita-

972 409 1023 436 vit.
1046 409 1157 437 Duobus
1180 409 1314 437 militibus
1337 410 1494 445 imperavit,
1518 411 1564 438 uni
1584 411 1707 446 quidem,
1731 416 1761 438 ttt

971 455 1097 484 vestibus
1131 460 1230 485 exutus
1252 461 1280 484 ct
1298 457 1426 484 manibus
1453 461 1515 492 post
1530 461 1604 492 terga
1623 457 1762 484 revinctus

972 502 1133 534 doceretur.
1147 503 1228 530 alteri
1241 511 1307 530 vero
1321 508 1351 531 ut
1366 503 1490 532 duceret.
1505 503 1533 531 Si
1547 504 1594 538 qui
1625 503 1683 531 vias
1695 503 1761 530 insi-

972 550 1076 577 debaut
1099 554 1289 582 occurrerent,
1314 549 1450 577 aﬂirmare
1472 550 1631 582 ducentem,
1647 558 1676 578 sc
1689 558 1762 584 equo

973 594 1080 629 perdito
1097 594 1172 621 illum
1186 594 1299 628 quidem
1314 602 1369 621 non
1390 594 1526 625 invenire,
1542 594 1651 621 frenutn
1669 598 1761 620 autent

973 639 1045 676 apud
1070 640 1144 667 ltunc
1166 640 1257 667 virum
1277 640 1424 676 reperisse,
1451 640 1497 675 qui
1518 648 1619 674 equum
1647 639 1699 667 sibi
1722 646 1762 666 re-

973 686 1097 721 poscenti
1122 694 1176 713 non
1197 686 1304 718 reddat,
1327 687 1374 713 sed
1395 686 1503 713 freuutn
1524 686 1656 714 duntaxat
1673 685 1700 712 in
1720 685 1761 712 via

973 731 1024 759 sibi
1050 735 1188 765 repertum
1206 731 1331 759 aﬁirmet.
1344 731 1430 764 Quam
1452 731 1487 758 ob
1504 739 1615 759 causam
1638 738 1667 758 se
1684 731 1761 757 illum

972 778 1096 805 vinctum
1122 777 1156 805 ad
1183 778 1359 812 imperatoris
1384 776 1491 805 affinem
1520 776 1576 812 (9|)
1599 777 1711 808 ducere,
1733 779 1764 803 ut

974 825 1008 852 ab
1034 824 1093 859 ipso
1115 823 1259 859 quaestioni
1284 823 1434 858 subjectus,
1461 822 1543 849 ctiam
1563 829 1666 855 equum
1681 820 1764 848 resti-

974 875 1032 897 tuat
1049 877 1056 895 :
1078 871 1152 905 quod
1173 874 1202 897 et
1224 870 1344 897 vinctum
1364 876 1427 895 cum
1440 867 1555 895 ductore
1569 865 1705 894 afﬁrmare
1718 866 1760 901 ju-

121 912 329 946 -συνομολογεῐν
342 921 349 928 ·
378 912 474 940 τοῦτον
503 913 532 940 δὲ
546 914 592 940 τὸν
605 914 708 950 τρόπον
732 914 917 950 παρελθόντας

974 917 1066 944 bebat.
1077 902 1135 944 lioc
1146 920 1236 944 autent
1250 915 1332 942 modo
1343 914 1489 949 praeteritis
1500 911 1644 943 custodiis,
1654 915 1762 938 utrum-

130 958 196 990 τοὺς
210 958 408 993 φυλάσσοντας,
423 960 521 987 ἔπειτα
536 960 652 987 ἕκαστον
665 957 693 988 οἷ
715 962 920 996 προσετέτακτο

130 1006 302 1041 ἀποχωρεῖν.
331 1007 364 1032 Οί
391 1006 443 1042 μὲν
464 1006 512 1034 οὖν
528 1007 639 1034 ἐποίουν
653 1008 725 1034 κατὰ
739 1008 774 1034 τὰ
790 1007 919 1034 κεκελευ-

131 1051 232 1086 σμένατ
247 1051 293 1078 καὶ
308 1051 481 1082 διαλαθόντες
496 1052 560 1084 τοὺς
572 1053 620 1079 ἐπὶ
636 1053 686 1088 τὴν
696 1052 824 1088 φυλακὴν
839 1061 920 1080 τετα-

130 1097 251 1131 γμένους
265 1097 319 1123 τῶν
343 1097 419 1129 ὁδῶν,
450 1094 518 1133 ἧκον
544 1098 614 1134 πρὸς
641 1099 874 1134 πρωτοστράτορα
891 1099 919 1126 ὲν

130 1143 330 1179 Θεσσαλονίκῃ,
345 1142 473 1178 βασιλεὺς
489 1144 517 1170 δὲ
534 1144 571 1176 ὼς
598 1145 718 1179 μάλιστα
734 1145 810 1180 ἐνῆν,
823 1146 854 1172 τὸ
871 1145 920 1172 νῦν

133 1189 186 1224 μὲν
216 1188 397 1221 Πολύστυλον,
423 1189 453 1216 ιν
480 1190 537 1221 τοῖς
557 1189 727 1225 Ἑλληνικοῖς
755 1191 783 1218 δὲ
812 1191 920 1226 χρόνοις

133 1235 273 1270 Ἀδᾶιιραν
284 1235 481 1270 ὠνομασμένον
509 1234 647 1271 πολίχνιον
660 1235 794 1272 παράλιον
808 1236 849 1268 ὃν,
872 1236 919 1264 ὑπ’

130 1280 214 1308 αὑτοῦ
233 1289 263 1308 τε
278 1281 493 1316 ᾠκοδομημένον
508 1283 654 1318 πρότερον,
671 1282 720 1310 καὶ
737 1282 798 1310 τότε
811 1283 855 1310 διὰ
870 1283 919 1318 τὴν

130 1327 251 1362 ἀρχαίαν
278 1325 387 1354 εὔνοιαν
412 1327 463 1354 οὐκ
493 1327 630 1360 ἀποστὰν,
659 1327 761 1363 πολλῆς
789 1329 920 1364 προνοίας

131 1372 264 1405 ἀξιώσας,
278 1372 352 1399 σίτον
368 1381 398 1399 τε
416 1373 510 1405 αὐτοῖς
534 1373 754 1410 ιπιχορηγήσας,
771 1375 818 1401 καὶ
834 1383 917 1409 στρα-

131 1417 236 1449 τιώτας
253 1419 322 1453 πρὸς
350 1418 524 1453 ἐπικουρίαν,
552 1417 636 1450 αὐτὸς
662 1418 713 1454 τὴν
737 1419 821 1453 ἀλλην
849 1417 919 1454 ἔχων

132 1463 275 1499 στρατιὰν,
292 1464 323 1490 τὸ
340 1464 416 1499 παρὰ
428 1464 479 1499 τὴν
493 1463 694 1498 Χριστούπολιν
708 1464 836 1499 τείχισμα
848 1465 920 1492 διελ-

132 1511 200 1541 θὼν,
226 1510 476 1545 ἐστρατοπέδευσεν
500 1511 529 1536 ὲν
553 1510 709 1542 Φιλίπποις.
737 1511 855 1538 Ἔπειτα
881 1511 920 1542 ὡς

971 969 1024 996 que
1038 969 1093 996 quo
1108 960 1267 988 mandatum
1286 964 1346 987 erat
1370 959 1455 986 abire.
1471 958 1512 985 llli
1531 957 1667 984 mandatis
1679 956 1761 983 mori-

970 1005 1038 1040 geri.
1051 1004 1173 1039 deceptis
1187 1004 1295 1031 itineris
1307 1002 1470 1030 custodibus
1485 1001 1518 1027 ad
1534 1003 1761 1036 protostratorem

971 1049 1192 1078 Thessalonicam
1215 1049 1341 1076 veniunt.
1365 1047 1448 1083 472
1475 1047 1628 1082 Imperator
1650 1049 1761 1077 autem,

970 1103 1052 1132 quam
1060 1096 1177 1123 maxime
1187 1099 1303 1130 poterat,
1313 1095 1510 1130 hodiequidem
1519 1092 1685 1128 Polystylon.
1695 1095 1764 1117 tem-

970 1143 1084 1178 poribus
1094 1143 1251 1170 Graacorum
1263 1141 1398 1170 Abderam
1411 1141 1589 1168 nominatam,
1600 1137 1761 1173 oppidulum

971 1188 1163 1215 maritimttnta
1179 1195 1208 1214 sc
1219 1187 1296 1222 prius
1320 1187 1502 1214 instauratum
1523 1186 1606 1219 (quo-.l
1631 1190 1696 1210 tunc
1715 1191 1764 1217 pro

970 1234 1057 1262 vetori
1072 1234 1100 1260 in
1119 1240 1200 1261 suum
1220 1233 1437 1260 instauratorem
1462 1229 1653 1258 benevolentia
1671 1229 1697 1255 in
1711 1228 1764 1254 title

971 1278 1119 1313 manserat)
1128 1278 1212 1304 mttlta
1228 1284 1291 1304 cura
1303 1277 1442 1311 dignatus.
1453 1277 1534 1310 eique
1557 1281 1664 1301 annona
1675 1273 1707 1300 ad
1722 1273 1764 1299 vi-

971 1323 1231 1355 ctum,etmiiitibus
1253 1322 1286 1350 ad
1310 1321 1470 1357 praesidium
1490 1320 1684 1356 suppeditatis,
1706 1320 1765 1354 ipse

969 1378 1032 1398 cum
1044 1370 1149 1404 reliquo
1155 1369 1288 1401 exercitu,
1297 1367 1479 1395 munitionem
1489 1366 1560 1401 apud
1566 1365 1764 1400 Christopolim

973 1415 1195 1450 trausiens,apud
1206 1415 1347 1449 Philippos
1356 1419 1446 1441 castra
1455 1413 1555 1448 posuit.
1564 1412 1631 1439 lude
1640 1419 1767 1455 movens,

972 1466 1000 1491 in
1011 1470 1059 1490 eos
1067 1462 1174 1494 incidit,
1184 1469 1254 1496 quos
1262 1461 1338 1496 prius
1351 1459 1383 1487 ad
1402 1463 1632 1495 protoslratorem
1642 1458 1765 1490 miserat,

971 1514 1000 1536 et
1021 1509 1105 1536 alium
1118 1508 1264 1542 quemdam
1275 1507 1335 1542 ejus
1347 1506 1492 1536 famulum,
1506 1505 1612 1532 litteras
1623 1503 1657 1530 ab
1667 1503 1764 1530 eodem

131 1554 239 1581 ἐκεῖθεν
262 1555 381 1586 ἀναστὰς
406 1555 497 1590 εἴχετο
523 1554 596 1587 ὁδοῦ,
621 1555 806 1590 συντυγχάνει
834 1556 874 1591 τῷ
889 1564 920 1583 τε

974 1555 1131 1587 afferentes,
1155 1554 1182 1581 itt
1203 1553 1305 1588 quibus
1322 1557 1394 1585 erat,
1420 1559 1454 1579 ne
1472 1559 1546 1578 nunc
1560 1550 1675 1579 veniret,
1691 1548 1764 1578 quod

133 1599 201 1635 παρ’
224 1599 308 1627 αὐτοῦ
344 1600 413 1636 πρὸς
452 1601 685 1636 πρωτοστράτορα
722 1602 921 1638 ἀπεσταλμένῳ

132 1646 278 1682 πρότερον,
290 1647 338 1674 καὶ
350 1647 436 1682 ἑτέρῳ
457 1646 512 1674 τῶν
527 1648 633 1675 ἐκείνου
646 1649 771 1683 οἰκετῶν,
791 1650 816 1676 οἳ
830 1651 922 1686 γράμ-

134 1700 210 1728 ματα
225 1693 258 1718 ὲκ
284 1691 531 1727 πρωτοστράτορος
560 1693 704 1728 παρεῖχον,
729 1693 747 1720 ἃ
763 1694 867 1729 ἐμήνυε
883 1694 922 1729 μὴ

133 1739 182 1767 νῦν
196 1739 275 1774 ήκειν
288 1738 354 1773 παρ’
375 1739 457 1765 αὐτὸν
481 1738 520 1770 ὠς
536 1739 741 1774 Θεσσαλονίκην
756 1739 787 1767 οὐ
804 1739 923 1775 δυνάμεν-

103 1780 113 1788 ’
134 1793 182 1812 νον
205 1784 403 1820 παραδιδόναι*
419 1785 490 1812 ἀλλὰ
518 1785 629 1821 Κρέλην
643 1786 779 1822 πρότερον
797 1787 846 1814 καὶ
871 1787 923 1821 τὴν

135 1830 241 1858 ἑκείνου
268 1830 385 1865 δύναμιν
422 1831 693 1866 προσεταιρίζεσθάι·
720 1832 817 1859 ἔπειτα
845 1833 923 1868 ἥκειν

136 1879 205 1914 πρὸς
220 1878 311 1904 αὐτόν.
328 1877 439 1904 Βασιλεῖ
455 1877 483 1904 δὲ
495 1878 577 1909 εὐθὺς
592 1879 642 1913 μὲν
657 1879 695 1910 ὡς
718 1879 749 1905 οὐ
767 1879 838 1906 κατὰ
852 1879 922 1913 γνώ-

137 1933 193 1960 μην
204 1924 239 1951 τὰ
255 1925 407 1960 πράγματα
418 1924 537 1960 ἀπήντα,
554 1924 629 1951 δεινά
644 1925 732 1960 εἰσῄει
745 1925 922 1957 ὑποπτεύειν,

135 1971 211 2005 ὅμως
233 1970 261 1996 δὲ
285 1969 446 2003 ἀναγκαίως
470 1978 566 2004 προσω
582 1971 681 2005 χωρεῖν
697 1971 787 2006 ἔκρινε
819 1970 921 2006 μᾶλλον

135 2015 203 2042 δεῖν.
220 2016 275 2042 Καὶ
291 2016 355 2051 περὶ
369 2016 420 2050 τὴν
437 2016 553 2051 Δράμαν
568 2015 666 2047 exeam,
690 2016 924 2051 ἐστρατοπέδευσε

137 2061 207 2096 πρός
221 2069 282 2087 τινα
297 2061 395 2096 κώμην
418 2061 602 2095 Κωδωνιανὴν
632 2062 923 2096 προσαγορευομένην.

138 2107 364 2142 Πρωτοστράτωρ
389 2106 416 2133 δδ
445 2107 492 2133 καὶ
518 2107 607 2138 ἄλλως
627 2108 677 2142 μὲν
709 2107 779 2142 πρὸς
807 2108 871 2139 τοὺς
895 2108 925 2134 ὲν

137 2153 327 2188 Θεσσαλονίκῃ
341 2152 469 2186 Ζηλωτάς
482 2152 644 2187 ὑπέφριττε.
664 2153 712 2179 καὶ
730 2152 926 2188 μαλακώτερον

137 2199 241 2234 ἥπτετο
267 2182 327 2225 τῶηῖ
349 2182 523 2233 πραγμάτων
543 2182 703 2234 ¹ἀμφίέολιις
719 2182 773 2226 ὧν·
803 2200 851 2226 καὶ
876 2182 942 2226 οὐκ.

137 2246 240 2280 ἐτόλμα
267 2245 397 2280 καθαρῶς
423 2244 491 2280 πρὸς
517 2246 580 2277 τοὺς
597 2245 708 2280 ἀγῶνας
738 2245 903 2272 ἀποδύεσθαι
918 2254 925 2261 ⁸

137 2291 197 2317 τότε
212 2290 242 2317 δὲ
256 2291 373 2324 μάλιστα
390 2291 422 2316 ὲκ
442 2289 588 2322 Βυζαντίου
604 2290 754 2324 πέμπουσέ
771 2290 927 2326 ὶθορυῦήθη

138 2338 154 2371 ἡ
178 2337 268 2371 γυνὴ,
283 2337 435 2370 φάσκουσα,
461 2333 509 2367 ὡς’
525 2337 581 2367 τοῖς
597 2335 714 2363 ἐνταῦθα
731 2335 862 2371 ἄρχουσιν
888 2337 930 2363 ὃτι

139 2381 363 2416 Καντακουζηνῷ
380 2381 531 2416 διαλέγοιτο
557 2381 757 2417 πεπυσμένοις,
785 2381 927 2409 δεινότατα

139 2427 209 2463 αὐτῇ
226 2436 255 2454 τε
280 2429 327 2454 καὶ
344 2428 424 2454 παισὶ
438 2427 486 2455 καὶ
502 2427 615 2460 οίκείοις
639 2427 812 2463 ἁπειληθείη,
837 2428 862 2454 ει
888 2428 926 2462 μὴ

973 1601 1196 1630 Thessalonicam
1223 1598 1368 1627 transdere
1393 1605 1447 1625 non
1473 1601 1566 1632 posset
1586 1604 1595 1625 :
1621 1595 1668 1622 sed
1687 1595 1768 1629 prius

971 1645 1099 1673 Chreletn
1124 1651 1186 1673 cum
1208 1644 1269 1679 ejus
1291 1643 1379 1677 copiis
1403 1641 1456 1670 sibi
1481 1641 1663 1677 adjungeret.
1684 1645 1765 1675 atque

974 1692 1010 1719 ita
1036 1691 1146 1718 demum
1166 1689 1320 1717 adveniret.
1342 1689 1495 1723 imperator
1509 1686 1641 1722 quoniam
1657 1694 1700 1713 res
1717 1686 1766 1713 ad-

973 1744 1072 1764 versus
1088 1736 1259 1763 voluntatem
1274 1736 1342 1767 ibat,
1356 1735 1449 1762 statim
1463 1734 1584 1769 graviter
1597 1733 1765 1768 suspicatus,

974 1784 1157 1811 nihilominus
1186 1782 1300 1817 omnino
1314 1779 1672 1817 procedendumjudicavit.
1684 1778 1768 1805 Cum-

974 1838 1028 1865 que
1055 1836 1142 1865 prope
1164 1829 1292 1856 Dramam
1322 1831 1407 1858 esset,
1434 1826 1506 1861 apud
1522 1826 1612 1852 vicum
1629 1824 1765 1852 Codonia-

974 1883 1038 1903 nam
1060 1874 1227 1910 appellatum
1251 1879 1342 1901 castra
1364 1877 1484 1900 metatus
1508 1875 1561 1898 est.
1578 1871 1767 1897 Protostrator

974 1925 1002 1949 et
1025 1920 1127 1954 alioqui
1157 1923 1269 1956 propter
1292 1919 1419 1948 Zelotas.
1445 1917 1492 1952 qui
1516 1919 1596 1944 erant
1620 1914 1766 1941 Thessalo-

975 1967 1045 1994 nica:
1071 1966 1146 2001 (92),
1172 1964 1301 1992 nonnihil
1317 1963 1466 1993 horrebat,
1487 1961 1665 1995 incertusque
1681 1959 1766 1987 animi

976 2013 1072 2048 agebat
1097 2011 1254 2046 languidius
1274 2018 1282 2036 :
1309 2017 1360 2036 nec
1379 2007 1555 2042 simpliciter,
1574 2011 1768 2041 utgeuerosus

977 2060 1079 2086 athleta
1104 2058 1130 2086 in
1145 2058 1254 2084 theatro
1272 2061 1375 2083 vestem
1392 2054 1426 2082 ad
1443 2054 1580 2081 luctamen
1595 2058 1696 2079 exuere
1710 2050 1765 2085 (95)

976 2105 1093 2133 audebat
1117 2112 1124 2130 :
1153 2108 1181 2130 et
1196 2108 1261 2129 tttnc
1280 2100 1403 2134 acceptis
1420 2099 1454 2126 ab
1470 2105 1561 2139 uxore.
1577 2097 1707 2133 Bylantio
1722 2096 1767 2123 lit—

978 2152 1054 2183 teris,
1071 2149 1234 2178 turbabatur
1247 2147 1377 2179 maxime,
1394 2146 1421 2173 in
1435 2145 1538 2180 quibus
1547 2149 1610 2172 erat
1620 2143 1766 2178 scriptum,

979 2197 1116 2233 principes
1136 2194 1250 2227 ibidem,
1271 2192 1346 2228 quod
1363 2192 1506 2219 audissent
1523 2198 1587 2219 eum
1611 2197 1674 2217 cum
1694 2188 1767 2217 Can-

981 2249 1114 2271 tacuzeno
1140 2247 1230 2276 agere,
1246 2239 1299 2267 sibi
1326 2237 1423 2266 liberis
1443 2245 1475 2264 ac
1492 2235 1652 2264 domesticis
1669 2236 1767 2262 imma-

982 2290 1026 2317 nia
1053 2289 1241 2319 denuntiassc,
1258 2285 1312 2313 nisi
1327 2285 1386 2320 ipse
1401 2292 1417 2311 a
1435 2283 1507 2310 malo
1523 2283 1646 2310 facinore
1661 2286 1766 2316 tempe»

983 2335 1060 2362 rarit.
1082 2335 1174 2367 Quare
1194 2332 1293 2360 orabat
1308 2331 1416 2362 mulier,
1434 2332 1546 2356 caveret
1562 2335 1597 2355 ne
1612 2327 1672 2362 ejtts
1685 2334 1769 2354 causa

979 2380 1058 2407 malis
1074 2379 1280 2414 itnplicarcntur
1293 2376 1473 2412 gravissimis.
1485 2373 1550 2401 Ideo
1568 2381 1598 2400 se
1614 2379 1725 2407 quoque
1742 2372 1769 2399 ei

977 2426 1086 2454 obviam
1115 2432 1169 2452 non
1197 2423 1321 2454 venisse,
1343 2427 1371 2449 et
1393 2420 1502 2449 Chrelis
1517 2419 1678 2446 societatem
1697 2425 1768 2452 prte-

770 2481 876 2515 Iacobi
891 2483 1024 2515 Pontaui
1037 2486 1132 2513 uotae.
1176 2476 1180 2481 ’

178 2536 324 2604 (θιὸθεῖος
347 2536 521 2572 imperatoris
540 2542 723 2572 protostrator
739 2538 850 2574 proprie
871 2546 924 2565 non

178 2577 204 2599 il.
244 2579 309 2599 uare
321 2572 391 2599 istuc
406 2573 566 2601 vocabulum
586 2574 636 2601 hoc
652 2574 710 2600 loco
723 2575 813 2604 notius
826 2574 924 2604 afﬁnem

140 2573 206 2609 fuit._
219 2572 309 2609 Quare
321 2572 391 2609 istuc
406 2573 566 2609 vocabulum
586 2574 636 2601 hoc
652 2574 710 2600 loco
723 2572 813 2609 potius
826 2574 927 2608 afﬁnem

141 2607 310 2644 reddendum
337 2607 628 2644 fuittProtostratoris
656 2607 730 2636 enim
759 2611 819 2644 ejus
843 2607 926 2635 liliatu

142 2642 250 2669 Mauttel
274 2644 378 2670 Asanes
396 2643 479 2670 frater
494 2643 585 2671 uxoris
601 2642 785 2672 Cautacuzcni
811 2645 929 2672 habebat

141 2684 267 2705 uxorem.

179 2712 234 2749 (92)
256 2712 290 2739 Hi
313 2713 384 2749 quod
411 2714 561 2749 Palzeologo
588 2719 682 2741 contra
709 2714 928 2742 Cantacuzenum

142 2747 294 2780 studerent,
321 2748 359 2775 ita
378 2747 564 2777 nominantur.
591 2750 692 2777 Eorum
715 2750 834 2777 facinora
858 2750 927 2776 mala

142 2782 278 2823 deipceps
298 2787 478 2823 exponentur.
494 2784 586 2823 Genus
604 2785 744 2823 hominum
766 2787 824 2823 sine
844 2793 884 2817 re,
901 2790 929 2812 et

142 2817 367 2854 audacissimum,
383 2818 633 2851 seditiosissimum,
649 2820 875 2854 pcrditissimum.

182 2851 238 2891 (ξὸ)
263 2853 291 2879 ln
320 2854 513 2891 certaminibus
535 2851 683 2891 Olympicis
714 2855 824 2891 athletae
853 2854 928 2891 prius

144 2886 268 2915 ferebant
288 2888 471 2924 subligacula,
491 2886 577 2924 quod’
597 2886 729 2918 testantur
754 2886 928 2926 Thucydides

980 2538 1029 2565 lib.
1047 2545 1091 2569 ttt;
1115 2535 1328 2570 Attgltst.,Civit.
1348 2535 1395 2561 lib.
1419 2542 1475 2567 xw,
1500 2534 1609 2570 cape”
1623 2542 1630 2563 ;
1643 2536 1736 2570 postea
1755 2540 1768 2557 a

983 2567 1195 2600 Lacedaemoniis
1221 2567 1374 2598 institutum
1402 2574 1453 2600 est,
1469 2574 1496 2596 ut
1518 2567 1627 2595 nudatis
1654 2567 1769 2600 oleoque

983 2607 1100 2642 perfusis
1134 2607 1296 2641 corporibus
1334 2606 1526 2642 decertarent.
1548 2604 1768 2642 _notui_naturqttc

983 2637 1086 2677 primus
1112 2637 1194 2677 hujus
1220 2642 1259 2668 rei
1276 2646 1382 2677 auctor,
1398 2639 1534 2677 llananlus
1548 2637 1770 2677 Lacedmtnoaius

982 2674 1016 2705 ab
1032 2678 1092 2704 aliis
1110 2674 1260 2704 Neanthus.
1278 2676 1346 2703 llinc
1359 2676 1415 2710 ipsa
1432 2675 1490 2701 leva
1510 2674 1634 2710 ludorum
1656 2679 1763 2710 gytnuzt

979 2714 1032 2745 sia,
1050 2718 1077 2740 et
1092 2713 1141 2747 ipsi
1158 2712 1213 2739 ludi
1237 2707 1376 2748 appellati'
1389 2709 1592 2748 suntgymuici:
1609 2707 1766 2748 litlvcrbum

979 2741 1156 2779 ἀποδύεσθαι,
1179 2741 1261 2781 (ιιιοιΓ
1274 2741 1318 2774 est
1341 2752 1425 2773 vestes
1444 2741 1548 2775 cidere,
1560 2744 1593 2781 ad
1612 2741 1766 2781 hujusmodi

979 2783 1158 2810 certaminum
1188 2779 1449 2816 praeparationem,
1476 2779 1767 2816 exercitatiouctnqut:

979 2814 1211 2845 accommodatur;
1221 2817 1290 2843 Attte
1304 2817 1328 2842 id
1346 2821 1453 2851 tempus
1464 2814 1632 2842 vcrecumlim
1643 2819 1724 2851 causa

981 2854 1084 2880 nudare
1115 2860 1166 2880 non
1187 2852 1334 2878 audebant.
1363 2847 1496 2877 lloiuerus
1521 2856 1629 2884 quoque
1653 2849 1680 2874 in
1696 2847 1770 2874 ludis

979 2896 1087 2923 semper
1105 2888 1259 2916 succinctos
1280 2887 1377 2914 heroas
1388 2886 1503 2914 inducit.
