1931 3090
189 142 243 175 919

775 144 934 174 JOANNIS
951 145 993 176 CA
999 146 1213 177 NTACUZENI

1767 147 1817 179 920

189 201 328 232 texuisse,
348 205 376 227 ut
400 200 503 227 interea
523 199 575 226 loci
593 199 665 234 quod
682 199 708 226 in
728 208 784 227 rem
800 208 877 228 suam
891 201 976 236 potis-

1038 203 1145 231 παύοιτο
1159 203 1272 230 τοιαῦτα
1286 202 1452 238 κακουργῶν
1463 212 1470 219 ·
1484 203 1502 231 ἃ
1525 203 1713 238 φυλάττεσθαι
1730 205 1817 232 ἐδεῖτο

190 246 290 274 simum
318 246 380 277 ﬁet.
404 246 588 280 considerare.
603 246 702 280 possit.
719 246 787 273 Dum
811 246 976 276 Codonianae

189 297 345 320 moraretur
361 292 521 326 imperator,
536 291 663 319 Chrelem
681 292 714 319 ad
731 300 771 325 se,
792 293 837 327 qui
851 301 885 320 ex
898 298 977 326 pacto

188 340 244 375 jam
270 339 387 372 adesset,
402 339 557 366 accersivit.
577 339 602 367 ls
618 344 646 366 et
659 344 722 367 ante
735 348 765 367 se
783 339 821 367 illi
838 340 923 368 fuisse
950 345 978 368 et

190 385 271 412 modo
278 391 338 412 esse
353 384 550 412 amicissimum
566 385 759 418 conﬁtebatur,
775 387 871 414 timere
885 391 976 414 autem

190 438 224 458 ne
245 431 377 464 Romani,
394 431 559 466 quibuscum
570 431 672 459 bellum
689 432 812 463 haberet.
833 432 978 461 facultates

190 484 254 504 suas
265 470 378 504 in'locis
396 477 472 505 nullo
487 485 602 512 prorsus
616 478 769 506 munimine
789 479 855 506 tutis
867 479 977 514 disper-

191 530 236 550 sas
258 522 399 558 diripiant.
421 523 509 551 Urbes
533 523 618 557 enim,
637 524 738 558 quibus
754 524 844 552 adhuc
859 525 977 561 principi

191 567 378 596 Triballorum
401 576 501 604 parens
515 569 686 604 imperasset,
704 569 849 598 demortuo
863 571 980 605 impera-

192 614 256 645 tori,
284 614 359 648 quod
383 615 485 649 optime
505 620 608 646 nosset,
630 616 822 648 transdidisse,
847 621 875 643 et
891 616 979 644 fortu-

192 667 244 686 nas
267 667 330 686 suas
357 660 384 686 in
410 661 569 687 suburbano
588 661 713 688 Melenici
737 661 852 689 habere.
875 662 977 695 Quare,

192 705 246 732 nisi
274 705 436 732 Melenicum
460 707 516 740 ipse
538 707 687 741 subegerit,
712 708 844 735 accedere
865 708 897 735 ad
914 716 977 735 eum

191 756 248 777 non
270 758 350 785 posse
369 759 375 777 :
394 751 434 778 sic
460 751 533 778 enim
548 756 575 778 et
590 759 619 778 se
630 752 765 780 conﬁsum
782 752 816 779 de
833 753 890 779 suis
909 753 978 780 nihil

185 795 371 828 .amissurum,
397 796 524 824 alacriter
540 805 614 824 arma
627 797 797 832 juncturam.
819 798 979 832 Imperatori

195 841 269 869 illico
292 843 349 877 visa
364 843 455 870 omnia
474 843 692 878 impeditissima.
713 844 780 871 Nam
797 849 824 872 et
839 853 871 872 ex
890 845 980 872 Mace-

1030 249 1069 284 μὴ
1082 249 1175 276 κακῶν
1201 250 1293 281 αὐτοῖς
1320 249 1481 284 ἀνηκέστων
1495 249 1582 281 αῐτιος
1601 252 1740 286 καταστῇ.
1768 248 1817 278 Ὧν

1027 295 1108 322 ἕνεκα
1123 296 1170 322 καὶ
1186 295 1267 327 αὐτὸς
1285 296 1338 330 τὴν
1354 296 1447 329 ἄφιξιν
1469 296 1626 330 ἀπηγόρευε
1642 297 1685 331 τῷ
1714 297 1818 331 βασιλεί

1027 341 1076 376 τὴν
1100 341 1191 375 Χρέλη
1219 340 1457 376 προφασιζόμενος
1487 342 1636 377 ἑταιρείαν,
1654 342 1695 373 ὥς
1724 344 1753 368 ὲν
1781 343 1818 379 τῷ

1031 387 1133 422 μεταξὺ
1146 387 1236 422 χρόνῳ
1255 387 1290 413 τὰ
1307 388 1425 420 μάλιστα
1436 388 1629 415 λυσιτελοῦντα
1643 383 1738 422 ἒαυτῷ
1757 396 1818 414 σκε-

1028 433 1156 467 ψόμενος.
1177 432 1223 460 Ἐν
1237 428 1259 466 ᾧ
1276 432 1304 458 δὲ
1334 432 1347 458 δ
1365 432 1494 466 βασιλεὺς
1526 433 1765 468 ἐστρατοπέδευεν
1792 434 1819 460 έν

1030 479 1209 513 Κωδωνιανῇ,
1224 478 1337 513 πέμψας
1368 479 1436 514 πρὸς
1457 479 1578 514 Χρέλην,
1597 478 1727 505 ἐκέλευεν
1742 480 1819 512 ἥκειν

1032 524 1100 558 πρὸς
1111 523 1193 551 αὐτὸν
1207 524 1279 550 κατὰ
1291 524 1320 550 τὸ
1331 523 1456 559 σύνθημα
1468 524 1592 551 ἐλθόντα.
1610 524 1641 551 ’0
1649 524 1673 551 δ’
1685 525 1819 559 ὡμολόγει

1032 568 1165 603 πρότερόν
1177 577 1207 594 τε
1221 569 1268 595 καὶ
1284 569 1331 595 νῦν
1346 569 1396 604 οὐχ
1424 569 1526 604 ἥκιστα
1550 568 1647 601 εὔνους
1666 566 1741 596 εἶναι
1755 569 1820 604 πρὸς

1031 614 1129 641 αὐτόν·
1158 614 1308 641 δεδοικέναι
1323 615 1352 641 δὲ
1376 615 1530 649 Ῥωμαίους
1556 615 1619 646 τοὺς
1648 614 1725 649 αὐτῷ
1742 615 1820 641 πολε-

1033 659 1163 693 μοῦντας,
1199 659 1236 695 μὴ
1270 659 1444 694 διαρπάσωσι
1479 661 1514 687 τὰ
1542 660 1608 687 ὄντα
1643 661 1674 687 έν
1709 660 1819 695 χωρίοις

1032 705 1198 741 ἀτειχίστοις
1225 706 1454 741 διεσκεδασμένα.
1483 706 1540 738 Τὰς
1574 706 1630 743 γὰρ
1665 706 1761 737 πόλεις
1785 703 1820 733 ὧν

1031 749 1100 787 ἦρχε
1128 751 1261 786 πρότερον
1275 752 1328 778 uno
1343 752 1382 787 τῷ
1408 752 1569 787 Τριϐαλλῶν
1595 752 1711 788 ἄρχοντι
1737 753 1818 779 τελῶν

1033 797 1254 831 παραδεδωκέναι
1283 797 1398 832 βασιλεῖ,
1417 798 1454 829 ῶς
1483 798 1532 825 καὶ
1564 798 1647 830 αὐτὸς
1664 798 1722 825 τῶν
1737 798 1820 825 ἄλλων

1035 843 1136 878 μᾶλλον
1151 843 1273 871 σύνοιδεν
1284 853 1291 860 ·
1306 843 1388 875 αὐτὸς
1403 843 1432 870 δὲ
1457 843 1618 879 τὴνούσίαν
1633 845 1663 871 ὲν
1678 844 1720 880 τῷ
1736 845 1818 871 Μελε-

195 888 276 915 donia
293 890 392 917 reverti
410 889 481 916 haud
498 890 550 917 sibi
566 890 708 923 decorum,
724 896 751 918 et
764 899 878 927 pergere
896 899 979 926 porro

1038 890 1107 916 ιίκου
1141 890 1298 924 προαστείῳ
1329 891 1422 916 πᾶσαν
1452 889 1537 924 ἔχειν.
1565 889 1606 916 Δι’
1631 890 1650 917 ἃ
1681 891 1713 917 οὐ
1743 890 1818 917 δύνα-

195 934 223 961 in
252 935 435 968 occidentem,
449 935 554 963 Chrelm
574 944 605 964 ac
624 938 830 971 protostratoris
850 937 982 965 societate

195 980 367 1014 destitutum,
389 989 484 1016 parum
500 981 661 1015 frugiferum
676 983 821 1010 sentiebat.
837 982 919 1019 473
935 983 982 1010 Li-

195 1025 255 1052 buit
271 1025 354 1060 igitur
365 1026 494 1061 experiri,
509 1034 574 1053 num
587 1026 749 1054 Melenieum
764 1027 798 1054 ad
814 1027 982 1055 deditionem

195 1071 376 1098 voluntariam
389 1075 481 1106 posset
492 1071 649 1104 adducere;
666 1080 748 1107 quam
761 1073 847 1100 armis
871 1078 927 1100 tum
945 1072 982 1100 ob

164 1112 168 1115 ’
195 1115 248 1143 loci
258 1116 353 1147 situm,
373 1117 470 1144 ltnuob
484 1118 665 1144 munitionem
676 1118 874 1146 validissimam
886 1126 983 1154 cogere

195 1162 340 1196 nequibat.
353 1162 447 1197 itaque
459 1163 639 1191 clandestinis
652 1164 832 1192 internuntiis
841 1172 904 1192 cum
916 1165 984 1191 ami-

195 1207 246 1240 cis,
266 1215 336 1241 quos
355 1207 391 1235 ibi
412 1208 540 1240 habebat.
562 1210 596 1236 de
611 1209 768 1244 proditione
783 1207 849 1245 agit.
862 1211 897 1236 At
912 1210 984 1237 Phe-

196 1253 234 1280 ris
249 1253 347 1288 Syrges
366 1259 393 1282 et
415 1255 644 1290 metropolitanus
660 1256 747 1288 urbis,
766 1257 813 1291 qui
843 1256 941 1292 aequali
954 1256 983 1284 in

195 1299 392 1334 imperatorem
416 1301 540 1329 fervebat
559 1302 633 1335 odio,
645 1307 674 1330 et
689 1302 884 1330 Monomachus
900 1302 986 1330 Thcs-

196 1345 271 1372 saliaa
285 1351 397 1380 praztor,
412 1347 459 1382 qui
476 1347 508 1374 ad
525 1347 628 1383 Syrgen
645 1354 769 1380 venerat,
784 1348 817 1376 ad
830 1349 983 1376 exercitum

196 1391 385 1426 exploratores
408 1394 539 1427 mittunt,
562 1402 610 1429 per
629 1403 698 1430 quos
714 1399 742 1422 et
755 1402 875 1430 quantus
892 1398 983 1426 esset,

196 1443 224 1466 et
239 1439 305 1473 quid
326 1440 464 1474 actitaret,
486 1441 637 1469 discerent.
653 1442 728 1475 Quos
742 1442 786 1470 ille
804 1446 910 1477 captos,
928 1442 984 1468 cir-

196 1493 259 1512 cum
282 1486 434 1515 exercitum
449 1487 523 1519 duci,
541 1492 569 1516 et
585 1496 677 1516 moras
690 1489 724 1516 ad
741 1489 984 1523 contemplandum

196 1531 255 1559 dari
268 1532 365 1567 jussit;
378 1533 484 1561 litteras
498 1533 612 1568 insuper
626 1534 748 1566 tradidit,
761 1534 872 1568 quasiis
886 1533 984 1561 redde-

197 1580 269 1609 rent,
281 1585 398 1612 quorum
414 1579 499 1605 missu
509 1584 654 1606 venerant.
664 1579 713 1606 His
722 1580 833 1613 litteris,
845 1587 926 1614 quam
936 1579 987 1614 By-

197 1622 280 1649 zantii
290 1623 373 1657 impie
381 1628 409 1650 et
419 1623 552 1650 malevole
560 1631 651 1651 secum
659 1628 733 1651 esset
741 1628 843 1656 actum,
853 1631 987 1652 enarrans

151 1676 156 1678 '
198 1675 260 1696 sese
273 1669 404 1696 tuebatur
416 1677 424 1696 :
434 1677 489 1696 non
499 1669 647 1704 imperator
655 1671 677 1697 is
687 1669 783 1697 liberis
797 1669 984 1702 insidiantem,

200 1723 251 1743 nec
269 1716 413 1750 imperium
426 1717 679 1751 concupiscentem,
695 1717 742 1744 sed
763 1717 927 1744 necessitate
949 1717 988 1744 sic

201 1767 316 1798 urgente
326 1767 354 1790 et
366 1771 415 1798 spe
429 1763 522 1798 potius
536 1763 599 1790 belli
611 1763 793 1801 componendi
817 1765 989 1791 communia-

200 1817 255 1843 que
264 1810 406 1837 commoda
416 1809 599 1845 ampliﬁcandi
609 1809 642 1836 ad
654 1810 711 1837 haec
721 1817 886 1845 aggressum.
897 1809 988 1837 Adde—

201 1858 247 1882 bat
273 1855 354 1883 etiarn
376 1856 576 1890 juramentum,
601 1856 671 1883 nihil
689 1864 717 1884 se
733 1855 889 1891 decipiendi
904 1863 987 1883 causa

201 1902 313 1930 dixisse.
334 1902 416 1929 Lecta
433 1902 548 1937 epistola
570 1902 607 1929 illi
625 1901 793 1932 rescribunt,
809 1909 862 1929 non
877 1901 989 1929 aliunde

201 1948 317 1983 magis,.
332 1956 414 1982 quam
442 1947 514 1975 unde
536 1947 558 1975 is
574 1948 672 1975 merito
685 1947 737 1975 sibi
755 1947 924 1974 credendum
939 1954 989 1981 pu-

200 2001 251 2029 tet,
277 1996 312 2023 ob
333 1997 520 2031 juramentum
542 1994 670 2022 videlicet
693 2002 722 2022 se
737 1994 904 2029 conjectare,
922 1993 989 2022 falsa

201 2049 262 2069 esse
272 2049 333 2076 quae
341 2041 451 2069 dixerit.
467 2041 703 2074 Quemadmodum
713 2041 786 2068 enim
799 2044 892 2073 antea,
900 2048 990 2075 quan-

202 2089 238 2115 do
265 2089 291 2115 in
314 2091 390 2115 veste
413 2087 518 2122 privata
537 2088 685 2114 Romanam
705 2094 762 2113 rem
778 2086 989 2117 administrarit,

200 2133 364 2168 juramentis
390 2131 422 2158 ad
450 2131 664 2159 asseverandum
685 2138 739 2158 non
764 2130 924 2165 indiguerit,
941 2130 988 2158 sed

202 2183 309 2205 tantum
334 2178 428 2205 dicere
446 2177 596 2208 suil‘ecerit,
617 2181 645 2203 et
667 2177 728 2211 ejus
741 2177 814 2204 dicta
830 2177 905 2204 omni
926 2184 990 2212 pro-

1037 935 1098 962 σθαι
1111 935 1190 970 ἥκειν
1217 935 1285 971 πρὸς
1315 935 1406 967 αὑτὸν,
1424 935 1448 962 εί
1465 935 1503 970 μὴ
1518 935 1676 963 Μελένικον
1690 936 1818 970 πρότερον

1035 981 1243 1016 ύποποιήσαιτο.
1261 981 1340 1008 Οὕτω
1352 981 1405 1016 γὰρ
1419 982 1466 1008 καὶ
1478 981 1559 1008 αὑτὸν
1583 981 1762 1017 θαρσήσαντα
1785 981 1820 1012 ὡς

1034 1027 1110 1054 οὐδὲν
1140 1027 1194 1054 τῶν
1223 1027 1308 1054 ὄντων
1335 1028 1441 1060 ἀπολεῖ,
1469 1027 1634 1062 συνέψεσθαι
1663 1027 1817 1062 προθύμως.

1035 1073 1145 1099 Βιισιλεῖ
1157 1074 1206 1108 μὲν
1214 1071 1350 1104 οὗνεὺθὺς
1362 1074 1450 1101 ἐδόκει
1457 1075 1546 1101 πάντα
1558 1075 1661 1109 ἄπορα·
1675 1074 1706 1100 τό
1719 1082 1748 1100 τε
1769 1074 1818 1108 γὰρ

1035 1119 1216 1154 ἀναστρέφειν
1233 1120 1266 1146 ὲκ
1283 1120 1465 1152 Μακεδονίας,
1481 1120 1512 1146 οὐ
1527 1119 1596 1155 πρὸς
1617 1119 1703 1147 αὑτοῦ
1715 1119 1817 1146 ἔσεσθαι

1035 1166 1156 1200 ἐνόμιζε,
1167 1166 1252 1192 καὶτὸ
1264 1167 1390 1202 προϊέναι
1400 1167 1467 1201 πρὸς
1475 1167 1596 1202 ἑσπέραν
1604 1166 1656 1201 τὴν
1665 1166 1766 1201 Χρέλη,
1776 1165 1818 1191 καὶ

1036 1212 1278 1248 πρωτοστράιορος
1288 1212 1471 1247 καταλιπόντα
1481 1213 1643 1247 συμμαχίαν
1652 1212 1703 1238 οὐκ
1713 1210 1815 1245 ἀγαθόν.

1042 1258 1144 1285 Ἐδόκει
1167 1257 1196 1284 δὲ
1218 1257 1319 1292 μᾶλλον
1335 1257 1488 1284 Μελενίκου
1503 1257 1660 1292 ἀποπειρᾷν
1676 1257 1701 1283 εί
1716 1255 1818 1282 δύναιτο

1035 1305 1223 1339 προσάγεσθαι
1235 1304 1377 1339 ὁμολογίᾳ.
1391 1304 1505 1336 Ὄπλοις
1522 1303 1575 1338 γὰρ
1593 1302 1748 1338 βιάζεσθαι,
1762 1300 1818 1328 ἁδύ-

1035 1359 1103 1377 νατα
1120 1348 1165 1385 ἦν,
1181 1349 1213 1376 ἔκ
1231 1358 1261 1376 τε
1280 1350 1383 1381 θέσεως
1403 1349 1450 1376 τοῦ
1465 1351 1561 1382 τόπου,
1579 1350 1626 1375 καὶ
1650 1346 1817 1381 κατασκευῆς

1035 1394 1086 1429 τῆς
1103 1394 1208 1425 πόλεως
1221 1394 1399 1429 ὀχυρωτάτης
1419 1393 1514 1429 οὔσης.
1533 1395 1589 1421 Καὶ
1602 1394 1727 1429 πέμψας,
1741 1391 1818 1418 διελέ-

1037 1448 1100 1473 γετο
1115 1439 1208 1474 κρύφα
1220 1440 1276 1470 τοῖς
1290 1436 1366 1466 οὖσιν
1385 1439 1503 1466 ἐνταῦθα
1519 1439 1608 1474 φίλοις
1621 1439 1688 1474 περὶ
1705 1436 1816 1471 παραδό-

1037 1493 1117 1516 σεως.
1132 1485 1242 1519 Συργὴς
1265 1485 1315 1519 μέν
1328 1494 1369 1512 τοι
1386 1486 1418 1513 έκ
1441 1486 1536 1520 Φερῶν
1554 1485 1612 1521 ἅμα
1638 1483 1816 1520 μητροπολίτῃ

999 1555 1022 1584 c
1036 1531 1087 1565 τῆς
1102 1531 1187 1566 αὐτῆς
1204 1531 1310 1563 πόλεως
1322 1531 1373 1566 τὴν
1386 1532 1448 1567 τσην
1462 1531 1611 1566 ἀπέχθειαν
1625 1531 1696 1566 πρὸς
1714 1528 1816 1584 βασιλέα

1039 1577 1267 1613 ἐπιδεικνυμένῳ,
1280 1577 1327 1604 καὶ
1338 1577 1504 1612 Μονομάχῳ,
1518 1577 1557 1612 τῷ
1572 1577 1698 1612 lmipr
1710 1574 1759 1612 ἧκε
1769 1574 1816 1608 γὰρ

1038 1625 1071 1650 ὲκ
1087 1624 1238 1656 Θετταλίας
1255 1624 1382 1655 κάκεῖνος
1401 1623 1470 1658 πρὸς
1493 1623 1586 1656 αὐτὸν,
1613 1623 1767 1657 πέμπουσιν
1781 1621 1815 1650 εἰς

1037 1670 1069 1696 τὸ
1081 1670 1262 1705 στρατόπεδον
1273 1669 1474 1702 κατασκόπους,
1490 1670 1541 1704 τήν
1552 1677 1582 1696 τε
1593 1669 1728 1704 βασιλέως
1742 1674 1815 1700 στρα-

1039 1717 1101 1743 τιὰν
1119 1716 1355 1752 κατασκεψόμενοι
1368 1716 1455 1751 ὁπόση
1473 1716 1528 1751 εἴη,
1543 1716 1592 1743 καὶ
1607 1716 1622 1742 δ
1646 1725 1672 1742 τι
1686 1715 1758 1750 δρῴη
1776 1712 1829 1754 θὲχ

1039 1763 1132 1794 λοντες
1157 1762 1264 1796 μαθεῖν.
1287 1761 1364 1788 Ἐπεὶ
1379 1762 1407 1788 δὲ
1422 1761 1558 1794 ἑάλωσαν,
1572 1762 1622 1796 τήν
1645 1769 1677 1788 τε
1697 1758 1814 1795 στρατιὰν

1040 1807 1150 1833 ἐκέλευε
1163 1807 1344 1842 περιάγοντας
1357 1807 1429 1833 κατὰ
1440 1806 1538 1842 σχολὴν
1550 1806 1682 1841 παρέχειν
1694 1803 1814 1832 κατασκέ-

1031 1853 1166 1886 ,πτεσθαι,
1183 1853 1231 1879 καὶ
1242 1854 1395 1888 γράμματα
1408 1853 1477 1887 πρὸς
1492 1852 1555 1883 τοὺς
1570 1852 1732 1887 πέμψαντας
1744 1849 1815 1883 παρέ·

1041 1907 1107 1933 χων,
1123 1899 1249 1926 ἐκέλευεν
1265 1899 1458 1934 ἀναστρέφειν,
1474 1899 1503 1924 ἐν
1520 1896 1560 1930 οἷς
1578 1898 1645 1933 περὶ
1661 1898 1714 1924 τῶν
1728 1898 1755 1923 ὲν
1770 1896 1815 1922 BU—

1041 1944 1142 1980 ζαντίῳ
1171 1945 1366 1980 γεγενημένων
1390 1945 1429 1976 ὡς
1453 1945 1539 1979 ἀδίκῳ
1568 1947 1615 1971 καὶ
1641 1942 1813 1977 συκοφαντικῇ

1042 1990 1140 2026 γνώμῃ
1167 1990 1306 2026 πραχθείη
1341 1991 1401 2017 κατ’
1432 1991 1517 2017 αὑτοῦ
1546 1990 1654 2024 διεξιὼν
1680 1986 1814 2021 ἀπολογίαν

1041 2038 1160 2064 ἐποιεῖτο
1174 2037 1222 2063 καὶ
1235 2036 1300 2071 περὶ
1314 2035 1424 2067 ἑαυτοῦ,
1441 2036 1479 2067 ὡς
1495 2035 1527 2062 οὐ
1544 2035 1680 2070 βασιλέως
1693 2035 1746 2065 τοῖς
1760 2039 1815 2058 παι-

1042 2084 1084 2109 σὶν
1099 2083 1294 2115 ἐπιϐουλεύων,
1312 2082 1372 2109 οὐδὲ
1386 2081 1526 2117 βασιλείας
1541 2082 1612 2116 ἐρῶν
1625 2081 1751 2110 τοιούτοις
1763 2078 1815 2103 ἐπι·

1042 2128 1158 2164 χειροίη,
1175 2128 1232 2154 ἀλλ’
1254 2128 1364 2163 ἀνάγκῃ
1388 2127 1544 2159 συνελαθεὶς
1567 2127 1655 2154 ἑλπίδι
1680 2125 1725 2153 τοῦ
1738 2131 1814 2151 κατει-

1042 2174 1116 2201 λύειν
1132 2175 1232 2210 μᾶλλον
1247 2175 1293 2201 τὸν
1304 2173 1432 2208 πόλεμον,
1447 2174 1493 2200 καὶ
1505 2174 1539 2200 τὰ
1552 2173 1740 2200 λυσιτελοῦντα
1755 2170 1813 2197 πᾶσι

203 2224 315 2252 ltatione
344 2223 464 2250 ﬁrmiora
493 2223 614 2254 fuerint,
638 2223 712 2257 quod
737 2231 791 2250 non
814 2223 897 2250 modo
919 2223 985 2259 ipsi,

1046 2223 1122 2256 κοινῇ
1144 2222 1242 2248 ποιεῖν.
1261 2219 1423 2255 Προσετίθει
1439 2228 1469 2245 τε
1492 2220 1541 2246 καὶ
1557 2220 1656 2255 ὅρκους
1679 2220 1732 2249 τοῖς
1745 2217 1812 2249 λεγο-

205 2270 253 2297 sed
274 2274 302 2297 et
320 2270 366 2304 qui
381 2270 460 2304 longe
476 2273 552 2296 extra
569 2269 665 2296 urbem
681 2269 833 2296 Romanam
853 2265 998 2302 incolunt;

205 2315 278 2344 haud
303 2316 431 2344 nesciant
455 2324 461 2343 :
486 2315 523 2343 ita
545 2323 631 2347 nunc,
644 2315 666 2342 si
685 2322 715 2342 se
732 2315 784 2342 ﬁde
799 2314 914 2350 dignum
927 2324 993 2343 con-

205 2364 300 2396 seirct,
327 2371 381 2390 non
409 2363 441 2390 ad
462 2362 628 2398 juramenta,
649 2370 710 2397 qua:
729 2361 821 2389 verbis
836 2362 895 2397 ejus
912 2362 992 2390 ﬁdem

204 2409 348 2442 adderent,
370 2409 573 2445 confugiturum
588 2408 682 2436 fuisse.
702 2407 771 2435 Hinc
785 2415 894 2442 quoque
911 2407 993 2435 intel-

206 2456 264 2491 ligi,
290 2463 322 2483 ex
343 2460 444 2490 quanta
468 2455 554 2489 gloria
574 2455 601 2481 in
618 2459 748 2489 quantam
765 2453 944 2489 ignominiam
959 2455 993 2482 ob

207 2508 287 2528 suum
316 2501 406 2528 scelus
430 2508 495 2536 erga
527 2500 708 2536 imperatores
736 2499 881 2528 deciderit.
907 2500 993 2527 Hasce

205 2547 314 2575 litteras
336 2547 433 2574 iisdem
460 2547 683 2582 exploratoribus
707 2547 741 2574 ad
767 2554 830 2574 eutn
847 2547 994 2581 portandas

207 2586 394 2621 committunt.
426 2593 464 2621 Ad
485 2601 532 2621 eas
557 2595 728 2627 respondens
759 2593 991 2625 Cantacuzenus,

205 2639 300 2667 mirari
323 2646 352 2666 se
374 2639 454 2672 dixit,
473 2647 536 2666 cum
552 2638 652 2666 docere
667 2639 744 2673 prius
757 2638 914 2668 debuerint.
931 2645 992 2664 vera

208 2692 265 2712 non
276 2691 336 2712 esse
357 2692 417 2719 qua:
433 2681 584 2720 scripserit,
600 2684 699 2711 deinde
715 2683 747 2710 de
759 2683 923 2718 juramentis
939 2683 996 2710 dis-

209 2735 331 2766 putare:
353 2730 392 2758 illi
411 2738 506 2758 eorum
523 2730 591 2757 nihil
615 2725 802 2761 confutantes,
828 2729 906 2764 quasi
925 2737 995 2764 prat-

211 2777 284 2803 elare
306 2783 418 2811 operam
446 2776 584 2810 posituri,
611 2776 797 2811 juramentum
829 2775 993 2809 carpserint.

211 2821 344 2854 Quoniam
358 2826 449 2849 autem
465 2821 499 2848 de
511 2821 572 2848 aliis
586 2821 672 2855 loqui,
688 2820 791 2854 illaque
804 2827 852 2846 seu
866 2824 994 2853 tanquam

211 2874 275 2893 vera
296 2867 426 2900 credere,
453 2875 502 2895 seu
525 2871 654 2901 tanquam
672 2867 738 2893 falsa
758 2866 883 2893 refellere
900 2866 996 2893 uoltth

1046 2267 1150 2302 μένοις,
1164 2267 1202 2298 ὡς
1217 2266 1294 2293 οὐδὲν
1306 2267 1349 2301 εῐη
1365 2267 1434 2301 πρὸς
1447 2266 1556 2300 ἀπάτην
1572 2265 1726 2301 είρημένον.
1739 2263 1766 2289 Οἱ
1779 2261 1811 2292 δὲ,

1045 2312 1107 2338 ἐπεὶ
1121 2312 1156 2338 τὰ
1168 2311 1322 2346 γράμματα
1337 2311 1470 2345 ἀνέγνων,
1489 2310 1660 2344 ἀντέγραφον
1678 2309 1722 2336 καὶ
1736 2304 1812 2334 αὐτοὶ,

1045 2357 1083 2389 ὼς
1097 2358 1147 2384 οὐκ
1162 2357 1272 2384 ἄλλοθέν
1285 2357 1368 2383 ποθεν
1394 2356 1503 2391 μᾶλλον,
1523 2356 1540 2391 ἢ
1557 2355 1588 2388 ἐξ
1604 2353 1641 2382 ὧν
1656 2354 1732 2385 αὐτὸς
1754 2351 1812 2377 ἵεται

1045 2402 1115 2430 εἶναι
1138 2403 1243 2435 δίκαιος
1257 2403 1432 2430 πιστεύεσθαι
1448 2403 1502 2429 τῶν
1520 2403 1610 2437 ὅρκων
1627 2401 1704 2435 δῆθεν
1726 2396 1812 2425 αὐτοὺς

1046 2449 1310 2484 καταστοχάζεσθαι,
1321 2448 1359 2479 ὡς
1371 2449 1421 2475 οὐκ
1438 2449 1472 2475 ἂν
1483 2449 1525 2483 εἴη
1538 2448 1572 2474 τὰ
1583 2447 1713 2482 εἰρημένα
1724 2441 1810 2477 ἀληθῆ-

1047 2497 1077 2522 Εἱ
1092 2495 1146 2531 γὰρ
1162 2495 1256 2530 ὥσπερ
1272 2495 1318 2521 καὶ
1334 2495 1465 2531 πρότερον
1480 2494 1559 2530 ἡνίκα
1573 2494 1709 2527 ἰδιωτικὴν
1723 2489 1811 2523 ἐσθῆτα

1045 2541 1127 2576 ἔχων,
1142 2542 1175 2568 τὰ
1203 2542 1354 2576 πράγματα
1380 2540 1528 2575 Ῥωμαίοις
1550 2540 1652 2574 διῴκει,
1666 2540 1748 2573 ὅρκων
1769 2534 1811 2560 οὐκ

1046 2587 1140 2620 ἐδεῖτο,
1157 2588 1186 2614 ὲν
1205 2585 1245 2618 οἷς
1265 2587 1452 2622 ίσχυρίζεσθαι
1467 2587 1560 2622 ἐχρῆν,
1577 2586 1636 2613 ἀλλ’
1651 2586 1726 2620 ἢρκει
1742 2580 1810 2616 μόνον

1047 2634 1146 2665 εἰπεῖν,
1165 2634 1212 2659 καὶ
1226 2633 1318 2668 πάσης
1332 2632 1496 2666 ἀποδείξεως
1515 2633 1677 2667 ἰσχυρότερα
1697 2629 1728 2655 τὰ
1747 2627 1809 2659 ElP‘l‘

1049 2680 1117 2715 μένα
1131 2677 1211 2712 εἷναι,
1231 2679 1325 2714 ὣσπερ
1349 2679 1379 2706 οὑ
1395 2679 1475 2713 μόνον
1489 2679 1566 2704 αὐτοὶ
1589 2677 1734 2705 συνίσασιν,
1752 2668 1810 2700 ἀλλὰ

1048 2725 1127 2752 καὶοὶ
1144 2726 1237 2761 πόρρω
1249 2727 1298 2760 τῆς
1317 2724 1459 2759 Ῥωμαίων
1471 2724 1522 2758 γῆς
1537 2721 1738 2757 κατῳκισμένοι·
1750 2715 1807 2742 οὕτω

1048 2772 1094 2797 καὶ
1110 2771 1167 2801 νῦν.
1185 2771 1208 2797 εί
1224 2771 1396 2803 ἀξιοπιστίαν
1412 2770 1485 2804 αὑτῷ
1501 2769 1620 2804 συνῄδει,
1631 2769 1678 2794 οὐκ
1692 2767 1721 2792 ἂν
1733 2764 1807 2798 ὅρκων

1049 2817 1146 2852 ἐδεήθη
1175 2817 1242 2851 πρὸς
1270 2817 1302 2843 τὸ
1321 2815 1495 2842 πιστεύεσθαι
1522 2806 1806 2849 συναιρομένων-’Όθεν

1050 2865 1095 2890 καὶ
1112 2863 1163 2899 χρὴ
1180 2863 1297 2898 συνορᾷν
1312 2863 1341 2895 ἐξ
1352 2863 1410 2894 οἵας
1426 2861 1505 2896 δόξης
1521 2862 1560 2892 εἰς
1571 2861 1630 2887 οἵαν
1643 2860 1672 2886 ὲκ
1686 2855 1729 2884 τοῦ
1741 2853 1805 2889 βασι·
