1931 3090
96 189 148 222 921

663 189 937 232 HISTO‘RIARUM
956 189 989 218 ιι
999 175 1071 227 mia
1094 189 1148 220 Ill.

1678 192 1733 224 922

97 249 192 276 λεῦσιν
209 249 347 284 ἀγνώμων
364 248 509 283 φαίνεσθαι
528 247 636 282 ἀδοξίαν
652 249 822 284 κατηνέχθη,
841 249 888 276 καὶ

943 248 1007 280 rint,
1028 249 1075 276 sed
1091 249 1124 276 de
1138 248 1302 283 iuramentis
1318 249 1452 278 duntaxat
1466 251 1570 286 aliquid
1583 253 1731 285 verborum

97 297 156 328 τοῖς
168 296 260 327 αὐτοῖς
275 296 464 327 κατασκόποις
481 297 698 330 παρασχόμενοι,
716 296 794 330 ἄγειν
808 294 898 330 αὖθις,

98 342 169 377 πρὸς
186 342 268 368 αὑτὸν
283 341 425 369 ἒκέλευον.
438 342 509 377 Πρὸς
524 342 551 375 ἃ,
569 341 722 377 θαυμάζειν
736 342 826 369 αὐτῶν
842 343 890 369 ἀν-

96 391 237 425 τέγραφεν
253 390 268 415 ό
286 389 422 424 βασιλεὺς,
437 389 462 415 εἰ
476 389 537 415 δέον
550 390 683 424 πρότερον
694 389 729 416 τὰ
743 389 888 424 εἰρημένα,

97 437 123 462 εἰ
148 437 200 462 οὐκ
224 435 312 470 ἀληθῆ
339 436 542 469 ἀποδεικνύναι,
561 436 657 462 ἔπειτα
681 436 810 471 καὶπερὶ
835 435 890 462 τῶν

97 483 189 517 ὅρκων
213 482 395 516 διαλέγεσθαιο
413 483 442 513 al
460 482 482 509 δ’
507 483 619 508 ἐκείνων
642 482 824 517 ἀποσχόμενοι
841 481 890 508 καὶ

97 527 274 558 ἀντειπόντες
290 527 358 562 πρὸς
379 527 472 561 μηδὲν,
489 527 535 553 ἐπὶ
548 528 611 559 τοὺς
627 528 725 561 ὅρκους
751 527 889 561 καταφεύο

97 580 205 605 γουσιν,
229 571 326 606 ὥσπερ
343 580 368 598 τι
392 570 534 606 προῦργου
554 571 712 606 νομίζοντες
730 573 827 598 ποιεῖν·
850 572 891 598 ὅτι

96 618 120 644 δ’
134 618 229 649 αὐτοῖς
246 619 312 653 περὶ
329 617 382 644 τῶν
399 618 488 644 ἄλλων
502 617 674 652 διαλέγεσθαι
692 617 890 650 καταλιποῦσι,

97 664 149 691 καὶ
163 664 180 699 ἢ
197 664 339 693 πείθεσθαι
354 664 391 695 ὡς
406 664 544 699 ἀληθέσιν,
561 664 577 700 ἢ
598 665 635 696 ὡς
650 664 757 691 ἐναντία
769 664 890 698 ἔχουσιν,

98 710 234 745 ἐλέγχειν,
250 711 315 746 περὶ
329 711 384 736 τῶν
401 711 490 745 ὅρκων
512 711 602 746 μόνων
624 711 713 737 εἰπεῖν
736 719 762 737 τι
786 711 891 746 βέλτιον

97 757 241 791 ἐνομίσθη,
253 765 286 782 πε
292 757 318 791 pi.
329 756 417 783 αὐτῶν
429 757 645 792 ἀποκρινεῖσθαι,
657 757 704 783 κα)⁸
715 757 796 783 αὐτὸν
807 757 891 784 τᾶλλα
920 758 924 763 “

97 803 268 838 ὑπερϐάντα.
278 804 346 837 Ἐγὼ
358 803 456 835 τοίνυν,
465 803 582 838 ἔγραφε,
592 803 695 838 νομίζω
709 804 772 834 τοὺς
780 805 890 839 ὅρκους,

97 849 115 884 ἦ
133 849 179 876 διὰ
198 849 227 876 τὺ
247 849 284 884 μὴ
299 850 360 880 τοὺς
376 849 528 884 ὀμνύοντας
543 849 694 884 ἀξιόχρεως
712 850 782 885 πρὸς
796 851 890 877 πίστιν

100 894 173 922 εἶναι
187 896 324 928 γίνεσθαι,
341 895 356 930 ἢ
372 896 463 922 διὰτὸ
478 897 542 927 τοὺς
558 895 720 931 δεχομένους
737 896 752 930 ἢ
771 896 890 930 φαύλους

98 941 165 972 τοὺς
186 942 302 976 τρόπους
320 939 400 974 εἶναι,
424 941 440 976 ἢ
457 941 502 968 διὰ
521 942 636 976 μέγεθος
651 941 706 967 τῶν
724 942 890 976 ἐπαγγελλο-

102 983 194 1022 μένιιίν
223 987 361 1017 ἀδυνάτως
391 986 463 1022 ἔχειν
494 987 637 1014 πείθεσθαι
667 988 758 1022 ὅρκων
785 987 890 1022 χωρίς.

100 1034 168 1061 Ὅτε
186 1033 276 1060 τοίνυν
295 1034 356 1068 ἐμοὶ
370 1033 419 1068 τὴν
434 1034 606 1067 ἀξιοπιστίαν
617 1034 646 1060 οὕ
664 1033 744 1069 μόνον
759 1035 772 1059 ό
789 1034 890 1068 παρελ-

101 1081 158 1107 θὼν
169 1081 264 1116 χρόνος
274 1081 400 1111 τοσοῦτος
411 1081 444 1107 ἂν
458 1081 486 1107 ἐν
533 1082 566 1107 τὰ
581 1080 727 1116 Ῥωμαίων
738 1082 891 1117 πράγματα

101 1127 229 1163 διῴκουν·
256 1127 315 1153 οὐδὲ
337 1127 392 1162 γὰρ
410 1128 470 1154 οὐδὲ
492 1127 536 1154 διὰ
558 1127 660 1162 ταύτην
679 1128 769 1162 ὅρκων
794 1127 891 1162 ἐδεήθη

102 1173 170 1199 ποτὲ
185 1173 402 1208 συμμαρτυρεῖν
418 1173 485 1199 ἀλλὰ
501 1173 546 1199 καὶ
562 1173 640 1200 αὐτοὶ
656 1173 681 1200 οἱ
702 1173 819 1208 μάλιστα
835 1182 893 1200 πει-

104 1218 224 1254 ρώμενοι
239 1219 406 1251 διαϐάλλειν,
422 1219 453 1244 οὐ
471 1219 587 1246 δύνασθε
606 1220 790 1254 συγκρύπτειν
804 1219 892 1251 οὕτως

103 1264 188 1292 οὖσαν
212 1265 369 1300 καταφανῆ,
392 1265 468 1291 οὐδὲν
493 1264 557 1292 ἀλλο
579 1265 715 1298 λείπεται,
729 1266 746 1300 ἦ
770 1265 804 1292 δι’
819 1266 892 1300 ὑμᾶς

102 1311 166 1342 τοὺς
186 1311 330 1345 χαίροντας
348 1311 377 1337 ὲν
401 1311 461 1341 ταῖς
479 1311 672 1344 συκοφαντίαις
693 1311 828 1344 γίνεσθαι,
845 1311 892 1336 καὶ

102 1356 147 1383 διὰ
169 1357 248 1383 τοῦτο
273 1355 335 1391 μηδ’
359 1357 452 1387 αὐτοῖς
477 1356 616 1384 πιστεύειν
649 1357 832 1392 δυναμένους,
851 1353 892 1388 οἷς

102 1403 182 1430 αὐτοὶ
209 1405 432 1438 συμμαρτυρεϊιε
447 1403 477 1429 τὺ
496 1403 565 1438 μηδέ
585 1411 649 1429 ποτε
674 1402 814 1437 ἐψεῦσθαι.
829 1403 892 1429 Ὅτι

102 1448 126 1474 δ’
143 1448 156 1473 ό
175 1448 241 1483 περὶ
257 1448 312 1474 τῶν
325 1448 414 1482 ὅρκων
433 1448 512 1482 λόγος
528 1449 622 1475 τοῦτον
638 1449 696 1483 έχει
719 1449 763 1474 τὸν
777 1448 890 1482 τρόπον,

103 1494 200 1528 ὥσπερ
215 1494 336 1530 εἴρηται,
353 1495 399 1521 καὶ
415 1495 527 1521 αὐτόθεν
541 1495 590 1528 μὲν
608 1495 777 1528 καταφανές·
794 1493 892 1529 πειρά-

104 1548 189 1575 σομαι
203 1540 231 1566 δὲ
244 1540 293 1566 καὶ
312 1541 344 1567 ὲκ
361 1540 583 1575 παραδείγματος
601 1540 719 1574 μάλιστα
741 1539 891 1576 ἀληθεστά-

940 294 1031 321 facere
1043 294 1146 326 melius
1156 295 1353 327 existimarint.
1375 305 1404 324 se
1417 305 1530 332 quoque
1542 300 1650 326 caeteris
1663 307 1733 334 pra-

942 341 1087 372 termissis.
1101 341 1136 369 de
1149 341 1215 376 ipsis
1226 350 1437 377 responsurum.
1450 345 1506 379 Ego
1519 345 1612 379 igitur,
1625 346 1728 381 inquit,

938 387 1094 423 iuramenta
1117 389 1223 423 Concipi
1252 389 1384 429 arbitror,
1408 395 1456 417 ant
1473 392 1537 425 quia
1555 393 1601 426 qui
1620 392 1729 429 iurant,

941 433 1044 469 alioqui
1068 433 1149 460 ﬁdem
1177 442 1230 461 non
1255 427 1408 466 merentur.
1431 440 1478 463 aut
1496 437 1559 471 quia
1575 427 1676 471 quibus
1687 439 1734 473 juo

942 485 1019 506 ratur
1038 480 1079 506 vel
1105 479 1221 514 improbi
1239 486 1314 513 sunt,
1340 481 1424 517 474
1441 482 1482 508 vel
1496 480 1609 517 propter
1623 485 1732 518 magni-

943 525 1065 552 tudinem
1082 527 1291 560 promissorum,
1306 528 1357 554 nisi
1370 527 1558 562 juramentum
1572 530 1731 562 accesserit,

943 571 1053 598 credere
1076 579 1130 598 non
1153 576 1279 606 possunt.
1296 572 1364 599 Cum
1382 573 1474 607 itaque
1498 581 1540 600 me
1558 575 1732 609 eitrajusju-

943 619 1056 644 randum
1074 617 1126 644 fide
1147 618 1257 652 dignum
1277 625 1349 649 esse,
1366 626 1421 645 non
1437 619 1525 646 solum
1545 621 1726 654 praneritum,

944 670 1061 698 tempus
1075 668 1128 690 tam
1154 665 1276 698 longum,
1298 671 1353 699 quo
1372 665 1457 692 rebus
1473 665 1606 692 Romanis
1623 666 1731 701 prarfui,

944 714 1070 743 testetur,
1093 710 1140 737 sed
1159 711 1243 737 etiam
1255 719 1304 737 vos
1321 710 1384 746 ipsi,
1401 711 1448 746 qui
1466 712 1493 738 in
1512 711 1608 747 primis
1627 713 1732 740 calum-

942 755 1012 783 niari
1028 763 1070 782 me
1082 756 1231 788 conamini,
1248 756 1336 783 celare
1348 756 1385 788 id,
1399 757 1463 792 quia
1476 757 1733 785 manifestissimum

942 809 997 829 non
1022 802 1142 834 possitis,
1159 802 1328 836 relinquitur
1343 802 1419 830 aliud
1440 802 1522 836 nihil,
1537 811 1618 837 quam
1636 812 1679 831 me
1691 804 1734 838 ju-

944 856 1018 874 rasse
1036 852 1147 882 propter
1162 856 1210 874 vos
1226 849 1271 882 qui
1283 848 1471 883 sycophantiis
1484 849 1611 883 gaudetis
1629 859 1635 876 :
1654 850 1733 876 ideo-

944 902 997 927 que
1022 902 1072 920 nec
1087 894 1120 920 iis
1146 893 1226 920 ﬁdem
1242 894 1417 921 commodare
1432 894 1559 929 potestis,
1576 903 1645 929 quos
1660 895 1733 930 ipse-

941 945 998 968 met
1028 948 1167 975 nunquam
1199 948 1259 967 esse
1289 941 1420 969 mentitos
1451 942 1649 970 testiﬁcaruiui.
1687 943 1734 971 Sic

941 991 1033 1014 autem
1052 994 1080 1013 se
1104 987 1205 1013 habere
1221 994 1283 1021 quas
1303 987 1336 1014 de
1347 987 1513 1022 juramentis
1524 987 1654 1021 diximus,
1668 996 1732 1017 cum

941 1038 969 1061 et
994 1033 1057 1060 hinc
1081 1033 1199 1068 liqueat,
1225 1033 1298 1060 nitar
1321 1037 1412 1060 tamen
1435 1033 1561 1068 exemplo
1584 1035 1731 1062 verissimo

942 1079 1058 1106 reddi-re
1083 1079 1225 1113 liquidius.
1240 1078 1268 1105 Si
1291 1078 1367 1117 enim
1395 1079 1468 1106 Deus
1487 1084 1581 1107 noster
1605 1081 1734 1110 estDeus

942 1132 1034 1156 verax.
1055 1129 1081 1151 et
1105 1125 1162 1158 ipsa
1196 1124 1297 1151 veritas
1314 1129 1427 1152 vocatur
1445 1129 1473 1152 et
1487 1129 1540 1158 est,
1556 1130 1733 1161 mereturque

943 1170 1022 1197 ﬁdem
1043 1171 1127 1197 etiam
1152 1170 1299 1205 iniuratus,
1319 1176 1344 1198 et
1361 1175 1452 1198 tamen
1469 1179 1524 1197 non
1539 1171 1627 1198 solum
1643 1171 1733 1199 Abra-

942 1217 1023 1244 hamo
1050 1224 1099 1251 per
1127 1217 1306 1251 semetipsum
1330 1217 1454 1251 juravit,
1482 1217 1732 1251 multiplicaturum

928 1265 1000 1297 ejus
1028 1269 1120 1289 semen
1143 1262 1208 1290 :sed
1234 1262 1327 1289 Davidi
1342 1270 1451 1297 quoque
1476 1267 1581 1298 postea,
1602 1272 1611 1288 ι
1627 1262 1734 1291 Juravit

942 1307 1026 1338 enim,
1053 1306 1152 1340 inquit,
1179 1306 1310 1332 Dominu~
1336 1306 1420 1333 David
1443 1307 1597 1338 veritatem,
1623 1312 1652 1334 et
1678 1315 1734 1334 non

942 1352 1119 1379 frustrabitur
1130 1359 1190 1379 eam
1207 1361 1213 1379 :
1233 1362 1241 1378 ι
1259 1355 1343 1387 patet;
1360 1360 1415 1379 non
1433 1359 1546 1388 propter
1561 1353 1655 1385 se,sed
1673 1361 1735 1388 pro-

940 1402 1003 1432 pter
1028 1398 1243 1425 imbecillitatem
1285 1399 1478 1431 audientium,
1505 1407 1657 1433 eorumque
1683 1407 1734 1426 nu-

947 1449 1049 1471 tantem
1069 1444 1141 1471 circa
1162 1444 1296 1478 promissa
1313 1443 1405 1476 (idem,
1420 1440 1568 1479 juravisse.
1582 1444 1616 1470 Et
1631 1444 1734 1471 Paulus

942 1490 1116 1526 postmodum
1143 1490 1285 1524 apostolus
1315 1495 1343 1517 et
1366 1496 1455 1525 prtem
1475 1490 1619 1521 veritatis,
1646 1491 1679 1517 de
1700 1490 1733 1517 iis
1756 1515 1763 1523 ,

942 1544 1003 1572 quas
1026 1536 1052 1563 in
1077 1535 1188 1563 tertium
1210 1535 1309 1562 coelum
1331 1541 1427 1570 raptus
1454 1536 1533 1568 vidit,
1554 1541 1732 1568 narraturus,

102 1593 151 1613 του
176 1586 416 1621 καταφανέστερον
439 1588 536 1614 ποιεῖν.
561 1586 593 1614 Et
618 1587 671 1622 γὰρ
689 1586 703 1612 ὁ
720 1587 784 1618 Θεὸς
801 1587 889 1621 ἡμῶν,

945 1583 1051 1611 tametsi
1072 1583 1280 1610 veracissimum
1295 1590 1324 1610 se
1338 1590 1398 1609 esse
1412 1586 1515 1614 nosset,
1548 1576 1733 1609 nihilominus

103 1631 171 1663 Θεός
186 1631 259 1658 ἐστιν
273 1631 410 1666 ἀληθινὸς,
427 1633 473 1658 καὶ
490 1632 671 1665 αὐτοαλήθεια
691 1633 737 1659 καὶ
758 1633 890 1664 καλεῖται,

104 1675 154 1703 καὶ
173 1676 241 1708 ἐστὶ,
268 1676 316 1703 καὶ
333 1675 437 1707 δίκαιός
453 1678 511 1702 ὲστι
528 1677 708 1703 πιστεύεσθαι
733 1678 779 1703 καὶ
803 1677 893 1711 ὅρκων

103 1722 200 1757 χωρίς·
218 1723 232 1748 ό
246 1722 285 1753 δὲ,
303 1721 381 1757 οὑτῷ
402 1722 528 1757 Ἀϐραὰμ
546 1723 626 1757 μόνον
642 1723 732 1757 ὤμοσε
747 1722 809 1750 καθ’
827 1724 891 1749 ἑαυ-

103 1767 152 1793 τοῦ
166 1764 241 1802 ἤμὴν
259 1767 408 1803 πληθυνεῖν
424 1768 507 1794 αὑτοῦ
524 1769 552 1794 to
568 1769 689 1803 σπέρμα·
706 1769 774 1796 ἀλλά
793 1769 841 1795 καὶ
854 1768 892 1804 τῷ

106 1813 188 1839 Δαυὶδ
203 1813 328 1848 ὕστερον,
340 1823 348 1838 ι
364 1813 465 1848 Ὠμοσε
478 1813 541 1847 γὰρ,
551 1813 628 1848 φησὶ,
641 1813 742 1847 Κύριος
757 1813 795 1847 τῷ
812 1813 893 1840 Δαυὶδ

103 1858 244 1893 ἀλήθειαν,
260 1858 307 1884 καὶ
318 1857 349 1884 οὐ
366 1858 403 1893 μὴ
416 1858 536 1893 ἀθετήσῃ
551 1857 646 1892 αὐτὴν,
661 1866 671 1883 ι
688 1857 768 1892 δῆλον
782 1857 820 1889 ῶς
843 1858 892 1892 οὐχ

104 1902 215 1934 ἑαυτοῦ,
232 1903 282 1934 τῆς
301 1902 485 1936 μικροψυχίας
505 1902 533 1928 δὲ
546 1902 600 1928 τῶν
618 1901 774 1928 ἀκουόντων
798 1902 892 1934 ἕνεκα,

104 1949 151 1975 καὶ
182 1948 232 1983 τῆς
257 1948 321 1983 περὶ
334 1948 367 1974 τὰ
391 1947 616 1982 ἐπαγγελλόμενα
639 1947 806 1981 ἀμφιϐολίας
829 1948 892 1978 τοὺς

104 1995 204 2030 ὅρκους
223 1995 352 2020 ἐποιεῖτο.
366 1993 421 2020 Καὶ
439 1993 545 2024 Παῦλος
556 1993 584 2019 δὲ
601 1993 715 2028 ὕστερον
730 1995 744 2019 ὁ
760 1994 808 2028 τῆς
824 1994 892 2029 ἀλη-

105 2039 180 2070 θείας
193 2039 317 2074 μαθητὴς
333 2040 380 2065 καὶ
396 2039 486 2074 κῆρυξ
501 2039 566 2073 περὶ
587 2035 625 2065 ὧν
645 2039 686 2071 εἰς
700 2039 793 2075 τρίτον
808 2040 893 2074 οὐρα-

105 2086 150 2112 νὺν
177 2085 314 2119 ἁρπαγεὶς
335 2082 401 2117 εἶδε,
424 2085 530 2119 μέλλων
541 2078 704 2119 διηγεῖσθαι,
729 2085 776 2112 καί
803 2086 845 2112 τοί
861 2094 892 2119 γε

105 2131 195 2165 ἑαυτῷ
206 2131 307 2165 πολλὴν
321 2129 450 2162 συνειδὼς
464 2130 604 2166 ἀλήθειαν,
615 2132 689 2166 ὅμως
696 2132 744 2166 τῆς
757 2131 893 2166 ὠφελείας

105 2176 187 2203 ἕνεκα
211 2176 264 2202 τῶν
292 2176 446 2202 ἀκουόντων
464 2183 470 2190 ·
487 2184 495 2201 ι
516 2177 677 2211 Εὑλογητὶς,
693 2175 780 2210 εἶπεν,
797 2178 810 2203 ὀ
827 2178 893 2210 Θεὸς

103 2223 146 2249 ὅτι
161 2223 192 2249 οὐ
206 2222 368 2256 ψεύδομαῳ
379 2222 417 2251 ὡς
433 2221 466 2248 ἂν
485 2222 536 2248 ὑπὸ
554 2223 674 2257 μάρτυρι
685 2223 744 2258 Θεῷ
757 2224 894 2258 ίσχυριζό-

106 2276 188 2303 μενος
202 2267 291 2301 λέγειν
308 2266 325 2293 ἃ.
342 2268 410 2302 ἐρεῖ,
428 2267 475 2293 καὶ
494 2267 538 2294 διὰ
556 2268 636 2294 τοῦτο
660 2267 743 2299 ἀξιῶν
767 2268 894 2294 πιστεύε-

106 2315 180 2342 σθαι.
197 2314 277 2345 Ἐθος
291 2314 345 2348 γὰρ
365 2313 408 2339 ἀεὶ
424 2315 457 2348 τῇ
483 2314 598 2348 ἀπιστίᾳ
616 2314 724 2348 μεγάλα
748 2315 806 2345 τοῖς
824 2315 893 2349 πρά-

105 2369 193 2396 γμασι
215 2359 407 2395 λυμαίνεσθαι.
427 2352 554 2391 Ἔξεστιν
571 2359 618 2386 οὖν
643 2360 707 2395 ὑμῖν
725 2361 838 2387 σκοπεῖν
856 2362 894 2393 ὠς

107 2409 200 2442 σφίσιν
227 2408 318 2438 αὐτοῖς
346 2407 457 2441 μᾶλλον,
484 2407 500 2442 ἢ
524 2407 585 2441 ἐμοὶ
612 2406 667 2433 τῶν
695 2407 786 2442 ὅρκων
813 2407 895 2434 ἕνεκα

108 2454 267 2490 μέμφεσθαι
287 2454 437 2488 προσῆκεν.
457 2453 553 2487 ’Υμεῖς
575 2453 670 2488 ὥσπερ
687 2454 716 2480 ἐν
732 2455 787 2486 τοῖς
805 2445 895 2486 ἇὶλοις

105 2499 239 2534 ἀειφυγίᾳ⁴
255 2499 284 2525 τὺ
305 2498 410 2524 δίκαιον
434 2497 677 2529 καταδικάσαντες,
694 2499 741 2524 καὶ
758 2499 808 2533 τῆς
829 2499 896 2526 Ῥω-

944 1634 1058 1665 propter
1073 1630 1244 1657 audientium
1272 1629 1429 1661 utilitatem,
1446 1638 1456 1654 ι
1475 1629 1558 1662 Deus,
1572 1629 1673 1664 inquit,
1687 1628 1734 1663 qui

943 1681 985 1705 est
999 1676 1161 1704 benedictus
1174 1677 1199 1702 in
1213 1676 1323 1709 srecula,
1339 1676 1400 1708 scit,
1415 1676 1479 1711 quia
1496 1683 1551 1703 non
1566 1675 1684 1702 mentior
1694 1695 1701 1708 ,
1721 1683 1731 1701 ι

944 1723 1020 1750 velut
1036 1722 1091 1749 Deo
1104 1726 1172 1749 teste
1186 1721 1352 1749 confirmans
1369 1729 1398 1749 se
1410 1721 1514 1753 dicere,
1526 1729 1587 1756 qua:
1601 1720 1712 1748 diccbat
1724 1741 1732 1753 ,

943 1773 972 1797 et
994 1768 1056 1795 ideo
1079 1775 1187 1802 aequum
1205 1775 1331 1798 censens.
1350 1767 1402 1794 sibi
1419 1768 1507 1794 credi.
1525 1767 1639 1802 Semper
1656 1766 1733 1793 enim

944 1814 1131 1842 incredulitali
1153 1821 1256 1848 magum
1287 1821 1330 1841 res
1344 1814 1453 1840 elevare
1465 1817 1492 1840 et
1505 1818 1657 1840 extenuare
1676 1820 1735 1840 mos

944 1865 996 1887 est.
1012 1860 1085 1894 Ergo
1099 1859 1184 1894 magis
1199 1867 1249 1886 vos
1275 1859 1361 1893 ipsos,
1378 1866 1460 1892 quam
1476 1865 1520 1885 me
1536 1858 1736 1893 propterjura-

944 1909 1067 1934 mentum
1096 1904 1340 1939 reprehendendos
1362 1903 1446 1930 fuisse
1459 1903 1635 1938 perspiciatis
1652 1903 1733 1930 licet.

945 1951 1000 1978 Vos
1022 1947 1101 1984 vero,
1123 1949 1261 1984 quomodo
1280 1949 1308 1975 in
1325 1949 1397 1981 aliis,
1414 1948 1522 1983 justitia
1545 1948 1673 1975 damnata
1706 1952 1735 1975 et

944 2003 978 2023 ex
1004 1995 1120 2029 imperio
1145 1995 1270 2021 Romano
1299 1994 1396 2029 ejecta,
1424 1998 1558 2021 consueto
1584 1998 1612 2021 et
1647 1993 1736 2020 amico

945 2041 1089 2068 mendacio
1105 2048 1136 2066 ac
1154 2039 1343 2074 sycophantiis
1359 2038 1518 2070 adhaeretis,
1547 2045 1597 2064 nec
1613 2037 1664 2064 hoc
1681 2037 1736 2064 sal-

945 2092 1000 2114 tem
1020 2085 1214 2118 recordamini,
1230 2093 1292 2120 qum
1314 2085 1340 2111 in
1357 2085 1409 2111 hac
1421 2084 1476 2111 vita
1493 2084 1669 2119 gesserimus,
1685 2091 1735 2110 eo-

945 2141 1006 2159 rum
1036 2140 1086 2159 uos
1097 2132 1219 2158 omnium
1239 2136 1300 2166 post
1318 2130 1400 2157 linem
1417 2128 1499 2165 hujus
1513 2130 1582 2156 lucis
1599 2129 1734 2156 rationem

946 2178 1164 2206 reddituros.Ast
1172 2182 1265 2212 ego,ut
1274 2180 1364 2208 antea,
1374 2176 1414 2203 sic
1424 2176 1505 2202 hodie
1513 2175 1597 2202 Deum
1608 2179 1733 2206 testatus.

946 2226 989 2252 aio
1009 2232 1051 2251 me
1080 2224 1147 2251 nihil
1171 2225 1242 2250 aliud
1267 2223 1359 2250 statim
1385 2222 1420 2250 ab
1444 2221 1523 2249 initio
1543 2227 1604 2257 post
1629 2222 1735 2248 ohituut

947 2271 1132 2305 imperatoris,
1149 2277 1230 2304 quam
1245 2277 1305 2304 quae
1316 2268 1485 2304 imperatrici
1500 2275 1528 2296 et
1551 2268 1647 2295 liberis
1661 2268 1733 2302 ejus,

947 2321 975 2343 et
994 2315 1134 2343 communi
1162 2316 1350 2343 Romanorum
1364 2315 1554 2342 conducerent
1567 2334 1574 2346 ,
1587 2314 1733 2347 (-ogitasse,

945 2363 1091 2397 facet-eque
1112 2361 1302 2389 contendisse.
1318 2362 1418 2389 Verum
1440 2361 1484 2388 ubi
1498 2361 1536 2387 illi
1561 2360 1635 2387 nulla
1652 2366 1734 2386 causa

944 2408 1078 2444 legitima,
1093 2408 1140 2435 sed
1157 2408 1303 2435 calumniis
1317 2413 1421 2435 tantum
1435 2415 1467 2434 eo
1483 2407 1592 2441 impulsi
1603 2410 1677 2438 sunt,
1704 2409 1735 2432 ut

946 2462 990 2482 me
1016 2454 1099 2480 armis
1112 2459 1357 2489 persequerentur,
1372 2453 1529 2481 necessario
1543 2457 1571 2479 et
1597 2452 1655 2486 ipse
1672 2459 1733 2486 ago,

949 2499 1022 2526 unde
1037 2499 1106 2525 mihi
1135 2504 1164 2526 et
1178 2499 1413 2540 commilitonibus
1430 2499 1500 2525 meis
1514 2499 1587 2525 salus
1603 2497 1736 2531 pariatur.

108 2548 196 2583 μαίων
228 2545 415 2576 ἀπελάσαντες
435 2545 522 2579 ἀρχῆς
541 2545 581 2579 τῷ
604 2544 673 2580 φίλῳ
691 2545 783 2579 ψεύδει
805 2545 946 2580 κέχρησθε
974 2546 1029 2578 ἀεὶ,
1064 2547 1111 2573 καὶ
1144 2547 1205 2577 ταῖς
1232 2546 1437 2581 συκοφαντίαις·
1453 2545 1514 2571 οὐδὲ
1531 2544 1610 2571 τοῦτο
1631 2552 1737 2578 μεμνη-

107 2595 183 2630 μένοι
211 2592 276 2626 γοῦν
304 2592 362 2630 ὃτι,
381 2591 436 2618 τῶν
472 2592 537 2626 τῇδε
570 2591 745 2626 βεδιωμένων
773 2591 894 2623 ἅπαντες
933 2592 1070 2627 ὕφέξομεν
1099 2592 1215 2624 εὐθύνας
1246 2593 1315 2628 μετὰ
1355 2592 1405 2628 τὴν
1431 2591 1536 2618 ἐνθένδε
1562 2590 1734 2624 ἀπαλλαγήν.

111 2640 183 2675 Ἐγὼ
196 2639 219 2666 δ’
250 2629 414 2674 ὥσπερ’καὶ
449 2638 593 2673 πρότερον,
618 2637 688 2664 οὕτω
714 2639 760 2664 καὶ
784 2638 842 2670 νῦν,
871 2639 924 2665 ὐπδ
945 2639 1066 2675 μάρτυρι
1083 2638 1121 2674 τῷ
1136 2638 1195 2674 Θεῷ
1211 2639 1293 2673 λέγω,
1310 2639 1347 2670 ὡς
1364 2639 1441 2666 οὐδὲν
1456 2638 1549 2673 ἕτερον
1561 2637 1640 2666 εὐθὺς
1656 2636 1736 2670 ἐξαρ-

52 2720 56 2723 _
105 2690 155 2726 χ’ἠς
175 2688 244 2724 μετὰ
265 2687 314 2722 τὴν
338 2686 470 2722 βασιλέως
492 2686 631 2721 τελευτὴν,
656 2686 671 2721 ἢ
689 2687 740 2713 ὅσα
757 2687 886 2722 βασιλίδι,
907 2687 955 2714 καὶ⁴
971 2688 1053 2714 παισὶ
1072 2688 1218 2723 συμφέρει,
1253 2689 1300 2715 καὶ
1323 2689 1391 2714 πᾶσι
1411 2688 1487 2722 κοινῇ
1518 2685 1666 2720 Ῥωμαίοις
1681 2683 1735 2709 δίε·

105 2736 227 2770 νοούμην
241 2743 271 2761 τε
291 2736 338 2760 καὶ
354 2734 484 2769 πράττειν
501 2732 574 2768 εἶχον
589 2733 633 2759 διὰ
652 2733 779 2769 σπουδῆς.
804 2735 932 2761 Ἐκείνων
960 2735 989 2761 δὲ
1019 2734 1050 2766 ἐξ
1082 2735 1212 2769 οὐδεμιᾶς
1244 2735 1333 2766 αἰτίας
1353 2734 1482 2769 ἀληθοῦς,
1503 2733 1560 2760 ἀλλ’
1578 2732 1630 2758 ὑπδ
1655 2738 1735 2756 συκο-

107 2783 224 2817 φαντίας
242 2780 309 2815 πρὸς
331 2781 376 2807 τὶν
391 2779 452 2806 κατ’
466 2779 532 2813 ἐμοῦ
555 2780 744 2815 κεκινημένων
777 2781 908 2816 πόλεμον,
932 2781 1152 2817 ἀναγκαίωςῗκαὶ
1169 2781 1251 2813 αὐτὸς
1273 2781 1302 2814 ἐξ
1320 2778 1357 2808 ὧν
1379 2781 1483 2816 νομίζω
1514 2778 1624 2815 ἐμαυτῴ
1639 2786 1668 2804 τε
1685 2775 1734 2804 καί

104 2831 162 2862 τοῖς
178 2828 287 2856 συνοῦσι
310 2827 359 2863 τὴν
376 2827 513 2863 σωτηρίαν
529 2828 686 2863 ἐκπορίζειν
705 2830 827 2864 πράττω.
1091 2816 1100 2826 ”
