1931 3090
92 203 148 236 925

658 199 928 233 IIISTOBIARUM
950 198 1066 229 LIBER
1089 198 1142 229 ll].

1657 191 1712 221 926

93 257 326 293 Καντακουζηνοῦ
342 257 389 284 τοῦ
415 257 549 292 βασιλέως
569 257 648 293 δρᾷν,
672 255 832 289 ὶπιθέμενοι
845 256 878 282 ἁ-

944 259 1030 279 iamm
1045 251 1169 279 irritatos
1180 253 1386 286 perpetratum
1398 252 1470 279 esse,
1486 245 1538 274 fuit
1552 244 1711 272 verisimile.

93 306 187 340 θρόον,
197 304 369 337 ἐξελαύνουσι
383 303 433 338 τῆς
454 302 559 334 πόλεως
576 303 641 337 περὶ
655 302 759 337 χιλίους
773 301 854 332 ὂντας
867 309 876 317 ο

93 350 235 386 συμϐολῆς
253 349 346 384 ὀλίγης
364 349 514 384 γενομένης
532 349 567 375 δι’
582 348 802 384 άκροὸολισμῶν,
820 345 877 384 hij

93 395 146 421 καὶ
159 394 213 421 τῶν
238 392 482 429 πρωτοστράτορος
504 392 619 420 οἰκετῶν
645 392 770 426 ἐγίνοντο
793 392 878 425 ὀλίγοι

93 437 266 476 τραυματίαι
280 445 288 454 ο
303 437 428 464 ἑάλωσαν
438 437 467 464 δὲ
481 437 530 464 καὶ
550 437 604 463 τῶν
618 436 739 476 δυνατῷν
758 436 841 466 τινὲς.
854 434 879 462 oi

93 472 148 512 oi'nt
162 472 337 520 ἠδυνήθησαν
354 485 413 516 τοῖς
427 484 516 516 ἄλλοις
531 484 564 519 τῇ
587 483 683 519 πρώτῃ
697 472 880 510 ’συνεκπεσεῖν

95 531 171 566 ὁρμῇ
185 538 191 545 ·
208 530 252 564 ὑφ’
266 531 373 562 ἑαυτοῖς
385 529 414 556 δὲ
428 530 453 557 οι
473 529 596 566 Ζηλωταὶ
612 529 662 564 τὴν
676 529 754 556 πόλιν
766 527 881 564 ποιησά-

96 584 191 612 μενοι,
208 576 367 610 ἐτράπησαν
381 577 423 608 είς
435 575 485 607 τὰς
498 576 588 608 οἰκίας
601 575 656 602 τῶν
676 574 815 609 φυγάδων,
833 573 882 601 καὶ

95 622 183 653 αὑτάς
195 629 224 647 τε
240 621 387 657 καθῄρουν,
404 622 451 648 καὶ
474 621 524 654 τὰς
539 622 633 652 οὐσίας
655 621 816 656 διήρπαζον,
833 619 883 646 καὶ

96 667 185 695 τᾶλλα
210 667 357 702 ἔπραττον,
372 668 424 694 ὅσα
438 665 474 703 ἦν
499 668 574 700 είκδς
597 668 695 698 αὐτοὺς
721 666 882 701 ἀνθρώπους

97 713 155 740 ὑπὸ
169 714 264 744 πενίας
279 713 535 751 συνελαυνομένους,
550 714 596 741 καὶ
610 715 651 744 είς
667 712 747 748 ὕϐριν
760 712 884 746 ἐξενηνε-

42 784 55 789 ,
97 759 219 794 γμένους
231 759 276 786 διὰ
287 759 337 795 τὴν
367 758 471 794 ἀθρόαν
494 759 630 794 εὐπορίαν.
647 759 694 789 Είς
713 758 839 786 τοσοῦτον
854 756 882 783 δὲ

98 805 229 835 ἀπονοίας
244 806 292 832 καὶ
305 805 408 840 τόλμης
430 801 522 840 ἦλθον,
537 804 609 831 ὥστε
623 804 670 831 καί
694 812 735 830 τοι
750 802 785 830 τὰ
798 802 884 829 δεινό-

99 860 170 878 τατα
182 851 346 885 τολμῶντες,
364 851 480 886 σταυρὸν
500 851 533 878 ὲκ
547 849 604 877 τῶν
618 849 701 884 ἱερῶν
717 849 822 876 ἀδύτων
835 849 884 884 ἅρ-

99 898 246 930 πάζοντες,
264 897 385 932 Ξχρῶντο
404 896 500 932 ὥσπερ
526 896 644 931 σημαία,
659 895 707 923 καὶ
726 895 780 922 ὑπὸ
797 894 884 929 τούτῳ

99 943 196 978 ελεγον
211 943 435 978 στρατηγεῖσθαι,
458 943 483 969 οί
506 942 544 976 τῷ
565 941 688 976 πολεμίῳ
714 941 814 975 μᾶλλον
835 939 883 966 τοῦ

101 989 222 1024 σταυροῦ
247 989 380 1024 ἀγόμενοι
391 997 398 1004 ·
415 988 464 1015 καὶ
485 988 512 1015 εί
534 995 576 1019 τις
594 987 662 1022 πρός
680 995 741 1013 τινα
756 986 789 1013 ἐκ
804 994 887 1013 τινων

103 1035 179 1063 ίδίων
193 1034 374 1069 ἐγκλημάτων
386 1034 537 1069 διεφέρετο,
552 1033 598 1060 τὸν
614 1032 731 1067 σταυρὸν
744 1032 886 1067 ἁρπάζων,

103 1080 204 1116 ιχὼρει
219 1080 289 1107 κατὰ
304 1081 355 1116 τῆς
369 1080 469 1112 οἰκίας,
486 1079 524 1110 ὥς
538 1079 570 1114 δὴ
586 1078 632 1105 τοῦ
653 1078 771 1112 σταυροῦ
794 1076 888 1104 κελεὺ-

102 1135 200 1159 οντος·
220 1125 316 1162 καὶῆν
331 1127 413 1158 εὐθὺς
430 1126 539 1160 ἀνάγκη
559 1126 591 1152 εκ
611 1124 744 1159 θεμελίων
766 1124 888 1152 ἀνασπᾶ-

105 1174 180 1206 σθαι,
197 1173 270 1208 ὁρμῇ
287 1181 318 1199 τε
341 1172 477 1207 ἀλογίστῳ
495 1171 544 1198 καὶ
559 1170 670 1205 κίρδους
687 1169 822 1205 ἐπιθυμίᾳ
841 1169 888 1196 τοῦ

92 1218 194 1253 -δήμου
217 1217 350 1252 ἑπομένου
361 1225 369 1233 ·
394 1217 442 1243 ἐπὶ
458 1216 505 1243 δύο
519 1215 570 1251 μὲν
591 1212 637 1242 οὖν
653 1214 702 1242 καὶ
712 1215 801 1250 τρισὶν
820 1213 890 1249 ἠμέ-

106 1271 168 1299 ραις
180 1263 197 1298 ἠ
213 1262 398 1296 Θεσσαλονίκη
412 1262 507 1298 ὥσπερ
527 1260 580 1288 ὑπὸ
604 1260 743 1295 πολεμίων
758 1260 868 1296 ὲδῃοῦτο
879 1267 887 1275 ·

105 1309 154 1336 καὶ
173 1309 249 1337 οὐδὲν
264 1306 299 1344 ἦν
323 1308 338 1335 ὅ
354 1317 381 1335 τι
408 1308 445 1343 μὴ
469 1307 632 1344 τελούμενον
645 1307 740 1343 ὼρᾷτο
763 1307 819 1333 τῶν
843 1305 892 1334 επὶ

106 1353 207 1381 ἁλώσει
224 1354 375 1388 γινομένων
395 1353 501 1394 πόλεων
511 1361 519 1370 ο
544 1353 572 1381 οῖ
588 1361 619 1380 τε
633 1353 689 1388 γὰρ
704 1352 891 1387 κρατήσαντες

107 1399 218 1434 νύκτωρ
239 1399 287 1426 καὶ
302 1399 362 1433 μεθ’
386 1399 494 1434 ἡμέραν
510 1398 583 1426 κατὰ
598 1398 747 1429 συστάσεις
766 1397 890 1430 διιόντες,

108 1445 185 1482 βοαῖς
197 1445 316 1480 ἐχρῶντο
329 1446 376 1472 καὶ
392 1445 572 1480 ἀλαλαγμοῖς,
588 1444 636 1471 καὶ
658 1444 693 1471 τά
707 1444 763 1472 τῶν
778 1443 893 1470 ἑαλωκό-

107 1500 163 1518 των
177 1488 245 1526 ἦγόν
261 1499 291 1517 τε
317 1490 366 1517 καὶ
384 1490 482 1524 ἔφερον
494 1497 502 1505 ⁸
521 1490 567 1516 καὶ
584 1490 609 1515 οί
630 1488 816 1523 νενικημένοι,
833 1487 893 1515 στέ-

108 1544 201 1567 νοντες
215 1536 245 1562 ὲν
271 1535 380 1567 ἀδύτοις
397 1533 632 1569 κατεκρύπτοντο,
648 1532 790 1567 ἀγαπητὸν
804 1530 892 1566 ἡγού-

110 1590 186 1618 μενοι
202 1582 243 1609 ὃτι
258 1581 296 1618 μὴ
310 1580 408 1608 αὐτίκα
424 1579 638 1614 ἁποθνήσκοιεν.
656 1578 734 1605 Ἐπεὶ
748 1578 777 1605 δὲ
789 1573 826 1604 ὧν
836 1576 892 1604 εδει
903 1593 927 1625 c

108 1628 315 1664 διεφθαρμένων
330 1627 466 1654 παύσαιτο
480 1627 496 1661 ἡ
517 1625 636 1661 ταραχὴ,
649 1625 674 1651 οἱ
696 1623 820 1660 Ζηλωταὶ
841 1622 892 1650 αὒ-

107 1675 173 1702 τίκα
183 1675 216 1700 ὲκ
228 1673 404 1700 πενεστάτων
415 1672 462 1698 καὶ
479 1671 587 1705 ἄτίμων
610 1669 734 1708 πλούσιοι
750 1669 796 1696 καὶ
817 1677 894 1704 περι-

110 1721 206 1756 φανεῖς
229 1719 408 1755 γεγενημένοι
435 1718 525 1753 πάντα
555 1715 621 1753 ἦγον
640 1717 674 1744 δι’
700 1716 815 1747 ἑαυτῶν,
845 1715 894 1742 καὶ

110 1767 176 1798 τοὺς
194 1766 296 1801 μέσους
314 1765 448 1800 μετῄεσαν
463 1763 517 1790 τῶν
538 1763 665 1795 πολιτῶν,
680 1762 696 1798 ἢ
722 1768 895 1796 συνασχημοι

110 1813 168 1839 νεῖν
190 1811 392 1844 ἀναγκάζοντες
416 1810 520 1841 αὐτοῖς,
536 1809 552 1844 ἢ
571 1809 622 1843 τὴν
638 1808 829 1842 σωφροσύνην,
848 1806 896 1832 καὶ

110 1857 162 1893 τὴν
177 1856 330 1883 ιπιείκειαν
346 1856 384 1888 ὡς
397 1854 679 1889 Καντακουζηνισμδν
691 1851 896 1883 ἐπικαλοῦντες.

118 1902 163 1929 Ἐν
177 1901 362 1936 Θεσσαλονίκῃ
380 1900 429 1935 μὲν
442 1897 490 1926 οὖν
507 1898 620 1926 τοιαῦτα
640 1897 766 1927 ἐτελεῖτο.
789 1897 898 1932 Πρωτο-

112 1948 241 1982 στράτωρ
253 1947 281 1973 δὲ
292 1947 353 1973 ἐπεὶ
366 1945 435 1981 μετὰ
445 1945 495 1980 τῆς
509 1944 642 1980 στρατιᾶς
656 1944 704 1970 καὶ
716 1943 769 1970 τῶν
781 1943 898 1978 ἀρίστων

112 1993 284 2028 ιξηλαύνετο,
305 1993 346 2023 εἰς
375 1991 612 2026 Γυναικόκαστρον
638 1989 820 2024 ἀφικόμενος*
848 1996 899 2014 κα-

112 2040 187 2074 τεῖχε
205 2040 259 2073 γὰρ
273 2037 338 2064 αὐτὸ
353 2037 401 2064 καὶ
425 2037 560 2071 πρότερον
589 2035 710 2070 φρουρᾷ,
727 2031 772 2060 οἵα
794 2033 827 2068 δὴ
846 2031 899 2058 ὑπὸ

113 2086 155 2120 τῷ
190 2084 392 2117 Θεσσαλονίκης
410 2082 521 2118 ἄρχοντι
542 2081 636 2112 umet;
659 2079 759 2111 τελεῖν,
776 2077 901 2114 ηὐλίζετο

114 2131 185 2162 ἐκεῖ,
197 2131 247 2157 καὶ
256 2129 349 2160 κακῶς
363 2128 450 2154 ἐποίει
461 2126 662 2160 Θεσσαλονίκην
672 2124 842 2160 ληϊζόμενος,
854 2123 901 2149 καὶ

116 2175 207 2209 πάσης
218 2173 330 2207 ἐκράτει
337 2171 388 2206 τῆς
400 2171 453 2203 ἔξω
472 2170 570 2205 τειχῶν
581 2163 638 2204 ’γῆς
649 2177 658 2185 ·
668 2167 901 2201 ἁντικαταστῆναι

116 2221 172 2257 γὰρ
190 2220 259 2255 πρὸς
275 2218 337 2249 τοὺς
355 2213 407 2250 ἔξω
426 2216 532 2251 οὐδαμῇ
551 2216 576 2242 oi
602 2215 678 2241 ενδον
695 2212 766 2249 ἦσαν
781 2213 901 2239 δυνατοί.

935 297 976 325 Eo
1002 301 1095 325 autem
1123 296 1246 325 audaciae
1264 294 1447 328 amentiaque
1473 291 1660 327 prodierunt,
1685 294 1715 317 ut

930 343 1013 372 etiam
1041 342 1068 370 in
1095 342 1193 377 primis
1214 340 1331 369 nefanda
1354 338 1577 369 committerent,
1603 342 1715 363 crucem

931 397 964 417 ea
981 389 1072 417 sacris
1085 387 1174 423 adytis
1189 390 1329 421 raperent.
1344 391 1431 419 eaque
1447 391 1496 418 pro
1510 383 1589 417 signo
1604 380 1714 408 militari

932 429 1077 463 uterentur
1089 452 1096 464 ,
1122 432 1175 460 sub
1189 438 1244 466 quo
1260 438 1290 458 se
1307 429 1426 457 militare
1452 427 1631 456 autumabant
1642 425 1719 460 ,ψιὶ

933 479 1024 514 potius
1049 477 1084 506 ab
1112 477 1224 504 inimico
1252 475 1343 503 crucis
1375 473 1494 509 possessi
1529 471 1717 507 agitabantur.

932 523 1010 557 Quod
1028 523 1051 550 si
1070 522 1114 550 cui
1136 529 1198 550 cum
1215 521 1308 555 aliquo
1323 520 1427 555 privata
1443 519 1478 546 lis
1504 521 1532 545 et
1560 521 1716 544 controver-

934 570 975 598 sia
995 568 1202 598 intercederet.
1228 570 1304 600 rapta
1322 573 1404 593 cruce
1417 584 1425 596 ,
1451 563 1527 591 velut
1540 569 1571 590 ea
1583 561 1715 596 iubente,

936 615 1095 650 populoque
1110 611 1314 642 inconsiderato
1328 610 1431 644 impetu
1457 612 1486 636 et
1501 607 1569 635 lucri
1580 606 1716 634 desiderio

934 662 1120 694 prosequente
1135 676 1143 689 .
1160 657 1193 684 ad
1209 657 1320 684 domum
1335 655 1397 689 ejus
1414 653 1562 684 tendebat,
1579 658 1660 686 quam
1674 657 1718 676 re-

935 708 1017 740 pente
1034 703 1108 731 dirui
1124 711 1139 730 a
1155 701 1344 730 fundamentis
1364 699 1519 734 oportebat.
1535 697 1576 725 Ad
1604 696 1717 723 biduum

934 750 1026 784 itaque
1054 749 1208 777 triduumve
1231 746 1425 774 Thessalonica
1447 752 1502 772 non
1522 749 1603 770 secus
1636 748 1718 775 quam

936 796 970 824 ab
988 795 1119 823 boatibus
1145 792 1316 825 vastabatur,
1347 791 1472 825 nihilque
1483 788 1555 824 quod
1570 787 1657 822 captis
1674 793 1721 813 ur-

936 841 1018 869 bibus
1032 840 1112 871 solet.
1127 846 1183 867 non
1202 838 1285 866 etiam
1311 837 1368 865 illic
1385 836 1443 863 ﬁeri
1463 833 1636 862 cernebatur.
1652 831 1718 859 Nam

937 886 1057 914 victores
1081 888 1164 912 noctu
1199 887 1228 910 et
1253 882 1370 910 interdiu
1409 880 1540 916 gregatim
1559 877 1721 906 obambula-

901 926 921 954 Β
936 932 1002 960 bant
1015 942 1026 964 ,·
1039 935 1067 958 et
1082 928 1251 957 clamoribus
1277 935 1328 955 sua
1348 925 1448 962 gaudia
1473 923 1655 951 testabantur.
1675 929 1720 948 ca-

937 983 1103 1014 ptorumque
1130 983 1174 1003 res
1190 973 1307 1008 agebant
1331 973 1508 1005 ferebantque
1524 977 1532 1002 ;
1549 972 1576 995 et
1592 967 1655 994 victi
1673 973 1720 1000 ge-

939 1013 1046 1051 mentes
1071 1022 1099 1049 in
1128 1020 1254 1048 abstrusa
1281 1019 1341 1046 loca
1368 1024 1398 1044 se
1419 1015 1576 1046 abdebant,
1596 1013 1650 1040 hoc
1666 1019 1721 1038 uno

941 1067 1085 1100 contenti,
1117 1061 1191 1102 quod
1211 1072 1267 1092 non
1293 1064 1352 1092 sine
1377 1069 1453 1089 mora
1477 1064 1570 1088 essent
1591 1057 1721 1093 jugulati.

939 1112 1093 1142 luterfectis
1115 1111 1199 1140 etiam
1215 1131 1222 1141 .
1239 1117 1309 1145 quos
1333 1108 1423 1136 visum
1438 1111 1482 1135 est
1495 1104 1625 1136 interfici,
1643 1107 1723 1139 post-

939 1167 1021 1194 quam
1044 1157 1179 1186 tumultus
1203 1155 1362 1191 conquievit
1373 1175 1382 1187 ,
1398 1153 1536 1181 zelotaeex
1547 1149 1681 1177 mendicis
1695 1153 1724 1176 et

940 1193 1065 1232 obscuris
1075 1202 1186 1235 divites,
1196 1206 1278 1237 atque
1289 1200 1409 1227 illustres
1426 1201 1540 1232 repente
1549 1194 1624 1227 facti.
1633 1193 1724 1229 omnia

940 1258 990 1287 per
1004 1257 1034 1278 se
1049 1248 1202 1277 curabant:
1219 1251 1248 1274 et
1270 1246 1410 1274 tenuiores
1432 1243 1509 1271 cives
1532 1241 1724 1269 sollicitantes.

941 1301 989 1325 aut
1003 1302 1097 1324 secum
1111 1293 1259 1322 inhoneste
1275 1291 1369 1318 vivere
1386 1288 1542 1324 cogebant,
1568 1290 1615 1314 aut
1629 1291 1725 1313 eorum

941 1340 1171 1370 moderationem.
1186 1337 1398 1373 aequitatemque
1412 1341 1460 1370 pro
1475 1331 1726 1361 Cantacuzenismo

945 1387 1123 1418 accusabant.
1137 1385 1228 1419 Atque
1242 1383 1299 1411 haec
1313 1379 1526 1409 Thessalonicae.
1537 1378 1727 1405 Protostrator

942 1440 1009 1461 vero
1025 1439 1089 1460 cum
1123 1429 1210 1457 milite
1243 1432 1271 1455 et
1289 1426 1466 1462 optimatibus
1488 1423 1602 1458 pulsus,
1628 1421 1728 1455 Gyna-

943 1483 1099 1506 cocastrum
1115 1475 1192 1503 venit
1211 1472 1402 1510 (quodipsum
1429 1469 1507 1505 prius
1523 1468 1655 1496 collocato
1671 1466 1725 1493 ibi-

943 1523 1005 1550 dem
1029 1520 1159 1557 praesidio
1173 1538 1180 1547 .
1207 1523 1237 1545 ut
1251 1515 1455 1545 Thessalonica:
1478 1513 1608 1548 praefecto
1633 1511 1724 1546 subje-

944 1573 1018 1596 ctum
1036 1566 1157 1599 tenebat)
1174 1564 1266 1599 ibique
1279 1568 1392 1589 manens
1404 1581 1411 1593 ,
1421 1558 1640 1587 Thessalonicam
1659 1563 1728 1590 prae-

946 1612 990 1641 dis
1014 1610 1130 1647 agundis
1147 1609 1263 1636 vexabat
1276 1627 1284 1640 ,
1309 1611 1339 1634 et
1354 1609 1487 1640 quantum
1509 1607 1570 1631 erat
1594 1601 1652 1637 agri
1668 1600 1728 1636 ejus

942 1663 1021 1687 extra
1047 1663 1143 1685 muros
1155 1675 1164 1689 ,
1186 1654 1317 1682 infestum
1333 1651 1472 1684 habebat;
1489 1649 1522 1677 ad
1541 1647 1727 1676 resistendum

943 1705 1018 1734 enim
1047 1702 1145 1731 incola:
1173 1705 1344 1735 nequaquam
1355 1705 1433 1734 pares
1459 1700 1547 1723 erant.
1564 1693 1645 1730 477
1655 1692 1729 1721 Can-

944 1754 1077 1778 tacuzeno
1106 1751 1199 1775 autem
1224 1745 1314 1773 adhuc
1352 1749 1438 1778 prope
1465 1739 1639 1769 Chalcidiccn
1671 1738 1730 1765 ha:-

944 1796 1017 1824 renti
1032 1794 1186 1830 signiﬁcat.
1208 1799 1238 1819 se
1267 1789 1348 1826 plebe
1360 1793 1388 1816 et
1418 1787 1514 1815 zelotis
1541 1783 1730 1820 compellenti—

946 1842 999 1869 bus
1034 1829 1229 1867 Tbessalonica
1271 1836 1390 1871 ejectum
1417 1840 1499 1865 esse;
1539 1830 1621 1858 simul
1647 1829 1729 1856 etiam

949 1894 1027 1922 spem
1052 1893 1107 1912 non
1125 1883 1266 1910 minimam
1292 1878 1486 1908 subostendit,
1514 1876 1537 1903 si
1555 1874 1729 1904 acceleraret,

950 1919 1089 1967 indigenis
1110 1929 1228 1957 necdum
1240 1925 1369 1954 omnibus
1383 1923 1507 1951 eﬂeralis
1518 1923 1608 1957 (erant
1618 1919 1730 1954 quippe,

951 1978 1000 2013 qui
1014 1965 1086 2012 Vejus
1103 1975 1221 2011 partium
1244 1971 1361 2000 studiosi
1375 1990 1383 2004 ε
1407 1972 1509 1996 zciolas
1523 1965 1731 1994 aversabantur.

949 2028 977 2051 et
992 2010 1115 2058 potentia
1138 2027 1235 2048 eorum
1259 2017 1305 2053 qui
1330 2015 1395 2044 foris
1422 2019 1525 2046 essent,
1542 2012 1595 2040 levi
1623 2010 1733 2045 negotio

951 2056 1093 2098 civitatem
1120 2066 1312 2094 subacturum.
1335 2063 1486 2096 Imperator
1505 2058 1588 2094 igitur
1616 2056 1734 2083 infortu-

952 2115 1009 2143 niis
1019 2114 1137 2142 obrutus
1159 2110 1315 2138 videbatur.
1343 2107 1546 2135 Verumtamen
1565 2103 1591 2130 iu
1611 2101 1735 2129 omnium

953 2160 1126 2188 moderatore
1145 2157 1202 2184 Deo
1239 2154 1335 2182 salutis
1368 2156 1396 2180 et
1420 2150 1541 2178 victoria:
1567 2155 1615 2183 spe
1634 2147 1737 2178 defixa,

953 2213 1016 2234 cum
1031 2204 1131 2232 Chrele
1154 2209 1204 2238 pro
1229 2205 1352 2234 tempore
1375 2197 1547 2228 collocutus,
1570 2199 1599 2222 et
1622 2200 1684 2220 cum
1701 2199 1736 2219 eo

118 2240 290 2301 ἑΕξιει.ιῖτε.δὲ
306 2240 353 2291 καὶ
366 2240 433 2298 πρὸς
460 2240 688 2295 Κάνζακουξηνὸν
707 2240 764 2286 ,τὸν
788 2258 892 2294 βασιλέα

953 2252 1027 2280 diem
1055 2254 1172 2286 pactus,
1204 2255 1259 2283 quo
1283 2246 1366 2273 rebus
1391 2243 1466 2271 domi
1489 2240 1631 2276 dispositis
1653 2244 1737 2273 atque

997 2297 1013 2301 --
1067 2296 1072 2301 -
1144 2294 1151 2301 -
1268 2292 1349 2301 ηεη.
1375 2298 1383 2301 _
1413 2287 1511 2301 .r..:_.i,.
1531 2294 1562 2301 ,ι-
1589 2284 1737 2301 mann...“-

117 2311 182 2346 περὶ
200 2308 376 2344 Χαλκηδίκην
393 2307 434 2333 ἔτι
446 2305 633 2341 διατρίϐοντα,
648 2304 707 2342 αμα
725 2303 775 2338 μὶν
793 2302 903 2338 μηνύων

116 2340 310 2389 ὡςιὲχόληθείη
328 2340 531 2385 Θεσσαλονίκης
548 2350 596 2377 τοῦ
610 2340 696 2385 δήμου
718 2348 832 2377 καὶτῶν
852 2349 904 2382 Ζη-

117 2401 212 2429 λωτῶν
238 2398 312 2433 αὐτῷ
339 2397 519 2432 ἐπιθεμένων,
543 2396 602 2430 ἅμα
620 2395 649 2421 δὲ
675 2395 723 2421 καὶ
744 2393 856 2424 ἐλπίδας
872 2392 904 2419 οὐ

118 2446 223 2481 φαύλας
248 2443 416 2478 ὑποφαίνων,
426 2442 464 2473 ὼς
479 2442 503 2467 εἰ
517 2440 700 2474 παραγένοιτο
714 2439 831 2474 ταχέως,
849 2437 904 2464 τῶν

118 2500 149 2519 τε
159 2491 232 2519 ἔνδον
245 2490 337 2516 οὐκέτι
352 2487 525 2515 παντάπασιν
537 2484 819 2519 ἐκπεπολεμωμένων·
833 2482 903 2519 ἦσαν

119 2539 175 2573 γὰρ
183 2537 223 2563 ἔτι
234 2536 259 2563 οἱ
274 2536 308 2562 τὰ
323 2535 453 2570 βασιλέως
466 2533 598 2569 ᾑρημένοι
611 2532 668 2558 δέει
681 2531 839 2558 συνείποντο
847 2531 904 2561 τοῖς

119 2584 262 2620 Ζηλωταῖς
275 2583 321 2608 καὶ
330 2581 384 2608 τῶν
403 2580 456 2612 ἔξω
474 2580 545 2613 μέγα
561 2578 717 2612 δυναμένων
733 2577 834 2612 ῥᾳδίως
850 2585 903 2603 πα-

120 2630 288 2666 ραστήσαιτο
303 2627 353 2661 τὴν
371 2627 458 2653 πόλιν.
480 2625 591 2652 Βασιλεῖ
609 2623 659 2659 μὲν
670 2623 718 2650 οὖν
730 2623 817 2650 ἐδόκει
834 2623 904 2650 πάνθ

119 2676 197 2704 τοθεν
225 2672 418 2710 περιΐστασθαι
445 2671 540 2703 δεινὰ,
564 2671 640 2705 ὅμως
668 2670 715 2696 ἐπὶ
741 2670 787 2695 τὴν
813 2669 903 2695 πάντα

120 2722 222 2755 ἄγοντα
237 2719 304 2746 Θεὸν
328 2718 375 2749 τὰς
400 2716 511 2748 ἐλπίδας
527 2716 577 2750 τῆς
590 2715 727 2751 σωτηρίας
742 2715 788 2741 καὶ
802 2715 852 2749 τῆς
864 2713 904 2740 νί-

121 2776 172 2802 κης
190 2765 325 2796 ἀνατιθεὶς
339 2764 406 2800 πρὸς
422 2763 530 2797 Χρέλην
551 2763 600 2789 ὅσα
613 2762 668 2788 ἔδει
683 2761 835 2796 διαλεχθεὶς
856 2761 904 2787 καὶ

121 2813 292 2848 προθεσμίαν
316 2811 488 2846 συνθέμενος,
505 2808 566 2836 καθ’
585 2808 619 2844 ἢν
634 2808 687 2834 ἔδει
702 2807 737 2833 τὰ
751 2807 821 2833 οίκοι
844 2806 903 2833 δια-

124 2859 237 2893 θέμενον
253 2855 399 2891 ἀφικέσθαι
423 2853 490 2887 πρὸς
515 2852 595 2879 αὐτόν
607 2859 616 2868 ·
642 2859 722 2877 πειτα
740 2850 788 2876 καὶ
803 2850 834 2876 ὲκ
853 2850 903 2884 τῆς

123 2904 228 2932 ἐκείνου
257 2902 386 2937 στρατιᾶς
413 2899 463 2926 οὐκ
480 2898 574 2934 ὀλίγην
591 2897 756 2934 παραλαὸὼν
772 2896 830 2932 ἅμα
846 2896 901 2926 τοῖς

954 2284 1090 2325 ordinatis
1119 2294 1152 2322 ad
1188 2301 1218 2322 se
1244 2292 1351 2320 veniret
1375 2298 1383 2317 :
1412 2287 1512 2316 deinde
1530 2294 1563 2314 ex
1589 2284 1738 2320 manipulis

955 2343 1030 2370 illius
1047 2349 1102 2369 non
1118 2339 1216 2375 paucis
1229 2336 1379 2372 assumptis
1391 2354 1399 2367 ,
1419 2333 1521 2370 quibus
1536 2339 1616 2359 suum
1630 2330 1737 2358 exerci-

955 2394 1013 2417 tum
1037 2390 1149 2422 augeret
1169 2406 1176 2418 ,
1214 2384 1248 2412 ad
1277 2385 1505 2418 protostratorem
1532 2377 1682 2405 festinavit.
1707 2375 1738 2403 lu

954 2421 1249 2466 transituroppidulum
1273 2427 1411 2463 quoddam
1425 2423 1574 2455 Rbentina,
1593 2421 1740 2449 Thessalo-

954 2479 1016 2506 nica
1041 2476 1124 2505 uuius
1139 2475 1194 2502 diei
1211 2473 1310 2501 itinere
1323 2471 1438 2502 distans,
1449 2470 1522 2496 ultro
1537 2469 1564 2495 in
1581 2467 1640 2503 ejus
1655 2466 1739 2493 ditio-

954 2532 1017 2553 nem
1040 2522 1134 2555 venit;
1156 2520 1202 2548 ubi
1229 2518 1359 2554 praefecto
1383 2523 1446 2544 cum
1464 2514 1589 2543 ducentia
1605 2513 1739 2540 militibus

954 2569 1075 2606 praesidii
1098 2574 1180 2596 causa
1206 2565 1330 2597 relictis.
1357 2569 1473 2598 pergens
1499 2559 1634 2595 Langadae
1666 2557 1740 2589 haud

953 2603 1049 2653 procul
1073 2612 1270 2642 Thessalonica
1298 2609 1426 2638 tetendit.
1453 2607 1551 2635 Manus
1576 2612 1659 2640 porro
1690 2603 1742 2637 By!

956 2651 1077 2695 aantina.
1116 2661 1273 2689 Andronico
1296 2663 1325 2686 et
1353 2657 1459 2684 Thoma
1494 2651 1654 2687 Palaologis
1686 2651 1761 2682 dun,

954 2711 1035 2738 cibus
1060 2716 1122 2737 cum
1143 2708 1246 2735 Pheras
1269 2704 1411 2734 venisset,
1438 2701 1569 2737 adjuncto
1593 2699 1677 2734 Syrge
1692 2697 1742 2732 qui

953 2756 1116 2785 Macedonas
1126 2752 1264 2784 ducebat,
1283 2756 1310 2779 et
1325 2749 1454 2785 praefecto
1473 2746 1656 2774 Monomacho
1671 2749 1735 2770 cum

953 2801 1093 2831 Thessalis
1107 2820 1115 2833 ,
1141 2797 1288 2834 praeteritis
1302 2792 1485 2823 Cautacuzeni
1510 2791 1617 2819 stativis
1627 2810 1634 2822 ,
1648 2787 1736 2815 Thes-

953 2847 1102 2876 salonicam
1121 2844 1210 2872 inivit.
1240 2843 1390 2876 imperator
1414 2843 1494 2866 nocte
1512 2837 1549 2864 ibi
1567 2839 1661 2863 exacta
1674 2852 1682 2863 ,
1701 2839 1736 2859 ne

954 2895 1062 2923 illorum
1078 2898 1151 2921 metu
1170 2891 1233 2919 inde
1256 2892 1399 2925 putaretur
1413 2883 1556 2914 discedere
1569 2903 1577 2917 ,
1596 2879 1731 2918 postridie
