1931 3090
89 117 147 147 933

662 92 935 146 HISTOR‘IARUM
958 114 1077 145 LlBER
1098 115 1157 146 III.

89 172 211 199 κωλύειν
242 171 286 199 διὰ
322 171 432 198 πάντων
470 170 631 206 ἐπεχείρουν
665 170 780 205 βασιλέα
819 170 882 206 πρὸς

941 170 974 199 ad
996 171 1070 198 aliud
1081 170 1212 206 quiddam
1234 170 1403 199 fructuosius
1419 179 1585 200 conversum
1600 172 1644 201 iri.
1675 173 1730 202 Im-

94 217 268 253 ὑπερορίους
298 217 419 253 ἐξορμᾷν
433 217 595 252 στρατείας·
621 216 742 251 οἰόμενοι
756 216 789 243 ἂν
804 216 891 244 κωλύ-

89 271 181 295 σωσι,
215 262 282 297 πρὸς
307 262 401 298 ἐτερόν
424 271 451 289 τι
476 261 627 297 τρέψεσθαι
651 262 890 297 λυσιτελέστερον.

89 308 227 340 Βασιλεὺς
246 308 275 335 δδ
285 309 340 339 τοῖς
354 308 402 334 ἀπ’
419 308 509 342 ἀρχῆς
528 308 659 342 ἐμμένων
680 307 717 339 ὡς
735 307 827 339 καλῶς
843 307 889 343 βε-

87 354 297 389 ϐουλευμένοις,
322 354 393 388 ἄρας
407 355 439 380 ἐκ
453 353 502 380 τοῦ
524 348 721 389 στρατοπέδου,
747 351 800 389 ἧκε
818 354 887 390 πρὸς

93 399 243 432 ’Λξιδν-ὠς
257 399 464 434 διαδησάμενος,
484 399 643 425 συνείποντο
656 399 683 426 δὲ
697 399 745 425 καὶ
759 400 784 425 οἱ
799 398 886 432 ἄλλοι,

86 445 113 471 οἱ
134 444 185 478 μὲν
209 444 328 476 ἑκόντες,
343 444 369 470 οἳ
383 444 406 470 δ’
428 444 546 480 ἀνάγκῃ.
563 443 674 478 Συμδὰν
688 444 716 470 δέ
737 443 810 471 οὕτω
823 444 888 479 περὶ

87 489 126 516 τὰ
158 489 253 525 ὀρεινὰ
267 489 380 524 δμϐρων
404 489 541 524 ραγδαίων
561 489 801 525 καταρραγέντων,
816 489 887 516 ἄπο-

88 543 140 570 ρος
153 530 280 568 ἐφαίνετο
293 535 307 561 ὁ
325 535 447 570 ποταμὸς
462 535 514 561 ὑπὸ
529 535 710 570 πλημμύρας.
728 536 887 571 Στρατοπε-

87 581 256 614 δευσάμενοι
276 580 303 607 δὲ
327 581 406 613 ἐκεῖ,
431 581 596 616 περιέμενον
628 581 666 613 ὡς
697 581 886 616 λωφησάντων

87 626 311 661 περαιωσόμενοι
336 626 390 653 τῶν
423 626 545 653 ὑδάτων·
570 627 604 653 τὰ
636 626 674 657 δὲ,
703 627 781 653 οὐδὲν
799 624 884 662 ἦττον

87 671 274 706 ἐπληθύνετο·
291 672 337 698 καὶ
354 671 472 706 ὑποψίαν
486 673 619 708 παρεῖχεν
643 673 681 703 ὡς
697 672 747 699 οὐκ
762 673 790 699 ἐν
800 673 886 708 ὀλίγῳ

87 717 179 744 δίοδον
201 717 366 752 παρέξοντα.
394 717 576 744 Ἐπιλελοίπει
596 726 624 744 τε
645 718 695 753 ἤδη
711 719 758 745 καὶ
771 719 786 744 ὀ
810 718 886 750 afro;

87 763 142 798 τὴν
160 764 300 798 στρατιάν.
319 763 404 799 Ὀρῶν
417 763 445 791 δέ
456 765 469 791 ὁ
483 763 610 799 βασιλεὺς
625 765 662 796 ὡς
676 765 690 791 ὅ
716 773 746 791 τε
761 764 841 799 πόρος
853 765 884 791 οὐ

89 809 186 844 ῥᾴδιος
197 809 300 840 αὐτοῖς,
318 810 366 836 καὶ
379 810 434 836 τῶν
447 810 607 845 ἐπιτηδείων
622 810 709 837 δέοιτο
721 811 737 846 ή
754 810 882 845 στρατιὰ,

942 215 1188 250 ρετειοιισοοιιείιὶἱ
1210 216 1296 244 semel
1321 216 1393 252 capti
1407 235 1414 248 .
1441 221 1471 245 ut
1493 217 1610 252 optimi,
1637 223 1729 252 tenax,

943 261 1028 288 motis
1044 261 1144 289 castris
1157 261 1191 288 ad
1207 261 1306 289 Axium
1317 281 1325 294 ,
1341 262 1435 298 copias
1460 263 1670 292 transducturus
1683 271 1731 292 ve-

941 306 993 333 nit.
1011 306 1078 334 Pars
1094 307 1210 341 volens,"
1231 315 1295 342 pars
1310 308 1395 335 invita
1420 308 1618 343 sequebantur.
1648 309 1730 338 Forte

941 352 968 378 in
987 352 1126 379 montanis
1148 352 1250 380 imbres
1273 353 1398 388 abruptis
1431 354 1552 382 nubibus
1577 355 1730 390 ingemina-

941 402 1062 429 vcrant,
1092 402 1119 425 et
1144 397 1244 426 ﬂuvius
1268 406 1353 434 super
1377 399 1449 434 ripas
1475 400 1579 436 stagnis
1603 401 1728 436 effusus,

942 443 1092 470 transmitti
1111 451 1167 471 non
1183 449 1302 479 poterat.
1327 444 1366 472 lbi
1394 445 1476 480 igitur
1503 446 1602 474 castris
1619 447 1728 481 positis,

939 487 1006 514 dum
1026 495 1103 523 aqua;
1128 489 1302 518 subsiderent
1327 491 1536 526 exspectabant.
1561 491 1666 524 Quibus
1689 492 1730 519 ni-

940 533 996 560 hilo
1016 534 1109 562 minus
1133 535 1376 568 increscentibus,
1401 536 1520 571 suspicio
1545 542 1605 564 erat
1621 537 1728 572 longius

941 583 1096 606 extractum
1113 579 1145 606 iri
1160 581 1304 607 transitum
1319 588 1327 607 :
1344 585 1373 608 et
1391 581 1447 616 jam
1465 587 1636 615 commeatus
1648 591 1729 610 exer-

938 625 1026 651 citum
1040 625 1190 653 defecerat.
1211 626 1276 659 Quae
1294 625 1349 653 duo
1362 635 1424 653 cum
1439 632 1565 654 cerneret
1579 628 1729 663 imperator

937 679 1096 707 quanquam
1112 671 1219 704 nolens,
1239 675 1266 698 et
1280 679 1377 707 magna
1391 679 1453 699 cum
1472 673 1598 700 molestia
1609 694 1616 706 ,
1637 682 1730 701 recor-

939 714 1022 741 datus
1035 715 1174 749 quomodo
1187 715 1257 742 alias
1272 715 1392 743 Hebrum
1406 724 1516 752 quoque
1532 718 1649 745 transire
1663 718 1729 746 fuis-

937 767 980 789 set
1002 761 1160 796 prohibitus
1183 770 1190 788 :
1217 766 1245 789 et
1263 762 1437 796 formidans,
1466 771 1501 791 ne
1526 764 1591 791 hinc
1617 773 1728 792 rursum

937 807 1036 842 ingens
1051 807 1154 834 malum
1178 807 1313 840 oriretur,
1329 815 1414 843 seque
1428 809 1517 844 ipsum
1533 810 1615 837 tacite
1633 811 1729 838 admo-

87 855 169 882 ἄκων
185 856 236 890 μὲν
250 856 296 882 καὶ
312 856 499 891 δυσχεραίνων
510 856 540 882 οὐ
557 856 688 891 μετρίως,
715 856 764 882 καὶ
775 856 825 891 τὴν
838 864 882 889 γε-

936 861 1028 886 nens.
1058 854 1161 888 quibus
1188 853 1261 881 Deus
1289 853 1359 881 bene
1374 855 1460 888 velit,
1487 855 1521 882 iis
1547 863 1590 883 res
1620 861 1727 885 creatas

87 902 248 937 γενημένην
261 902 396 937 πρότερον
421 903 468 928 ἐπὶ
481 902 528 928 τὸν
544 902 646 936 Ἕϐρον
659 902 792 937 κωλύμην
805 901 885 937 στρέ-

88 957 152 983 φων
168 948 215 974 ἐπὶ
242 948 305 975 νοῦν
315 955 322 964 ⁸
339 948 387 974 καὶ
407 947 537 979 δεδοικὼς
550 948 588 983 μὴ
604 947 652 974 καὶ
663 946 743 979 αὖθις
765 949 800 975 τὰ
815 957 885 984 παρ·

87 994 157 1020 ὄντα
173 993 268 1020 κακῶν
296 993 372 1020 αῐτια
397 993 527 1028 μεγάλων
552 995 687 1029 καταστῇ,
717 994 831 1029 ἐπέλεγέ
853 1002 883 1021 τε

90 1038 195 1074 ἐαυτῷ,
210 1039 248 1071 ὡς
264 1039 293 1065 ἐν
305 1037 347 1071 οἷς
366 1039 418 1075 μιν
437 1041 451 1066 6
465 1039 531 1072 Θεὸς
556 1040 672 1073 εὐδοκεῖ,
689 1041 738 1068 καὶ
751 1041 769 1074 ὴ
794 1041 884 1072 κτίσις

89 1084 189 1110 ἅπασα
210 1083 356 1119 ὑπηρετεῖ·
374 1082 415 1116 οἷς
431 1084 460 1111 δέ
477 1084 680 1117 ἀντιτάττεται,
694 1086 742 1112 καὶ
760 1085 775 1119 ἡ
795 1085 884 1118 κτίσις

88 1129 221 1156 δύσκολον
235 1129 336 1164 ὁμοίως
363 1130 466 1165 ἑαυτὴν
492 1130 654 1166 παρέχεται.
679 1129 844 1165 Ἀνέστρεφε
860 1130 883 1157 δ’

89 1174 138 1201 οὖν
152 1175 227 1210 ὅμως
241 1177 281 1207 είς
304 1176 552 1212 Γυναικόκαστρον,
579 1175 692 1210 γνώμην
706 1176 777 1211 ἔχων
798 1176 836 1208 ὡς
849 1177 884 1211 τῇ

933 898 1033 927 omnes
1062 900 1213 932 inservire,
1231 900 1334 934 quibus
1358 905 1451 928 autem
1468 902 1640 942 adversetur,
1662 903 1731 930 huic

933 945 1064 975 similiter
1078 950 1235 975 creaturam
1252 954 1280 974 se
1295 947 1420 982 pra-bere
1438 947 1588 980 difficilem,
1599 956 1727 976 reversus

933 996 976 1019 est
993 996 1082 1019 tamen
1108 991 1135 1019 in
1151 991 1391 1027 Gynaecocastrum
1405 1013 1413 1026 ,
1439 1000 1470 1021 ea
1488 998 1579 1021 mente
1591 1014 1599 1026 ,
1615 998 1645 1021 ut
1662 1002 1727 1022 con-

934 1037 1036 1072 quisita
1066 1038 1200 1065 exercitui
1219 1046 1327 1065 annona
1345 1038 1467 1071 rediret;
1496 1038 1624 1066 alebatur
1647 1040 1722 1067 enim

936 1090 987 1118 spe
999 1103 1007 1114 .
1030 1082 1132 1110 flumen
1148 1082 1253 1110 interea
1267 1083 1347 1110 undis
1372 1083 1525 1112 imminutis
1550 1084 1666 1111 meabile
1684 1084 1726 1112 fu-

936 1134 1040 1156 turum.
1067 1129 1252 1156 Protostrator
1277 1128 1423 1164 caaterique
1455 1137 1488 1157 eo
1516 1124 1724 1165 impedimento

938 1175 1006 1206 laeti.
1021 1174 1139 1202 nimium
1156 1178 1292 1209 quantum
1307 1175 1428 1203 libentes
1442 1175 1580 1205 redibant.

90 1223 210 1258 στρατιᾷ
218 1223 292 1250 σίτου
307 1223 492 1259 πορισθέντος,
507 1222 585 1255 αὖθις
597 1223 750 1251 ἐπανέλθοι.
762 1223 880 1256 Ἦλπιζε
899 1223 953 1258 γὰρ
970 1222 1035 1258 ἄχρι
1068 1222 1098 1248 τό
1115 1230 1155 1253 τι,
1173 1222 1279 1249 καὶτὸν
1296 1223 1417 1257 ποταμὸν
1447 1223 1574 1250 ἐνδώσειν
1596 1224 1663 1260 πρὸς
1681 1224 1729 1253 ἰδν

89 1270 188 1305 πόρον.
204 1271 428 1308 Πρωτοστράτωρ
441 1271 470 1298 δέ
484 1272 532 1298 καὶ
545 1272 570 1298 ot
585 1271 685 1305 λοιποὶ,
699 1271 794 1307 ἥδοντο
815 1270 884 1306 πρὸς
900 1271 950 1306 τὴν
962 1269 1125 1305 ἀποτυχίαν,
1146 1269 1193 1296 καὶ
1207 1269 1348 1306 χαίροντες
1362 1270 1532 1306 ἐπανῄεσαν.

813 1337 930 1366 CAPUT
950 1337 1010 1365 XL.

813 1338 930 1367 CAPUT
950 1338 1010 1365 XL.

90 1383 267 1419 Apocauchus
283 1384 498 1412 Thessalonicam
514 1384 671 1420 appellitur,
687 1389 717 1411 ut
732 1384 956 1447 quemadmodum
970 1384 996 1410 in
1013 1382 1119 1424 insulis.
1138 1383 1283 1417 potentiam
1298 1390 1375 1410 suam
1396 1387 1518 1423 ostentet.
1541 1384 1727 1412 Protoatrator

130 1419 167 1445 ad
180 1420 363 1447 Anoeauchum
380 1420 564 1447 deﬁcit:inde
578 1419 717 1447 tumultus.
751 1424 887 1447 mnerator
907 1419 934 1445 in
961 1419 1133 1447 defectionem
1151 1419 1322 1447 medttantes,
1345 1422 1373 1444 ut
1396 1425 1502 1447 tanavos
1528 1428 1560 1446 ac
1584 1421 1726 1447 deaeneres

130 1419 167 1445 ad
180 1420 363 1454 Aponus/tum
380 1420 468 1453 deﬁcit
479 1428 489 1452 ;
503 1419 564 1447 inde
578 1419 717 1447 tumultus.

751 1424 887 1455 inperator
907 1419 934 1455 in
961 1419 1133 1455 defectionem
1151 1419 1322 1455 meditantes,
1342 1422 1373 1455 ut
1396 1418 1502 1455 ignavos
1528 1428 1560 1446 ac
1584 1421 1726 1455 degeneres

129 1454 263 1481 invehitur
277 1462 286 1482 :
301 1455 393 1489 quales
410 1463 438 1482 se
450 1455 556 1490 ἐρείπει
569 1454 729 1489 conﬁtentur
743 1459 767 1482 et
777 1453 870 1483 nihilo
883 1454 970 1481 minus
990 1453 1097 1480 abeunt.
1110 1453 1142 1480 In
1157 1453 1325 1487 Apelmenem
1338 1453 1473 1487 bene‘ﬁcia,
1488 1458 1512 1481 et
1527 1455 1584 1489 ejus
1602 1453 1726 1489 ingratus

130 1490 237 1516 animus
252 1498 284 1516 ac
298 1490 432 1525 superbia.

130 1548 188 1582 Τῆς
216 1547 300 1582 αὐτῆς
316 1547 344 1574 δὲ
358 1547 465 1583 ἡμέρας
490 1548 538 1574 καὶ
567 1526 737 1582 Ἀπόκαυχος
756 1547 771 1573 ὀ
793 1546 880 1582 μέγας

967 1545 1070 1574 Eodem
1084 1545 1129 1574 die
1144 1545 1228 1574 etiam
1244 1545 1426 1581 Apocauchus
1443 1554 1560 1581 magnus
1578 1547 1633 1576 dux
1651 1557 1716 1578 cum

92 1594 158 1625 δσὺξ
179 1593 366 1628 ἐϐδομήκοντα
378 1595 457 1620 ναυσὶ
471 1592 756 1628 πρὸςΘεσσαλονίκην
768 1589 837 1628 ἦκεν
852 1592 882 1625 ἐξ

93 1639 221 1670 Εὐϐοίας.
240 1639 311 1673 Πρὸς
323 1639 378 1673 γὰρ
393 1639 438 1666 τὸν
452 1637 583 1673 βασιλέως
609 1638 730 1672 πέλεμον
740 1638 816 1664 οὐδὲν
826 1638 882 1664 old-

93 1692 174 1720 μενος
187 1683 376 1719 λυσιτελήσειν
392 1681 438 1710 οἶα
462 1683 494 1717 δὴ
509 1682 641 1718 ναυτικῆς
657 1682 742 1718 οὔσης
756 1683 806 1718 τῆς
818 1683 882 1710 δυν-

93 1731 186 1765 άμεως
213 1726 300 1764 αὐτῷ.
325 1729 554 1768 Καντακουζηνοῤ
573 1729 601 1755 δὲ
623 1729 672 1755 τοῦ
702 1729 834 1764 βασιλέως
851 1729 882 1761 ἐξ

93 1775 206 1810 ἠπείρου
228 1775 456 1810 στρατευομένου,
474 1774 525 1806 τὰς
555 1775 655 1810 νήσους
676 1771 801 1809 περιϋυν,
818 1776 882 1801 ἐπε-

92 1822 214 1849 δείκνυτο
241 1822 291 1856 τὴν
319 1821 446 1856 δύναμιν,
461 1822 510 1848 καὶ
523 1820 661 1855 προῆλθεν
674 1820 740 1855 ἄχρι
766 1820 815 1854 τῆς
831 1820 882 1846 Εὐ-

94 1867 182 1898 ϐοίας.
204 1866 325 1893 Ἐκεῖθεν
354 1866 383 1892 δὲ
413 1866 477 1893 ἐπεὶ
505 1865 688 1902 ἀναστρέφειν
711 1865 746 1901 ἦν
773 1866 879 1900 καιρὸς,

94 1914 181 1941 ἐδόκει
191 1913 246 1940 δεῖν
257 1913 304 1939 καὶ
321 1913 391 1948 πρὸς
404 1913 607 1950 Θεσσαλονίκην
624 1913 722 1946 ἐλθεῖν,
746 1913 881 1947 ἐπιδειξό-

96 1968 176 1995 μενος
188 1960 268 1986 κάκεῖ
284 1959 334 1995 τὴν
349 1959 477 1994 δύναμιν.
496 1951 616 1986 Ἐλθόντι
638 1960 666 1986 δὲ
682 1959 762 1992 εὐθὺς
778 1961 794 1995 ἡ
816 1960 882 1995 περὶ

96 2007 146 2040 τὴν
163 2004 295 2040 βασιλέως
324 2006 454 2040 στρατιὰν
476 2006 613 2040 ἐμηνύετο
627 1997 787 2041 διχοστασίᾳ
801 2013 808 2021 ·
827 2006 842 2032 ό
858 2005 880 2032 δ’

94 2051 192 2077 αὐτίκα
206 2050 431 2086 πρωτοστράτορί
443 2059 473 2077 τε
499 2051 548 2078 καὶ
570 2053 626 2083 τοῖς
643 2052 736 2083 ἄλλοις
754 2052 805 2086 τὴν
819 2052 882 2086 ἄφι-

96 2097 137 2128 ειν
151 2096 234 2123 αὑτοῦ
252 2097 346 2131 ἐδήλου
356 2105 363 2113 ·
377 2098 425 2124 καὶ
449 2098 635 2133 ἐπηγγέλλετο
653 2098 740 2125 πολλὰ
755 2099 779 2124 εἰ
801 2098 882 2134 βασι-

94 2143 162 2173 λέως
183 2143 331 2170 ἀποσταῖεν
357 2143 426 2178 πρὸς
440 2143 540 2170 αὐτόν·
566 2143 583 2178 ἢ
606 2143 640 2170 τὰ
655 2143 756 2178 ἔσχατα
773 2143 881 2177 ἠπείλει

94 2188 232 2222 διαθήσειν
258 2189 321 2218 τοὺς
344 2189 473 2227 οἰκείους.
504 2188 550 2215 καὶ
581 2189 671 2215 πᾶσαν
698 2187 879 2220 ἐπιδείξεσθαι

94 2234 233 2268 ὠμὸτητα.
254 2225 480 2269 Πρωτοστράτωρ
490 2233 517 2260 δὲ
531 2234 578 2260 καὶ
593 2234 726 2268 πρότερον
748 2234 797 2269 τὴν
811 2234 880 2268 μετὰ
897 2223 918 2250 D

95 2280 227 2314 βασιλέως
252 2279 381 2315 ὀρρωδῶν
411 2280 556 2314 στρατείαν
585 2280 630 2307 διὰ
661 2281 725 2311 τοὺς
752 2281 879 2312 οἰκείους,
895 2277 902 2281 ”

94 2325 188 2360 ὥσπερ
206 2325 324 2360 ἔφημεν,
337 2325 383 2351 καὶ
397 2325 428 2351 τὺ
441 2325 479 2360 μὴ
496 2325 639 2359 βούλεσθαι
657 2325 819 2360 ὑπερορίαις
833 2325 880 2352 καὶ

95 2371 185 2401 πόνοις
203 2370 248 2397 διὰ
259 2370 308 2404 τὴν
321 2369 428 2397 ἐκείνου
446 2369 527 2405 χάριν
553 2370 741 2405 προσομιλεῖν,
762 2370 880 2405 ἄσμενός

94 2425 124 2442 τε
136 2415 217 2447 εὐθὺς
244 2415 350 2450 ἐδέχετο
379 2416 425 2442 τὸν
442 2415 532 2449 λόγον,
554 2416 602 2442 καὶ
615 2415 714 2450 ὅρκους
728 2415 790 2451 ᾔτει
803 2416 878 2451 παρὰ

96 2462 215 2498 μεγάλου
228 2462 324 2493 δουκής
338 2461 386 2487 ἐπὶ
401 2462 457 2492 τοῖς
469 2461 661 2496 είργασμένοις
681 2461 826 2496 πρότερον.
850 2462 879 2488 '0

95 2508 133 2539 δέ,
161 2508 277 2543 παρεῖχε
292 2507 353 2534 τότε
369 2507 483 2542 χαίρων,
509 2507 557 2533 καὶ
580 2506 670 2534 πάντα
694 2507 880 2542 ἐπηγγέλλετο

95 2553 252 2589 προθύμως.
263 2552 316 2579 Τοῦ
328 2553 524 2588 πεπραγμένου
541 2552 569 2580 δὲ
581 2553 661 2584 εὐθὺς
675 2554 722 2580 καὶ
739 2553 808 2588 πρὸς
816 2553 879 2584 τοὺς

95 2600 189 2631 ἄλλους
203 2598 380 2631 διαδοθέντος,
394 2599 451 2624 ὅσοι
470 2598 504 2624 τὰ
529 2598 599 2624 αὐτὰ
625 2599 740 2633 ᾑρουντο
771 2607 878 2634 πρωτο-

95 2644 233 2678 στρὰτορι,
247 2642 365 2678 τάραχός
378 2651 408 2669 τε
424 2641 457 2678 ἦν
477 2642 557 2674 εὐθὺς
575 2643 606 2668 οὐ
622 2643 721 2678 μικρὸς
741 2645 813 2671 κατὰ
828 2643 877 2680 τὴν

96 2689 236 2725 στρατιὰν,
252 2689 299 2715 καὶ
312 2688 442 2723 σύγχυσις
459 2688 532 2723 δεινὴ
548 2689 601 2714 uel:
609 2688 708 2721 ἀταξία
719 2697 725 2704 ·
747 2689 802 2716 τῶν
815 2690 876 2725 μὲν,

95 2737 144 2772 ήδη
157 2734 223 2769 πρὸς
234 2734 403 2760 ἀποστασίαν
421 2735 520 2768 χωρεῖν
534 2733 764 2768 βεῦουλευμένων,
780 2735 835 2762 τῶν
854 2735 877 2763 δ’

95 2781 191 2813 ἄλλων,
205 2780 299 2815 ὥσπερ
311 2778 344 2816 ἦν
359 2779 496 2812 εἰκὸς,διὰ
513 2779 561 2814 τὴν
577 2780 688 2807 ἐκείνων
700 2780 877 2816 ἀποχώρησιν

97 2827 294 2861 κλονουμένων,
310 2827 357 2854 καὶ
372 2826 494 2861 πονηρὰς
509 2827 574 2859 περὶ
588 2825 635 2853 τοῦ
659 2827 802 2861 μέλλοντος
828 2828 878 2858 τὰς

933 1593 1074 1628 sexaginta
1094 1592 1211 1620 navibus
1225 1599 1256 1619 ex
1281 1592 1386 1620 Eubtea
1407 1593 1632 1622 Thessalonicam
1647 1595 1723 1623 dela-

934 1642 978 1665 tus
993 1643 1045 1666 est.
1064 1638 1131 1665 Nam
1154 1646 1216 1666 cum
1232 1637 1266 1665 ad
1287 1638 1391 1665 bellum
1410 1643 1505 1666 contra
1525 1639 1721 1674 imperatorem

933 1683 1005 1710 nihil
1022 1690 1051 1711 se
1067 1683 1231 1710 collaturum
1247 1687 1367 1717 putaret.
1384 1683 1457 1718 quod
1478 1684 1536 1719 ipse
1562 1686 1650 1713 navali
1671 1694 1725 1721 po-

934 1730 1018 1756 tentia
1031 1730 1145 1760 valeret.
1163 1728 1373 1756 Cantacuzenus
1387 1734 1478 1757 autem
1502 1729 1528 1756 in
1547 1735 1619 1758 terra
1640 1731 1726 1759 habe—

933 1779 975 1801 ret
991 1774 1156 1805 exercitum.
1177 1774 1282 1801 insulas
1305 1775 1481 1807 circumiens,
1505 1780 1533 1803 et
1565 1776 1637 1803 vires
1657 1784 1727 1806 suas

935 1820 1237 1852 o>tentans,Eub(1-am
1266 1820 1405 1854 pervenit.
1423 1821 1488 1847 Inde
1512 1821 1576 1856 quia
1602 1822 1725 1850 abeundi.

934 1869 1042 1900 tempus
1060 1869 1131 1895 erat,
1147 1864 1237 1892 visunt
1263 1864 1485 1892 Thessalonicam
1509 1873 1619 1900 quoque
1643 1867 1721 1894 navi-

932 1910 1069 1944 gandum.
1083 1915 1111 1936 et
1123 1910 1160 1936 ibi
1181 1909 1309 1936 similiter
1334 1909 1408 1936 vires
1429 1910 1618 1938 Ostentandas.
1635 1911 1674 1938 Eo
1692 1916 1721 1938 ut

933 1957 1019 1989 venit,
1047 1956 1173 1990 protinus
1197 1955 1335 1982 dissensio
1358 1955 1498 1982 exercitus
1520 1955 1545 1982 ei
1571 1956 1720 1989 indicatur,

932 2002 1046 2037 ipseque
1059 2002 1203 2029 confestim
1224 2001 1418 2036 protostratori
1445 2006 1474 2028 et
1491 2001 1552 2028 aliis
1571 2001 1718 2029 adventum

933 2056 1014 2075 suum
1031 2047 1180 2082 significat,
1194 2052 1222 2074 et
1235 2047 1378 2081 promissis
1393 2054 1440 2074 eos
1459 2053 1564 2080 onerat,
1582 2048 1603 2074 si
1621 2047 1655 2074 ab
1670 2048 1724 2074 im-

932 2098 1061 2129 peratore
1076 2093 1109 2120 ad
1124 2101 1152 2121 se
1170 2098 1331 2126 transeant;
1354 2093 1381 2120 ni
1400 2093 1497 2125 faxint,
1514 2101 1610 2120 eorum
1624 2101 1723 2129 cogna-

934 2145 976 2167 tos
989 2139 1136 2167 horrendis
1148 2139 1319 2167 cruciatibus
1333 2139 1526 2167 crudelissime
1537 2140 1721 2174 perditurum.

932 2183 1130 2218 Protostrator,
1151 2185 1198 2220 qui
1229 2189 1257 2212 et
1285 2185 1387 2220 alioqui
1416 2185 1535 2213 militare
1561 2186 1721 2221 imperatori

933 2232 1150 2266 propinquorum
1181 2237 1264 2259 causa
1293 2231 1442 2267 refugeret,
1457 2237 1486 2259 ut
1519 2232 1721 2259 demonstravi,

931 2285 1003 2310 mus.
1018 2283 1044 2304 et
1069 2278 1158 2305 nollet
1173 2285 1222 2312 per
1244 2277 1305 2304 loca
1324 2278 1474 2313 longinqua
1492 2278 1552 2312 ejus
1576 2277 1662 2312 gratia
1679 2277 1727 2304 ιοι

932 2323 1027 2351 borem
1051 2331 1208 2358 capessere,
1223 2323 1305 2359 482
1330 2324 1518 2351 conditionem
1547 2323 1638 2350 statim
1662 2331 1723 2349 am-

931 2369 1039 2404 plexus,
1069 2370 1218 2404 juramenti
1245 2369 1401 2397 cautionem
1427 2377 1478 2403 pro
1506 2369 1654 2403 praeteritis
1672 2376 1721 2403 pe-

931 2417 981 2449 tit;
1005 2422 1060 2450 quo
1082 2414 1265 2450 Apocauchus
1285 2414 1407 2450 gaudens
1431 2421 1460 2441 se
1486 2413 1644 2448 obstringit,
1669 2421 1719 2440 cu-

933 2462 1051 2496 pideque
1077 2461 1195 2496 spondet
1209 2461 1312 2488 omnia.
1326 2461 1364 2488 Eo
1380 2460 1450 2488 facto
1475 2468 1524 2495 per
1538 2460 1606 2488 alios
1620 2460 1722 2493 didito,

933 2510 1070 2542 quotquot
1090 2506 1163 2534 idem
1188 2506 1380 2541 protostratori
1404 2506 1570 2538 sentiebant,
1583 2514 1632 2534 eos
1655 2513 1722 2542 per-

934 2552 1054 2580 turbatio
1070 2552 1213 2587 repentina
1237 2559 1289 2580 nec
1301 2552 1448 2579 mediocris
1465 2553 1549 2587 cepit,
1565 2559 1720 2587 magnaque

932 2606 1024 2625 rerum
1051 2604 1078 2625 et
1099 2599 1227 2625 ordinum
1253 2598 1380 2625 confusio
1404 2599 1557 2636 exercitum
1584 2598 1715 2633 pervasit,

931 2644 992 2672 aliis
1010 2644 1164 2672 desciscere
1177 2645 1232 2679 jam
1246 2644 1427 2672 deliberatum
1440 2645 1614 2674 habentibus.
1642 2644 1720 2676 aliis,
1732 2645 1733 2648 “

932 2695 962 2718 ιιι
983 2695 1042 2717 erat
1064 2697 1249 2725 consequens,
1267 2690 1302 2717 ob
1331 2690 1442 2718 illorum
1461 2690 1645 2718 secessionem
1676 2693 1721 2716 tu-

932 2736 1144 2768 multuantibus.
1164 2743 1289 2770 maleque
1313 2736 1340 2765 in
1358 2741 1498 2771 posterum
1518 2735 1718 2763 ominanlibus.

931 2783 1084 2817 Imperator
1109 2787 1140 2809 ut
1162 2782 1317 2809 exercitum
1340 2781 1484 2808 confusum
1511 2780 1720 2818 animadvertit.

933 2829 1093 2856 auctoribus
1135 2827 1298 2855 defectionis
1344 2827 1516 2862 potissimum
1551 2826 1719 2854 advocatis:

1671 117 1726 150 93S
1783 150 1789 155 ν
