1931 3090
201 113 254 143 ἷι35

784 109 945 140 JOANNIS
964 107 1232 138 CANTACUZENI

1782 105 1843 136 930

201 168 303 199 Amici,
320 167 423 202 inquit,
442 165 510 193 nihil
530 166 579 197 ita,
593 170 622 192 ut
637 165 784 192 immodica
805 164 915 192 vivendi
938 172 987 191 cu-

1047 163 1151 194 ιλπίδας
1166 161 1368 197 λαμϐανόντων.
1384 160 1516 191 Βασιλεὺς
1529 159 1557 187 δὲ
1569 159 1607 191 ὠς
1623 158 1653 186 τὸ
1665 158 1842 194 στράτευμα

204 214 279 250 pido,
290 218 316 241 et
329 214 355 240 in
369 213 514 240 amissione
531 213 668 239 bonorum
687 211 818 239 mollities
849 208 987 247 trepidum

204 266 404 296 angustumque
417 259 508 286 reddit
523 260 656 286 animum.
668 258 750 286 Certe
763 259 885 293 majores
901 259 988 285 nostri

206 308 319 334 Romani
334 307 413 333 aliter
430 305 532 337 allecti,
550 305 646 332 orbem
661 305 860 340 propemodum
881 306 991 331 univer-

206 360 265 378 sum
290 353 480 386 subegerunt:
501 351 547 386 qui
573 351 654 378 illecti
674 350 821 378 dulcedine
844 351 946 384 gl0riae,
963 355 991 377 et

205 406 239 424 ne
262 397 388 424 hostibus
409 397 556 424 inferiores
574 397 746 428 viderentur,
766 394 992 431 quemvis'labo-

206 451 263 469 rem
287 437 471 476 perferebant.
497 442 552 470 Nec
583 444 671 470 solum
692 443 819 470 fortuitos
838 448 920 476 atque
940 441 991 468 im-

206 489 331 523 provisos
348 488 457 516 labores
474 497 529 516 non
550 488 750 520 detrectabant,
767 488 813 515 sed
829 492 854 514 et
875 488 991 521 insigni-

208 535 259 561 bus
278 534 460 561 circumventi
476 535 687 565 calamitatibus,
703 539 729 561 et
752 534 862 560 amissis
878 533 903 559 in
920 533 991 560 bello

209 580 336 612 (ilicibus,
359 581 479 615 totisque
498 581 643 615 aliquando
663 581 741 607 ca'sis
758 580 935 611 exercitibus,
951 579 994 606 ni-

209 627 247 653 hil
263 627 296 653 de
310 627 472 654 fortitudine
485 631 513 654 et
529 627 686 654 excelsitate
702 626 786 653 animi
805 626 992 658 remittebant,

210 672 303 698 omnia
323 672 410 706 prius,
427 679 508 705 quam
532 673 694 698 servitutem
714 671 765 699 sibi
781 671 906 706 patienda
922 671 995 697 arbi-

211 720 317 744 trantes
331 717 397 752 (95).
412 717 497 744 Vobis
520 718 612 744 nescio
628 717 692 751 quid
715 716 857 748 acciderit,
873 722 919 743 aut
934 725 994 751 quae

210 761 318 790 fortuna
342 767 396 789 tam
410 762 523 790 sinistra
540 771 587 789 vos
600 763 747 797 aspexerit,
766 763 812 797 qui
829 771 893 790 cum
914 768 993 790 antea

211 807 337 834 hostibus
357 809 493 835 terribiles
515 808 646 841 fuissetis,
664 813 689 835 et
703 809 779 842 virga
798 808 886 835 terrea
900 808 934 835 ab
951 808 992 842 ip-

211 853 249 880 sis
262 853 472 879 nominaremini
486 853 553 887 (96).
570 861 644 880 nunc
658 852 759 883 timidi,
772 852 920 887 degeneres
948 859 994 886 pa—

210 905 327 932 rumque
343 898 471 926 liberales
493 899 572 926 simul
598 907 693 926 omnes
712 899 849 930 evasistis,
864 903 891 926 et
909 898 995 925 hosti-

210 942 263 970 bus
277 943 383 970 uullum
398 944 430 970 ad
445 951 495 970 vos
510 944 695 971 devincendos
720 949 848 970 conatum
861 943 996 970 adhiben-

212 988 284 1016 tibus
297 989 369 1016 ultro
387 989 549 1017 tradidistis.
565 989 621 1017 Nec
636 990 709 1017 enim
725 989 854 1017 conﬂictu
876 989 930 1016 ullo
945 996 1006 1016 nos!

210 1039 388 1068 superarunt,
419 1042 469 1062 nec
484 1043 518 1062 eo
532 1035 732 1069 desperationis
746 1042 791 1062 res
806 1039 906 1062 nostra:
922 1034 995 1062 ceci-

210 1079 322 1111 derunt,
340 1083 370 1106 ut
385 1079 554 1112 dubitemus,
572 1088 691 1115 quonam
707 1080 815 1107 tandem
831 1079 911 1106 modo
927 1079 994 1106 salvi

211 1124 308 1157 simus,
328 1125 380 1151 nisi
398 1133 448 1152 nos
459 1125 531 1151 hosti
549 1125 767 1160 permiserimus.
784 1125 864 1159 Atqui
887 1123 937 1159 ego
955 1124 995 1151 sic

211 1169 245 1196 ab
260 1170 338 1197 initio
354 1178 441 1204 usque
457 1178 530 1197 nunc
543 1178 587 1198 me
603 1171 720 1202 institui,
737 1176 766 1198 ut
783 1171 867 1198 nolim
883 1179 931 1198 vos
945 1179 996 1197 un-

212 1223 294 1251 quam
318 1217 466 1243 deserere:
487 1217 534 1243 sed
553 1216 693 1243 vobiscum
719 1221 766 1243 aut
792 1224 823 1243 ex
849 1216 927 1243 hoste
947 1216 996 1244 de-

213 1262 285 1289 victo
305 1267 410 1296 partam
430 1262 538 1289 Iaudem
577 1262 778 1297 utilitatem'que
798 1263 931 1294 dividere,
949 1267 995 1290 aut

213 1307 235 1334 si
252 1308 323 1334 vinci
341 1308 497 1343 contigerit,
516 1308 587 1343 quod
599 1308 725 1343 ingenuis
739 1313 767 1335 et
781 1308 921 1343 generosis
936 1308 996 1343 pul-

213 1353 310 1379 chrum
325 1357 376 1384 est,
392 1353 417 1379 in
435 1354 494 1380 acie
514 1358 628 1379 mortem
641 1353 813 1380 occumbere.
828 1352 856 1380 Si
871 1360 935 1388 ergo
950 1361 995 1380 ve-

214 1398 281 1425 teris
295 1398 388 1432 gloria:
407 1406 543 1424 memores
559 1398 638 1424 malis
660 1406 714 1424 non
737 1398 846 1428 cedere.
862 1397 909 1425 sed
930 1406 995 1425 con-

214 1449 254 1471 tra
269 1444 415 1471 audentius
431 1444 481 1476 ire,
499 1451 550 1471 nec
566 1449 694 1478 tanquam
711 1444 846 1478 mancipia
864 1444 994 1478 perculsi.

1040 209 1113 244 ἐώρα
1127 208 1273 244 συγχυθὲν,
1293 209 1355 239 τοὺς
1373 208 1490 243 μάλιστα
1507 207 1609 238 αίτίους
1627 206 1677 241 τῆς
1705 205 1845 232 ἀποστα-

1041 257 1101 287 σίας
1128 256 1379 290 περιστησάμενος,
1397 254 1522 289 Ἀνδρες,
1547 251 1619 284 εἶπε,
1647 253 1732 287 φίλοι,
1755 252 1845 278 οὐδὲν

1040 302 1112 329 οὕτω
1126 302 1197 336 πρὸς
1224 301 1371 336 ἀνανδρίαν
1397 301 1445 327 καὶ
1463 299 1648 339 μικροψυχίαν
1670 298 1842 332 ἐπαγωγὸν,

1040 349 1078 380 ὡς
1091 349 1121 375 τδ
1135 348 1291 382 φιλοψυχεῖν
1308 347 1355 374 καὶ
1368 347 1436 382 πρὸς
1452 347 1502 380 τὴν
1521 345 1659 379 ἀποϐολὴν
1672 345 1728 371 τῶν
1743 344 1842 370 ὄντων

1043 394 1253 429 μαλακίζεσθαι.
1275 393 1404 428 Ῥωμαῖοι
1432 393 1459 419 δὲ
1476 394 1499 419 οἱ
1517 393 1571 428 πρὸ
1592 392 1670 427 ήμῶν
1694 392 1746 426 οὐχ
1764 390 1846 417 οὓτω

1042 441 1219 475 διακείμενοι,
1251 440 1300 476 τὴν
1326 440 1492 474 οἰκουμένην
1522 439 1624 474 μικροῦ
1657 438 1713 464 ῖεῖν
1738 438 1844 463 πᾶσαν

1043 487 1264 522 παρεστήσαντο·
1279 486 1347 512 ἀλλὰ
1363 486 1450 511 πάντα
1465 485 1543 511 πόνον
1558 484 1740 518 ὑπομένοντες
1763 482 1844 516 ὑπὲρ

1043 533 1198 568 φιλοτιμίας
1212 533 1258 558 καὶ
1273 532 1319 558 τοῦ
1339 531 1377 566 μὴ
1389 531 1478 558 δοκεῖν
1492 531 1594 566 ἧσσους
1611 529 1761 564 φαίνεσθαι
1780 528 1842 554 τῶν

1043 579 1194 614 πολεμίων.
1212 578 1295 605 Ὀθεν
1315 578 1346 604 οὺ
1363 577 1444 613 μόνον
1461 578 1493 604 ἐκ
1509 579 1556 604 τοῦ
1570 577 1750 611 συντυχόντος
1767 576 1842 601 ἀπε-

1043 625 1186 660 δίδρασκον
1198 623 1261 654 τοὺς
1279 624 1390 657 πόνους,
1403 623 1469 650 ἀλλὰ
1493 623 1538 649 καὶ
1553 622 1738 657 δυσπραγίαις
1762 620 1843 656 χρώ-

1045 679 1120 706 μενοι
1137 669 1281 705 μεγάλαις,
1299 670 1347 695 καὶ
1366 669 1537 703 στρατηγοὺς
1554 667 1772 700 ἀποϐάλλοντες,
1791 667 1842 694 καὶ

1045 714 1213 749 στρατόπεδα
1227 713 1361 748 ὁλόκληρα
1385 715 1414 740 ὲν
1427 715 1485 745 τοῖς
1507 713 1647 747 πολέμοις,
1664 713 1741 739 οὐδὲν
1757 713 1842 746 ὑφίε-

1045 768 1092 785 σαν
1107 759 1158 793 τῆς
1174 759 1289 794 τόλμης,
1303 758 1363 784 οὐδὲ
1380 758 1427 784 τοῦ
1445 759 1620 793 φρονήματος
1631 765 1639 773 ⁸
1658 757 1728 783 ἀλλὰ
1743 757 1841 782 πάντα

1047 805 1146 840 μᾶλλον
1161 804 1244 839 ᾤοντο
1259 805 1314 831 δεῖν
1338 805 1470 839 πρότερον
1496 805 1655 838 ὑπομένειν,
1676 804 1692 838 ἥ
1719 801 1839 829 δουλοῦν

1044 852 1099 882 τοῖς
1118 850 1258 885 πολεμίοις
1273 850 1397 880 ἑαυτούς.
1419 850 1514 884 ’Υμεῖς
1536 850 1564 876 δὲ
1578 850 1628 876 οὐκ
1643 846 1691 876 οἷδ’
1704 849 1718 875 ὅ
1741 858 1770 874 τι
1786 857 1841 874 πα-

1045 897 1148 927 θῐντες,
1168 896 1184 930 ἢ
1199 897 1254 923 τίσι
1266 897 1434 931 χρησάμενοι
1451 897 1511 927 ταῖς
1526 895 1632 930 τύχαις,
1651 895 1765 929 φοϐεροὶ
1778 895 1841 925 τοῖς

1046 941 1187 977 πολεμίοις
1201 942 1286 974 δντες,
1302 943 1348 968 καί
1365 941 1461 977 ῥάϐδος
1475 942 1521 967 ὑπ’
1537 942 1648 967 ἐκείνων
1665 940 1837 974 κεκλημένοι

1047 987 1156 1022 σιδηρᾶ,
1183 988 1266 1014 δειλοὶ
1290 987 1338 1014 καὶ
1352 988 1476 1022 ἀγεννεῖς
1503 987 1549 1014 καὶ
1567 986 1743 1022 ἀνελεύθεροι
1772 985 1837 1013 ἀντὶ

1045 1034 1100 1060 τῶν
1117 1033 1258 1068 προτέρων
1273 1032 1384 1068 ὥφθητε
1409 1032 1520 1068 ἀθρόον,
1546 1034 1593 1059 καὶ
1615 1034 1672 1064 τοῖς
1688 1032 1837 1066 πολεμίοις

1046 1080 1154 1110 ἑκόντες
1170 1079 1245 1110 ὄντες
1261 1078 1428 1113 ὲγχειρίξετε
1447 1079 1516 1112 σφᾶς
1534 1078 1642 1110 αὐτοὺς,
1663 1078 1768 1113 μηδένα
1785 1078 1837 1104 πό-

1046 1134 1090 1151 νον
1104 1125 1168 1160 περὶ
1195 1125 1226 1150 τὺ
1242 1123 1427 1159 χειρώσασθαι
1443 1124 1515 1158 ὑμᾶς
1533 1124 1746 1158 εἰσενεγκοῦσιν.
1763 1123 1836 1150 Οῠτε

1046 1171 1099 1205 γὰρ
1127 1171 1155 1196 ὲν
1175 1171 1249 1206 μάχῃ
1282 1169 1425 1205 ἡττήμεθα
1453 1170 1565 1205 οὐδεμιᾷ
1593 1171 1694 1201 αὐτῶν,
1719 1169 1778 1196 οὒτ’
1795 1170 1838 1201 είς

1045 1214 1173 1242 τοσοῦτον
1185 1216 1250 1250 ἡμῖν
1268 1213 1319 1251 ἧκε
1335 1215 1370 1241 τὰ
1392 1215 1542 1249 πράγματα
1558 1214 1746 1246 ἀνελπιστίας,
1763 1214 1838 1241 ὥστε

1046 1262 1160 1296 ἀπορεῖν
1174 1263 1229 1296 ὅπη
1243 1261 1434 1296 σωθησόμεθα,
1450 1262 1474 1287 εί
1489 1261 1527 1296 μὴ
1543 1262 1613 1294 σφᾶς
1630 1261 1731 1292 αὐτοὺς
1743 1263 1839 1295 ἐγχει-

1048 1307 1159 1342 ρίσομεν
1174 1308 1229 1337 τοῖς
1250 1307 1400 1341 πολεμίοις.
1422 1307 1492 1340 Ἐγὼ
1508 1307 1536 1334 δὲ
1551 1307 1637 1338 οὕτως
1653 1307 1776 1342 ὲξαρχῆς
1789 1308 1839 1334 καὶ

1048 1352 1096 1379 νῦν
1123 1352 1201 1379 οὐδὲν
1227 1349 1308 1388 ἦττον
1335 1353 1455 1379 πέπεικα
1483 1353 1611 1387 ἐμαυτὸν.
1637 1352 1675 1383 ὡς
1703 1353 1838 1379 οὐδέποτε

1044 1398 1238 1432 προησόμενος
1253 1398 1337 1432 ὑμᾶς,
1349 1398 1405 1425 ἀλλ’
1418 1397 1434 1432 ἢ
1451 1398 1498 1424 σὺν
1510 1398 1574 1432 ὑμῖν
1585 1399 1835 1433 παραστησάμενος

1046 1443 1110 1473 τοὺς
1127 1442 1273 1477 πολεμίους
1290 1443 1511 1478 συμμερίσασθαι
1522 1444 1568 1470 καὶ
1578 1443 1628 1478 τὴν
1636 1443 1717 1476 δόξαν
1729 1444 1781 1470 καὶ
1790 1445 1836 1479 τὴν

214 1489 384 1515 incruentam
401 1488 525 1515 hostibus
540 1489 683 1515 victoriam
701 1489 765 1516 dare
783 1489 933 1520 volueritis,
951 1497 994 1515 ve-

1047 1489 1179 1522 ὼςὲλειαν
1190 1489 1238 1524 τὴν
1247 1491 1278 1516 ὲκ
1289 1491 1337 1524 τῆς
1349 1490 1437 1524 νίκης,
1450 1490 1466 1525 ἢ
1479 1491 1631 1524 μαχόμενος
1645 1492 1792 1518 πεσεῖσθαι
1802 1491 1834 1518 ειν

211 1538 276 1561 stt-ae
290 1533 416 1568 dignitati
434 1539 462 1559 ut
473 1540 580 1568 :3-quum
596 1538 638 1560 est
651 1533 812 1560 consuletis.
830 1532 878 1560 Sin
892 1540 994 1568 cogna-

213 1579 296 1606 tionis
312 1583 408 1606 vestra:
429 1579 569 1605 miseratio
590 1583 734 1613 tantopere
759 1579 865 1605 animos
878 1586 995 1613 occupa-

212 1626 261 1657 vit,
279 1631 309 1653 ιιι
324 1634 373 1660 pro
395 1626 429 1654 iis
446 1627 487 1653 vel
510 1627 659 1654 {mitissima
686 1631 714 1653 et
739 1627 923 1662 abjectissima
940 1628 993 1661 pati

211 1671 348 1706 Cogitetis.
369 1671 436 1697 nihil
451 1671 552 1698 attinet
565 1667 604 1697 ita
623 1678 652 1698 se
669 1670 768 1697 dubios
781 1678 886 1705 gerere,
901 1669 995 1705 aﬂligi-

213 1724 267 1751 que
281 1724 313 1744 ac
330 1717 503 1747 tumultuari,
520 1716 568 1743 sed
582 1716 656 1743 dicto
671 1716 742 1747 vale,
762 1722 855 1750 aperte
871 1723 926 1750 quo
945 1724 995 1743 vo-

214 1763 304 1790 luntas
329 1762 382 1790 l'ert
402 1763 489 1790 abire.
515 1762 581 1789 Nam
603 1767 633 1788 ut
656 1766 841 1797 repugnantes
856 1762 890 1788 ad
917 1762 995 1789 nobis

213 1808 388 1835 serviendum
414 1808 496 1844 5.83
524 1816 578 1835 non
603 1808 760 1835 traximus:
787 1807 826 1834 sic
856 1808 947 1838 modo,
972 1807 995 1835 si

213 1859 310 1889 sponte
335 1862 445 1881 manere
472 1862 525 1881 non
548 1853 641 1886 vultis,
669 1861 723 1880 non
757 1861 898 1888 cogemus.
924 1854 995 1886 Quin

212 1901 295 1927 etiam
316 1900 343 1927 si
352 1899 545 1931 discesseritis,
561 1907 615 1926 non
632 1900 737 1926 minore
756 1907 804 1926 vos
818 1900 887 1927 bene
904 1901 996 1927 volon-

213 1946 250 1972 tia
277 1953 484 1980 prosequemur,
511 1945 745 1980 quandoquidem,
771 1951 801 1973 ut
826 1946 915 1979 video,
943 1955 995 1974 non

214 1993 281 2019 vitio
308 1993 402 2027 aliquo
419 1993 596 2019 tranSversim
623 1993 688 2024 acti,
705 1993 753 2021 sed
778 1994 996 2021 necessariorum

214 2038 346 2064 memoria
377 2038 550 2072 languel’acti,
567 2038 649 2065 etiam
668 2047 729 2072 qua:
760 2039 913 2066 conducere
942 2048 995 2066 non

213 2082 345 2112 censetis,
374 2081 462 2108 facere
482 2082 688 2116 compellimini.
704 2082 775 2114 llzec,
790 2087 819 2110 ut
844 2084 889 2110 ille
917 2084 996 2118 dixit,

214 2127 266 2162 ipsi
283 2135 393 2162 quoque
407 2127 514 2162 publice
529 2127 648 2162 graviter
665 2132 752 2155 semet
769 2129 940 2162 incusarunt,
949 2129 996 2164 qui

1044 1536 1177 1571 ἡττᾶσθαι
1191 1536 1338 1571 συμϐαίνῃ.
1348 1535 1500 1571 ἐλευθέροις
1514 1537 1560 1563 καὶ
1572 1538 1706 1570 γενναίοις
1716 1538 1832 1573 ἀνδράσι

1045 1581 1249 1616 προσηκόντως.
1276 1581 1306 1607 Et
1324 1581 1373 1616 μὲν
1387 1579 1434 1608 οὖν
1459 1581 1509 1616 τὴν
1538 1583 1675 1617 προτέραν
1702 1583 1832 1611 εὔκλειαν

1045 1625 1245 1660 ἐνθυμηθέντες
1257 1627 1418 1660 ἀντιστῆναι
1435 1627 1594 1661 έθελήσεται
1611 1628 1680 1663 πρὸς
1695 1629 1730 1655 τὰ
1743 1629 1831 1662 δεινὰ,

1046 1672 1092 1698 καὶ
1107 1672 1144 1707 μὴ
1168 1673 1196 1698 ὲν
1220 1671 1396 1706 ἀνδραπόδων
1426 1673 1507 1707 μοίρᾳ
1525 1673 1751 1707 καταπλαγέντες
1779 1676 1829 1710 τήν

1045 1717 1123 1752 νίκην
1152 1718 1283 1755 παρέχειν
1307 1719 1444 1753 ἀναιμωτὶ
1472 1720 1529 1750 τοῖς
1556 1719 1706 1754 πολεμίοις,
1729 1721 1830 1756 ἄριστα

1046 1763 1222 1798 βουλεύσεσθε
1239 1764 1285 1790 καὶ
1299 1764 1473 1799 προσήκοντα
1491 1765 1555 1798 ὑμῖν
1571 1765 1673 1796 αὐτοῖς.
1692 1766 1723 1792 El
1739 1767 1762 1793 δ’
1778 1767 1831 1802 ἄρα

1044 1809 1171 1835 τοσοῦτον
1191 1809 1309 1844 ἥττησθε
1335 1809 1403 1844 πρὸς
1429 1810 1482 1836 τῶν
1506 1811 1615 1837 οίκείων
1642 1811 1691 1846 τὴν
1719 1814 1833 1847 συμπά-

1046 1855 1132 1886 θειαν,
1149 1854 1213 1881 ὥσθ’
1239 1855 1308 1890 ὑπὲρ
1337 1855 1450 1882 ἐκείνων
1467 1857 1563 1883 καὶτὰ
1590 1858 1759 1892 αἱσχρότατα
1784 1859 1831 1885 καὶ

1046 1901 1232 1934 ἀγεννέστατα
1249 1901 1425 1935 ὑφίστασθαι,
1443 1902 1473 1928 οὐ
1488 1902 1545 1928 δέον
1563 1902 1648 1934 οὕτως
1663 1904 1831 1938 ἅμφιδόλους

1047 1947 1188 1981 φέρεσθαι,
1216 1948 1262 1974 καὶ
1290 1947 1365 1974 δεινὰ
1389 1948 1504 1983 πάσχειν
1532 1950 1739 1984 κλονουμένους,
1762 1951 1831 1978 ἀλλὰ

1048 1993 1264 2027 συνταξιμένους
1289 1994 1424 2028 φανερῶς,
1441 1994 1483 2028 ἐφ’
1496 1994 1515 2021 ἃ
1529 1995 1687 2030 προείλεσθε
1715 1999 1828 2032 χωρεῖν.

1047 2037 1116 2064 Οὔτε
1136 2038 1190 2073 γὰρ
1203 2038 1318 2070 ἄκοντας
1342 2039 1509 2074 εἱλκύσοιμεν
1525 2041 1591 2074 ἡμῖν
1607 2041 1755 2073 δουλεύειν,
1767 2042 1828 2070 οὔτε

1048 2083 1094 2109 νῦν
1107 2083 1277 2117 κωλύσομεν,
1305 2085 1329 2110 εἰ
1347 2085 1385 2119 μὴ
1410 2085 1520 2117 ἑκόντες
1541 2086 1614 2118 ὄντες
1644 2088 1766 2122 αἱρεῖσθε
1780 2090 1829 2124 τὴν

1051 2127 1110 2162 μεθ’
1127 2128 1205 2162 ήμῶν
1224 2128 1375 2162 διατριϐήν.
1395 2129 1475 2156 Ἀλλὰ
1494 2130 1540 2157 καὶ
1557 2132 1624 2166 πρὸς
1637 2133 1767 2166 ἀπόντας,
1783 2135 1830 2170 τὴν

214 2181 271 2207 ιιι-ιε
288 2173 461 2199 miseratione
478 2173 677 2206 proximorum,
695 2174 815 2206 timidos,
831 2182 862 2201 ac
877 2175 994 2209 degene-

1050 2173 1110 2208 ῖσην
1138 2174 1183 2200 καὶ
1208 2174 1305 2208 ὁμοίαν
1336 2175 1409 2209 ὑμᾶς
1423 2175 1625 2211 δια-τηρήσομεν
1648 2178 1758 2211 φιλίαν·
1776 2180 1829 2215 ὁρῶ

216 2224 260 2243 res
273 2224 312 2248 se,
328 2216 470 2251 dignitatis
486 2225 542 2243 sua:
561 2217 652 2248 obliti,
668 2219 870 2252 praestitissent.
893 2220 995 2248 Deinde

214 2263 330 2289 salutem
345 2263 495 2296 apprecati,
511 2268 675 2297 orantesque
694 2272 728 2291 ne
744 2265 868 2293 diiferret
879 2266 994 2300 diutius,

215 2307 262 2334 sed
278 2307 328 2334 sibi
348 2308 513 2342 provideret,
543 2316 710 2343 quocunque
732 2309 804 2337 Deus
819 2310 894 2337 illum
916 2311 998 2338 duce-

218 2358 269 2383 ret.
286 2354 481 2386 valedicentes,
499 2359 527 2381 et
543 2355 716 2389 imperatoris
726 2356 822 2390 pedem
840 2357 997 2383 osculantes

217 2399 383 2426 recedebant
402 2408 410 2425 :
427 2400 474 2433 qui
491 2401 627 2427 abeuntes
641 2408 702 2427 cum
723 2402 927 2429 remanentibus
947 2403 998 2430 mi-

216 2444 285 2470 sceri
304 2444 402 2476 vetuit,
418 2453 452 2471 ne
471 2445 551 2471 turba
576 2449 604 2471 et
622 2445 748 2472 confusio
763 2447 917 2476 exsisteret,
933 2447 998 2474 dum

216 2490 263 2522 qui
278 2496 419 2517 manerent
432 2491 585 2517 nesciretur
607 2500 613 2517 :
632 2491 679 2518 sed
695 2491 728 2518 ad
752 2492 893 2519 cohortem
913 2493 999 2527 ipsius

217 2536 350 2570 integram
379 2536 482 2570 (nullus
507 2537 607 2571 quippe
637 2537 761 2563 ordinem
793 2538 952 2574 reliquerat)
972 2544 1001 2566 et

1050 2221 1105 2255 γὰρ
1120 2221 1157 2251 ὡς
1175 2220 1205 2246 οὐ
1223 2220 1266 2246 διὰ
1285 2221 1397 2254 κακίαν,
1415 2221 1472 2247 ἀλλ’
1489 2222 1541 2248 ὑπὸ
1564 2222 1616 2257 τῆς
1639 2224 1694 2249 τῶν
1721 2225 1828 2252 οἰκείων

1042 2260 1266 2299 ’μαλακισθέντες
1287 2267 1409 2302 μνήμης,
1425 2268 1471 2293 καὶ
1486 2267 1503 2294 ἃ.
1518 2267 1555 2303 μὴ
1578 2268 1666 2294 οἴεσθε
1680 2268 1827 2298 λυσιτελεῖν

1050 2312 1181 2344 πράττειν
1195 2311 1394 2345 ἁναγκάζεσθε.
1411 2313 1530 2340 Τοιαῦτα
1547 2314 1669 2346 εἰπόντος
1685 2315 1825 2351 βασιλέως,

1049 2359 1096 2384 καὶ
1107 2357 1184 2383 αὐτοὶ
1199 2356 1283 2383 πολλὰ
1298 2358 1406 2388 ἐπυττῖς
1428 2359 1678 2393 καταμεμψάμενοι
1703 2363 1826 2397 φανερῶς

1048 2403 1085 2434 ὡς
1115 2403 1158 2428 διὰ
1186 2403 1239 2428 τῶν
1268 2403 1376 2428 οἰκείων
1406 2403 1454 2438 τὴν
1482 2405 1653 2437 συμπάθειαν
1671 2405 1766 2437 δειλοῖς
1782 2409 1824 2433 καὶ

1048 2449 1172 2482 ἀγεννέσι
1183 2449 1248 2483 παρ’
1265 2448 1344 2480 ἀξίαν
1359 2450 1540 2484 φαινομένοις.
1556 2451 1672 2478 Ἔπειτα
1683 2453 1732 2478 καὶ
1746 2461 1829 2488 cum.

1050 2495 1112 2530 ρίαν
1138 2495 1334 2529 ἐπευξάμενοι,
1351 2496 1399 2522 καὶ
1415 2496 1556 2530 δεηθέντες
1583 2499 1680 2532 μηκέτι
1713 2499 1826 2532 μέλλειν,

1049 2540 1117 2567 ἀλλὰ
1142 2541 1270 2576 πρόνοιάν
1297 2550 1357 2568 τινα
1383 2542 1518 2570 ποιεῖσθαι
1549 2544 1657 2578 ἑαυτοῦ,
1682 2545 1744 2572 ὅποι
1765 2545 1826 2578 Θεὸς

845 2619 955 2650 Jacobi
972 2620 1103 2651 Pontaui
1121 2626 1212 2653 notas.

253 2697 308 2732 (95)
321 2695 481 2736 _Nu_sqt_lam‘
492 2698 544 2736 hoc
566 2699 729 2736 luculentitts
743 2698 822 2727 docet
834 2701 868 2728 Μ.
884 2701 997 2736 Tullius,

216 2740 297 2766 quam
320 2732 347 2769 in
371 2731 537 2769 Philippicis,
549 2741 629 2767 quam
653 2735 759 2761 scilicet
775 2737 891 2762 alietntm
908 2743 934 2764 et
950 2731 995 2769 sit,

217 2773 319 2806 etesse
335 2768 432 2806 delicat
450 2776 463 2793 a
481 2768 738 2806 Roman-ornomine.
755 2772 915 2799 servitutem
929 2768 996 2806 pati,

219 2802 262 2830 cui
279 2802 360 2830 etiam
376 2802 433 2837 ipsa
452 2811 525 2830 mors
537 2805 712 2832 anteferenda
730 2805 776 2832 sit.

1088 2703 1152 2745 _(96_)
1180 2705 1380 2745 .'_l'at_l_tberlanes
1408 2709 1565 2744 Scytharum
1593 2712 1740 2745 imperator
1764 2716 1823 2742 iram

1049 2739 1108 2780 Dei,
1122 2739 1213 2780 aint.
1230 2740 1393 2780 Hunnorum.
1408 2739 1453 2770 rei
1478 2744 1609 2780 ﬂagellum
1632 2739 1679 2774 'nei
1698 2739 1733 2776 sed
1747 2739 1826 2776 ηόιῖέίέ

1046 2774 1211 2820 p‘aliatttlie
1229 2783 1291 2820 rege
1304 2776 1472 2820 Assyriorum
1490 2774 1822 2820 ligus‘ipseper‘proplie-

1049 2813 1102 2836 tant
1120 2810 1226 2843 Isaiam,
1239 2819 1298 2844 cap.
1319 2819 1333 2838 ι
1349 2810 1362 2838 ι’
1376 2813 1457 2840 Assur
1470 2815 1542 2844 vit-aa
1560 2810 1654 2843 fit-roris-
1667 2810 1727 2845 mei.
