1926 3090
122 143 174 176 953

700 144 726 175 Η
734 144 970 176 [STORMRUM
992 145 1105 176 LIBER
1126 140 1182 178 lii.

1693 149 1747 182 954

122 202 227 236 anm/.2
241 202 290 235 τῆς
303 201 342 233 εἰς
364 201 444 229 αὐτὸν
459 202 552 236 φιλίας
581 201 674 229 ἕνεκα.
690 202 727 229 Οὐ
742 202 797 237 γὰρ
814 201 848 229 ἂν
862 201 905 237 εἴη

961 203 1010 230 bus
1029 204 1086 230 suis
1108 203 1141 230 ad
1169 205 1261 231 hostes
1284 203 1493 232 transeuntibus
1515 204 1639 239 proditus
1654 205 1698 232 sil.
1715 204 1744 231 Si

121 244 148 273 τί
161 246 265 283 βέλτιον
279 247 325 273 καὶ
334 247 554 282 σωφρονέστερον
562 247 716 282 ἀνθρώποις
732 247 823 282 ὀρθοῖς
835 255 907 282 χρω-

124 293 215 327 μένοις
224 292 363 326 λογισμοῖς
377 292 429 327 τὴν
443 292 555 327 βεϐαίαν
568 293 615 318 καὶ
630 292 715 327 ἀληθῆ
727 291 820 326 φιλίαν
842 293 908 327 κτή-

123 338 234 364 σασθαι.
253 338 369 364 Ἔπειτα
389 338 416 364 δὲ
432 339 458 365 εῐ
471 347 502 372 γε
520 338 644 373 βούλοιτο
664 339 711 364 και
726 337 836 364 δύναιτο
860 339 907 364 καὶ

125 382 252 418 βοηθείας
286 384 351 418 παρ’
381 383 464 410 αὑτοῦ
503 385 613 420 τυχεῖν,
652 383 717 410 ὥστ’
749 384 907 411 ἐπανελθεῖν

123 430 193 464 πρὸς
217 430 266 463 τὴν
291 431 404 457 οἰκείαν.
435 430 545 457 Οτεσθαι
573 431 600 457 δὲ
631 431 691 466 μηδ’
721 431 802 457 αὐτὸν
817 431 908 464 ἁγοεῖν

122 477 158 503 τὰ
183 476 256 511 αὐτῷ
282 476 474 511 συμσεῦηκότα
503 478 532 503 ὲν
560 477 638 503 ἐννέα
677 477 794 511 μάλιστα
826 476 907 510 μησὶν

123 522 175 557 ήδη
216 522 263 549 τοῦ
287 523 362 557 παρὰ
390 512 535 558 Ῥωμαίοις
567 524 686 557 πολέμου
713 525 904 558 κεκινημένου,

123 569 199 599 ὅπως
225 576 255 594 τε
288 569 435 604 φθονηθείη
471 569 548 604 παρὰ
576 569 631 595 τῶν
653 570 798 604 ὁμοφύλων
824 569 907 603 μηδὲν

123 613 276 648 ἠδικηκὼς,
309 613 357 641 καὶ
376 614 414 646 ὡς
446 615 572 649 κινηθείη
615 615 679 649 παρ’
723 613 836 641 ἐκείνων
861 614 909 639 πό-

123 658 206 692 λεμος
233 658 398 693 ἀκήρυκτος,
424 660 471 686 καὶ
493 660 527 686 τὰ
545 661 687 687 τελευταῖα.
707 660 793 687 ταῦτα
809 660 852 694 δὴ,
871 660 908 692 ὡς

125 705 271 740 προδοθείη
282 713 316 731 πα
324 706 357 740 ρὰ
375 705 429 732 τῶν
445 706 579 732 συνόντων
593 707 661 740 πρὸς
675 707 738 737 τοὺς
761 706 906 740 πολεμίους

125 751 314 777 ἀποστάντων.
337 752 367 777 El
385 752 413 778 δὲ
432 752 468 786 μὴ
484 752 605 786 βούλοιτο
619 752 738 787 βοηθεῖν,
753 752 909 787 ἀπαγορεύ-

124 804 165 821 ειν
185 796 320 830 σανερῶς,
336 796 401 823 ὥστ’
427 797 510 823 αὑτὸν
540 797 770 832 διασκεψάμενον,
790 798 804 823 ὃ
833 807 857 823 τι
875 798 908 824 ἂν

123 843 215 876 δοκοίη
236 843 340 877 βέλτιον
355 843 429 878 αὐτῴ
443 852 473 869 τε
489 844 537 870 καὶ
558 845 616 875 τοῖς
639 844 748 870 συνοῦσι
764 844 906 878 πράττειν.

960 248 1085 275 auxiliari
1099 248 1179 281 nolit,
1194 253 1288 283 aperte
1307 253 1424 282 recuset,
1442 254 1472 277 ut
1490 257 1553 277 ettm
1571 249 1744 282 deliberarit,

960 294 1025 328 quid
1045 295 1096 321 sibi
1121 296 1233 329 suisque
1256 296 1348 331 potius
1370 296 1516 328 conducat,
1542 296 1568 323 id
1590 300 1661 331 agat.
1682 296 1743 323 Non

960 341 1060 368 debere
1078 348 1160 375 porro
1180 341 1286 372 mirari.
1307 342 1379 376 quod
1399 342 1511 373 dixerit,
1530 342 1552 369 si
1570 343 1655 376 possit
1669 342 1746 368 auxi-

961 387 1038 419 liari;
1056 387 1135 422 493
1152 396 1206 414 non
1225 388 1298 414 enim
1315 396 1369 422 quo
1392 396 1455 415 eum
1481 388 1679 416 imbecillitatis
1702 396 1747 415 ar—

962 439 1068 470 gueret,
1087 435 1122 461 ita
1142 435 1274 463 locutum.
1292 435 1339 461 sed
1356 436 1420 469 quia
1436 435 1515 464 sciat.
1531 435 1660 462 omnibus
1674 442 1748 462 mor-

963 480 1062 506 talibus
1091 487 1123 506 ex
1150 487 1227 513 aequo
1250 480 1365 507 liberant
1389 488 1448 507 esse
1479 480 1566 512 velle,
1589 487 1668 515 posse
1692 487 1746 506 non

962 523 1037 553 itetn.
1052 525 1192 552 lnterdntn
1206 526 1278 552 enim
1302 525 1385 552 etiam
1407 525 1453 560 qui
1477 525 1605 552 videntur
1625 526 1745 560 potentia

961 572 1104 604 exet-liere,
1127 571 1292 606 quibusdam
1317 571 1523 605 impedimentis
1549 577 1683 606 potestate
1707 571 1748 598 fa-

961 617 1051 645 ciendi
1068 625 1130 652 qua:
1143 617 1251 648 volunt,
1270 617 1475 649 excluduntur;
1492 617 1514 643 si
1529 621 1576 643 aut
1591 616 1685 643 hostes
1701 624 1746 651 po-

962 664 1094 690 tentiores
1114 667 1241 698 urgeant.
1266 667 1314 690 aut
1337 662 1469 696 quosdam
1487 662 1617 689 finitimos
1633 662 1744 697 populos

966 710 1052 736 armis
1069 710 1215 743 nppetitnri
1232 710 1303 741 sint;
1330 709 1433 736 idcirco
1459 709 1574 742 dixisse,
1602 709 1624 736 si
1652 709 1745 744 possit.

961 753 1034 788 qttod
1059 753 1157 780 merito
1184 754 1273 788 ipsum
1297 754 1409 780 turbare
1433 762 1487 781 non
1505 754 1616 785 debeat,
1636 753 1746 788 quandc

962 799 1158 832 hujuscemodi
1175 799 1258 825 multa
1277 799 1303 824 in
1320 799 1460 825 hominum
1478 799 1534 826 vita
1553 807 1603 825 usu
1627 799 1746 826 veniant.

962 844 1097 872 Narrabat
1115 849 1221 879 postea,
1247 844 1378 871 scientem
1403 852 1434 870 ac
1459 844 1594 871 volentem
1616 846 1656 871 sic
1674 844 1751 871 locu-

123 888 170 922 Μὴ
183 888 334 922 θαυμάζειν
349 889 376 914 δὲ
390 889 437 920 ὡς,
453 889 479 915 εἴ
488 898 519 923 γε
532 889 639 916 δύναιτο
652 890 768 925 βοηθεῖν,
783 890 887 924 εἰρήκει
902 898 909 905 '

964 896 1031 922 tum,
1052 895 1081 917 ut
1098 890 1121 916 si
1138 890 1267 924 opitulari
1287 890 1382 920 nollet.
1396 889 1583 923 suppetiarum
1599 889 1750 923 desperan-

123 933 156 958 οὐ
173 933 228 968 γὰρ
245 933 396 967 ἀδυναμίαν
420 934 503 960 αὐτοῦ
521 934 705 968 κατεγνωκὼς
727 934 840 960 τοιαῦτα
857 934 910 967 sub

124 985 191 1004 ναι·
209 979 266 1004 ἀλλ’
290 977 367 1010 εἰδὼς
392 979 429 1008 ὡς
456 980 537 1005 πᾶσιν
557 979 711 1014 ἀνθρώποις
742 981 758 1014 ἡ
783 979 832 1014 μὲν
848 979 910 1014 βού-

74 1027 78 1031 ’
124 1024 204 1058 λησις
229 1025 328 1059 ὁμοίως
351 1026 395 1051 ἐπ’
417 1024 529 1060 ’ἐξουσίᾳ
557 1026 657 1056 κεῖται,
678 1025 708 1051 τὸ
730 1025 860 1051 δύνασθαι
883 1024 910 1050 δὲ

124 1071 227 1098 οὐκέτι.
250 1072 351 1098 Ἐνίοτε
373 1072 427 1107 γὰρ
443 1072 489 1099 καὶ
511 1072 587 1098 αὐτοὶ
603 1073 627 1098 οἱ
644 1072 750 1105 μεγάλα
768 1071 910 1102 δοκοῦντες

124 1117 255 1143 δύνασθαι
278 1118 330 1142 ὑπὸ
345 1125 425 1143 τινων
443 1118 611 1151 κωλυμάτων
633 1119 682 1153 τὴν
701 1118 747 1144 τοῦ
780 1118 910 1151 πράττειν

124 1163 143 1189 ἃ
167 1163 306 1197 βούλονται
333 1163 447 1197 δύναμιν
475 1164 691 1198 ἁποστεροῦνται
723 1165 739 1200 ἢ
775 1164 910 1198 πολεμίων

126 1211 215 1238 ἄλλων
239 1211 431 1245 δυνατωτέρων
454 1210 646 1243 ἐπικειμένων,
667 1210 683 1244 ἢ
701 1210 778 1236 αὐτοὶ
801 1211 910 1245 ὁμόροις

127 1257 217 1283 ἔθνεσί
245 1265 301 1283 τισι
335 1257 478 1290 μέλλοντες
509 1256 735 1290 ἐπιστρατεύειν,
761 1256 805 1282 διὰ
833 1256 911 1282 τοῦτο

127 1303 211 1337 φάναι
225 1303 265 1335 τὸ,
284 1303 309 1330 ει
331 1302 439 1328 δύναιτο
451 1311 457 1317 ·
471 1303 485 1328 ὃ
498 1303 603 1329 δίκαιον
620 1302 702 1328 αὑτὸν
720 1302 756 1336 μὴ
774 1301 910 1336 θορυϐεῖν,

126 1347 233 1373 πολλῶν
248 1347 375 1373 τοιούτων
388 1347 417 1372 ὲν
433 1347 470 1381 τῷ
489 1347 537 1381 βίῳ
553 1346 767 1380 συμὸαινόντων.
784 1346 910 1379 Ἔφασκε

127 1393 156 1419 δὲ
181 1393 294 1426 ὕστερον
315 1392 471 1426 ἐξεπίτηδες
494 1392 606 1418 τοιαῦτα
628 1393 696 1426 πρὸς
714 1391 824 1426 Κράλην
838 1392 912 1426 εἰρη-

126 1439 215 1471 κέναι,
231 1438 267 1468 ὡς
286 1439 310 1464 εί
337 1438 374 1473 μὴ
396 1437 517 1472 βούλοιτο
543 1437 661 1472 βοηθεῖν,
678 1437 841 1472 προφάσεως
868 1437 912 1462 εὐ-

127 1483 275 1517 προσώπου
293 1482 368 1517 παρὰ
383 1482 437 1507 τῶν
454 1481 559 1507 ἐκείνου
576 1481 663 1514 λόγων
683 1481 824 1515 εὐποροίη,
841 1480 911 1507 ὥστε

126 1530 177 1563 τὴν
202 1528 250 1563 μὲν
274 1528 400 1563 βοήθειαν
416 1526 611 1561 ἀπαγορεύειν,
635 1526 734 1560 μηκέτι
749 1526 777 1552 δὲ
798 1526 846 1551 καὶ
861 1525 911 1559 τὴν

126 1575 218 1609 φιλίαν
245 1573 292 1608 τὴν
317 1574 386 1608 πρὸς
411 1573 505 1599 αὐτόν.
528 1572 635 1598 Ἐδεδίει
658 1571 711 1606 γὰρ
739 1571 775 1606 μὴ
795 1571 909 1597 ἐκπολε-

127 1621 232 1656 μωθεὶῃ
255 1619 322 1654 πρὸς
339 1619 430 1650 αὐτον,
447 1619 471 1644 εἱ
491 1619 527 1653 μὴ
553 1617 674 1652 βούλοιτο
698 1617 818 1652 βοηθεῖν,
834 1617 911 1651 νομί-

85 1670 89 1673 ’
126 1675 177 1698 σος
207 1667 258 1702 ήδη
281 1665 326 1691 διὰ
353 1664 403 1699 τὴν
426 1664 578 1698 ἀποτυχίαν
608 1665 656 1695 τῆς
683 1663 843 1696 ἐπικουρίας
872 1663 911 1694 εἰς

124 1713 210 1747 ὀργὴν
226 1711 370 1745 ἐξάγεσθαι
384 1711 430 1737 καὶ
443 1710 555 1745 ἔχθραν.
583 1710 611 1735 '0
628 1709 740 1743 Κράὶηε
756 1709 795 1739 δι,
811 1708 909 1739 Καλῶς

124 1758 394 1792 ὲποίησαςβῗρηκεν,
406 1754 428 1783 ὣ
441 1756 562 1791 βασιλεῦ,
572 1757 617 1781 τον
629 1755 708 1788 λόγον
721 1754 892 1788 διασαφήσας
903 1761 910 1769 ·

125 1806 279 1840 ὑπέθραττε
304 1804 359 1838 γὰρ
381 1804 430 1829 οὐκ
453 1803 543 1836 ὀλίγον
569 1802 616 1828 καὶ
636 1801 761 1836 ἐθορύϐει
784 1801 834 1833 τὴν
856 1800 912 1826 διά.-

125 1860 218 1883 νοιαν,
244 1850 282 1881 ὡς
310 1849 417 1883 ἀγνοῶν
449 1849 498 1884 τὴν
532 1849 594 1882 ἐμοὶ
623 1847 766 1882 παροῦσαν
796 1846 911 1880 δύναμιν

125 1898 249 1931 οἰόμενον
270 1895 381 1922 τοιαῦτα
397 1894 499 1928 λέγεις.
520 1893 630 1927 Ἐπειδὴ
655 1893 682 1918 δὲ
703 1892 758 1919 τῶν
783 1891 912 1917 τοιούτων

125 1941 284 1976 ἀπήλλαξας
302 1939 443 1971 ὑπονοιῶν,
462 1939 512 1974 ήδη
535 1946 577 1964 σοι
597 1937 646 1972 τὴν
667 1937 780 1971 γνώμην
799 1936 847 1962 καὶ
862 1936 911 1962 αὺ-

124 1989 170 2018 τὸς
192 1988 297 2021 ποιήσω
324 1986 455 2020 φανερὰν,
471 1984 508 2012 ὼς
530 1984 646 2018 δύναμίν
671 1992 699 2010 τε
715 1983 769 2017 ἔχω
794 1983 911 2017 μάλιστα

124 2034 264 2069 ἁρκούσαν
281 2032 346 2068 πρὸς
362 2032 424 2061 τοὺς
437 2030 622 2064 πολεμοῦντας
646 2038 696 2060 σοι,
713 2031 759 2057 καὶ
778 2030 863 2063 ἡδέως
879 2029 912 2055 ἂν

125 2079 304 2114 ὲπικιυροίην
327 2079 352 2105 εἰ
378 2086 408 2111 γε
437 2077 525 2111 βούλει
554 2078 600 2102 καὶ
624 2077 714 2107 αὐτὸς.
748 2076 912 2110 ’Λποκρινα-

126 2127 211 2161 μέιου
235 2123 264 2149 δὲ
286 2123 332 2149 τοῦ
361 2122 505 2157 βασιλέως,
529 2122 565 2152 ὡς
581 2122 630 2156 τῆς
656 2121 705 2155 μὲν
722 2120 810 2155 φιλίας
832 2121 912 2146 ἕνεκα

124 2172 173 2198 καὶ
198 2171 246 2204 τῆς
278 2168 433 2203 προθυμίας
459 2168 508 2202 τῆς
541 2167 604 2201 περὶ
632 2167 724 2197 αὑτὸν,
753 2165 855 2197 πολλὰς
878 2166 912 2192 ἂν

961 937 1069 969 darum,
1083 937 1126 963 vel
1142 945 1175 964 ex
1199 937 1286 971 ipsius
1305 936 1397 963 verbis
1421 938 1533 962 honesta
1561 935 1612 962 sibi
1634 935 1750 962 facultas

962 982 1163 1016 suppeditaret,
1179 989 1232 1008 non
1246 981 1330 1008 etiam
1345 981 1472 1007 amicitia:
1486 989 1493 1006 :
1511 980 1648 1007 metuebat
1663 979 1749 1013 siqui-

962 1029 1035 1059 dem,
1054 1035 1087 1054 ne
1102 1027 1202 1054 hostile
1221 1027 1246 1053 iu
1265 1034 1293 1053 se
1312 1026 1405 1053 odium
1425 1026 1587 1060 susciperet,
1602 1025 1623 1051 si
1638 1024 1749 1058 adjuva-

963 1081 990 1101 re
1006 1074 1100 1106 nollet,
1118 1079 1193 1100 ratus
1205 1073 1434 1100 Cantacnzenum
1450 1079 1497 1106 spe
1519 1070 1612 1097 auxilii
1629 1070 1747 1104 lapsum,

962 1120 1061 1146 iratum
1080 1119 1130 1146 sibi
1152 1124 1179 1146 et
1202 1118 1343 1145 inimicum
1366 1125 1437 1144 esse.
1458 1117 1552 1144 Crales
1566 1119 1652 1151 Ivem,
1676 1116 1749 1142 Bene

962 1164 1075 1195 factum,
1103 1165 1204 1198 inquit,
1231 1171 1292 1191 eum
1325 1163 1438 1189 verbum
1475 1168 1551 1189 tuum
1581 1161 1748 1195 exposuisti;

962 1211 1034 1237 haud
1050 1211 1123 1236 enim
1148 1210 1254 1237 modice
1270 1209 1395 1236 terrebar
1411 1217 1443 1236 ae
1469 1208 1662 1243 perturbabar,
1685 1214 1748 1234 cum

961 1257 1146 1283 existimarem
1171 1261 1198 1282 te
1225 1256 1395 1289 ignorantem
1411 1259 1543 1289 quantum
1567 1261 1687 1289 possem.
1712 1253 1749 1280 ita

962 1303 1046 1337 loqui.
1067 1303 1099 1329 Et
1120 1302 1185 1336 quia
1210 1302 1292 1328 talem
1320 1301 1386 1328 mihi
1405 1301 1591 1336 suspicionem
1610 1299 1748 1331 ademisti,

961 1356 1012 1383 ego
1029 1356 1100 1375 nunc
1120 1354 1145 1375 te
1167 1348 1289 1375 vicissim
1312 1355 1421 1375 sensum
1448 1355 1538 1374 incutit
1562 1354 1615 1374 non
1642 1345 1748 1373 celabo.

962 1395 1069 1423 Virium
1087 1395 1222 1421 adversus
1241 1394 1334 1421 hostes
1351 1398 1412 1421 tuos
1428 1394 1517 1420 habeo
1534 1393 1596 1427 plus
1613 1393 1691 1425 satis,
1707 1396 1749 1418 te-

962 1448 1015 1475 que
1029 1441 1051 1467 si
1066 1440 1122 1474 ipse
1140 1440 1191 1472 vis,
1208 1439 1346 1474 adiuvabo
1363 1439 1492 1466 libenter.
1509 1438 1679 1473 Subjiciente
1697 1438 1749 1464 im-

963 1492 1101 1521 peratore,
1118 1494 1147 1513 se
1166 1486 1295 1512 amicitiae
1314 1489 1342 1512 et
1366 1489 1497 1519 promptae
1519 1484 1666 1512 voluntatis
1683 1491 1749 1516 ergo

923 1548 947 1579 c
965 1540 1089 1567 magnam
1108 1532 1145 1558 illi
1165 1531 1265 1558 habere
1282 1531 1396 1565 gratiam
1415 1551 1421 1563 ,
1440 1531 1546 1557 nescire
1566 1535 1668 1560 autem,
1684 1527 1750 1563 quid

966 1578 1033 1605 illud
1051 1577 1102 1605 sibi
1114 1577 1189 1609 velit,
1203 1577 1240 1603 «si
1253 1576 1311 1611 ipse
1321 1576 1388 1608 vis,»
1400 1576 1493 1603 Crales
1508 1575 1648 1609 prmmium
1659 1575 1748 1602 socie-

965 1624 1027 1650 tatis
1045 1631 1140 1650 omnes
1161 1623 1347 1650 Romanorum
1370 1622 1459 1651 urbes.
1481 1629 1496 1648 a
1516 1621 1681 1655 Christnpoli
1703 1629 1750 1647 us-

963 1678 1017 1705 que
1033 1670 1059 1696 itt
1074 1669 1251 1696 Occidentem
1267 1668 1372 1702 poscit;
1391 1668 1413 1694 si
1431 1667 1484 1695 hoc
1502 1667 1615 1694 nimium
1634 1672 1660 1694 t-t
1677 1668 1751 1693 into-

963 1716 1079 1743 lerabile
1104 1715 1242 1746 videatur,
1266 1719 1341 1741 certe
1369 1714 1478 1748 quidem
1501 1721 1516 1740 a
1541 1713 1748 1740 Thessalonica.

963 1761 1020 1787 Non
1038 1760 1110 1786 enim
1129 1760 1273 1794 pecuniatn
1301 1763 1353 1785 tum
1379 1759 1508 1793 grandem
1529 1758 1555 1784 itt
1576 1758 1678 1784 bellum
1701 1764 1750 1791 pro

962 1807 1023 1839 ipso
1040 1806 1113 1832 nulla
1137 1813 1184 1839 spe
1209 1804 1279 1831 lucri
1305 1806 1489 1838 intpensuros,
1514 1803 1618 1837 totique
1634 1803 1749 1836 imperio

963 1852 1087 1878 Romano
1111 1858 1175 1878 cum
1198 1850 1358 1878 discriminc
1380 1857 1408 1876 se
1432 1849 1619 1883 Opposituros,
1634 1847 1679 1882 qui
1699 1855 1749 1874 nec

963 1904 1012 1932 pro
1037 1896 1134 1930 seipsis
1155 1903 1274 1930 unquam
1295 1895 1328 1922 ad
1348 1895 1491 1922 Thraciam
1506 1915 1514 1926 ,
1534 1899 1581 1921 aut
1602 1894 1682 1925 ultra,
1702 1901 1748 1919 ar-

963 1942 1029 1968 mati
1049 1941 1196 1976 procedere
1212 1941 1270 1967 ausi
1286 1941 1399 1967 fuerint.
1418 1940 1450 1967 Et
1467 1939 1596 1966 arbitrari
1613 1939 1747 1972 optimum

962 1993 1045 2022 atque
1071 1988 1247 2014 utilissimum
1277 1987 1330 2013 hoc
1354 1994 1417 2013 esse
1439 1986 1593 2013 consilium.
1619 1985 1646 2012 Si
1673 1991 1746 2010 enim

962 2034 1017 2061 illis
1038 2033 1161 2064 urbibus,
1182 2040 1298 2067 quarum
1324 2031 1452 2059 dominus
1475 2038 1528 2057 non
1552 2031 1598 2061 sit.
1615 2029 1747 2061 dimissis,

962 2088 1017 2107 non
1032 2079 1084 2106 sibi
1100 2083 1128 2106 et
1143 2078 1277 2105 exercitui
1292 2077 1391 2111 solum,
1408 2076 1455 2103 sed
1469 2083 1496 2103 et
1510 2076 1605 2103 liberis
1620 2082 1748 2109 magnum

962 2125 1176 2152 emolumentum
1191 2130 1360 2157 comparare.
1380 2127 1408 2150 et
1427 2122 1539 2155 insuper
1555 2120 1748 2147 iul'eusissimis

964 2171 1089 2197 hostibus
1102 2169 1161 2196 suis
1174 2168 1301 2203 perditis,
1324 2167 1492 2202 reliquartnn
1514 2170 1612 2200 potens
1630 2164 1748 2192 evadere

124 2217 210 2250 εἰδείη
230 2216 354 2250 χάριτας,
376 2213 473 2247 ἀγνοίη
497 2213 524 2238 δὲ
551 2213 618 2247 πρὸς
644 2212 657 2238 ὃ
678 2221 705 2238 τι
729 2213 806 2247 φέρει
831 2212 909 2242 τὸ,ει

961 2220 1054 2250 queat,
1068 2220 1228 2242 contentum
1246 2213 1298 2240 hoc
1313 2220 1372 2240 esse
1389 2212 1498 2243 debere,
1512 2218 1564 2238 nec
1579 2211 1649 2238 ultra
1664 2217 1746 2244 qttam

125 2263 248 2298 βούλοιτο
264 2261 309 2287 καὶ
322 2261 413 2291 αὐτὸς,
443 2259 538 2294 μισθὸν
562 2259 610 2292 τῆς
635 2257 793 2293 συμμαχίας
807 2257 820 2283 ὁ
836 2257 911 2292 Κρά-

123 2311 174 2343 λης
203 2308 252 2339 τὰς
279 2307 332 2333 ἀπὸ
361 2304 588 2341 Χριστουπόλεως
615 2305 684 2338 πρὸς
709 2303 759 2337 τὴν
789 2303 910 2337 ἑσπέραν

124 2355 234 2385 ἁπάσας
257 2353 349 2383 πόλεις
381 2351 525 2384 Ῥωμαίοις
556 2349 694 2385 ὑπηκόους
721 2348 791 2383 ᾔτει·
819 2348 843 2373 si
881 2347 910 2373 δὲ

122 2401 204 2427 τοῦτο
217 2399 334 2433 ἐπαχθὲς
347 2398 449 2431 δοκοίη,
467 2396 516 2427 τὰς
532 2395 598 2429 γοῦν
628 2395 681 2421 ἀπὸ
698 2393 908 2426 Θεσσαλονίκης.

123 2448 161 2475 οὺ
178 2447 233 2481 γὰρ
248 2445 291 2471 ἐπ’
306 2444 394 2470 οὐδενὶ
422 2443 512 2478 κέρδει
539 2441 668 2476 χρήματά
692 2449 722 2466 τε
738 2440 909 2467 ἀναλώσουσι

123 2493 193 2528 πρὸς
210 2493 255 2518 τδν
269 2491 386 2525 πόλεμον
401 2490 472 2523 ὑπὲρ
489 2487 572 2514 αὑτοῦ
590 2487 719 2517 τοσαῦτα,
736 2487 780 2513 καὶ
798 2487 906 2513 διακιν-

122 2540 272 2566 δυνεύσωσι
297 2537 365 2572 πρὸς
392 2537 480 2561 πᾶσχν
506 2533 555 2568 τὴν
579 2533 724 2566 Ῥωμαίων
747 2532 907 2567 ἠγεμονίαν,

122 2583 164 2617 οἷς
177 2584 232 2610 οὐδ’
251 2583 320 2617 ὑπὲρ
336 2581 410 2616 σφῶν
425 2580 514 2607 αὐτῶν
531 2587 595 2606 ποτε
618 2579 772 2613 ἐτόλμησαν
789 2579 907 2612 πόλεμον

122 2630 242 2664 ἄρασθαι
256 2628 396 2660 τοσοῦτον,
413 2626 481 2652 ὥστε
495 2626 562 2660 πρὸς
576 2624 700 2658 Θρᾴκην,
716 2624 732 2659 ἢ
749 2624 796 2650 καὶ
811 2631 908 2659 περαι-

122 2676 196 2710 τέρω
219 2673 375 2708 προελθεῖν,
397 2672 509 2698 οἴεσθαι
526 2671 555 2697 δὲ
570 2670 670 2705 ἄριστά
685 2678 716 2696 τε
737 2671 783 2696 καὶ
800 2670 908 2696 λυσιτε-

123 2722 242 2748 λέστατα
268 2718 342 2753 αὗτῷ
362 2718 549 2753 βουλεύεσθαι.
577 2718 608 2743 Εἰ
634 2716 688 2751 γὰρ
712 2713 749 2742 ὦν
773 2716 823 2742 οὐκ
850 2716 907 2742 ἐστι

124 2767 219 2802 κύριος
238 2766 435 2800 ἀποσχόμενος,
458 2764 506 2798 οὐχ
535 2764 624 2798 ἑαυτῷ
649 2763 694 2789 καὶ
718 2764 773 2794 τοῖς
797 2763 907 2789 συνοῦσι

124 2814 217 2849 μόνον,
231 2812 298 2838 ἀλλὰ
310 2812 357 2838 καὶ
369 2811 448 2837 παισὶ
466 2810 587 2845 μεγάλην
600 2809 728 2845 ἀφέλειαν
750 2810 904 2843 πορίσαιτ’),

122 2858 171 2887 καὶ
191 2858 305 2894 προσέτι
332 2858 395 2889 τοὺς
418 2856 639 2892 πολεμιωτάτους
662 2855 833 2890 διαφθείρας,
851 2855 905 2882 τῶν

961 2266 1146 2296 opportunum
1160 2264 1213 2291 est,
1228 2264 1256 2286 et
1273 2258 1448 2285 mediocritas
1463 2256 1594 2292 postulat.
1610 2256 1747 2282 laborare.

963 2307 1057 2337 Recte,
1072 2306 1162 2340 inquit
1177 2305 1339 2338 imperator,
1361 2302 1395 2330 de
1414 2303 1490 2329 lucro
1505 2309 1537 2329 ex
1558 2301 1701 2331 societate.
1720 2304 1749 2326 et
1763 2298 1765 2300 ⁷

960 2359 1054 2386 opera.
1071 2356 1099 2378 et
1116 2351 1274 2384 sumptibus
1288 2351 1314 2376 in
1336 2349 1437 2376 bellum
1458 2347 1640 2374 ratiocinaris.
1659 2345 1744 2372 Nemo

961 2398 1062 2431 quippe
1082 2397 1222 2427 cordatus,
1240 2396 1291 2422 nisi
1314 2395 1390 2429 prius
1409 2393 1588 2422 commodum
1603 2392 1712 2427 aliquod
1732 2400 1747 2418 e

961 2443 1091 2470 faciendis
1103 2442 1230 2473 eluxcrit,
1248 2449 1301 2467 non
1328 2445 1437 2475 gravate
1448 2439 1588 2474 defetigari
1605 2443 1632 2466 et
1645 2445 1746 2465 aerum—

960 2498 1010 2517 nas
1024 2489 1130 2524 perpeti
1150 2488 1227 2515 velit.
1247 2487 1288 2514 Tu
1307 2486 1411 2514 verorsi
1429 2486 1497 2512 mihi
1519 2485 1667 2520 gratiﬁcari
1690 2492 1746 2512 non
1761 2483 1768 2490 '

960 2537 1013 2568 vis,
1044 2543 1099 2562 non
1126 2534 1225 2569 injuria
1253 2533 1313 2568 opis
1343 2537 1395 2559 tum
1431 2531 1587 2558 mercedem
1612 2531 1746 2566 postules,

960 2581 1042 2617 494,
1054 2588 1135 2615 quam
1160 2580 1183 2606 si
1209 2578 1283 2609 dem,
1309 2577 1412 2604 nullam
1440 2577 1489 2603 tibi
1515 2577 1605 2604 meriti
1630 2576 1746 2611 gratiam

960 2626 1093 2652 debuero.
1108 2623 1164 2651 Nec
1174 2623 1246 2652 enim
1261 2623 1306 2656 qui
1321 2624 1435 2656 argento
1446 2620 1590 2655 quidpiam
1606 2621 1640 2647 ab
1653 2621 1745 2654 aliquo

960 2669 1068 2700 emerit,
1086 2666 1223 2694 venditori
1246 2666 1351 2702 gratias
1366 2666 1432 2700 agit.
1460 2665 1507 2693 Sin
1524 2666 1560 2692 ob
1575 2665 1662 2692 solam
1676 2665 1745 2691 alni-

960 2714 1065 2745 citiam,
1083 2718 1111 2740 et
1127 2717 1157 2740 ut
1173 2719 1273 2747 magno
1288 2711 1407 2746 principi
1428 2710 1573 2745 pulchrum
1588 2715 1641 2742 est,
1657 2711 1744 2737 bono-

960 2761 999 2787 ris
1017 2760 1109 2787 studio
1135 2759 1220 2794 gratis
1245 2757 1313 2785 mihi
1340 2757 1522 2792 opitulabere,
1546 2757 1664 2791 primum
1683 2756 1745 2790 qni-

958 2808 1020 2835 dem
1044 2807 1078 2834 de
1107 2806 1203 2840 teipse,
1229 2809 1258 2832 ul
1286 2805 1375 2838 decet,
1404 2803 1546 2832 merebere
1575 2811 1581 2829 :
1607 2803 1655 2837 qui
1687 2809 1742 2829 non

958 2859 1091 2890 quaestus,
1107 2859 1137 2882 ut
1154 2854 1275 2890 ignobile
1291 2854 1398 2888 vulgus,
1412 2851 1460 2880 sed
1473 2850 1602 2879 amicitias
1613 2854 1639 2878 et
1649 2850 1742 2885 gloria
