1926 3090
67 199 136 234 ιθοι

642 196 916 229 HisroatAnUM
935 197 1051 228 LIBER
1068 183 1130 231 tu.

1627 207 1695 241 1002

62 259 117 294 τῆς
131 258 193 293 περὶ
210 257 317 288 αὖτοζς,
335 255 382 283 καὶ
394 255 444 290 τῆς
462 255 612 291 συντρόφου
627 256 674 282 καὶ
690 255 768 290 φίλης
786 254 853 289 ἁλη-

911 261 967 286 sua,
984 259 1013 282 ut
1028 262 1184 291 appareret,
1204 258 1288 294 loqui,
1317 259 1364 287 sed
1392 265 1510 290 mentem
1539 263 1593 293 illis
1617 273 1694 294 suam

63 305 142 336 θείας
168 305 200 331 ἐκ
226 304 332 336 παιδὸς,
361 303 502 330 ὄτικαίτοι
529 302 615 329 δοκῶν
631 303 659 328 ὲν
670 301 855 337 δυσπραγίαις

64 350 148 383 εἶναι,
180 351 256 377 οὐδὲν
286 349 418 384 ὑπέμεινε
452 348 646 383 πεπλασμένον
672 346 854 382 φθέγξασθαι,

62 399 120 426 οὐδ’
132 397 253 432 ἀγεννὲς,
268 397 334 423 ἀλλὰ
353 396 438 431 δήλην
454 395 547 426 αὐτοῖς
562 395 711 430 πεποίηται
732 394 781 429 τὴν
798 394 856 419 διὰ-

63 453 140 470 νοιαν
154 444 197 471 οῖα
211 442 254 477 ἦν.
272 443 376 474 Αὐτοὺς
398 442 426 469 δὲ
441 441 480 476 τῷ
505 441 627 475 περιόντι
651 442 701 475 τῆς
718 440 758 471 εἰς
773 439 855 466 αὺτὺν

63 490 184 522 εὐνοίας,
199 490 258 515 ἐπεὶ
273 489 311 522 μὴ
325 487 476 514 λυσιτελεῖν
489 486 564 521 αὐτῷ
575 485 679 520 δοκοίη,
690 485 720 511 τὺ
732 484 779 511 νῦν
793 484 855 519 ἔχον

62 537 143 571 ἣκειν
158 536 224 570 παρ’
243 535 352 566 αὐτοὺς,
371 534 422 560 οὐκ
443 533 579 567 ’Δγγελον
595 533 675 567 μόνον
690 531 761 558 κατὰ
776 530 856 564 γένος

62 582 138 618 αὐτῷ
151 582 335 617 προσήκοντα,
350 581 396 607 καὶ
407 580 503 615 ἄρχειν
512 579 662 614 δυνάμενον
678 577 777 608 αὐτῶν,
788 575 855 603 ἀλλὰ

63 629 111 655 καὶ
126 629 155 654 εἴ
181 636 247 654 τινα
270 627 377 653 ἐκείνου
395 626 501 659 πέμποι
529 625 620 659 πολλῷ
640 623 855 656 καταδεέστερον

62 674 189 707 δέξεσθαι
222 673 382 708 προθύμως,
411 672 458 698 καὶ
481 671 572 698 πᾶσαν
586 669 770 701 ἐπιδείξεσθαι
790 667 856 702 περὶ

62 721 110 747 τὸν
122 719 236 755 βασιλέα
253 718 371 745 εὔνοιαν.
384 717 504 744 Τοιαῦτα
518 717 568 752 μὲν
581 716 627 743 κοιλ⁸
642 717 665 742 oi
679 717 706 743 ὲν
722 715 856 750 Θετταλίᾳ

63 766 260 800 ἀπεκρίναντο.
287 764 418 797 Βασιλεὺς
446 763 475 790 δὲ
502 763 564 790 ἐπεὶ
589 762 701 789 πύθοιτο
729 762 783 788 ἀπὸ
800 761 856 788 τῶν

63 810 210 845 πρέσϐεων
223 809 439 842 ἐπανελθόντων,
452 809 559 843 ἔπεμπε
575 808 620 834 τὸν
631 807 740 842 ἀνεψιὸν
758 807 856 841 Ἀγγε-

63 855 109 882 λον
129 855 270 890 Ἰωάννην,
287 855 436 890 ἐπίτροπον
464 853 534 880 εἶναι
561 853 720 884 Θετταλίας.
743 854 813 880 Πᾶσι
826 853 855 880 δὲ

64 902 229 937 βουλόμενος
246 901 405 936 καταφανὲς
421 901 520 933 ποιεῖν,
537 901 574 931 ὡς
590 900 620 927 οὐ
640 900 774 935 βασιλέως
799 902 856 932 τοῖς

910 299 1026 327 candide
1041 301 1180 330 declarare
1202 303 1343 332 voluisset.
1363 305 1398 332 Se
1415 311 1507 334 autem
1525 309 1696 339 abundantia

909 346 1028 381 quadam
1061 348 1163 376 amoris
1191 357 1255 385 erga
1284 350 1628 389 ἰΙΙιιιη,,‹ιιιοηάο‹μιίἀειῐι
1644 357 1698 385 hoc

910 395 1033 427 tempore
1063 394 1096 420 ad
1125 401 1172 421 cos
1199 394 1252 421 sibi
1280 395 1446 424 veniendum
1463 406 1517 425 non
1536 405 1625 434 putet,
1641 409 1696 429 non

909 438 991 464 modo
1017 437 1149 474 Angelum
1165 460 1171 471 ,
1204 440 1254 475 ipsi
1284 449 1383 476 genere
1413 445 1590 480 conjunctum
1613 452 1642 475 ct
1661 448 1698 476 ad

910 485 1060 519 regendum
1103 485 1243 521 idoneum,
1275 488 1323 515 sed
1350 492 1378 516 ct
1405 490 1427 517 si
1459 493 1615 528 quempiam
1634 494 1697 522 illo

910 530 997 558 multo
1027 530 1187 559 inferiorem
1216 533 1316 565 mittat,
1361 536 1480 576 libenter
1505 545 1696 575 suscepturos.

910 575 1139 614 imperatorisque
1165 587 1274 614 semper
1303 580 1362 608 fore
1392 583 1597 617 cupidissimus.
1620 587 1698 616 Talia

910 621 1034 659 Thessali
1067 625 1288 660 responderunt;
1305 635 1365 662 quae
1380 633 1409 655 nt
1424 637 1439 656 a
1454 629 1552 665 legalis
1578 634 1698 662 reversis

910 667 1061 704 imperator
1079 670 1399 704 audivit,consobrinum
1414 674 1546 703 Joannem
1562 677 1697 711 Angelum

909 715 946 742 ad
963 716 1110 744 ineundam
1127 717 1275 746 Thessalia:
1293 720 1483 754 praefecturam
1499 723 1584 751 misit.
1597 724 1699 754 Voleus

911 767 1002 789 autem
1032 768 1160 791 constare
1186 765 1288 800 palam,
1305 774 1360 793 non
1374 775 1403 794 se
1418 768 1593 797 insidiantem
1610 771 1699 806 impe-

911 810 1011 836 ratoris
1025 809 1122 837 liberis
1138 810 1240 838 bellum
1253 814 1408 847 suscepisse
1423 833 1431 846 ,
1448 822 1510 848 nec,
1524 815 1548 843 si
1563 816 1698 851 vinceret,

910 854 973 883 illos
1007 856 1123 891 imperio
1152 857 1264 891 privare
1291 859 1434 893 statuisse,
1466 860 1515 887 sed
1547 862 1641 896 potius
1664 863 1700 890 ab

910 900 1033 937 Augusta
1046 903 1265 938 mendaciloqnis
1282 905 1442 933 hominibus
1470 906 1550 934 (idem
1577 915 1701 936 commo-

64 948 162 974 παισὶν
176 946 362 974 ἐπιϐουλεύων
376 947 462 982 ῆρατο
480 946 526 973 τὸν
543 946 674 980 πόλεμον,
689 946 736 972 καὶ
751 946 789 977 ὡς
802 946 857 973 οὐδ’

911 947 993 980 dante
1008 955 1038 976 se
1053 937 1217 984 oppugnari,
1234 950 1315 986 522
1328 952 1432 986 Angclo
1451 958 1564 988 propter
1581 953 1700 984 Thessa-

63 995 88 1020 εἱ
101 993 276 1028 περιγένοιτο
293 992 342 1028 τῆς
357 987 447 1027 ἀρχῆς
464 991 586 1026 έγνωκεν
603 992 778 1026 ἀποστερεῖν,
797 991 855 1018 ἀλλ’

64 1041 117 1067 ὑπὸ
135 1040 274 1076 β..σιλίδος
291 1040 394 1075 μᾶλλον
410 1039 492 1068 αὐτὸς
510 1038 671 1073 ἐπολεμήθη
702 1037 860 1074 ἀνθρώποις

64 1087 234 1122 πειθομένης
267 1085 462 1120 συκοφάνταις,
495 1084 534 1119 τῷ
573 1085 696 1119 ’Δγγέλῳ
728 1084 796 1119 πρὸς
810 1085 859 1120 τὴν

64 1134 213 1164 Θετταλίας
230 1133 318 1168 ἀρχὴν
346 1131 546 1168 χρυσόϐουλ).ον
574 1131 670 1164 ποιῶν,
687 1131 813 1166 βασιλίδα
830 1139 859 1157 τε

64 1179 256 1215 προσέγραψε,
284 1179 332 1205 καὶ
351 1178 464 1213 βασιλέα
488 1177 616 1211 Ἰωάννην
632 1175 678 1203 τὸν
694 1177 763 1209 υἱὸν,
788 1175 859 1203 ὥστε

65 1225 201 1259 Ἀγγελόν
218 1233 247 1251 τε
263 1225 310 1251 καὶ
326 1224 489 1256 Θετταλοὺς,
513 1223 563 1259 τὴν
581 1222 706 1249 δουλείαν
718 1231 749 1249 τε
761 1222 859 1249 κάκεί-

63 1281 132 1305 νοις,
147 1271 242 1306 ὥσπερ
259 1272 307 1298 καὶ
324 1271 399 1306 αὐτῷ
410 1270 564 1310 ὁμολογεῖν,
578 1270 625 1296 καὶ
647 1269 749 1304 μᾶλλον
762 1269 778 1304 ἢ
793 1269 860 1304 πρό-

62 1326 144 1352 τερον
155 1317 289 1355 ὑπείκειν.
310 1317 343 1343 Ὃ
359 1316 407 1343 καὶ
424 1316 471 1342 ἐπὶ
486 1315 585 1349 λέξεως
609 1314 682 1351 εἶχεν
697 1315 794 1346 οὕτως·
816 1315 858 1346 Ὠς

63 1362 194 1387 ἀπόλοιτο
208 1361 221 1386 ὁ
251 1361 348 1395 φθόνος
374 1361 405 1388 τὸ
422 1361 532 1387 πάντων
544 1361 598 1387 τῶν
615 1360 709 1387 κακῶν
720 1359 859 1395 χείριστόν

63 1416 93 1434 τε
106 1408 156 1434 καὶ
167 1406 347 1439 ἀδικώτατον,
364 1407 377 1433 ὃ
390 1415 422 1441 γε
434 1407 528 1438 κακῶς
540 1407 614 1441 ἡμᾶς
623 1406 744 1442 ἀρχῆθεν
755 1405 860 1438 έξώσας

63 1456 112 1490 τῆς
132 1454 273 1489 ἀκηράτου
301 1454 407 1489 τρυφῆς
423 1455 496 1490 χειρὶ
511 1454 580 1480 Θεοῦ
597 1454 782 1486 πλασθέντας,
812 1455 859 1480 καὶ

63 1501 137 1536 λόγῳ
150 1501 326 1535 τιμηθέίτας,
347 1501 369 1527 ὣ
383 1501 431 1535 τῆς
449 1501 520 1536 ὑπὲρ
536 1501 615 1535 λόγον
632 1501 755 1536 χάριτος,
770 1502 858 1527 καίτοι

65 1549 136 1582 μετά
154 1547 203 1582 τὴν
221 1548 267 1574 τοῦ
292 1548 416 1582 χείρονος
444 1548 553 1582 πεῖραν,
574 1547 618 1574 ἵνα
638 1547 759 1578 συνελὼν
777 1548 857 1580 εἴπω,

64 1595 88 1620 εἰ
103 1595 156 1629 τῆς
171 1594 276 1620 ἐνδίκου
291 1593 442 1628 καταδίκης
458 1593 567 1628 ἐκείνης
582 1591 653 1628 ἦμεν
669 1595 698 1620 έν
711 1594 859 1629 συναισθή-
874 1605 895 1634 c

65 1649 116 1673 σει,
135 1641 180 1665 καὶ
196 1639 229 1665 τὰ
245 1638 343 1673 βελτίω
354 1638 541 1674 ἐμελετῶμεν,
559 1639 612 1665 κᾶν
629 1639 796 1674 συγγνώμης
811 1649 860 1666 τυ-

65 1685 162 1719 χόντες
179 1684 256 1715 a505,-
272 1684 305 1711 ἂν
316 1682 388 1719 ἦμεν
401 1685 429 1711 έν
444 1685 500 1716 τοῖς
513 1685 671 1720 προτέροις.
688 1685 756 1712 Νυνὶ
770 1685 794 1711 δ’
806 1685 860 1712 ὦσ-

66 1731 119 1765 περ
147 1731 214 1765 μήτι
243 1730 363 1765 χαλεπὸν
395 1731 580 1765 πεπραχότες,
612 1730 812 1765 ἥπεπονθότες
829 1732 858 1764 ἐξ

65 1776 210 1808 ἀϐουλίας,
222 1775 237 1811 ῆ
258 1775 323 1810 γοῦν
335 1775 388 1802 ὑπὸ
401 1775 448 1802 τοῦ
461 1776 558 1802 παθεῖν
571 1775 705 1811 οὗμενουν
722 1776 860 1811 διδαχθέν-

65 1831 109 1854 τες
130 1822 162 1848 τὺ
181 1822 214 1847 τὰ
228 1822 321 1848 δέοντα
348 1823 458 1856 φρονεῖν
482 1821 564 1848 οἱονεὶ
589 1822 786 1858 παρῃρήμεθα,
810 1822 860 1857 πή-

68 1877 144 1904 ματα
172 1868 287 1903 πάσχειν
314 1868 465 1902 αὐθαίρετα
489 1868 583 1900 κακῶς
610 1869 777 1904 αἱρεθέντες,
812 1870 859 1895 καὶ

65 1914 162 1943 δεινῶς
189 1914 410 1948 ἐγκαλινδεῖσθαι
426 1915 470 1940 διὰ
498 1914 557 1949 βίου
571 1916 626 1945 τοῖς
641 1915 680 1950 μὴ
694 1915 857 1949 καθήκουσι,

68 1963 118 1989 καὶ
135 1962 184 1997 τῆς
198 1961 266 1997 ἴσης,
273 1961 350 1994 ἀξίας
363 1961 431 1996 πρὸς
446 1960 513 1987 Θεοῦ
531 1961 670 1995 τυχόντες,
688 1962 795 1997 καὶτῆς
809 1961 859 1988 αὐ-

66 2011 115 2044 τῆς
133 2009 282 2043 ἠξιωμένοι
312 2008 442 2042 σπουδῆς,
460 2007 613 2043 μεμηνότος
632 2007 722 2041 δίκην,
740 2008 858 2041 ταυτησὶ.

69 2057 118 2090 μὲν
132 2055 247 2090 οἰκτρῶς
261 2054 495 2090 ἐκπεπτώκαμεν,
513 2055 661 2089 ἀνισότητα
675 2053 704 2080 δὲ
720 2053 859 2080 πεπόνθα-

69 2101 119 2136 μέν
135 2109 165 2127 τε
181 2102 227 2127 καὶ
253 2102 453 2136 τετιμήκαμεν.
480 2101 546 2127 Δέον
576 2102 631 2136 γὰρ
654 2100 857 2135 σπουδάζειν,ἢ

67 2139 112 2174 τὸν
129 2147 211 2173 αὑτὸν
227 2147 274 2173 ἐπὶ
288 2148 348 2179 τοῖς
373 2147 498 2181 ἀμείνοσι
527 2147 638 2182 δρόμον,
659 2146 675 2182 ἢ
695 2146 859 2180 φιλονεικεῖν

68 2195 149 2225 ἄλλος
166 2193 244 2220 ἄλλον
257 2193 449 2228 ὑπερϐαἰνειν,
465 2194 539 2225 ὅπως
554 2193 588 2220 ἂν
602 2193 645 2219 ἐπ’
657 2193 770 2227 ἀγαθοῖς
780 2193 860 2228 ἀλλή-

67 2242 132 2272 λους
149 2240 299 2275 νικῴημεν,
326 2240 483 2266 τούναντίον
500 2240 573 2266 ἅπαν
599 2241 755 2275 φαινόμεθα
773 2241 860 2275 πράτ-

911 993 954 1020 lia’.
978 995 1203 1028 procurationem
1227 995 1330 1024 bullam
1346 1005 1458 1025 auream
1484 998 1652 1033 faciundam,
1670 1005 1700 1028 et

911 1038 1097 1072 imperatricis
1138 1047 1171 1067 ae
1199 1041 1313 1069 Joannis
1345 1043 1406 1078 ejus
1436 1044 1485 1071 ﬁlii
1523 1045 1699 1080 imperatoria

910 1085 1022 1112 nomina
1058 1087 1158 1114 ascribi
1186 1090 1313 1122 curavit,
1331 1095 1361 1117 ut
1377 1095 1405 1118 et
1418 1091 1551 1126 Angelus.
1568 1098 1597 1120 et
1613 1094 1700 1121 Thes-

910 1130 960 1157 sali
976 1132 1174 1167 subjectiouem
1186 1142 1264 1169 aeque
1282 1135 1359 1170 ipsis,
1375 1138 1466 1165 utsibi
1482 1138 1679 1173 proﬁterentur
1690 1160 1698 1170 .

910 1178 1052 1213 magisque
1075 1178 1108 1206 de
1135 1184 1237 1207 caatero
1263 1182 1420 1210 subessent.
1436 1183 1513 1211 Bulla
1528 1185 1563 1212 ad
1583 1186 1699 1214 verbum

910 1222 968 1250 haec
983 1229 1042 1250 erat
1057 1224 1094 1259 (8)
1107 1233 1113 1251 :
1127 1225 1236 1254 Utinam
1249 1228 1385 1256 malorum
1412 1230 1536 1257 omnium
1550 1232 1701 1266 pessimum

910 1269 1168 1306 nequissimumque
1201 1273 1306 1300 invidia
1329 1275 1489 1310 disperiret,
1506 1284 1567 1313 quae
1585 1267 1638 1305 nos
1651 1278 1701 1306 Dei

911 1324 993 1342 manu
1013 1317 1104 1348 ﬁctos,
1117 1323 1146 1345 ct
1164 1319 1347 1354 intelligentia
1372 1320 1524 1350 honoratos
1540 1324 1568 1358 (ο
1584 1323 1702 1359 inexpli-

910 1362 999 1390 cabile
1018 1364 1129 1399 munus)
1147 1365 1218 1392 male
1232 1365 1267 1392 ab
1283 1366 1364 1393 initio
1376 1367 1411 1393 ab
1426 1367 1631 1397 immortalibus
1646 1370 1702 1398 illis

910 1408 1018 1436 deliciis
1031 1410 1150 1444 expulit.
1163 1410 1327 1446 Quanquam
1344 1413 1367 1440 si
1395 1419 1457 1448 post
1483 1420 1596 1449 experta
1617 1417 1701 1448 mala,
1716 1443 1720 1447 ,

911 1458 941 1481 ut
971 1455 1093 1489 breviter
1122 1456 1225 1490 dicam,
1251 1458 1356 1493 justam
1386 1459 1464 1487 illam
1491 1459 1701 1491 damnationem

910 1501 990 1528 simul
1022 1508 1237 1537 agnosceremus
1254 1523 1262 1535 ,
1289 1505 1460 1540 melioraque
1491 1506 1700 1546 meditaremur,

911 1547 1019 1575 veniant
1036 1548 1140 1583 adepti,
1159 1548 1187 1575 in
1201 1549 1323 1584 priorem
1346 1555 1449 1578 statum
1475 1552 1700 1581 restitueremur.

912 1594 946 1621 At
956 1602 1040 1627 nunc,
1057 1596 1139 1630 quasi
1155 1596 1190 1623 ob
1206 1597 1353 1624 amentiam
1372 1598 1441 1625 nihil
1455 1598 1568 1626 noxium
1581 1604 1700 1635 operati.

913 1645 961 1668 aut
976 1641 1096 1676 perpessi
1112 1661 1119 1674 ,
1136 1642 1194 1670 sive
1208 1651 1242 1671 ex
1253 1651 1287 1671 eo
1304 1644 1378 1679 quod
1393 1645 1465 1679 passi
1481 1652 1577 1673 sumus
1588 1647 1703 1676 minimo

913 1686 1000 1721 docti,
1014 1687 1150 1722 judicium
1166 1689 1225 1717 veri
1241 1691 1443 1725 propemodum
1457 1693 1612 1726 amisimus,
1634 1695 1703 1722 dum

913 1733 983 1760 mala
998 1734 1102 1768 perpeti
1118 1735 1190 1762 male
1200 1735 1338 1771 eligimus,
1352 1742 1380 1765 et
1393 1745 1526 1767 accusare
1539 1741 1700 1774 quaerimus.

913 1787 1031 1814 quorum
1049 1781 1077 1807 in
1094 1781 1149 1808 vita
1166 1782 1273 1808 nullum
1299 1784 1404 1811 crimen
1418 1785 1567 1819 reperitur.
1585 1786 1618 1814 Et
1639 1794 1702 1814 cum

913 1826 1047 1861 azqualem
1061 1834 1075 1853 a
1091 1827 1146 1854 Deo
1157 1827 1320 1863 dignitatem
1333 1829 1406 1857 inter
1417 1837 1468 1857 nos
1479 1831 1582 1865 sortiti,
1591 1833 1704 1860 eadem-

913 1880 968 1908 quc
996 1874 1030 1900 ab
1064 1874 1130 1908 ipso
1144 1882 1211 1901 cura
1228 1875 1332 1910 dignati
1350 1877 1448 1910 simus,
1473 1885 1505 1905 ea
1531 1879 1700 1908 luriosorum

912 1918 1000 1946 instar
1017 1918 1214 1946 miserabiliter
1235 1920 1400 1952 excidimus.
1421 1926 1450 1948 et
1475 1923 1509 1948 ad
1527 1923 1703 1958 inmqualitas

914 1968 968 1990 tem
985 1963 1100 1997 redacti,
1114 1971 1176 1991 eam
1193 1964 1221 1991 in
1239 1965 1344 1992 honore
1362 1966 1523 1994 habuimus.
1539 1967 1606 1995 Cum
1621 1975 1702 1995 nam-

912 2017 966 2045 que
982 2011 1024 2037 vel
1039 2010 1151 2038 studere
1167 2010 1360 2039 debuissemus
1375 2012 1449 2039 idem
1468 2013 1575 2047 ingredi
1589 2015 1700 2042 virtutis

888 2074 891 2077 -
914 2056 1097 2089 curriculum,
1107 2056 1150 2084 vel
1159 2055 1341 2089 contendere,
1353 2062 1384 2084 ut
1395 2058 1466 2085 alius
1474 2059 1559 2086 alium
1569 2060 1700 2092 anteiret.

913 2108 941 2130 et
969 2103 997 2130 in
1012 2104 1094 2131 bonis
1122 2103 1280 2130 actionibus
1311 2111 1362 2131 nos
1396 2108 1494 2132 mutuo
1515 2106 1700 2140 vinceremus,

913 2156 1026 2184 prorsus
1040 2154 1136 2176 contra
1147 2149 1275 2182 iacimus,
1287 2154 1315 2176 et
1326 2154 1455 2184 tanquam
1470 2152 1566 2179 morbo
1582 2152 1701 2183 quodam

914 2195 1115 2223 absurdissimo
1145 2202 1326 2229 occupamur.
1352 2195 1421 2222 Nam
1438 2203 1472 2223 ex
1492 2196 1586 2234 formai
1601 2204 1702 2226 nostra:

913 2242 1089 2269 lineamentis
1119 2241 1254 2276 sequitur,
1287 2246 1319 2269 ut
1346 2243 1429 2270 etiam
1453 2243 1598 2272 habitibus
1613 2246 1702 2272 animi

68 2293 172 2317 τοντες,
189 2286 237 2311 καὶ
254 2284 428 2319 συμϐέϐηκεν
445 2285 514 2319 ἡμῖν
527 2281 584 2310 οἶόν
599 2292 624 2310 τι
637 2285 722 2316 πάθος
737 2283 857 2318 ἀτεχνῶς

911 2281 1134 2315 εκεοιίῑιειίιηιις.
1148 2277 1185 2314 Et
1199 2288 1264 2322 quia
1279 2288 1366 2323 prima
1385 2289 1431 2316 illa
1461 2297 1582 2324 vereque
1599 2290 1702 2318 beatis-

68 2332 182 2363 ἀτοπον,
210 2331 251 2357 ὅτι
275 2331 347 2357 κατὰ
373 2331 437 2362 τοὺς
467 2333 518 2366 τῆς
541 2331 649 2366 μορφῆς
680 2331 859 2366 χαρακτῆρας

70 2379 167 2405 ἔπεστι
198 2377 394 2413 διενηνοχέναι,
425 2378 472 2403 καὶ
490 2378 551 2408 ταῖς
571 2378 620 2412 τῆς
645 2377 736 2412 ψυχῆς
756 2377 856 2409 ἔξεστι.

70 2428 125 2454 Καὶ
150 2426 200 2461 τὴν
226 2425 339 2461 πρώτην
353 2425 462 2460 εκείνην
491 2426 537 2452 καὶ
561 2425 736 2460 μακαριστὴν
773 2424 857 2456 ὅντως

69 2472 246 2508 εὐδαιμονίαν
260 2471 444 2498 ἀποϐαλοῦσιν
459 2472 536 2506 ἡμῖν,
553 2471 660 2497 δέδοκτο
671 2471 726 2497 δεῖν
741 2470 783 2504 ἐφ’
798 2472 857 2497 ἑτέ-

72 2527 122 2554 ραν
139 2518 286 2553 πολυσχιδῆ
299 2517 466 2554 τραπέσθαι,
480 2517 610 2543 ἀϐέϐαιον
629 2517 718 2547 πάντη
733 2520 780 2543 καὶ
798 2518 859 2544 καθ’

69 2565 171 2599 ἑαυτὴν
187 2566 397 2597 στασιάζουσιν.
416 2564 467 2590 Ἢν
493 2564 520 2590 εί
544 2572 586 2595 τις
601 2565 632 2591 οὺ
646 2564 742 2596 καλοίη
755 2565 860 2600 τύρϐη-ι

70 2612 169 2646 κομιδῆ
199 2611 331 2646 ματαίαν,
356 2611 403 2638 καὶ
417 2609 533 2645 θόρυϐον
561 2610 679 2645 ἀκερδῆ,
694 2611 789 2637 τοῦτον
804 2610 860 2645 ἐγὼ

69 2658 175 2693 νομίζω
186 2656 274 2684 τελεῖν
286 2658 336 2684 οὐκ
348 2658 387 2689 είς
399 2656 460 2688 τοὺς
473 2655 503 2682 εὗ
514 2655 692 2691 φρονοῦντας,
706 2657 736 2683 οὺ
750 2657 859 2691 φύσεως

913 2335 982 2361 sima
1010 2334 1141 2361 felicitate
1166 2334 1257 2361 orbati
1274 2342 1380 2368 sumus,
1407 2335 1497 2362 vi'sum
1511 2340 1554 2363 est
1571 2341 1702 2371 oportere

915 2379 947 2407 ad
963 2380 1044 2407 aliam
1064 2380 1257 2414 multiplicem,
1285 2380 1491 2408 inconstantem
1512 2383 1626 2410 omnino
1644 2388 1672 2411 et.
1687 2392 1701 2412 a

914 2428 1003 2461 seipsa
1028 2426 1206 2454 dissidentem
1230 2427 1364 2454 converti.
1395 2427 1482 2460 Quam
1506 2428 1528 2455 si
1551 2426 1614 2462 quis
1645 2437 1701 2456 non

911 2474 1032 2509 appellet
1044 2473 1138 2500 turbas
1154 2472 1233 2499 valde
1261 2472 1375 2500 stolidas
1393 2474 1607 2509 tumultumque,
1627 2475 1702 2502 hunc

912 2529 961 2554 ego
977 2520 1003 2546 in
1021 2519 1202 2554 prudentibus
1217 2519 1291 2546 haud
1318 2521 1532 2553 numerandum.
1556 2529 1646 2556 neque
1663 2523 1701 2550 illi

911 2564 1126 2596 naturam,..sed
1142 2570 1253 2599 pravam
1269 2564 1390 2599 aliquam
1403 2565 1573 2593 voluntatem
1603 2566 1633 2593 in
1649 2566 1703 2594 huc

912 2611 1038 2638 nocuisse
1054 2610 1162 2644 opinor.
1183 2610 1251 2637 Cum
1271 2617 1355 2644 porro
1371 2611 1449 2638 multi
1467 2611 1548 2647 hujus
1563 2611 1643 2639 dictae
1674 2617 1702 2639 et

913 2657 1042 2692 legitimae
1057 2656 1198 2683 felicitatis
1225 2655 1334 2683 diversa
1358 2656 1465 2684 ratione
1485 2662 1610 2685 exsortes
1632 2657 1700 2690 sint,

703 2738 810 2770 Jacobi
829 2741 960 2772 Pontani
980 2743 1072 2771 notae.

105 2803 144 2838 (8)
170 2803 208 2830 De
229 2810 310 2831 aurea
334 2803 407 2830 bulla
429 2802 558 2837 loquitur,
581 2802 615 2829 de
636 2810 688 2836 qua
708 2807 786 2830 antea
801 2811 852 2831 sa:-

71 2839 147 2874 pius;
159 2846 219 2866 eam
232 2839 304 2874 enim
315 2838 494 2874 imperatores
505 2838 616 2869 dabant,
626 2838 724 2874 quibus
736 2838 853 2874 dandam

71 2873 228 2901 cenSebant.
253 2873 358 2900 NICClaS
384 2873 431 2900 lib.
455 2880 463 2899 1
487 2876 577 2908 vocat,
597 2873 852 2908 γράμμαηὲρυθρο.

72 2910 221 2944 σήμαντον,
240 2909 367 2942 σφραγῖδί
384 2915 413 2933 τε
429 2907 554 2943 χρυσεία,
567 2908 614 2933 καὶ
631 2907 736 2942 σηρικῷ
749 2907 850 2943 νήματι

212 2960 347 2989 ΡΑΤιιοι.
370 2959 428 2987 Gn.
445 2957 545 2988 CLlll.

909 2805 1043 2840 ἔμπεδον,
1069 2803 1369 2840 κόγχηςηάναδευμένῳ
1385 2803 1494 2838 αἵματι.
1521 2802 1624 2840 litteras
1639 2810 1702 2840 rru-

909 2841 980 2866 lyrica
999 2844 1113 2870 notatas,
1126 2839 1265 2879 sigilloque
1286 2847 1368 2866 aureo
1382 2845 1405 2866 et
1420 2840 1503 2879 serico
1512 2839 1558 2872 ﬁlo
1571 2839 1699 2879 munitm.

907 2877 976 2911 quod
989 2874 1227 2911 conc/uesanguiue
1240 2873 1651 2911 tinctumreirat.Zonara‘._tomi.
1660 2881 1703 2908 ιιι,

907 2908 1127 2946 χριιτοτήμαντος
1137 2918 1190 2945 γρα
1199 2909 1230 2944 ρὴ
1239 2910 1474 2946 θιχρυσόϐουλλος
1486 2908 1579 2943 γραφή
1589 2908 1700 2936 ιίὶιίιυΐ.

1473 2957 1512 2985 32
