1926 3090
188 129 256 162 10.5

769 132 929 163 JOANNIS
948 134 1213 170 CANTACUZENI

1739 133 1812 165 1016

188 189 316 222 ingentes
338 194 446 214 creasse
461 187 632 213 calamitates
648 186 837 222 iutelligebant
855 188 971 222 :juvare

1027 190 1216 224 κακοπραγίας
1228 187 1309 224 ἦσαν.
1325 188 1386 215 Τῶν
1399 188 1427 214 δί
1442 187 1517 222 αὐτῷ
1530 188 1726 222 συναραμένων
1739 189 1813 223 πρὸς

188 239 280 260 autem
300 237 396 264 semet,
412 239 510 267 magno
529 231 600 259 duce
615 232 705 259 omnia
719 232 775 267 jam
798 240 849 259 suo
878 231 970 259 domi-

186 284 253 306 natu
275 283 394 310 tenente,
411 286 466 305 non
495 282 633 313 poterant.
668 277 803 306 Caeterum
835 278 968 314 Georgius

186 325 341 357 Cliumnus,
357 331 472 358 magnus
500 324 737 358 stratopedarclta,
755 333 827 351 unus
850 325 884 352 de
904 325 969 352 belli

186 369 357 402 auctoribus,
374 369 407 396 ad
424 369 623 404 imperatricem
649 370 756 401 adiens.
776 379 902 405 maguum
920 374 970 398 du-

185 422 244 441 cem
258 414 328 441 clam
344 415 494 448 accusavit,
509 415 555 450 qui
572 423 639 450 opes
657 416 813 450 reipublic-at
836 416 970 443 inutiliter

184 460 341 495 dissiparet,
353 466 380 488 et
390 461 422 488 ad
435 461 538 488 bellum
553 465 682 488 terrestre
697 461 811 488 classem
825 462 893 489 nihil
906 469 970 497 pro-

185 506 305 534 futuram
322 507 483 535 instrueret.
510 507 560 540 Qui
581 507 656 534 enim
671 508 767 535 classis
785 513 881 535 contra
900 508 971 535 Can-

184 557 350 579 tacuzenum
377 560 438 580 eum
464 555 536 588 apud
556 553 693 581 Triballos
716 558 884 586 manentem,
913 559 970 581 tum

183 595 405 633 Didymbtichum
422 601 517 626 urbem
539 600 634 634 procul
654 607 668 626 a
683 599 750 627 mari
765 605 896 627 semotum
921 599 970 627 ob-

185 643 318 670 tinentem
345 644 510 671 dimicaret?
536 645 620 672 Dabat
642 644 736 680 itaque
763 645 918 676 consilium.
942 651 972 673 ut

187 689 322 723 impensis
351 689 532 717 infructuosis
557 691 752 721 abstineretur.
781 696 807 718 et
832 691 971 726 excogita-

186 741 263 762 retur
277 736 415 770 quidpiam
427 755 435 768 ,
448 736 522 771 quod
539 736 572 763 ad
596 737 680 764 totius
695 736 853 771 reipublicm
866 737 971 764 emolu-

188 784 309 806 mentum
324 779 509 807 redundaret:
526 779 551 806 id
567 787 627 808 esse
643 788 735 815 pacem
750 787 776 808 et
792 780 880 808 fmdus
909 788 970 808 cum

185 822 390 855 Ganlacuzeno,
409 823 482 857 quod
499 823 646 850 utilitatem
662 831 798 851 summam
817 825 970 859 pollicere-

187 873 242 894 tur.
262 868 326 894 Tam
342 868 501 903 importuno
521 877 640 904 namque
654 870 727 897 bello
742 858 875 897 adversus
894 871 969 898 illum
990 858 1009 884 Β

187 915 332 946 suscitato,
351 915 453 949 inquit,
469 921 497 943 et
513 916 716 943 studiosissime
732 917 808 944 illato
829 917 971 945 nihil'nos

186 960 346 994 profecisse.
361 961 408 988 sed
425 969 488 988 eum
511 962 601 988 damni
618 967 759 996 expertem
776 962 848 996 apud
864 961 973 990 Tribal-

187 1006 277 1033 lorum
296 1007 449 1042 principem
466 1008 556 1034 adhuc
578 1007 694 1040 haerere,
711 1015 826 1042 esseque
840 1008 868 1034 in
887 1008 972 1035 multa

187 1052 274 1086 gratia
291 1060 298 1078 :
316 1059 344 1080 et
361 1053 512 1080 exercitum
537 1053 687 1085 conscribi,
702 1054 826 1088 quicum,
845 1058 874 1080 ut
897 1053 974 1080 audi-

191 1105 263 1130 mus,
283 1098 502 1134 Didymoticbum
521 1103 676 1126 revertatur
691 1107 696 1124 :
709 1103 737 1126 et
754 1098 974 1134 Didymoticben-

191 1151 236 1171 ses
249 1145 283 1171 de
299 1145 390 1172 animo
402 1152 466 1180 erga
481 1145 559 1172 illum
573 1153 623 1172 suo
638 1145 706 1172 nihil
717 1145 868 1177 remittere,
885 1153 973 1180 neque

188 1191 261 1218 bello
284 1195 338 1218 tam
364 1192 520 1227 propinquo
535 1192 664 1224 cruciari,
681 1192 728 1219 sed
744 1193 836 1227 potius
848 1192 973 1220 Thracia:

190 1237 306 1265 urbibus
325 1239 460 1265 universis
483 1246 583 1267 nocere
614 1239 746 1266 immitius
765 1247 846 1274 quam
873 1239 974 1267 Cerbe-

188 1291 262 1316 rum,
273 1284 365 1311 omnia
377 1284 576 1318 deprtedantes,
590 1285 768 1320 funditusque
784 1287 972 1314 devastantcs:

189 1330 248 1357 hxec
265 1330 331 1357 milii
344 1337 516 1365 nequaquam
530 1338 545 1357 e
563 1339 590 1357 re
607 1336 713 1364 nostra,
735 1339 822 1366 neque
843 1332 871 1358 in
892 1331 973 1360 finem

189 1377 292 1403 bonum
313 1376 436 1404 desitura
466 1376 605 1403 videntur.
622 1375 712 1409 Quare
735 1384 830 1411 pacem
849 1385 910 1404 cum
928 1378 975 1406 illo

189 1422 394 1456 suscipiendam
409 1423 509 1450 sentio.
524 1423 603 1450 Nunc
616 1423 688 1450 enim
712 1424 738 1450 in
758 1422 845 1451 aliena
863 1425 974 1459 regione

188 1469 330 1504 profugus,
345 1474 372 1496 et
386 1477 467 1503 opem
481 1474 622 1496 externam
634 1477 795 1504 exposcens,
812 1471 901 1498 obviis
913 1479 973 1498 eam

1025 237 1072 262 τὸν
1091 235 1221 270 πόλεμον,
1238 236 1284 261 καὶ
1305 233 1475 260 πεπεικότων
1498 233 1632 268 βασιλίδα,
1649 233 1686 263 ὡς
1701 234 1817 259 ἐπιϐου-

1024 281 1129 307 ladano
1157 282 1231 317 παρὰ
1258 279 1487 313 Καντακουζηνοδ
1513 279 1561 305 τοῦ
1591 279 1734 313 βασιλέωςς
1756 279 1816 305 τῶν

1026 328 1077 362 μὲν
1099 328 1149 362 ἤδη
1166 327 1326 362 παρήπτετο
1342 326 1471 361 μετρίως,
1494 325 1541 352 καὶ
1557 325 1673 360 καθῄρει
1690 325 1746 350 τῶν
1760 326 1816 359 ἀρ-

1025 373 1091 408 χῶν,
1103 373 1231 409 ἀφορμὴν
1244 373 1372 408 παρέχων
1383 372 1433 405 τῆς
1447 372 1513 406 πρὸς
1525 371 1605 398 αὑτὸν
1616 371 1749 406 διαφορᾶς
1758 380 1764 386 ·
1781 371 1817 396 ἵν’

1024 421 1050 446 εί
1065 419 1230 455 διαφθείρειε
1247 419 1383 454 μηδεμίαν
1399 417 1585 454 μέμψινρέχοι,
1601 417 1638 448 ὡς
1652 418 1682 443 ού
1697 417 1818 448 δικαίως

1023 467 1154 500 ἀμύνοιτο
1170 467 1280 498 αὐτοὺς,
1293 466 1395 498 κακοὺς
1418 466 1483 501 περὶ
1496 465 1577 492 αὑτὸν
1598 465 1816 499 γεγενημένους.

1024 512 1086 538 Τῶν
1101 512 1130 539 δὲ
1146 512 1269 547 ἔμελλεν,
1287 512 1304 539 ἃ
1321 512 1491 547 συνορῶντες
1506 512 1552 538 καὶ
1569 512 1648 539 αὐτοὶ
1662 512 1709 538 καὶ
1725 520 1817 546 πονη-

1025 558 1075 593 ρὰν
1091 559 1155 592 περὶ
1172 558 1226 584 τῶν
1243 557 1394 592 μελλόντων
1410 558 1461 593 ἥδη
1482 557 1587 592 ἔχοντες
1604 557 1713 589 ἐλπίδα,
1727 557 1818 592 ᾐσθά-

1025 611 1100 629 νοντο
1118 603 1167 636 μὲν
1178 603 1215 634 ὡς
1232 603 1307 637 σφίσι
1323 612 1354 630 τε
1368 604 1461 634 αὐτοῖς
1477 603 1525 630 καὶ
1541 604 1596 634 τοῖς
1621 603 1712 633 ἄλλοις
1729 603 1818 629 αἴτιοι

1024 648 1195 683 κατέστησαν
1213 649 1340 684 μεγάλων
1354 649 1513 685 συμφορῶν,
1537 649 1644 684 βοηθεῖν
1660 649 1688 674 δὲ
1705 648 1757 674 οὐκ
1771 645 1817 674 εἷ-

1024 703 1070 730 χον
1085 695 1202 726 ἑαυτοῖς,
1222 695 1314 722 πάντα
1330 695 1380 731 ήδη
1400 695 1520 731 μεγάλου
1542 695 1637 725 δουκὸς
1661 695 1705 728 ὑφ’
1721 693 1818 727 ἑαυτῷ

1025 742 1223 776 πεποιημένου.
1240 742 1364 777 Χοῦμνος
1380 742 1409 769 δὲ
1426 741 1562 776 Γεώργιος
1576 742 1591 768 6
1618 742 1706 775 μέγας
1729 749 1818 775 στρα-

1024 785 1204 821 τοπεδάρχης,
1220 784 1261 818 εἷς
1276 786 1313 812 ὢν
1328 787 1383 813 τῶν
1404 787 1450 813 τὸν
1470 786 1589 820 πόλεμον
1613 785 1817 819 κεκινηκότων,

1026 829 1142 864 βασιλίδι
1164 830 1332 864 προσελίιὼν,
1356 831 1446 866 ἠρέμα
1477 831 1671 864 κατεμέμφετο
1700 829 1818 863 μεγάλῳ

1025 876 1112 907 δουκὶ,
1128 876 1165 907 ὼς
1187 877 1228 908 είς
1253 877 1330 903 οὐδὲν
1345 876 1404 903 δέον
1421 877 1454 903 τὰ
1470 876 1547 903 κοινὰ
1573 875 1816 906 καταναλίσκοντι,

1026 921 1154 957 καὶπρὸς
1179 922 1296 956 πόλεμον
1312 922 1469 958 ἡπειρώτην
1487 921 1596 953 στόλους
1619 921 1818 956 ὲξαρτυομένῳ

1027 967 1111 1002 μηδὲν
1126 967 1283 1003 ὀνήσοντας.
1298 967 1368 1003 Πρὸς
1383 969 1410 994 τί
1426 968 1479 1004 γὰρ
1502 968 1516 994 6
1534 967 1626 997 στόλος
1651 965 1818 993 ἐναντιώσες

1026 1023 1071 1041 ται
1099 1014 1319 1048 Καντᾳκουζηνῷ
1335 1014 1410 1049 αὐτῷ
1438 1022 1467 1040 τε
1483 1012 1560 1048 παρὰ
1585 1012 1731 1047 Τριὸαλοίς
1755 1011 1818 1037 ὄντι

1026 1061 1074 1087 καὶ
1089 1061 1279 1094 Διδυμότειχον
1295 1060 1438 1094 κατέχοντι
1448 1059 1526 1086 πόλιν
1545 1058 1657 1098 μακρὰν
1673 1057 1818 1091 θαλάσσης

1026 1107 1199 1142 ‹ξ›κισμένην;
1217 1105 1392 1132 συνεὸούλευέ
1418 1114 1445 1131 τε
1474 1105 1574 1139 μᾶλλον
1607 1104 1661 1131 τῶν
1684 1104 1818 1130 τοιούτων

1026 1153 1177 1187 ἀπέχεσθαι
1194 1152 1330 1186 ἀνονήνων
1345 1151 1483 1182 δαπανῶν,
1498 1151 1567 1185 πρός
1582 1159 1643 1176 τινα
1667 1150 1696 1175 δὲ
1713 1150 1817 1184 χωρεῖν

1026 1199 1147 1225 ἐπίνοιαν
1164 1199 1218 1229 τοῖς
1245 1198 1317 1229 ὅλοις
1336 1199 1481 1233 πράγμασι
1513 1196 1703 1223 συνοίσουσαν.
1727 1194 1817 1222 Τοῦτο

1027 1244 1055 1270 δὲ
1081 1242 1162 1277 εἶναι,
1190 1242 1302 1278 εἰρήνῐξν
1329 1243 1454 1270 τίθεσθαι
1481 1242 1549 1277 πρὶς
1583 1240 1817 1275 Καντακουζηνδν

1027 1292 1075 1318 καὶ
1092 1290 1218 1320 σπονδὰς,
1237 1289 1265 1316 αἳ
1283 1289 1400 1324 μάλιστα
1413 1289 1515 1322 δόξειεν
1530 1288 1690 1314 λυσιτελεῖν.
1706 1288 1742 1313 Τὸ
1759 1287 1816 1321 γὰρ

1027 1337 1156 1363 τοσούτου
1169 1335 1288 1371 πολέμου
1304 1335 1373 1371 πρὸς
1391 1336 1472 1362 αὑτὸν
1491 1335 1681 1369 κεκινημένου,
1704 1334 1752 1360 καὶ
1763 1334 1818 1360 πά-

1028 1392 1078 1417 σης
1096 1382 1216 1416 σπουδῆς
1239 1381 1479 1416 εἰσενηνεγμένης,
1498 1380 1582 1416 μηδὲν
1601 1381 1674 1415 ἡμᾶς
1697 1379 1817 1414 δυνηθῆ-

1027 1437 1070 1456 ναι
1085 1428 1174 1460 πλέον,
1189 1427 1246 1454 ἀλλ’
1257 1428 1360 1454 ἐκεῖνόν
1374 1435 1402 1453 τε
1418 1426 1512 1460 ἀπαθῆ
1526 1427 1631 1459 κακῶν,
1646 1426 1695 1452 καὶ
1710 1425 1815 1460 πολλῆς

1027 1474 1133 1505 εὐνοίας
1148 1472 1319 1500 ἀπολαύοντα
1332 1472 1407 1506 παρὰ
1424 1471 1463 1507 τῷ
1479 1470 1622 1507 Τριϐαλῶν
1638 1470 1756 1506 δυνά-πῃ
1771 1469 1815 1496 ἑτι

190 1515 264 1542 ulnis
285 1515 476 1549 amplectetur,
501 1516 524 1542 si
553 1516 693 1542 moderata
720 1515 910 1550 petiveritnus.
947 1516 974 1544 Si

1028 1519 1175 1554 διαμένειν,
1194 1517 1474 1554 παρασκευαζόμενὸν
1501 1526 1531 1543 τε
1556 1517 1594 1548 ὡς
1622 1516 1757 1551 ἀκούομεν
1773 1517 1816 1547 είς

190 1561 265 1589 domi
286 1562 380 1593 fuerit.
415 1569 530 1596 seseque
561 1562 793 1594 cormboraverit,
820 1567 913 1590 metuo
940 1571 974 1590 ne

189 1608 272 1636 nobis
285 1616 344 1635 eam
368 1608 555 1642 ﬂagitantibus
577 1609 634 1643 ipse
651 1613 743 1643 neget,
760 1609 899 1644 explorata
928 1617 975 1644 spe

190 1654 316 1681 victoria:
341 1654 462 1680 conﬁsus
484 1653 624 1680 videlicet.
654 1653 814 1688 lmperatrix
831 1662 892 1681 eum
913 1662 973 1681 eum

190 1700 300 1727 ratione
316 1699 515 1727 eonsentientia
531 1699 659 1729 suadere,
676 1703 703 1725 et
716 1703 810 1732 postea
826 1699 898 1733 quod
911 1707 976 1726 con-

190 1745 359 1773 sultantibus
371 1753 386 1771 e
402 1744 543 1778 republica
556 1744 644 1770 Visum
659 1743 743 1770 fuerit
753 1742 875 1770 facturos
889 1743 975 1778 dixit}

191 1791 272 1827 530
291 1791 342 1818 hoc
357 1795 489 1824 tempore,
509 1790 632 1824 impensa
652 1789 707 1823 jam
732 1788 813 1821 facta,
831 1790 977 1824 solutaque

191 1836 344 1864 classiariis
355 1835 504 1871 stipendio,
516 1834 753 1869 abnavigationem
762 1835 864 1870 justam
876 1835 975 1862 videri.

190 1883 253 1911 llzec
268 1884 311 1911 illa
328 1884 482 1915 aillrmavit,
497 1883 570 1917 quod
585 1883 611 1910 ei
626 1890 742 1917 magnus
756 1883 809 1910 dux
823 1889 976 1918 receperat,

190 1931 213 1958 si
230 1931 257 1957 in
276 1930 462 1957 Macedoniam
478 1930 644 1965 navigasset,
657 1929 879 1957 Cantaeuzcuum
914 1930 976 1956 vin—

190 1980 265 2003 ctum
288 1975 483 2007 adducturum,
506 1975 621 2010 perinde
649 1975 728 2009 quasi
744 1975 837 2002 Crales
857 1983 886 2002 se
900 1975 975 2003 illum

189 2022 356 2048 traditurum
375 2021 560 2056 promisisset,
573 2021 594 2048 si
612 2020 730 2055 ipsemet
744 2021 777 2047 ad
793 2027 822 2047 se
836 2020 974 2047 vertisset:

191 2072 220 2094 et
239 2067 313 2102 quod
327 2067 550 2094 Cantaenleuum
563 2059 685 2100 tempore
702 2066 766 2093 belli
781 2066 875 2093 multis
897 2067 975 2093 attri-

190 2117 251 2140 tum
269 2112 488 2144 difficultatibus,
501 2116 529 2139 et
544 2117 631 2138 matre
651 2111 680 2139 in
694 2119 807 2138 carcere
830 2113 975 2145 exstincta,

192 2160 305 2194 filioque
318 2159 476 2188 Andronico
491 2158 538 2186 diu
553 2159 607 2193 jam
624 2158 742 2185 vinculis
757 2162 785 2185 et
795 2158 857 2185 aliis
872 2159 975 2185 incom-

1026 1564 1216 1599 Διδυμότειχον
1239 1564 1387 1599 ἐπανήκειν
1403 1562 1472 1598 μετὰ
1494 1563 1633 1597 στρατιᾶς.
1647 1562 1715 1592 Tati;
1733 1569 1762 1587 τε
1784 1561 1814 1589 ἐν

1027 1611 1214 1646 Διδυμοτείχῳ
1241 1610 1454 1645 μηδὲν-ὑφεῖναι
1468 1608 1517 1644 τῆς
1539 1609 1578 1640 εἰς
1594 1608 1675 1634 αὑτὸν
1693 1606 1813 1639 εὐνοίας,

1029 1657 1091 1692 μηδ’
1108 1657 1159 1683 ὑπὸ
1183 1656 1230 1682 τοῦ
1261 1656 1475 1692 περιεστηκότος
1499 1654 1621 1689 πολέμου
1652 1653 1812 1687 πιεσθῆναι,

1027 1703 1095 1729 ἀλλὰ
1112 1702 1212 1737 μᾶλλον
1228 1701 1326 1733 αὐτοὺς
1344 1703 1404 1733 ταῖς
1421 1701 1492 1728 κατά
1515 1701 1626 1736 Θρᾴκην
1650 1699 1752 1730 πάσαις
1765 1699 1816 1724 πό-

1027 1749 1097 1780 λεσι,
1113 1748 1253 1783 κερὸέρων
1267 1745 1335 1774 εἶναι
1355 1747 1572 1782 χαλεπωτέρους,
1585 1746 1674 1773 πάντα
1691 1744 1816 1779 διαφθεί-

1031 1802 1127 1828 ροντας
1143 1793 1228 1828 ἄρδην
1242 1795 1290 1820 καὶ⁵
1299 1792 1487 1828 ληϊζομένους,
1503 1792 1533 1818 οὐ
1547 1792 1615 1826 πρδς
1629 1791 1706 1826 ἡμῶν
1718 1791 1815 1824 ἔμοιγε

1027 1837 1097 1865 εἶναι
1110 1838 1247 1872 φαίνεται,
1266 1838 1325 1865 οὐδὲ
1341 1839 1408 1874 πρός
1422 1846 1447 1864 τι
1477 1838 1554 1869 τέλος
1582 1837 1674 1872 λήξειν
1698 1835 1814 1870 ἀγαθόν.

1028 1884 1073 1910 Διό
1097 1892 1142 1919 μοι
1172 1886 1220 1911 καὶ
1242 1886 1386 1919 παραινεῖν
1402 1883 1514 1918 ἐπῆλθε,
1540 1882 1664 1909 τίθεσθαι
1681 1882 1730 1917 τὴν
1745 1883 1815 1916 πρὸς

1028 1930 1109 1957 αὑτὸν
1125 1930 1248 1966 είρήνην.
1264 1929 1321 1955 Νῦν
1337 1929 1386 1964 μὲν
1410 1930 1463 1964 γὰρ
1481 1929 1626 1964 ὑπερόριος
1638 1930 1667 1955 ἐν
1686 1929 1817 1963 ἀλλοτρίᾳ

1004 1996 1011 2000 .
1027 1975 1173 2011 διατρίϐων
1185 1976 1231 2014 καὶ
1246 1976 1294 2010 τῆς
1306 1976 1370 2009 παρ’
1382 1974 1483 2010 ἑτέρων
1498 1975 1623 2009 δεόμενος
1640 1975 1815 2010 ἐπικουρίας,

1028 2021 1144 2056 ἑτοίμως
1159 2022 1191 2047 ἂν
1207 2021 1373 2048 ὑπακούσειε
1391 2021 1458 2055 πρὸς
1476 2021 1524 2055 τῂν
1539 2021 1663 2056 εἰρήνην,
1677 2021 1702 2046 sl
1715 2020 1817 2054 μέτρια

1027 2066 1182 2101 αἱτοίημεν.
1205 2066 1235 2092 El
1251 2066 1274 2092 δ’
1289 2066 1359 2092 οίκοι
1382 2074 1408 2092 τι
1425 2065 1531 2099 γένοιτο
1545 2066 1591 2092 καί
1607 2074 1677 2097 τινος
1694 2067 1816 2101 εὐπορή-

1029 2120 1086 2138 σειε
1110 2111 1263 2146 δυνάμεως,
1288 2112 1396 2138 δέδοικα
1422 2112 1460 2146 μὴ
1485 2111 1620 2146 δεομένων
1645 2112 1724 2146 ἡμῶν
1741 2112 1815 2138 ἀπα.

1028 2158 1147 2184 ναίνοιτο
1162 2157 1252 2190 αὐτὸς,
1266 2153 1310 2183 οἷα
1324 2157 1356 2190 δὴ
1373 2156 1486 2190 βεϐαίας
1504 2156 1554 2191 ἤδη
1569 2155 1617 2182 τοῦ
1633 2157 1816 2191 περιγενήσεο

191 2204 281 2231 modis
304 2203 414 2237 afllicto,
430 2204 618 2238 immensaque
631 2204 656 2230 vi
671 2205 794 2238 pecunia:
808 2204 974 2238 spoliatum;

1030 2204 1093 2229 σθαι
1119 2203 1198 2237 ἡμῶν
1231 2202 1340 2233 ἐλπίδας
1365 2201 1445 2237 ἔχων.
1474 2201 1584 2233 Βασιλὶς
1613 2202 1640 2228 δὲ
1667 2203 1746 2236 λόγον
1765 2203 1816 2237 μὲν

191 2249 319 2284 pluribus
343 2256 475 2284 praetcrea
498 2257 560 2276 cum
585 2250 731 2276 insolentia
752 2255 778 2276 et
811 2251 976 2278 contumelia

192 2298 220 2324 in
242 2296 319 2323 illum
342 2295 508 2331 idesiguatis,
535 2301 563 2323 et
584 2296 759 2323 amicissimis
787 2297 976 2330 cognatiSque,

193 2342 255 2369 aliis
271 2343 326 2369 vita
343 2342 515 2376 fortunisque
529 2342 612 2369 simul
627 2343 760 2376 expulsis,
777 2342 839 2370 aliis
868 2350 900 2369 ex
916 2343 978 2369 illu-

198 2387 342 2415 strissimis
357 2391 385 2414 et
400 2387 539 2422 opulentis
559 2387 591 2413 ad
610 2392 796 2422 paupertatem
809 2387 936 2418 redactis,
950 2393 977 2414 et

195 2435 223 2461 iu
239 2434 391 2462 custodiam
409 2433 540 2466 detunsis,
559 2441 612 2460 non
630 2433 710 2460 facile
729 2433 762 2460 ad
780 2441 873 2468 pacem
899 2433 978 2460 incli-

194 2485 337 2511 naturum,
355 2479 404 2506 sed
424 2479 628 2506 vindicaturum
644 2486 673 2506 se
688 2479 776 2506 modis
792 2479 932 2508 omnibus.
950 2484 978 2506 et

196 2535 245 2562 par
268 2526 329 2561 pari
351 2525 502 2552 relaturum
529 2525 673 2559 cogitaret.
705 2524 774 2552 Hinc
800 2525 832 2551 ad
863 2525 977 2551 consilia

197 2572 273 2609 pacis
287 2572 413 2608 agitanda
437 2571 511 2598 lenta
523 2578 583 2598 esse
595 2579 626 2598 ac
640 2575 758 2605 torpere,
774 2571 845 2605 quod
858 2571 978 2598 laborem

196 2621 307 2646 inanem
324 2621 443 2652 putaret.
462 2616 529 2644 Nam
547 2617 705 2651 priusquam
722 2617 755 2644 ad
779 2621 881 2643 tantam
907 2616 979 2643 indi-

196 2665 326 2698 gnitatem
342 2663 492 2694 veniretur,
514 2668 542 2689 et
564 2663 606 2689 sui
633 2663 707 2689 omni
727 2663 889 2690 crudelitate
915 2669 980 2690 con-

196 2710 363 2744 tumeliaque
388 2709 416 2736 in
440 2715 504 2735 eum
523 2708 768 2740 debaccbareutur,
785 2716 839 2741 pra:
853 2707 914 2734 aliis
931 2715 979 2742 pa-

197 2765 257 2784 rem
276 2764 336 2784 sese
362 2755 557 2788 concupiscere
579 2754 718 2788 complura
744 2753 824 2781 dabat
855 2753 952 2781 indicia
971 2761 977 2779 :

198 2805 236 2831 ita
256 2811 368 2838 prorsus
392 2802 561 2833 existimans,
588 2803 647 2835 ejus
674 2801 738 2827 odio
753 2800 854 2827 bellum
872 2799 942 2827 istuc
965 2808 979 2826 a

201 2849 335 2884 principio
352 2849 517 2877 concitatum
537 2848 630 2881 fuisSe,
647 2854 697 2874 nec
712 2854 774 2875 cum
791 2846 842 2874 sibi
870 2853 900 2873 ac
916 2846 979 2874 filiis

1029 2248 1125 2282 ἔχοντα
1142 2246 1202 2273 εἷπε
1226 2248 1388 2282 παραινεῖν,
1407 2247 1455 2273 καὶ
1475 2246 1591 2283 ὕστερον
1616 2249 1630 2274 ὅ
1651 2257 1677 2274 τι
1694 2248 1727 2274 ἂν
1749 2249 1814 2283 δοκῇ

1028 2294 1180 2333 λυσιτελεῖν
1196 2295 1274 2328 κοινῇ
1293 2293 1481 2328 σκεψαμένους
1497 2293 1628 2328 πράττειν
1642 2302 1648 2308 ’
1673 2294 1702 2319 τὸ
1725 2294 1753 2319 δὲ
1769 2294 1815 2320 νῦν

1029 2340 1102 2375 ἔχον,
1117 2341 1166 2374 τῆς
1181 2339 1304 2374 δαπάνης
1320 2339 1370 2374 ήδη
1389 2340 1576 2374 γεγενημένης
1590 2341 1638 2366 καὶ
1652 2340 1698 2366 τὸν
1718 2340 1815 2374 μισθὸν

1029 2386 1146 2420 ἐχόντων
1161 2385 1214 2411 τῶν
1226 2385 1386 2420 τριηριτῶν,
1404 2384 1507 2411 δίκαιον
1524 2385 1660 2411 ποιεῖσθαι
1684 2385 1730 2412 τὸν
1749 2387 1817 2413 ἁ.πό-

1029 2431 1125 2457 πλουν.
1142 2430 1235 2457 Ταῦτα
1257 2430 1285 2456 δὲ
1299 2430 1366 2465 αὐτῇ
1381 2430 1500 2464 εἴρηται,
1512 2429 1553 2456 ὅτι
1567 2439 1596 2456 τε
1616 2428 1787 2465 ἐπηγγέλετο
1803 2433 1817 2457 ὀ

1030 2479 1117 2513 μέγας
1135 2477 1207 2510 δοὺξ,
1224 2478 1248 2503 εἰ
1262 2477 1519 2512 πρδς’Μακεδονίαν
1540 2477 1722 2504 ἀποπλεύσειε
1742 2479 1817 2504 Καν-

1029 2523 1196 2558 τακουζηνὺν
1209 2523 1284 2555 ἄξειν
1299 2522 1454 2557 δεσμώτην,
1470 2523 1508 2554 ὡς
1528 2523 1701 2558 παραδώσειν
1726 2525 1815 2557 ἑπαγ-

1031 2569 1176 2604 γελομένου
1188 2568 1295 2603 Κράλη,
1305 2568 1329 2593 εἰ
1342 2567 1408 2603 πρὸς
1417 2567 1499 2594 αὑτὸν
1513 2567 1637 2601 ἀφίκοιτο
1651 2559 1745 2598 αὐτός.
1761 2567 1815 2594 Καὶ

1028 2617 1070 2642 ὅτι
1086 2615 1190 2642 πολλῶν
1207 2615 1257 2650 ήδη
1275 2614 1329 2640 τῶν
1356 2613 1424 2648 πρὸς
1450 2613 1561 2647 βασιλέα
1584 2611 1814 2646 Καντακουζηνὸν

1030 2661 1084 2688 ὑπὸ
1099 2661 1139 2695 τῷ
1153 2660 1201 2687 τοῦ
1218 2659 1339 2694 πολέμου
1352 2655 1441 2694 χρόνῳ
1455 2657 1644 2692 γεγενημένων
1661 2657 1813 2692 δυσχερῶν,

1031 2707 1079 2732 καὶ
1093 2706 1142 2741 τῆς
1157 2714 1188 2732 τε
1201 2705 1306 2740 μητρὸς
1322 2703 1502 2738 δεσμωτηρίῳ
1517 2702 1749 2737 ἑναποθανούσης,
1768 2705 1814 2728 καὶ

1029 2752 1200 2788 Ἀνδρονίκου
1213 2751 1260 2778 τοῦ
1270 2750 1328 2778 υἱοῦ
1343 2750 1425 2776 πολὺν
1436 2749 1485 2784 ἤδη
1500 2749 1595 2784 χρόνον
1606 2749 1717 2783 δεσμοῖς
1726 2757 1814 2784 προσ-

1029 2797 1300 2832 ταλαιπωρήσαντος,
1323 2795 1370 2822 καὶ
1396 2795 1464 2830 ἄλλῃ
1481 2794 1601 2820 κακώσει
1618 2793 1770 2829 χρημάτων
1785 2802 1816 2820 τε

1032 2844 1152 2878 ἀπείρων
1176 2843 1374 2878 ἡρπασμένων,
1395 2842 1442 2869 καὶ
1462 2840 1566 2868 πολλῶν
1587 2840 1697 2867 ἀτόπων
1723 2840 1818 2867 ἄλλων
