1926 3090
142 134 208 168 2021

707 140 981 172 HISTORIARUM
1004 144 1124 176 LIBER
1146 146 1204 176 ῘΙΪ.

1698 143 1770 176 1022’

139 194 238 223 ἔλασεν
257 194 350 226 αὐτὸς.
378 194 465 227 ἄλλως
492 204 522 223 τε
544 196 592 224 καὶ
621 197 675 225 τῶν
707 199 927 234 ὑπολειφθέντων

978 208 1107 237 praeterea
1135 204 1267 231 immensa
1293 203 1411 239 quadam
1441 201 1588 230 formidine
1622 202 1764 235 attonitos,

140 241 243 276 χρονίῳ
257 249 286 267 τε
309 241 441 277 στρατείᾳ
465 242 764 278 τεταλαιπωρηκότων·
781 242 852 279 ἦσαν
874 245 928 280 γὰρ

141 286 224 313 πλέον
238 286 254 321 ἢ
268 286 329 313 δυσὶ
345 287 481 322 πρότερον
499 289 567 323 μησὶ
582 289 677 325 Κράλῃ
694 290 824 325 ἑπόμενοι
839 299 927 326 στρα-

140 332 300 367 τευομένῳ·
317 332 404 364 ἄλλως
418 341 448 359 τε
463 333 511 360 καὶ
534 334 589 361 δέει
602 334 709 370 ἀσχέτῳ
727 335 927 370 κατεχομένων,

139 379 188 405 καὶ
203 378 369 413 νομιζόντων
382 379 433 405 οὐκ
446 379 487 410 είς
511 380 634 415 Θρᾴκην,
656 380 715 407 ἀλλ’
730 381 770 412 είς
802 381 929 415 Πάρθους

140 425 158 459 ἢ
180 424 277 456 Ἰνδοὺς
293 425 501 460 στρατεύεσθαι,
520 426 582 452 ὅθεν
605 426 655 453 οὑκ
682 426 791 459 ἐξέσται
818 425 927 464 μηχανῇ

142 470 259 505 οὐδεμιᾷ
287 470 378 497 οἴκαδε
399 471 570 505 ἐπανελθεῖν,
589 472 635 498 καὶ
659 472 704 499 διὰ
728 472 808 499 τοῦτο
825 465 870 499 καὶ
886 473 929 500 ἴπ-

142 524 211 547 πους
234 515 477 550 πολεμιστηρίους,
511 517 560 543 καλ⁸
581 518 662 551 ὅπλα,
679 517 725 545 καὶ
741 518 768 545 εί
780 527 806 545 τι
831 518 929 553 ἐπειρέ-

142 570 221 596 ροντο
236 562 370 596 χρήσιμον
388 562 456 598 προς
477 562 522 589 τὸν
540 563 669 599 πόλεμον,
696 564 787 591 οἴκαδε
802 565 929 599 ἀποπεμ-

142 608 260 639 πόντων,
283 607 328 634 ίνα
356 607 443 634 ταῦτα
458 608 524 642 γοῦν
539 610 598 640 τοῖς
622 608 716 637 παισίν
738 610 927 645 ὑπολειφθείη,

140 654 179 684 ὡς
192 654 305 680 ἐκείνων
316 653 510 688 ἀπολουμένων
521 654 642 687 πάντως·
655 655 741 682 ταῦτα
756 655 788 690 δὴ
806 656 928 691 συνορῶν

142 700 157 725 ὁ
175 699 312 734 βασιλεὺς,
339 701 387 726 καὶ
413 699 575 735 βουλόμενος
603 700 644 732 είς
670 701 861 736 Διδυμότειχον
890 702 928 736 μὴ

142 745 230 777 οὕτως
249 744 397 779 ἀφικέσθαι
411 745 541 780 ἀσθενὴς,
559 745 625 772 ὥσθ’
641 746 693 772 ὑπο
708 746 864 779 Βυζαντίων
880 748 929 774 καὶ

140 793 223 824 αὐτὸς
238 791 446 827 πολιορκεῖσθαι
458 799 465 807 '
483 790 540 818 οὔτ’
556 792 632 828 αὐτῷ
646 793 700 828 γὰρ
716 792 778 819 οὔτε
793 795 849 824 τοῖς
865 801 928 820 συν-

138 838 200 865 οὖσι
219 837 298 865 τοῦτο
311 837 428 873 μάλιστα
444 837 594 865 συνοίσειν·
611 838 746 874 ἐσκέψατο
762 839 802 871 είς
815 839 927 875 Κράλην

140 884 336 919 ἀναστρέφειν,
357 884 406 925 καὶ
421 884 555 919 στρατιὰν
578 884 727 920 ἀξιόχρεων
741 885 838 918 αίτεῐν,
855 886 926 913 ὥστε

137 931 183 963 τίς
211 931 403 964 Διδυμότειχον
424 930 540 965 φοδερδν
567 931 624 962 τοῖς
644 931 786 965 πολεμιοις
814 932 928 960 ἐλθόντα

140 974 225 1009 εἶναι,
241 976 309 1003 ἀλλά
328 976 366 1011 μὴ
388 976 621 1011 καταφρονεῖσθαι
639 977 683 1004 διὰ
700 977 750 1012 τὴν
764 978 926 1013 ἀδυναμίαν.

146 1022 224 1048 Ἐπεὶ
237 1021 265 1048 δὲ
283 1021 331 1048 καὶ
353 1022 412 1053 τοῖς
431 1021 542 1048 συνοῦσι
560 1021 706 1056 Ῥωμαίοις
721 1022 859 1049 ἐκοινοῦτο
877 1023 927 1059 τὴν

141 1067 251 1102 βουλὴν,
269 1067 369 1098 πάντες
382 1066 476 1101 ὥσπερ
491 1068 523 1093 ὲκ
536 1067 709 1102 συνθήματος
722 1069 813 1095 πάντα
826 1069 927 1104 μᾶλλον

139 1113 246 1148 ἔφασαν
263 1112 401 1147 αίρεῖσθαι
427 1112 586 1148 ὑπομένειν,
613 1114 661 1139 καὶ
676 1115 782 1148 μυρίων
805 1113 927 1141 θανάτων

140 1158 329 1194 κατατολμᾷν,
347 1159 363 1195 ἢ
382 1159 422 1189 είς
437 1158 486 1195 τὴν
501 1160 553 1195 γῆν
568 1159 646 1190 αὖθις
660 1160 843 1194 ἀναστρέφειν
860 1161 927 1196 Τρι-

140 1205 242 1232 σαλῶν.
260 1205 296 1231 οὐ
316 1205 370 1239 γὰρ
386 1204 510 1239 ἐνόμιζον
536 1206 575 1236 είς
591 1205 644 1239 γῆν
659 1205 844 1240 πορεύσεσθαι
860 1206 928 1242 ἡλίῳ
952 1211 954 1214 ·

139 1250 398 1286 περιλαμπομένην,
425 1251 472 1276 καὶ
498 1250 552 1277 ὑπὸ
576 1249 727 1285 ἀνθρώπων
753 1251 927 1287 οίκουμὲνην,

140 1297 200 1324 ἀλλ’
221 1298 261 1329 εἱς
291 1296 355 1332 ᾅδου
382 1296 556 1332 κευθμῶνας,
578 1297 626 1324 καὶ
649 1297 755 1332 νεκρῶν
772 1297 926 1333 διατριϐὰς,

139 1345 186 1370 καὶ
202 1343 267 1370 ἄλλο
286 1343 316 1369 εί
330 1351 357 1369 τι
381 1343 607 1378 δυσχερέστερον.
629 1343 717 1370 Πολλὰ
741 1343 769 1370 δὲ
795 1343 928 1378 βασιλέως

141 1389 350 1425 παραινοῦντος,
368 1389 406 1420 ὡς
433 1389 530 1424 βελτίω
557 1389 605 1416 καὶ
631 1389 841 1425 λυσιτελέστερα
866 1390 929 1425 βου·

139 1435 247 1461 λεύοιτο
265 1435 310 1461 καὶ
324 1434 452 1469 δεομένου
467 1435 621 1466 πείθεσθαι,
633 1435 688 1461 οὐδ’
700 1435 794 1471 ἄκροις
809 1435 927 1471 παρεδέ-

141 1489 222 1516 χοντο
247 1480 325 1511 ὠσὶν,
354 1480 425 1507 ἀλλὰ
455 1480 536 1506 πάνθ’
560 1481 612 1507 ὃσα
639 1481 672 1507 ἄν
691 1489 731 1512 τις
755 1481 828 1508 εἴποι
852 1482 927 1509 δεινὰ

980 256 1032 276 nec
1055 248 1082 276 in
1110 248 1266 281 Thraciam,
1280 257 1375 277 verum
1400 248 1433 276 ad
1455 248 1571 276 Parthos
1601 252 1650 274 aut
1672 247 1763 280 Indos,

980 295 1053 322 unde
1072 295 1154 323 nullis
1171 297 1278 323 artibus
1295 302 1415 330 unquam
1433 294 1466 322 ad
1492 295 1596 328 patrios
1621 294 1693 321 lares
1723 301 1765 320 re-

979 340 1079 376 pedare
1100 346 1220 375 possent.
1238 342 1384 368 militatum
1402 348 1431 368 se
1447 339 1584 374 proﬁcisci
1598 339 1765 366 arbitrantes

980 389 1073 422 (quam
1090 387 1126 414 ob
1143 394 1251 414 causam
1266 392 1293 414 et
1307 394 1394 422 equos
1415 386 1560 416 militares,
1586 389 1614 412 et
1631 392 1719 417 arma,
1736 387 1761 412 et

979 434 1002 460 si
1023 433 1089 468 quid
1105 433 1177 460 aliud
1203 433 1308 460 militiae
1331 432 1461 460 idoneum
1477 431 1634 466 portabant,
1651 432 1763 457 domum

980 478 1167 510 rrmittebant,
1187 482 1217 505 ut
1236 478 1304 512 ipsis
1329 477 1442 504 omnino
1458 477 1600 512 perituris,
1619 483 1651 503 ea
1667 476 1763 503 saltem

979 523 1031 551 sibi
1055 523 1188 551 haberent
1204 523 1316 558 liberi);
1342 523 1411 554 haec,
1442 522 1564 556 inquam.
1591 521 1764 549 animadver-

981 573 1041 596 tens
1055 569 1217 603 imperator,
1234 569 1386 603 nolensque
1401 568 1619 603 Didymotichum
1632 567 1672 595 sic
1686 566 1762 594 ἰητὴ-⁴

979 623 1041 642 mus
1062 615 1206 648 accedere,
1222 619 1252 641 ut
1266 614 1326 649 ipse
1342 621 1453 649 quoque
1470 621 1486 640 a
1502 613 1641 649 Byzantiis
1655 612 1764 640 obside-

979 663 1144 696 retur(nec
1175 661 1248 688 enim
1273 660 1325 688 sibi
1354 660 1465 694 suisque
1480 659 1506 686 id
1523 659 1640 687 multum
1668 658 1765 693 profu-

979 708 1096 742 turum),
1114 707 1148 734 ad
1160 706 1266 735 Cralem
1282 707 1373 735 redire
1383 710 1408 734 et
1425 714 1440 734 a
1452 706 1532 734 Crale
1547 706 1694 734 sufﬁciens
1716 713 1765 732 au—

978 753 1074 781 xilium
1101 757 1195 788 petere
1216 752 1356 787 cogitavit,
1384 756 1415 779 ut
1441 760 1504 780 cum
1538 750 1761 787 Didymotichum

978 799 1109 831 venisset,
1136 798 1263 826 hostibus
1286 798 1395 830 terrori,
1411 806 1465 825 non
1486 797 1657 832 contemptui
1681 801 1763 825 esset.

978 843 1186 873 Communieata
1203 852 1233 871 re
1257 851 1320 872 cum
1350 843 1490 875 Romanis,
1518 850 1614 870 omnes
1628 843 1704 870 velut
1729 843 1764 870 de

977 897 1117 928 compacto
1145 897 1316 926 quaecunque
1345 888 1436 923 potius
1464 895 1495 916 se
1530 894 1720 923 perpessuros,
1735 892 1765 914 et
1821 923 1823 926 ⁴

977 937 1051 964 mille
1064 936 1199 964 mortibus
1217 938 1300 969 caput
1310 934 1481 968 objecturos,
1501 940 1584 968 quam
1596 931 1630 959 ad
1655 931 1764 958 Tribul-

976 984 1018 1011 los
1038 983 1174 1011 redituros
1189 981 1398 1009 conﬁrmarunt.
1424 980 1486 1008 Non
1513 979 1587 1006 enim
1600 979 1633 1006 ad
1646 983 1761 1014 ,tcrram

977 1037 1037 1065 qua!
1055 1028 1120 1057 solis
1134 1028 1218 1055 radiis
1236 1026 1393 1059 vestiretur,
1407 1026 1487 1053 etab
1500 1024 1660 1052 hominibus
1687 1024 1763 1051 ineo-

976 1077 1092 1108 leretur,
1125 1074 1174 1102 sed
1199 1073 1232 1100 ad
1251 1073 1401 1100 inferorum
1424 1071 1519 1103 valles,
1544 1070 1684 1104 vitamque
1698 1077 1762 1098 cum

977 1119 1095 1148 mortuis
1125 1118 1270 1154 agendam,
1299 1121 1327 1144 et
1341 1117 1363 1144 si
1379 1116 1446 1150 quid
1468 1109 1632 1143 inammnins
1660 1122 1692 1142 ac
1715 1114 1765 1141 tri-

977 1163 1048 1191 stius
1065 1167 1118 1196 est,
1137 1170 1166 1190 se
1179 1167 1338 1189 reversuros
1357 1159 1515 1186 credebant.
1545 1159 1698 1194 Impensius
1712 1167 1764 1186 au-

979 1214 1033 1237 tem
1052 1209 1178 1236 hortante
1203 1208 1377 1242 imperatore,
1402 1210 1432 1233 ut
1448 1205 1548 1233 melius
1566 1210 1595 1232 et
1610 1205 1705 1232 utilius
1721 1212 1765 1232 sa-

979 1262 1043 1289 pere
1066 1254 1178 1285 vellent,
1205 1257 1374 1287 roganteque
1403 1255 1431 1278 ut
1461 1255 1602 1286 parerent,
1619 1258 1665 1277 eas
1681 1257 1764 1277 voces

979 1300 1092 1327 auribus
1109 1302 1276 1329 aversantes.
1289 1297 1379 1324 omnia
1392 1296 1485 1331 gravia
1497 1304 1558 1331 quae
1569 1295 1623 1323 dici
1638 1300 1763 1330 possunt,

979 1347 1069 1374 isthoc
1084 1346 1112 1372 in
1125 1344 1261 1372 Triballos
1282 1343 1370 1370 reditu
1389 1342 1494 1370 leviora
1515 1342 1661 1369 ducebant.
1678 1341 1765 1376 Impe-

979 1392 1054 1421 rator
1068 1400 1131 1420 cum
1158 1391 1311 1429 periculum
1328 1398 1382 1417 non
1401 1390 1539 1417 modicum
1557 1389 1725 1424 provideret,
1740 1389 1763 1416 si

979 1439 1037 1467 suis
1054 1444 1108 1466 tam
1129 1445 1224 1473 parum
1241 1437 1372 1472 frugifera
1392 1436 1579 1468 volventibus,
1596 1441 1624 1463 et
1641 1440 1694 1462 tam
1720 1436 1764 1462 in-

979 1485 1106 1514 consulto
1123 1483 1233 1519 aggredi
1249 1483 1411 1518 parantibus
1424 1482 1636 1516 obsequeretur,
1653 1486 1681 1508 et
1697 1481 1763 1515 quid

141 1527 316 1562 φορητότερα
337 1526 464 1560 ἡγοῦντο,
486 1526 503 1562 ἢ
526 1527 566 1558 είς
583 1526 735 1560 Τρισαλοὺς
760 1526 838 1559 αὖθις
862 1528 926 1554 ἀνα-

979 1537 1071 1568 ageret
1087 1531 1217 1563 nesciret,
1234 1529 1457 1565 quandoquidem
1470 1529 1580 1556 ﬂectere
1597 1528 1697 1556 milites
1709 1536 1762 1555 non

142 1573 281 1608 στρέφειν.
299 1573 432 1605 Βασιλεὺς
446 1573 485 1604 δὲ,
503 1572 549 1598 τόν
562 1580 592 1598 τε
606 1573 726 1599 κίνδυνον
746 1573 828 1608 ὀρῶν,
843 1574 880 1604 ὡς
896 1574 927 1600 οὐ

143 1620 241 1655 μικρὸς
256 1620 288 1646 ὲκ
302 1619 350 1646 τοῦ
363 1619 506 1646 πείθεσθαι
521 1620 577 1651 τοῖς
596 1619 721 1645 συνοῦσιν
735 1619 819 1651 οὕτως
835 1620 929 1646 ἁλυσι-

140 1665 215 1701 τιλῆ-
231 1665 279 1691 καὶ
299 1663 504 1700 βουλευομένοις
526 1665 573 1690 καὶ
596 1665 727 1698 πράττειν
754 1664 804 1699 ἤδη
833 1665 929 1700 ὡρμη-

143 1711 236 1746 μένοις
251 1710 411 1744 ἀλογίστως,
429 1711 444 1736 ὅ
467 1709 494 1736 τί
510 1718 539 1736 τε
553 1711 686 1746 χρήσαιτο
697 1711 754 1742 τοῖς
768 1710 928 1746 πράγμασιν

141 1757 192 1783 οὐκ
216 1756 296 1791 ἔχων,
314 1756 369 1782 τῶν
389 1755 686 1788 συνόντων,πείθεσθαι
706 1756 744 1791 μὴ
758 1756 927 1790 δυναμένων,

141 1803 277 1838 πρότερον
302 1803 395 1833 αὐτοῖς
428 1801 515 1828 πολλὰ
549 1800 710 1835 διαλεχθεὶς,
739 1803 787 1828 καὶ
813 1802 928 1837 φανερὸν

142 1849 271 1883 ποιήσας,
285 1847 322 1878 ὡς
339 1847 383 1873 διὰ
398 1847 448 1881 τὴν
469 1847 559 1874 αὐτῶν
576 1846 761 1882 μικροψυχίαν
782 1847 829 1874 καὶ
848 1847 929 1873 ὰὸου-

141 1895 203 1921 λίαν
228 1893 325 1925 ἀνάξια
350 1892 459 1926 ἑαυτοῦ,
487 1894 535 1919 καὶ
560 1892 609 1925 τῆς
626 1893 793 1927 στρατηγίας
809 1893 858 1918 καὶ
879 1893 928 1927 τῆς

143 1939 241 1975 πείρας
259 1941 385 1974 πράττει,
402 1937 524 1964 ἐπείθετό
541 1946 571 1964 τε
587 1937 661 1964 ἄκων
678 1937 769 1969 αὐτοῖς
790 1938 858 1972 πρὸς
878 1938 928 1973 τὴν

143 1988 252 2024 βουλὴν,
279 1990 325 2014 καὶ
349 1985 548 2022 παρεκελεύετο
572 1986 698 2022 θαρρεῖν,
725 1986 762 2017 ῶς
786 1986 833 2012 τοῦ
860 1986 927 2013 Θεοῦ

142 2033 378 2069 προστησομένου,
403 2032 497 2067 ὥσπερ
523 2032 555 2066 δὴ
574 2032 620 2058 καὶ
643 2032 736 2058 ἄλλοτε
753 2031 884 2063 πολλάκις
899 2031 928 2057 ὲν

142 2080 280 2111 κινδύνοις
308 2079 339 2106 οὒ
367 2080 486 2114 μικροῖς,
511 2079 556 2105 καὶ
583 2079 687 2113 εἴχοντο
707 2078 778 2104 ὁδοῦ.
804 2077 882 2104 Ἐπεὶ
900 2078 927 2104 δὲ

141 2125 214 2162 ἦσαν
231 2124 458 2159 Χριστουπόλεως
483 2124 523 2150 οὐ.
543 2124 669 2158 μακρὰν,
700 2124 928 2158 περιτυγχάνουσι

147 2170 353 2199 Ῥακυὸυτοῦντι
368 2171 400 2196 ὲκ
420 2169 611 2204 Διδυμοτείχου
628 2168 790 2204 ἀφιγμένῳ,
808 2169 838 2200 ὃς
855 2178 927 2204 παρ-

141 2220 198 2253 εῖχε
213 2217 365 2251 γράμματα
382 2215 489 2250 βασιλεῖ
503 2216 579 2249 παρὰ
598 2214 734 2249 βασιλίδος
760 2215 809 2249 τῆς
832 2223 926 2249 γυναι·
940 2211 967 2241 D

142 2264 199 2297 κὸς,
214 2262 264 2290 καὶ
286 2262 341 2288 τῶν
362 2261 451 2289 ἄλλων
472 2262 526 2287 τῶν
542 2262 571 2287 ἐν
587 2260 780 2295 Διδυμοτείχῳ,
798 2259 930 2294 φυλάττε-

142 2310 206 2336 σθαι
233 2307 440 2343 παραινοῦντα,
469 2307 517 2333 καὶ
545 2306 583 2342 μὴ
611 2306 824 2340 ἀπερισκέπτως
861 2305 929 2340 πρὸς

142 2356 242 2386 αὐτοὺς
271 2355 384 2390 χωρεῖν,
402 2354 427 2380 εί
454 2353 491 2388 μὴ
507 2353 623 2387 δύναμιν
647 2352 709 2386 ἄγει
731 2351 864 2387 μεγάλην,
882 2352 929 2378 καὶ

141 2401 212 2436 πρὸς
238 2399 376 2431 τοιούτους
401 2399 550 2434 ἀξιόχρεων
568 2398 726 2432 πολεμίους.
749 2398 930 2433 Πρωτοστρά-

142 2455 200 2482 τωρ
209 2447 263 2481 γὰρ
273 2448 285 2472 ὁ
298 2445 493 2479 Παλαιολόγος,
503 2444 603 2480 πολλὴν
614 2445 688 2479 ἄγων
700 2445 832 2480 στρατιὰν
843 2445 929 2479 πεζήν

143 2502 172 2520 τε
201 2493 248 2520 καὶ
265 2492 382 2527 ἱππικὴν
398 2492 426 2518 ὲν
442 2491 616 2526 Περιοεωρίῳ
635 2491 927 2525 στρατοπεδευόμενος,

141 2539 191 2574 τὴν
211 2537 296 2565 αὑτοῦ
312 2538 404 2573 ἄφιξιν
421 2538 565 2573 περιμένει
586 2538 624 2570 ὡς
643 2538 828 2573 μαχούμενος.
846 2538 928 2564 Ἀπό-

142 2585 244 2619 καυχός
271 2585 334 2617 τεὸ
359 2583 608 2620 παρακοιμώμενος
641 2584 711 2619 ἔχων
738 2584 928 2619 ἑῦδομήκοντα

138 2632 263 2666 τριήρεις
290 2632 319 2657 ἐν
349 2628 392 2662 αἷς
417 2629 603 2657 κατέπλευσεν
625 2631 664 2662 είς
689 2630 862 2665 Ἀμφίπολιν,
883 2631 926 2657 ὲν-

141 2676 231 2702 ταῦθα
251 2676 299 2702 καὶ
314 2675 395 2706 αὐτὸς
422 2676 556 2711 ὲφορμεῐ·
575 2675 638 2710 περὶ
652 2672 689 2702 ὧν
705 2675 763 2703 δέον
783 2675 928 2710 βουλευσά-

143 2730 223 2758 μενον
249 2722 333 2748 αὐτὸν
347 2722 488 2756 πράττειν,
510 2722 523 2748 ὅ
558 2730 585 2747 τι
609 2721 642 2747 ἂν
667 2722 732 2756 δοκῇ
753 2721 925 2756 συμφέρειν.

139 2767 301 2801 Σδμὸἑὸηκε
318 2767 347 2793 δέ
361 2776 386 2794 τι
402 2767 466 2802 περὶ
480 2767 514 2794 τὰ
530 2767 683 2802 γράμματα
712 2767 805 2793 ἐκεῖνα
820 2767 927 2800 Θαυμα-

141 2813 204 2839 στδν
230 2814 278 2839 καὶ
304 2814 352 2849 τῆς
375 2814 443 2841 Θεοῦ
468 2816 533 2849 περὶ
558 2814 602 2840 τὺν
625 2813 738 2849 βασιλέα
762 2814 926 2849 κηδεμονίας

141 2859 277 2895 (εανερῶς.
295 2859 339 2892 Ὧς
354 2860 406 2897 γὰρ
427 2862 454 2887 ἐν
472 2861 611 2895 Βυζαντίῳ
626 2860 760 2896 ἐμηνύθη,
782 2861 819 2892 ὼς
843 2869 924 2897 ατρα-

979 1583 1097 1616 poterat,
1115 1578 1199 1605 multa
1223 1576 1362 1612 przsfatus,
1388 1575 1489 1610 quibus
1514 1575 1625 1610 planum
1644 1574 1718 1605 fecit,
1734 1581 1764 1601 se

978 1629 1091 1661 propter
1115 1624 1221 1651 illorum
1248 1622 1373 1649 imbelles
1396 1621 1504 1648 animos
1528 1624 1556 1648 et
1569 1620 1762 1651 temeritatem,

980 1673 1092 1707 indigna
1117 1677 1168 1697 suo
1194 1669 1315 1700 nomine,
1333 1667 1551 1702 auctoritateque
1578 1666 1763 1700 imperatoria,

979 1723 1007 1746 et
1025 1725 1075 1744 usu
1106 1715 1218 1743 militari
1247 1714 1432 1745 committere,
1449 1720 1546 1740 eorum
1571 1711 1708 1739 desiderio
1725 1711 1766 1738 in-

979 1763 1052 1790 vitus
1081 1761 1173 1796 paruit
1192 1780 1199 1792 ,
1218 1760 1378 1790 cuhortans.
1408 1759 1447 1786 uti
1476 1758 1531 1786 Deo
1560 1758 1685 1789 ﬁderent,
1717 1757 1764 1791 qui

979 1807 1118 1842 quomodo
1139 1806 1256 1833 antehac
1283 1813 1354 1839 saepe
1381 1804 1408 1831 in
1432 1803 1563 1837 periculis
1588 1810 1643 1829 non
1661 1803 1763 1837 parvis,

980 1858 1100 1881 tutorem
1124 1860 1152 1879 se
1181 1851 1348 1886 praebiturus
1378 1854 1461 1877 esset.
1482 1849 1572 1883 Atque
1600 1848 1644 1875 his
1670 1847 1763 1878 dictis,

979 1903 1069 1933 empto
1088 1898 1186 1925 itinere
1211 1900 1401 1930 perrexerunt.
1426 1895 1486 1922 Non
1513 1894 1592 1928 longe
1610 1901 1624 1921 a
1639 1893 1764 1920 Christo-

979 1944 1033 1979 poli
1052 1944 1079 1970 in
1093 1943 1212 1978 peditem
1231 1941 1462 1976 llhacidytuntem
1475 1939 1619 1970 vocabulo,
1637 1939 1766 1974 Didymo—

980 1990 1053 2017 ticho
1068 1997 1130 2016 cum
1155 1988 1254 2015 litteris
1267 1987 1301 2014 ab
1318 1985 1492 2021 imperatrice
1520 1992 1604 2012 uxore
1624 1988 1652 2011 et
1673 1984 1765 2018 prtt‘si-

979 2036 1026 2063 dio
1042 2035 1075 2062 ad
1091 2035 1283 2068 imperatorem
1300 2033 1412 2060 missum
1434 2031 1559 2058 Incidunt
1576 2039 1582 2057 :
1607 2031 1708 2065 quibus
1721 2030 1765 2057 lit-

980 2083 1046 2110 teris
1062 2089 1126 2108 eum
1149 2079 1342 2110 admonebant,
1360 2082 1441 2106 caute
1461 2082 1564 2112 ageret,
1578 2081 1607 2104 ct
1620 2084 1654 2104 ne
1669 2076 1765 2104 incon-

979 2129 1095 2157 siderate
1110 2128 1144 2155 ad
1168 2136 1216 2156 eos
1240 2126 1356 2158 veniret,
1374 2125 1427 2153 nisi
1456 2132 1567 2160 magnas
1594 2128 1687 2159 totque
1712 2123 1764 2150 ho-

978 2175 1067 2202 snbus
1094 2181 1174 2208 pares
1190 2173 1282 2207 copias
1308 2171 1467 2198 adduceret.
1485 2171 1665 2205 Palaeologum
1690 2170 1765 2197 enim

981 2223 1207 2255 protostratorem
1223 2225 1284 2245 cum
1302 2217 1424 2252 peditatu
1440 2215 1522 2251 535,
1533 2220 1561 2243 et
1573 2216 1696 2250 equitatu
1710 2222 1766 2242 non

979 2265 1111 2292 mediocri
1139 2264 1171 2291 ad
1193 2262 1398 2291 l’eritheorium
1427 2263 1533 2292 sedere.
1560 2266 1588 2289 et
1617 2261 1764 2288 adventum

979 2311 1039 2346 ejus
1055 2310 1088 2337 ad
1107 2309 1309 2344 conﬂigendum
1324 2312 1494 2342 exspectare.
1522 2307 1561 2334 lbi
1586 2307 1668 2334 etiam
1694 2307 1767 2341 Apo-

979 2356 1111 2383 cauchum
1128 2363 1189 2382 cum
1205 2354 1365 2382 triremibus
1389 2352 1572 2388 septuaginta,
1585 2351 1687 2387 quibus
1699 2351 1766 2378 Am-

980 2401 1112 2436 phipolim
1134 2399 1318 2435 navigaverat,
1346 2399 1373 2426 in
1403 2403 1483 2433 portu
1502 2403 1586 2430 stare,
1613 2397 1647 2424 de
1664 2397 1766 2432 quibus

979 2455 1059 2483 capto
1075 2447 1192 2475 consilio
1211 2447 1302 2474 facere
1317 2445 1426 2478 dcheat,
1444 2443 1517 2479 quod
1537 2443 1667 2479 prodesse
1685 2442 1765 2470 vide’v

979 2494 1063 2521 bitur.
1079 2493 1156 2521 Circa
1179 2493 1284 2520 litteras
1306 2496 1397 2519 autem
1428 2491 1488 2518 illas
1501 2489 1664 2525 admirabile
1685 2489 1766 2524 quid-

979 2541 1062 2576 piam,
1081 2545 1109 2568 et
1124 2548 1205 2578 quam
1227 2539 1377 2573 imperator
1404 2537 1459 2565 Deo
1479 2545 1551 2564 cura:
1570 2541 1652 2570 esset,
1678 2535 1767 2563 manis

977 2587 1076 2614 festum
1094 2586 1224 2613 indicium
1243 2585 1345 2612 evenit.
1363 2585 1398 2613 Ut
1415 2585 1488 2612 enim
1505 2584 1628 2620 Byzantii
1659 2582 1767 2610 intelle-

979 2639 1052 2661 ctum
1067 2636 1116 2664 est.
1130 2633 1217 2666 ipsum
1233 2639 1296 2658 cum
1311 2630 1430 2658 exercitu
1446 2638 1480 2657 ex
1495 2629 1623 2657 Triballis
1634 2629 1766 2664 Didymo-

980 2681 1083 2708 tichum
1098 2680 1241 2710 revenire;
1260 2684 1289 2706 et
1310 2683 1493 2714 protostrator
1510 2678 1669 2705 universum
1685 2675 1766 2711 pedi-

981 2732 1067 2754 tatum
1094 2726 1305 2760 equitatumque
1321 2725 1436 2754 ducens.
1457 2725 1563 2759 magnis
1583 2723 1678 2757 utique
1701 2729 1767 2749 cum

979 2773 1085 2800 viribus
1104 2772 1305 2800 Peritheorium
1325 2771 1437 2799 devenit
1452 2780 1459 2804 ;
1474 2775 1503 2798 et
1519 2769 1700 2805 Apoeauchus
1715 2776 1767 2795 που

979 2819 1040 2845 dem
1069 2818 1225 2853 Amphipoli
1243 2825 1306 2845 cum
1330 2817 1501 2853 septuaginta
1530 2810 1644 2844 navibus
1664 2814 1766 2841 eadem

979 2864 1012 2891 de
1035 2871 1116 2891 causa
1143 2862 1370 2899 appulsus,~cum
1397 2862 1460 2890 aliis
1488 2861 1573 2896 copiis
1596 2859 1650 2887 sibi
1672 2867 1767 2894 exsic—
