1926 3090
199 173 270 207 1οὶ3

764 158 766 160 ’
791 177 953 208 JOANNlS
973 171 1235 210 etiametist

1751 183 1822 223 Πᾶίᾶ

195 232 338 264 Claudum,
355 233 525 268 reditumque
554 234 727 269 imperatoris
747 235 971 263 intercludendun

1034 236 1095 262 τιάν
1108 237 1177 271 ἔχων
1193 238 1225 264 ὲκ
1238 237 1380 273 τριδαλῶν
1402 238 1529 273 βασιλεὺς
1550 239 1563 267 6
1590 241 1822 276 Καντακουζηνδς

196 279 314 306 censuit.
326 279 467 314 Dispositis
478 285 568 307 autem
583 288 632 315 per
644 282 758 314 viam,ut
769 290 827 309 mos
835 287 982 316 est,custo-

196 323 278 351 dibus
298 325 331 351 ad
346 324 561 360 intercipiendos
574 328 621 361 qui
645 328 717 354 inter
729 328 981 363 Didymoticbenses

195 373 224 396 et
235 369 426 404 imperatorem
439 377 635 403 commearent,
648 374 694 408 qui
709 374 778 401 hanc
791 375 930 409 epistolam
944 376 982 403 fe-

196 415 273 442 rebat
286 417 540 449 compreltensus,et
552 419 584 445 ad
597 424 821 454 protostralorem
834 422 981 456 perductus

196 459 284 494 deque
306 461 406 489 litteris
421 463 606 497 examinatus,
630 465 730 493 habere
749 474 779 494 se
795 467 901 495 litteras
916 476 981 496 con-

195 505 284 532 fessus
309 505 533 543 est,'statimque
558 511 689 544 porrexit,
705 513 806 546 quibus
832 513 980 548 imperator

195 551 355 586 rogabatur,
371 560 405 580 ne
422 562 476 588 qua
502 555 578 582 illutn
596 562 749 584 moraretur
771 559 912 593 sognities,
931 560 979 588 sed

193 594 228 622 ad
240 602 288 622 eos
302 596 451 624 advolaret.
470 598 537 625 Nam
552 600 598 634 qui
624 606 715 628 essent
742 602 927 638 Didymotichi
952 605 979 633 in

195 640 325 673 prrrsidio
339 641 445 675 equites
465 648 492 670 et
508 644 624 677 pedites,
643 646 700 673 loca
715 644 839 676 Thracia:
859 649 980 685 depopu-

195 684 265 712 latos
285 685 387 713 victum
414 687 466 715 sibi
506 697 689 725 comparasse.
713 692 845 722 Similiter
870 684 980 731 opiﬁces

195 735 225 756 et
244 731 322 762 alios,
346 737 480 768 quotquot
504 742 632 763 manuum
657 738 750 766 labore
773 741 854 768 vitam
881 743 980 770 transi-

195 781 303 809 gerent,
318 777 447 806 alimonia
470 779 629 808 abundare:
646 784 744 812 mediis
770 785 877 815 civibus
908 789 979 817 nihil

195 828 252 854 quo
266 830 295 849 se
311 822 383 850 alant
409 825 592 861 undecunque
609 835 765 864 suppetere,
783 837 810 859 et
826 840 873 861 eos
887 834 979 870 inopia

195 873 279 900 supra
292 869 402 896 modum
418 871 514 905 premi.
532 873 720 903 Preeabantur
734 877 818 911 igitur
831 869 978 915 imperato-

196 919 253 938 rem
278 913 436 948 imperatrix
451 917 550 950 conjux
573 923 601 945 et
623 920 682 953 alii,
709 922 841 951 citissime
863 913 977 959 rediret,

195 965 251 991 quo
265 958 399 987 adventus
414 961 474 994 ejus
490 963 563 990 cives
587 968 662 992 tanto
679 967 748 994 malo
762 968 874 997 levaret.
889 971 980 1000 Lectis

194 1002 294 1030 litteris
316 1009 509 1039 protostrator,
536 1009 648 1036 curioso
684 1011 814 1040 nimirum
838 1018 865 1041 et
886 1015 979 1043 solerti

194 1047 325 1080 facinore,
351 1057 419 1077 auro
444 1052 508 1079 dato
539 1057 566 1080 et
589 1056 745 1090 promissis,
761 1065 789 1086 se
808 1058 835 1085 in
852 1059 928 1087 illum
951 1066 980 1089 et

194 1092 305 1121 domum
331 1095 390 1130 ejus
425 1097 622 1133 (Selybrianus
655 1107 747 1130 autem
783 1105 861 1140 erat)
896 1105 979 1134 bene-

195 1138 276 1166 ﬁcum
308 1140 443 1175 futurum,
470 1146 617 1178 persuadet
636 1147 788 1182 tabellario,
806 1138 856 1190 ,ιη’
875 1152 978 1186 episto-

194 1184 248 1212 lzun
268 1185 340 1213 illam
366 1195 415 1215 suo
441 1190 576 1218 arbitratu
603 1197 630 1220 et
656 1194 737 1222 modo
775 1186 976 1233 transcriptam,

194 1238 246 1264 pro
261 1238 326 1260 vera
346 1237 373 1260 et
398 1241 525 1268 germana
551 1238 644 1266 uxoris
667 1240 781 1273 epistola
796 1243 830 1269 ad
843 1243 979 1271 Cantacu-

195 1283 293 1304 zenum
309 1284 443 1313 apportet,
461 1288 492 1308 ac
511 1282 544 1310 de
559 1283 632 1311 facto
649 1285 717 1312 nihil
738 1287 822 1315 dicat.
843 1288 919 1317 Facit
932 1290 977 1318 ille

193 1323 267 1356 quod
284 1324 438 1357 petebatur,
453 1331 479 1354 et
493 1332 678 1362 protoatrator
701 1339 857 1367 quanquam
883 1335 978 1364 nolens

193 1366 352 1401 imperatori
366 1370 367 1375 ‘
385 1371 500 1406 ejusque
518 1375 650 1402 exercitui
667 1366 834 1406 commodat.
854 1380 889 1408 Ut
903 1381 975 1409 enim

194 1413 306 1441 recitata
335 1420 387 1448 est,
420 1421 447 1444 et
468 1410 678 1449 Cantacuzenici
717 1422 751 1450 de
783 1424 976 1454 insidiantibus

191 1458 244 1485 sibi
264 1460 351 1498 copiis
365 1468 562 1498 cognouerunt,
579 1473 638 1493 esse
657 1458 750 1496 multis
771 1470 898 1505 partibus
918 1472 976 1500 suis

191 1505 321 1539 majores’,
347 1507 491 1543 modisque
526 1511 654 1540 omnibus
680 1514 814 1548 valentes,
842 1517 974 1556 militibus

189 1552 327 1579 veteranis
353 1558 511 1583 constantes
529 1557 645 1590 scilicet,
661 1559 716 1587 Deo
740 1561 774 1588 de
788 1569 852 1592 cura
864 1552 926 1598 erga
944 1571 973 1592 se
987 1576 1009 1606 ο

189 1601 217 1622 ct
234 1599 378 1626 aversione
396 1601 472 1633 mali,
488 1607 570 1636 atque
584 1604 667 1631 etiam
686 1606 853 1641 imperatrici
868 1609 902 1636 de
915 1615 973 1637 stu-

190 1641 236 1668 dio
248 1647 275 1669 et
288 1643 472 1674 sollicitudine
484 1654 547 1682 erga
562 1648 636 1683 ipsos
649 1652 749 1685 gratias
769 1653 891 1698 ingentes
911 1663 974 1690 ege-

190 1691 265 1720 runt,
292 1692 320 1715 et
349 1690 386 1717 ob
409 1692 496 1727 majus
521 1695 687 1729 periculum,
717 1697 797 1733 535
821 1690 881 1734 qua
896 1701 972 1735 prius

188 1735 282 1763 odiosa
315 1742 343 1764 et
359 1737 445 1766 invisa
466 1745 554 1773 erant,
570 1741 698 1771 facillima
717 1749 745 1772 et
766 1746 910 1774 utilissima
925 1748 970 1783 ju-

188 1781 321 1814 dicantes,
337 1783 409 1812 haud
424 1793 495 1821 aegre
508 1793 584 1816 retro
597 1789 748 1818 redierunt.
761 1791 807 1820 Sic
819 1781 970 1828 imperator

187 1834 250 1853 cum
264 1829 321 1855 suis
335 1829 485 1864 improviso
499 1833 653 1862 discrimini
665 1843 786 1871 ereptus,
802 1846 835 1866 ex
850 1839 969 1868 hostium

186 1874 309 1908 nequitia
340 1875 458 1904 fructum
489 1880 562 1914 cepit
594 1882 776 1912 uberrimum.
802 1885 837 1912 At
856 1894 970 1921 magnus

186 1919 252 1952 dux,
270 1925 299 1948 ut
312 1923 494 1958 accepiteum
514 1925 660 1955 ducentem
684 1937 795 1957 manum
820 1919 968 1960 admodum

183 1964 391 2000 despicabilem,
407 1972 435 1995 et
450 1975 581 2004 superatu
597 1972 765 2005 facillimam.
789 1982 902 2012 propter
924 1979 968 2006 lit-

184 2014 258 2037 teras
273 2018 287 2037 a
303 2019 403 2046 genero
431 2021 480 2041 suo
511 2015 666 2046 immutatas
687 2022 845 2053 revertisse,
874 2028 967 2058 aperte

184 2058 353 2090 succensuit,
371 2059 526 2094 acriterque
541 2061 682 2091 hominem
699 2065 845 2101 increpuit,
858 2068 904 2102 qui
918 2076 966 2103 per

182 2102 326 2130 stultitiam
354 2112 430 2131 suam
457 2105 531 2134 hosti
556 2109 714 2142 profuisset.
751 2112 789 2139 Ac
829 2114 905 2141 multi
920 2102 966 2142 Vde

182 2147 340 2181 Apocaucbi
359 2149 479 2178 factione
502 2153 584 2180 etiam
603 2154 631 2181 in
658 2157 760 2184 crimen
778 2158 884 2186 violatae
903 2160 964 2187 ﬁdei

181 2198 409 2226 protostratorem
441 2198 585 2231 vocabant,
613 2200 743 2229 scientem
773 2205 964 2241 volentemqtte

1035 279 1115 314 αὖθις
1128 283 1307 318 ἐπανέρχοιτο
1325 284 1365 315 είς
1379 284 1579 320 Διδυμδτειχον,
1596 288 1823 323 πρωτοστράτωρ

1034 333 1064 350 τε
1077 326 1223 360 συμπάσης
1238 327 1323 361 πεζῆς
1341 329 1388 354 καὶ
1410 329 1527 364 ίππικῆς
1542 330 1684 365 δυνάμεως
1702 341 1822 368 στρατη-

1034 371 1091 405 γῶν
1106 371 1208 407 πολλὴν
1235 373 1304 408 ἔχων
1319 373 1433 409 δύναμιν
1447 376 1486 407 εἷς
1507 377 1692 411 Περιθεὼριον
1706 379 1820 412 ἀφῖκτο,

1034 417 1081 443 καὶ
1099 417 1266 453 Ἀπόκαυχος
1279 419 1293 445 ὀ
1307 420 1395 454 μέγας
1409 421 1471 452 δοὺξ
1489 421 1518 453 ἐξ
1544 421 1734 456 Ἀμφιπόλεως
1758 427 1822 456 ταῖς

1033 462 1221 498 ἐϐδομήκοντα
1248 466 1343 492 ναυσὶν
1359 467 1540 502 ἀναστρέφων
1565 470 1616 503 τῆς
1637 470 1723 503 αἰτῆς
1736 470 1822 497 ἓνεκα

1034 508 1134 540 αἰτίας.
1157 509 1228 543 ἔγνω
1245 511 1300 537 δεῖν
1324 512 1483 546 περιμένειν
1508 513 1554 539 καὶ
1579 515 1660 545 αὐτὸς
1684 515 1755 548 μετὰ
1768 516 1821 550 τῆς

1034 553 1119 590 ἄλλης
1135 557 1275 590 στρατιᾶς,
1292 557 1338 583 καὶ
1356 557 1461 591 βασιλεῖ
1483 558 1532 593 τὴν
1547 559 1676 586 ἐπάνοδον
1691 560 1819 588 κωλύειν.

1034 600 1095 627 Τῶν
1109 600 1176 627 ὁδῶν
1195 602 1222 628 δέ
1236 602 1274 634 ὡς
1287 603 1348 634 ἐοος
1360 603 1583 638 φυλαττομένων,
1601 605 1644 632 ἱνα
1668 606 1704 640 μὴ
1721 606 1821 632 λανθά-

1033 653 1104 671 νοιεν
1127 646 1159 672 ἐκ
1180 647 1373 682 Διδυμοτείχου
1400 648 1416 682 ἢ
1445 647 1580 684 βασιλέως
1600 650 1666 683 πρὸς
1684 651 1819 686 ἀλλήλους

1032 690 1227 725 ἀφικνούμενοι
1239 700 1322 724 τινες,
1337 693 1351 718 ὁ
1366 693 1402 719 τὰ
1414 693 1565 728 γράμματα
1581 694 1703 729 κατέχων
1718 695 1817 727 ταῦτα,

1034 733 1187 768 συνελήφθη
1206 734 1253 760 καὶ
1268 735 1338 770 ἤχθη
1358 736 1426 771 πρὸς
1441 739 1673 773 πρωτοστράτορα
1683 747 1690 754 ·
1705 740 1819 775 ἀνερευ-

1033 777 1152 812 νώμενος
1169 779 1197 806 δὲ
1221 781 1285 815 περὶ
1307 782 1492 817 γραμμάτων,
1508 784 1644 818 ὡμολόγει
1660 785 1743 820 ἔχειν.
1768 788 1820 813 καὶ

1032 825 1180 859 παρείχετο
1206 825 1304 857 εὺούςο
1321 826 1355 853 τὰ
1379 827 1406 854 δὲ
1431 828 1516 855 ἐδεῖτο
1545 829 1678 864 βασιλέως
1701 832 1820 865 τάχιστα

1032 870 1110 905 ἥκειν
1137 870 1205 906 πρὸς
1225 872 1323 904 αὐτοὺς
1341 873 1388 900 καὶ
1412 873 1450 908 μὴ
1467 874 1613 909 ῥᾳθυμεῖν.
1631 876 1692 902 Τῶν
1714 877 1769 911 γὰρ
1788 879 1819 903 ἐν

1032 915 1214 951 Διδυμοτιίχῳ
1241 917 1271 943 τὸ
1298 917 1349 952 μὲν
1379 920 1575 954 στρατιωτικὸν
1601 922 1694 953 ἱππεῖς
1719 931 1749 949 τε
1765 923 1818 950 καὶ

1031 960 1108 993 πεζοὶ
1130 961 1163 988 τὰ
1187 962 1257 989 κατά
1274 962 1387 998 Θρᾴκην
1403 965 1490 1000 χωρία
1507 965 1663 1000 ληῑςάμενοι
1686 968 1818 1002 ἀφορμὰς

1029 1007 1076 1034 τοῦ
1093 1007 1152 1042 βίου
1165 1009 1316 1036 ἐποιοῦντο.
1338 1009 1455 1045 Ὁμοίως
1469 1011 1497 1037 δὲ
1514 1012 1562 1038 καὶ
1582 1013 1752 1048 χειροτέχναι
1768 1015 1818 1041 καὶ

1028 1051 1104 1079 ἄλλοι
1120 1052 1193 1084 ὅσοις
1213 1054 1227 1079 ὁ
1244 1053 1302 1086 βίος
1316 1062 1350 1089 ην
1366 1056 1397 1081 ἐκ
1415 1055 1471 1082 τῶν
1493 1056 1595 1090 χειρῶν
1610 1057 1754 1089 πονοῦντες
1767 1059 1817 1085 καὶ

1028 1098 1223 1133 ἐργαζόμενοι,
1246 1099 1341 1132 διέζων
1368 1100 1421 1127 τῶν
1446 1102 1605 1136 ἀναγκαίων
1621 1103 1814 1138 εὐποροῦντες.

1029 1145 1059 1171 Οί
1076 1145 1152 1179 μέσοι
1166 1145 1195 1172 δέ
1209 1146 1262 1172 τῶν
1282 1147 1398 1173 πολιτῶν
1428 1148 1498 1174 πάνυ
1514 1150 1653 1184 κραταιῶς
1670 1150 1813 1181 ἐπιέζοντο

1028 1190 1080 1217 ὺπδ
1093 1191 1196 1223 ἐνδείας
1220 1192 1357 1226 μηδεμίαν
1380 1194 1528 1229 οὐδαμόθεν
1544 1196 1674 1231 εὐπορίαν
1691 1196 1813 1232 ἔχοντες.

1028 1236 1077 1263 Διὰ
1093 1237 1180 1264 ταῦτα
1193 1237 1241 1265 οὖν
1259 1239 1364 1266 ἐδέοντο
1385 1240 1518 1274 βασιλέως
1540 1242 1645 1276 βασιλίς
1668 1252 1698 1269 τε
1711 1244 1728 1278 ἠ
1743 1245 1814 1279 γυνὴ

1026 1282 1128 1318 ὁμοίως
1142 1283 1190 1310 καὶ
1201 1285 1225 1310 οἱ
1239 1284 1325 1317 ἄλλοι,
1339 1287 1453 1321 τάχιστα
1469 1288 1630 1323 ἐπανήκειν,
1644 1289 1680 1321 ὡς
1696 1290 1746 1324 τῆς
1761 1291 1814 1317 αὑ-

1026 1328 1072 1355 τοῦ
1102 1330 1250 1365 ἐπιδημίας
1284 1333 1341 1363 τοῖς
1367 1332 1489 1365 πολίταις
1521 1335 1654 1369 ἐσομένης
1684 1337 1814 1370 μεγάλων

1025 1375 1175 1409 συμφορῶν
1201 1375 1371 1411 ἀπαλλαγῆς.
1401 1377 1624 1415 Πρωτοστράτωρ
1641 1380 1670 1407 δέ
1688 1382 1750 1408 ἐπεὶ
1776 1382 1814 1409 τά

1025 1420 1180 1455 γράμματα
1198 1421 1313 1455 ἀνέγνω,
1339 1424 1488 1459 περίεργόν
1508 1434 1534 1451 τι
1555 1425 1638 1460 δῆθεν
1658 1427 1744 1454 ποιῶν
1764 1429 1813 1454 καὶ

1025 1466 1167 1500 ἀγχινοίας
1182 1467 1268 1500 ἀξιον,
1287 1468 1379 1495 ἔπειθε
1394 1469 1439 1496 τὸν
1463 1471 1574 1504 ἄγοντα,
1594 1473 1706 1507 χρυσίον
1721 1483 1813 1509 παρα.

1025 1513 1170 1546 σχόμενος,
1191 1515 1238 1540 καὶ
1264 1514 1346 1540 αὑτὸν
1370 1516 1606 1551 ἐπαγγειλάμενος
1625 1519 1672 1544 καὶ
1691 1520 1812 1552 οἰκείους

1025 1557 1056 1584 εὖ
1075 1559 1200 1593 ποιήσειν
1216 1567 1223 1574 ·
1235 1560 1419 1595 Σηλυσριανδς
1439 1563 1494 1597 γὰρ
1505 1560 1538 1597 ἧν
1551 1571 1558 1578 ·
1573 1563 1644 1590 ὥστε
1665 1564 1700 1590 τὰ
1719 1566 1812 1601 γράμ-

1026 1612 1099 1639 ματα
1114 1606 1326 1640 μεταγραφέντα
1341 1603 1357 1642 ᾖ
1376 1606 1452 1643 αὐτῷ
1473 1607 1571 1641 ἐδόκει,
1589 1609 1810 1647 Καντακουζηνῷ

1023 1651 1162 1685 ἀγαγόντα
1178 1653 1344 1687 παρασχεῖν,
1361 1653 1448 1688 μηδὲν
1463 1654 1669 1688 ἀπαγγείλαντα
1684 1658 1739 1683 τῶν
1753 1664 1811 1691 etp-

1023 1697 1180 1731 γασμένων,
1195 1697 1254 1724 ἀλλ’
1267 1698 1304 1730 ὡς
1319 1698 1384 1726 ὄντα
1399 1699 1535 1734 βασιλίδος
1553 1702 1602 1736 τῆς
1617 1703 1756 1736 γυναικός.
1777 1703 1809 1730 Ὃ

1024 1742 1075 1776 μὲν
1097 1741 1143 1770 οὖν
1159 1744 1247 1770 ἐποίει
1261 1745 1332 1771 κατὰ
1344 1745 1377 1772 τὰ
1400 1746 1618 1782 κεκελευσμένα,
1637 1750 1685 1775 καὶ
1701 1758 1810 1782 πρωτο-

1022 1788 1149 1823 στράτωρ
1163 1789 1238 1816 ἄκων
1253 1789 1380 1826 ὠφέλησε
1404 1791 1517 1826 βασιλέα
1539 1802 1569 1820 τε
1592 1795 1638 1821 καὶ
1662 1797 1726 1828 τοὺς
1743 1798 1808 1833 περὶ

1022 1833 1113 1861 αὐτόν.
1137 1833 1180 1865 Ὧς
1194 1834 1249 1869 γὰρ
1261 1836 1296 1860 τὰ
1321 1844 1352 1862 τε
1374 1837 1528 1872 γράμματα
1545 1839 1745 1873 ἀνεγινώσκετο
1759 1843 1809 1869 καὶ

1021 1878 1119 1914 ἢκουον
1152 1881 1218 1914 περὶ
1244 1881 1295 1915 τῆς
1321 1881 1517 1919 ἐνεδρευοὺσης
1535 1888 1665 1920 στρατιᾶς
1690 1888 1714 1913 οἰ
1740 1890 1809 1923 περὶ

1021 1924 1143 1958 βασιλέα,
1158 1925 1196 1957 ὡς
1212 1926 1423 1954 πολλαπλασίων
1442 1937 1470 1955 τε
1495 1929 1585 1958 αὐτῶν
1605 1932 1648 1967 εἴη
1672 1933 1720 1959 καὶ
1746 1935 1806 1966 τοῖς

1019 1971 1103 1996 πᾶσιν
1116 1971 1272 2007 ἐρρωμένη,
1286 1970 1331 2000 οἷα
1346 1973 1378 2009 δὴ
1393 1973 1470 2001 οὔπω
1492 1976 1554 2011 χθὲς
1570 1978 1617 2004 καὶ
1639 1978 1737 2014 πρώην
1751 1981 1807 2007 τῶν

1001 2008 1112 2042 ὀίκιῶν
1123 2017 1163 2047 είς
1176 2017 1225 2051 τὴν
1242 2008 1391 2053 στρατείαν
1404 2008 1570 2055 ἐξελθόντες,
1582 2023 1642 2058 Θεῷ
1656 2008 1687 2050 τε
1703 2008 1807 2058 πολλὰς

1017 2060 1174 2095 ὡμολόγουν
1188 2064 1303 2098 χάριτας
1313 2064 1362 2099 τῆς
1374 2066 1414 2096 είς
1431 2066 1530 2099 αὐτοὺς
1547 2069 1675 2102 προνοίας
1689 2071 1737 2098 καὶ
1750 2072 1806 2098 τῶν
1855 2076 1862 2079 ‘

1017 2105 1149 2133 κινδύνων
1160 2108 1208 2141 τῆς
1225 2109 1397 2145 ἀπαλλαγῆς,
1409 2112 1457 2138 καὶ
1489 2112 1604 2146 βασιλίδι
1619 2116 1668 2150 τῆς
1685 2118 1805 2153 σπουδῆς

1016 2153 1064 2178 καὶ
1079 2152 1129 2187 τῆς
1148 2154 1290 2189 φροντίδος
1317 2156 1367 2190 τῆς
1395 2158 1460 2192 περὶ
1483 2159 1593 2192 αὐτοὺς,
1618 2162 1667 2187 καὶ
1690 2152 1805 2197 ἄσμενοι

1015 2197 1208 2234 ὑπέστρεφον,
1239 2201 1286 2227 τοῦ
1318 2202 1443 2236 μείζονος
1476 2204 1601 2232 κινδύνου
1624 2207 1659 2234 τὰ
1685 2208 1804 2245 δυσχερῆ

181 2238 384 2271 Cantacuzeno.
405 2241 448 2268 cui
464 2243 571 2270 occulte
588 2245 722 2278 studeret,
741 2249 877 2283 profuisse
899 2238 964 2279 cou-

1023 2243 1150 2279 πρότερον
1171 2246 1217 2272 καὶ
1241 2246 1407 2282 δυσάρεστα,
1422 2250 1509 2285 ῥᾷστα
1526 2251 1573 2278 καὶ
1591 2238 1803 2282 λυσιτελέστατα

181 2282 332 2310 ﬁrmantes.
360 2284 386 2311 ls
414 2292 480 2312 vero
506 2287 665 2321 juramento
693 2282 867 2327 interposito,
895 2297 965 2324 nihil

178 2327 313 2362 ejusmodi
327 2335 356 2356 se
370 2329 491 2358 voluisse
507 2334 697 2367 asseverabat,
710 2337 758 2365 sed
771 2339 846 2366 velut
860 2341 964 2369 ccelesti

182 2373 299 2407 quadam
317 2375 342 2402 vi
357 2383 391 2403 eo
407 2375 554 2412 impulsum
563 2386 634 2413 esse,
647 2389 709 2410 cum
724 2390 833 2418 putaret
848 2394 877 2414 se
893 2387 965 2414 Cau-

180 2425 342 2447 tacuzenuiu
360 2430 421 2449 cum
442 2432 590 2453 numeroso
615 2427 808 2458 adventantem
837 2434 962 2462 exercitu

177 2465 368 2500 decepturum,
385 2469 407 2496 si
421 2470 445 2497 ei
462 2471 608 2500 terrefacto
637 2476 823 2504 reversionem
849 2487 963 2513 persua-

176 2510 269 2538 sisset.
297 2512 360 2540 llaec
375 2514 408 2541 ad
428 2515 502 2543 hunc
520 2518 631 2545 tnodutn
654 2524 712 2547 acta
733 2528 809 2554 sunt.
823 2529 851 2551 et
864 2525 963 2553 Canta-

176 2562 301 2584 cuzenus
321 2559 354 2584 ad
367 2558 473 2586 Cralem
488 2568 517 2588 se
532 2564 644 2597 recepit.
663 2566 844 2600 Apocauchus
859 2569 962 2606 Byzan-

174 2602 244 2629 tium
268 2611 378 2631 eursum
405 2604 520 2637 reﬂexit,
544 2615 625 2642 quem
646 2610 740 2638 incolae
761 2615 854 2642 multis
886 2617 962 2650 plau-

173 2648 253 2676 sibus
269 2654 296 2676 et
313 2652 446 2679 encomiis
460 2653 642 2689 admirandis,
660 2662 837 2693 servatorem,
857 2658 960 2696 propu-

172 2699 328 2730 gikatorem,
344 2695 519 2726 liberatorem
537 2701 691 2730 vocitantes
705 2711 884 2740 exceperunt.
897 2695 958 2735 Cir-

172 2747 348 2775 cumquaquc
365 2745 421 2769 tum
447 2743 518 2771 fama
538 2746 706 2781 percrebuit,
737 2749 957 2779 Cantacuzenum

170 2793 207 2812 ne
232 2786 379 2815 audentem
407 2789 517 2823 quidem
547 2791 653 2819 obtucri
686 2802 814 2828 magnum
848 2796 957 2830 ducem,

169 2833 317 2867 desperata
342 2835 430 2863 salute
453 2838 610 2870 revertisse,
639 2844 667 2866 et
689 2839 722 2867 ad
739 2846 863 2868 sanctqu
881 2850 957 2870 mon-

169 2882 228 2905 tem
266 2879 303 2907 ibi
334 2889 428 2910 revera
445 2884 619 2911 ‘monachum
649 2886 835 2920 prolessurutu
879 2889 955 2917 abire

1017 2290 1161 2323 φαίνεσθαι
1178 2292 1332 2324 ποιοῦντος.
1345 2293 1424 2321 Οὕτω
1440 2296 1490 2329 μὲν
1505 2295 1552 2324 οὗν
1568 2297 1695 2332 βασιλεύς
1707 2309 1737 2327 τε
1753 2303 1802 2328 καὶ

1015 2337 1040 2362 oi
1052 2337 1120 2371 ἀμφ’
1133 2338 1214 2364 αὐτὸν
1232 2339 1444 2376 ἀπροσδοκήτων
1458 2343 1588 2377 ἐρῤὑοντο
1604 2345 1748 2379 κινδύνων,
1765 2349 1799 2374 ἐκ

1015 2382 1064 2417 τῆς
1076 2383 1150 2418 παρὰ
1165 2383 1222 2410 τῶν
1244 2384 1381 2419 πολεμίων
1397 2388 1529 2422 πονηρίας
1555 2388 1673 2424 μέγιστα
1694 2392 1803 2428 ὠφελη-

1015 2428 1117 2460 θέντες.
1146 2430 1175 2456 Ὀ
1192 2431 1279 2464 μέγας
1298 2431 1326 2457 δέ
1341 2433 1402 2464 sane
1415 2433 1578 2468 πυθόμενος,
1592 2435 1629 2468 ὥς
1647 2438 1717 2464 πάνυ
1733 2440 1804 2474 φαύ-

1014 2474 1064 2509 λην
1079 2476 1155 2508 ἄγων
1177 2479 1318 2511 στρατιὰν,
1335 2479 1383 2504 καὶ
1402 2480 1430 2510 ἐς
1443 2480 1477 2506 τὰ
1489 2481 1611 2515 κμάλιστοι
1625 2483 1802 2520 εὐεπιχείρη-

1012 2527 1058 2552 τος
1082 2520 1130 2554 ὢν,
1144 2522 1342 2557 ἀναστρέψειεν
1357 2525 1389 2550 ἐκ
1403 2525 1458 2551 τῶν
1478 2528 1664 2563 γραμμάτων,
1682 2530 1700 2557 ἆ
1716 2540 1801 2564 μετα.

1013 2567 1154 2600 ποιήσειεν
1173 2569 1186 2594 ὁ
1203 2569 1339 2603 γαμϐρὸς,
1361 2570 1463 2605 πολλὴν
1480 2572 1554 2608 αὐτῷ
1576 2574 1663 2608 ἐπῆγε
1681 2577 1799 2611 μέμψιν,

1012 2611 1059 2637 καὶ
1076 2612 1208 2646 ὠργίζετο
1225 2615 1361 2648 φανερῶς,
1377 2615 1417 2641 ὃτι
1435 2615 1481 2642 τὸν
1501 2618 1599 2652 ἐχθρὸν
1614 2619 1643 2650 ἐξ
1665 2620 1799 2653 ἀϐουλίας

1010 2657 1172 2692 ὠφελήσειε.
1197 2658 1293 2685 Πολλοὶ
1318 2660 1346 2686 δὲ
1377 2661 1423 2686 καὶ
1446 2661 1501 2689 τῶν
1525 2663 1558 2689 τὰ
1585 2664 1629 2689 lca
1649 2665 1798 2700 ᾑρημένων

1015 2704 1189 2740 ’Δποκαύχῳ.
1206 2706 1252 2732 καὶ¹
1266 2707 1394 2738 ἀπιστίας
1412 2710 1645 2745 πρωτοστράτορα
1658 2713 1798 2748 ἐγράφον-

1008 2759 1050 2783 το,
1063 2751 1102 2782 ὡς
1115 2752 1186 2778 ἑκὼν
1200 2750 1271 2779 εἶναι
1293 2753 1520 2790 Καντακουζηνόν
1534 2755 1703 2792 ὠφελήσειεν
1720 2759 1797 2794 ἰσχυ-

1009 2799 1148 2833 ριζόμενοι
1161 2799 1255 2834 κρύφα
1270 2799 1305 2826 τὰ
1321 2801 1425 2828 ἐκείνου
1444 2801 1593 2837 ᾑρημένος.
1620 2803 1651 2829 '0
1663 2803 1687 2830 δ²
1702 2805 1796 2839 ὅρκοις

1008 2843 1204 2877 διεὸεσαιοῠτο,
1229 2845 1267 2876 ὠς
1293 2846 1371 2873 οὐδὲν
1397 2847 1472 2882 αὐτῷ
1494 2847 1616 2874 το;οὗτον
1639 2850 1794 2886 συνειδείη,

1010 2889 1068 2916 ἀλλ’
1086 2890 1181 2926 ὥσπερ
1194 2891 1245 2918 ὑπό
1258 2901 1327 2924 τινος
1343 2893 1473 2929 ἀγόμενος
1485 2895 1625 2931 δυνάμεως
1638 2897 1793 2932 κρείττονος
