  <div class='ocr_page' id='page_1' title='image "/cluster/home/n/w/nwhite01/storage/ocr_20150623/153/njp.32101010943478/518.png"; bbox 0 0 1926 3090; ppageno 0'>
   <div class='ocr_carea' id='block_1_1' title="bbox 115 144 193 176">
    <p class='ocr_par' dir='ltr' id='par_1_1' title="bbox 115 144 193 176">
     <span class='ocr_line' id='line_1_1' title="bbox 115 144 193 176; baseline -0.013 0"><span class='ocrx_word' id='word_1_1' title='bbox 115 144 193 176; x_wconf 62' lang='grc' dir='ltr'>με)</span> 
     </span>
    </p>
   </div>
   <div class='ocr_carea' id='block_1_2' title="bbox 698 144 1191 178">
    <p class='ocr_par' dir='ltr' id='par_1_2' title="bbox 698 144 1191 178">
     <span class='ocr_line' id='line_1_2' title="bbox 698 144 1191 178; baseline -0.01 0"><span class='ocrx_word' id='word_1_2' title='bbox 698 145 972 178; x_wconf 76' lang='lat' dir='ltr'><strong>HISTORIARUM</strong></span> <span class='ocrx_word' id='word_1_3' title='bbox 994 144 1110 174; x_wconf 79' lang='lat' dir='ltr'><strong>LIBER</strong></span> <span class='ocrx_word' id='word_1_4' title='bbox 1132 144 1191 173; x_wconf 89' lang='lat' dir='ltr'><strong>lll.</strong></span> 
     </span>
    </p>
   </div>
   <div class='ocr_carea' id='block_1_3' title="bbox 1693 144 1761 179">
    <p class='ocr_par' dir='ltr' id='par_1_3' title="bbox 1693 144 1761 179">
     <span class='ocr_line' id='line_1_3' title="bbox 1693 144 1761 179; baseline -0.015 0"><span class='ocrx_word' id='word_1_5' title='bbox 1693 144 1761 179; x_wconf 70' lang='lat'><strong>1020</strong></span> 
     </span>
    </p>
   </div>
   <div class='ocr_carea' id='block_1_4' title="bbox 119 199 926 239">
    <p class='ocr_par' dir='ltr' id='par_1_4' title="bbox 119 201 921 239">
     <span class='ocr_line' id='line_1_4' title="bbox 119 201 921 239; baseline -0.001 -11"><span class='ocrx_word' id='word_1_6' title='bbox 119 201 354 237; x_wconf 76' lang='grc' dir='ltr'>ἀναστήσεσθαι,</span> <span class='ocrx_word' id='word_1_7' title='bbox 370 202 436 230; x_wconf 67' lang='grc' dir='ltr'>ἁλλὰ</span> <span class='ocrx_word' id='word_1_8' title='bbox 446 203 580 239; x_wconf 76' lang='grc' dir='ltr'><strong>διηνεκῶς</strong></span> <span class='ocrx_word' id='word_1_9' title='bbox 595 203 689 230; x_wconf 69' lang='grc' dir='ltr'>αὐτόοι</span> <span class='ocrx_word' id='word_1_10' title='bbox 707 204 799 238; x_wconf 76' lang='grc' dir='ltr'>μενεῖν</span> <span class='ocrx_word' id='word_1_11' title='bbox 811 203 906 228; x_wconf 83' lang='grc' dir='ltr'>ὲπικου</span> <span class='ocrx_word' id='word_1_12' title='bbox 915 216 921 221; x_wconf 92' lang='grc'><strong><em>-</em></strong></span> 
     </span>
    </p>
   </div>
   <div class='ocr_carea' id='block_1_5' title="bbox 979 199 1760 239">
    <p class='ocr_par' dir='ltr' id='par_1_5' title="bbox 979 199 1760 236">
     <span class='ocr_line' id='line_1_5' title="bbox 979 199 1760 236; baseline 0 -10"><span class='ocrx_word' id='word_1_13' title='bbox 979 200 1022 227; x_wconf 91' lang='lat' dir='ltr'><strong>hic</strong></span> <span class='ocrx_word' id='word_1_14' title='bbox 1047 200 1114 228; x_wconf 81' lang='lat' dir='ltr'><strong>fiunt</strong></span> <span class='ocrx_word' id='word_1_15' title='bbox 1126 221 1133 233; x_wconf 90' lang='lat'><strong>,</strong></span> <span class='ocrx_word' id='word_1_16' title='bbox 1158 201 1249 228; x_wconf 89' lang='lat' dir='ltr'><strong>omnia</strong></span> <span class='ocrx_word' id='word_1_17' title='bbox 1268 199 1362 228; x_wconf 87' lang='lat' dir='ltr'><strong>divino</strong></span> <span class='ocrx_word' id='word_1_18' title='bbox 1379 205 1445 228; x_wconf 90' lang='lat' dir='ltr'><strong>nutu</strong></span> <span class='ocrx_word' id='word_1_19' title='bbox 1465 199 1522 229; x_wconf 79' lang='lat' dir='ltr'><strong>fieri</strong></span> <span class='ocrx_word' id='word_1_20' title='bbox 1537 222 1543 234; x_wconf 89' lang='lat'><strong>,</strong></span> <span class='ocrx_word' id='word_1_21' title='bbox 1560 206 1588 228; x_wconf 90' lang='lat' dir='ltr'><strong>et</strong></span> <span class='ocrx_word' id='word_1_22' title='bbox 1603 200 1760 236; x_wconf 72' lang='lat' dir='ltr'><strong>huiusmodi</strong></span> 
     </span>
    </p>
   </div>
   <div class='ocr_carea' id='block_1_6' title="bbox 121 247 923 285">
    <p class='ocr_par' dir='ltr' id='par_1_6' title="bbox 121 247 923 285">
     <span class='ocr_line' id='line_1_6' title="bbox 121 247 923 285; baseline 0 -11"><span class='ocrx_word' id='word_1_23' title='bbox 121 248 275 283; x_wconf 75' lang='grc' dir='ltr'>ροῦντας·</span> <span class='ocrx_word' id='word_1_24' title='bbox 299 249 370 275; x_wconf 74' lang='grc' dir='ltr'>οὓτω</span> <span class='ocrx_word' id='word_1_25' title='bbox 394 249 448 285; x_wconf 78' lang='grc' dir='ltr'>γὰρ</span> <span class='ocrx_word' id='word_1_26' title='bbox 473 250 564 281; x_wconf 82' lang='grc' dir='ltr'>αὐτοῖς</span> <span class='ocrx_word' id='word_1_27' title='bbox 592 247 662 276; x_wconf 73' lang='grc' dir='ltr'>εἶναι</span> <span class='ocrx_word' id='word_1_28' title='bbox 681 248 923 285; x_wconf 74' lang='grc' dir='ltr'><strong>προστεταγμένον</strong></span> 
     </span>
    </p>
   </div>
   <div class='ocr_carea' id='block_1_7' title="bbox 121 295 926 331">
    <p class='ocr_par' dir='ltr' id='par_1_7' title="bbox 121 295 926 331">
     <span class='ocr_line' id='line_1_7' title="bbox 121 295 926 331; baseline -0.001 -10"><span class='ocrx_word' id='word_1_29' title='bbox 121 295 207 329; x_wconf 78' lang='grc' dir='ltr'>παρὰ</span> <span class='ocrx_word' id='word_1_30' title='bbox 231 295 367 330; x_wconf 74' lang='grc' dir='ltr'>βασιλέως</span> <span class='ocrx_word' id='word_1_31' title='bbox 382 296 430 321; x_wconf 81' lang='grc' dir='ltr'>τοῦ</span> <span class='ocrx_word' id='word_1_32' title='bbox 445 296 589 331; x_wconf 71' lang='grc' dir='ltr'>σφετέρου.</span> <span class='ocrx_word' id='word_1_33' title='bbox 608 295 641 322; x_wconf 76' lang='lat' dir='ltr'><strong>&#39;H</strong></span> <span class='ocrx_word' id='word_1_34' title='bbox 656 295 767 331; x_wconf 82' lang='grc' dir='ltr'><strong>τοιαύτη</strong></span> <span class='ocrx_word' id='word_1_35' title='bbox 782 296 809 321; x_wconf 74' lang='grc' dir='ltr'><strong>δὲ</strong></span> <span class='ocrx_word' id='word_1_36' title='bbox 827 295 926 321; x_wconf 78' lang='grc' dir='ltr'>ἀπολο-</span> 
     </span>
    </p>
   </div>
   <div class='ocr_carea' id='block_1_8' title="bbox 118 341 924 377">
    <p class='ocr_par' dir='ltr' id='par_1_8' title="bbox 118 341 924 377">
     <span class='ocr_line' id='line_1_8' title="bbox 118 341 924 377; baseline 0 -10"><span class='ocrx_word' id='word_1_37' title='bbox 118 341 173 375; x_wconf 70' lang='grc' dir='ltr'>τία</span> <span class='ocrx_word' id='word_1_38' title='bbox 205 342 314 376; x_wconf 78' lang='grc' dir='ltr'>πολλὴν</span> <span class='ocrx_word' id='word_1_39' title='bbox 342 342 453 368; x_wconf 77' lang='grc' dir='ltr'>ὲνέὸαλε</span> <span class='ocrx_word' id='word_1_40' title='bbox 476 342 601 377; x_wconf 82' lang='grc' dir='ltr'>ταραχὴν</span> <span class='ocrx_word' id='word_1_41' title='bbox 627 342 675 369; x_wconf 74' lang='grc' dir='ltr'>καὶ</span> <span class='ocrx_word' id='word_1_42' title='bbox 700 343 795 368; x_wconf 84' lang='grc' dir='ltr'>πτοίαν</span> <span class='ocrx_word' id='word_1_43' title='bbox 824 342 881 372; x_wconf 80' lang='grc' dir='ltr'>τοῖς</span> <span class='ocrx_word' id='word_1_44' title='bbox 896 342 924 368; x_wconf 81' lang='grc' dir='ltr'><strong>έν</strong></span> 
     </span>
    </p>
   </div>
   <div class='ocr_carea' id='block_1_9' title="bbox 118 387 924 424">
    <p class='ocr_par' dir='ltr' id='par_1_9' title="bbox 118 387 924 424">
     <span class='ocr_line' id='line_1_9' title="bbox 118 387 924 424; baseline 0 -12"><span class='ocrx_word' id='word_1_45' title='bbox 118 387 337 422; x_wconf 83' lang='grc' dir='ltr'>Διδυμοτείχῳ·</span> <span class='ocrx_word' id='word_1_46' title='bbox 359 389 409 424; x_wconf 66' lang='grc' dir='ltr'><strong>ἤδη</strong></span> <span class='ocrx_word' id='word_1_47' title='bbox 432 388 486 423; x_wconf 80' lang='grc' dir='ltr'><strong>γὰρ</strong></span> <span class='ocrx_word' id='word_1_48' title='bbox 512 389 605 419; x_wconf 80' lang='grc' dir='ltr'>αὐτοῖς</span> <span class='ocrx_word' id='word_1_49' title='bbox 624 387 751 421; x_wconf 74' lang='grc' dir='ltr'>ἐφαίνετο</span> <span class='ocrx_word' id='word_1_50' title='bbox 776 388 790 413; x_wconf 82' lang='grc' dir='ltr'>ὁ</span> <span class='ocrx_word' id='word_1_51' title='bbox 812 387 924 421; x_wconf 73' lang='grc' dir='ltr'>ὄλεθρος</span> 
     </span>
    </p>
   </div>
   <div class='ocr_carea' id='block_1_10' title="bbox 120 432 924 467">
    <p class='ocr_par' dir='ltr' id='par_1_10' title="bbox 120 432 924 467">
     <span class='ocr_line' id='line_1_10' title="bbox 120 432 924 467; baseline 0.002 -10"><span class='ocrx_word' id='word_1_52' title='bbox 120 432 271 458; x_wconf 72' lang='grc' dir='ltr'>ἐλλείπων</span> <span class='ocrx_word' id='word_1_53' title='bbox 289 433 348 459; x_wconf 75' lang='grc' dir='ltr'>κατ’</span> <span class='ocrx_word' id='word_1_54' title='bbox 366 434 454 460; x_wconf 79' lang='grc' dir='ltr'>οὐδέν.</span> <span class='ocrx_word' id='word_1_55' title='bbox 479 433 507 460; x_wconf 89' lang='grc'><strong>’0</strong></span> <span class='ocrx_word' id='word_1_56' title='bbox 528 433 557 460; x_wconf 72' lang='grc' dir='ltr'><strong>δὲ</strong></span> <span class='ocrx_word' id='word_1_57' title='bbox 581 434 630 467; x_wconf 78' lang='grc' dir='ltr'>τῆς</span> <span class='ocrx_word' id='word_1_58' title='bbox 648 433 753 463; x_wconf 77' lang='grc' dir='ltr'>πόλεως</span> <span class='ocrx_word' id='word_1_59' title='bbox 777 432 924 467; x_wconf 76' lang='grc' dir='ltr'>ἀρχιερεὶις</span> 
     </span>
    </p>
   </div>
   <div class='ocr_carea' id='block_1_11' title="bbox 120 477 924 514">
    <p class='ocr_par' dir='ltr' id='par_1_11' title="bbox 120 477 924 514">
     <span class='ocr_line' id='line_1_11' title="bbox 120 477 924 514; baseline -0.001 -10"><span class='ocrx_word' id='word_1_60' title='bbox 120 478 201 512; x_wconf 75' lang='grc' dir='ltr'>ὁρῶν</span> <span class='ocrx_word' id='word_1_61' title='bbox 213 478 268 514; x_wconf 69' lang='grc' dir='ltr'><strong>ἤδη</strong></span> <span class='ocrx_word' id='word_1_62' title='bbox 282 479 492 514; x_wconf 77' lang='grc' dir='ltr'>κλονουμένους,</span> <span class='ocrx_word' id='word_1_63' title='bbox 505 480 551 505; x_wconf 73' lang='grc' dir='ltr'>καὶ</span> <span class='ocrx_word' id='word_1_64' title='bbox 561 480 630 514; x_wconf 68' lang='grc' dir='ltr'>πρὸς</span> <span class='ocrx_word' id='word_1_65' title='bbox 646 479 694 513; x_wconf 73' lang='grc' dir='ltr'><strong>τὴν</strong></span> <span class='ocrx_word' id='word_1_66' title='bbox 707 478 860 514; x_wconf 72' lang='grc' dir='ltr'>ὑπερϐολὴν</span> <span class='ocrx_word' id='word_1_67' title='bbox 876 477 924 512; x_wconf 68' lang='grc' dir='ltr'>τῆς</span> 
     </span>
    </p>
   </div>
   <div class='ocr_carea' id='block_1_12' title="bbox 120 524 920 559">
    <p class='ocr_par' dir='ltr' id='par_1_12' title="bbox 120 524 920 559">
     <span class='ocr_line' id='line_1_12' title="bbox 120 524 920 559; baseline 0 -9"><span class='ocrx_word' id='word_1_68' title='bbox 120 524 307 559; x_wconf 68' lang='grc' dir='ltr'>δυσπραγίας</span> <span class='ocrx_word' id='word_1_69' title='bbox 348 526 514 557; x_wconf 75' lang='grc' dir='ltr'>ἐνδιδόντας,</span> <span class='ocrx_word' id='word_1_70' title='bbox 545 525 688 555; x_wconf 79' lang='grc' dir='ltr'>πα,ελθὼν</span> <span class='ocrx_word' id='word_1_71' title='bbox 728 526 767 555; x_wconf 83' lang='grc' dir='ltr'><strong>είς</strong></span> <span class='ocrx_word' id='word_1_72' title='bbox 796 524 920 558; x_wconf 65' lang='grc' dir='ltr'>μέσους,</span> 
     </span>
    </p>
   </div>
   <div class='ocr_carea' id='block_1_13' title="bbox 121 569 925 607">
    <p class='ocr_par' dir='ltr' id='par_1_13' title="bbox 121 569 925 607">
     <span class='ocr_line' id='line_1_13' title="bbox 121 569 925 607; baseline -0.002 -10"><span class='ocrx_word' id='word_1_73' title='bbox 121 571 344 607; x_wconf 71' lang='grc' dir='ltr'>παρεθάρρυνε,</span> <span class='ocrx_word' id='word_1_74' title='bbox 364 573 412 599; x_wconf 74' lang='grc' dir='ltr'>καὶ</span> <span class='ocrx_word' id='word_1_75' title='bbox 426 572 475 597; x_wconf 74' lang='grc' dir='ltr'><strong>οὐκ</strong></span> <span class='ocrx_word' id='word_1_76' title='bbox 494 572 536 598; x_wconf 70' lang='grc' dir='ltr'>εἴα</span> <span class='ocrx_word' id='word_1_77' title='bbox 553 571 749 603; x_wconf 72' lang='grc' dir='ltr'><strong>καταπίπτειν,</strong></span> <span class='ocrx_word' id='word_1_78' title='bbox 767 570 837 596; x_wconf 75' lang='grc' dir='ltr'>κατὰ</span> <span class='ocrx_word' id='word_1_79' title='bbox 854 569 925 603; x_wconf 81' lang='grc' dir='ltr'><strong>γνὼ-</strong></span> 
     </span>
    </p>
   </div>
   <div class='ocr_carea' id='block_1_14' title="bbox 122 615 924 653">
    <p class='ocr_par' dir='ltr' id='par_1_14' title="bbox 122 615 924 653">
     <span class='ocr_line' id='line_1_14' title="bbox 122 615 924 653; baseline -0.001 -10"><span class='ocrx_word' id='word_1_80' title='bbox 122 626 184 652; x_wconf 81' lang='grc' dir='ltr'><strong>μην</strong></span> <span class='ocrx_word' id='word_1_81' title='bbox 211 617 277 651; x_wconf 72' lang='grc' dir='ltr'><strong>Θεῷ</strong></span> <span class='ocrx_word' id='word_1_82' title='bbox 292 618 428 644; x_wconf 62' lang='grc' dir='ltr'>πάντατὰ</span> <span class='ocrx_word' id='word_1_83' title='bbox 443 618 505 653; x_wconf 77' lang='grc' dir='ltr'>τῇδε</span> <span class='ocrx_word' id='word_1_84' title='bbox 522 617 690 652; x_wconf 77' lang='grc' dir='ltr'>πράττεσθαι</span> <span class='ocrx_word' id='word_1_85' title='bbox 704 617 800 649; x_wconf 74' lang='grc' dir='ltr'>εἰπὼν,</span> <span class='ocrx_word' id='word_1_86' title='bbox 816 618 863 643; x_wconf 76' lang='grc' dir='ltr'><strong>καὶ</strong></span> <span class='ocrx_word' id='word_1_87' title='bbox 876 615 924 648; x_wconf 72' lang='grc' dir='ltr'>τὰς</span> 
     </span>
    </p>
   </div>
   <div class='ocr_carea' id='block_1_15' title="bbox 119 661 924 697">
    <p class='ocr_par' dir='ltr' id='par_1_15' title="bbox 119 661 924 697">
     <span class='ocr_line' id='line_1_15' title="bbox 119 661 924 697; baseline 0 -10"><span class='ocrx_word' id='word_1_88' title='bbox 119 661 265 693; x_wconf 75' lang='grc' dir='ltr'>τοιαύτας</span> <span class='ocrx_word' id='word_1_89' title='bbox 281 662 414 696; x_wconf 67' lang='grc' dir='ltr'>ἐπηρείας</span> <span class='ocrx_word' id='word_1_90' title='bbox 432 662 478 688; x_wconf 80' lang='grc' dir='ltr'><strong>ὑπ’</strong></span> <span class='ocrx_word' id='word_1_91' title='bbox 498 662 604 689; x_wconf 75' lang='grc' dir='ltr'>ἐκείνου</span> <span class='ocrx_word' id='word_1_92' title='bbox 623 661 859 697; x_wconf 70' lang='grc' dir='ltr'>παραχωρείσοαι.</span> <span class='ocrx_word' id='word_1_93' title='bbox 880 661 924 687; x_wconf 76' lang='grc' dir='ltr'>ἵνα</span> 
     </span>
    </p>
   </div>
   <div class='ocr_carea' id='block_1_16' title="bbox 120 704 924 745">
    <p class='ocr_par' dir='ltr' id='par_1_16' title="bbox 120 704 924 745">
     <span class='ocr_line' id='line_1_16' title="bbox 120 704 924 745; baseline 0 -12"><span class='ocrx_word' id='word_1_94' title='bbox 120 704 154 735; x_wconf 67' lang='grc' dir='ltr'>εδ</span> <span class='ocrx_word' id='word_1_95' title='bbox 171 708 249 742; x_wconf 70' lang='grc' dir='ltr'>πρὸς</span> <span class='ocrx_word' id='word_1_96' title='bbox 271 708 385 742; x_wconf 69' lang='grc' dir='ltr'>βασιλέα</span> <span class='ocrx_word' id='word_1_97' title='bbox 406 708 520 745; x_wconf 71' lang='grc' dir='ltr'>φίλτρον</span> <span class='ocrx_word' id='word_1_98' title='bbox 535 708 612 742; x_wconf 84' lang='grc' dir='ltr'>ὑμῶν</span> <span class='ocrx_word' id='word_1_99' title='bbox 629 708 782 743; x_wconf 62' lang='grc' dir='ltr'>δοκιμασθῇ</span> <span class='ocrx_word' id='word_1_100' title='bbox 799 715 805 722; x_wconf 84' lang='grc'><em>”</em></span> <span class='ocrx_word' id='word_1_101' title='bbox 822 707 850 739; x_wconf 77' lang='grc' dir='ltr'>ὃς</span> <span class='ocrx_word' id='word_1_102' title='bbox 864 707 924 742; x_wconf 76' lang='grc' dir='ltr'>ἥξει</span> 
     </span>
    </p>
   </div>
   <div class='ocr_carea' id='block_1_17' title="bbox 120 754 924 789">
    <p class='ocr_par' dir='ltr' id='par_1_17' title="bbox 120 754 924 789">
     <span class='ocr_line' id='line_1_17' title="bbox 120 754 924 789; baseline -0.001 -9"><span class='ocrx_word' id='word_1_103' title='bbox 120 762 155 780; x_wconf 82' lang='grc' dir='ltr'><strong>τε</strong></span> <span class='ocrx_word' id='word_1_104' title='bbox 174 755 252 789; x_wconf 80' lang='grc' dir='ltr'><strong>μετὰ</strong></span> <span class='ocrx_word' id='word_1_105' title='bbox 269 754 378 789; x_wconf 67' lang='grc' dir='ltr'>μικρδν,</span> <span class='ocrx_word' id='word_1_106' title='bbox 402 755 448 781; x_wconf 77' lang='grc' dir='ltr'>καὶ</span> <span class='ocrx_word' id='word_1_107' title='bbox 466 755 569 786; x_wconf 79' lang='grc' dir='ltr'><strong>πάντας</strong></span> <span class='ocrx_word' id='word_1_108' title='bbox 583 754 730 789; x_wconf 75' lang='grc' dir='ltr'><strong>ἀμείψεται</strong></span> <span class='ocrx_word' id='word_1_109' title='bbox 747 755 805 785; x_wconf 80' lang='grc' dir='ltr'>ταῖς</span> <span class='ocrx_word' id='word_1_110' title='bbox 819 762 924 789; x_wconf 79' lang='grc' dir='ltr'>προση-</span> 
     </span>
    </p>
   </div>
   <div class='ocr_carea' id='block_1_18' title="bbox 122 797 924 834">
    <p class='ocr_par' dir='ltr' id='par_1_18' title="bbox 122 797 924 834">
     <span class='ocr_line' id='line_1_18' title="bbox 122 797 924 834; baseline 0 -11"><span class='ocrx_word' id='word_1_111' title='bbox 122 797 251 829; x_wconf 63' lang='grc' dir='ltr'>κούσαις</span> <span class='ocrx_word' id='word_1_112' title='bbox 277 798 461 833; x_wconf 81' lang='grc' dir='ltr'>εὐεργεσίαις.</span> <span class='ocrx_word' id='word_1_113' title='bbox 481 799 556 834; x_wconf 73' lang='grc' dir='ltr'><strong>Μηδὲ</strong></span> <span class='ocrx_word' id='word_1_114' title='bbox 581 799 634 834; x_wconf 83' lang='grc' dir='ltr'>γὰρ</span> <span class='ocrx_word' id='word_1_115' title='bbox 653 799 744 825; x_wconf 76' lang='grc' dir='ltr'>οἴεσθε</span> <span class='ocrx_word' id='word_1_116' title='bbox 762 799 867 825; x_wconf 77' lang='grc' dir='ltr'>ἐκεῖνον</span> <span class='ocrx_word' id='word_1_117' title='bbox 886 798 924 833; x_wconf 81' lang='grc' dir='ltr'>μὴ</span> 
     </span>
    </p>
   </div>
   <div class='ocr_carea' id='block_1_19' title="bbox 121 837 923 878">
    <p class='ocr_par' dir='ltr' id='par_1_19' title="bbox 121 837 923 878">
     <span class='ocr_line' id='line_1_19' title="bbox 121 837 923 878; baseline 0.001 -10"><span class='ocrx_word' id='word_1_118' title='bbox 121 842 202 869; x_wconf 71' lang='grc' dir='ltr'>κατὰ</span> <span class='ocrx_word' id='word_1_119' title='bbox 233 843 348 878; x_wconf 81' lang='grc' dir='ltr'>γνώμην</span> <span class='ocrx_word' id='word_1_120' title='bbox 373 843 531 878; x_wconf 69' lang='grc' dir='ltr'>βαῖιλεύειν</span> <span class='ocrx_word' id='word_1_121' title='bbox 555 843 632 878; x_wconf 85' lang='grc' dir='ltr'><strong>Θεῷ·</strong></span> <span class='ocrx_word' id='word_1_122' title='bbox 661 843 739 870; x_wconf 76' lang='grc' dir='ltr'>τοῦτο</span> <span class='ocrx_word' id='word_1_123' title='bbox 766 837 820 878; x_wconf 73' lang='grc' dir='ltr'>γὰρ</span> <span class='ocrx_word' id='word_1_124' title='bbox 843 843 923 874; x_wconf 67' lang='grc' dir='ltr'>αὐτος</span> 
     </span>
    </p>
   </div>
   <div class='ocr_carea' id='block_1_20' title="bbox 123 883 925 925">
    <p class='ocr_par' dir='ltr' id='par_1_20' title="bbox 123 883 925 925">
     <span class='ocr_line' id='line_1_20' title="bbox 123 883 925 925; baseline 0.001 -10"><span class='ocrx_word' id='word_1_125' title='bbox 123 889 298 922; x_wconf 78' lang='grc' dir='ltr'>σαφέστατα</span> <span class='ocrx_word' id='word_1_126' title='bbox 326 889 437 916; x_wconf 78' lang='grc' dir='ltr'>εἰδέναι.</span> <span class='ocrx_word' id='word_1_127' title='bbox 466 890 663 924; x_wconf 79' lang='grc' dir='ltr'>Ἀμφισῦητῶν</span> <span class='ocrx_word' id='word_1_128' title='bbox 679 889 732 925; x_wconf 87' lang='grc' dir='ltr'>γὰρ</span> <span class='ocrx_word' id='word_1_129' title='bbox 753 883 873 924; x_wconf 69' lang='grc' dir='ltr'>ἔφασκεν</span> <span class='ocrx_word' id='word_1_130' title='bbox 896 890 925 916; x_wconf 84' lang='grc' dir='ltr'>ὲν</span> 
     </span>
    </p>
   </div>
   <div class='ocr_carea' id='block_1_21' title="bbox 122 934 925 970">
    <p class='ocr_par' dir='ltr' id='par_1_21' title="bbox 122 934 925 970">
     <span class='ocr_line' id='line_1_21' title="bbox 122 934 925 970; baseline 0.004 -10"><span class='ocrx_word' id='word_1_131' title='bbox 122 936 202 970; x_wconf 83' lang='grc' dir='ltr'>ἀρχῇ</span> <span class='ocrx_word' id='word_1_132' title='bbox 217 935 285 970; x_wconf 76' lang='grc' dir='ltr'>περὶ</span> <span class='ocrx_word' id='word_1_133' title='bbox 297 934 414 966; x_wconf 64' lang='grc' dir='ltr'>ἐκείνου,</span> <span class='ocrx_word' id='word_1_134' title='bbox 429 935 452 961; x_wconf 80' lang='grc' dir='ltr'><strong>εί</strong></span> <span class='ocrx_word' id='word_1_135' title='bbox 466 935 503 969; x_wconf 81' lang='grc' dir='ltr'>μὴ</span> <span class='ocrx_word' id='word_1_136' title='bbox 517 935 576 962; x_wconf 84' lang='grc' dir='ltr'>κατ’</span> <span class='ocrx_word' id='word_1_137' title='bbox 591 936 726 968; x_wconf 65' lang='grc' dir='ltr'>εὐδοκίαν,</span> <span class='ocrx_word' id='word_1_138' title='bbox 740 936 809 962; x_wconf 81' lang='grc' dir='ltr'>ἀλλὰ</span> <span class='ocrx_word' id='word_1_139' title='bbox 823 936 925 969; x_wconf 80' lang='grc' dir='ltr'>μᾶλλον</span> 
     </span>
    </p>
   </div>
   <div class='ocr_carea' id='block_1_22' title="bbox 121 975 928 1015">
    <p class='ocr_par' dir='ltr' id='par_1_22' title="bbox 121 975 928 1015">
     <span class='ocr_line' id='line_1_22' title="bbox 121 975 928 1015; baseline 0.002 -10"><span class='ocrx_word' id='word_1_140' title='bbox 121 980 202 1006; x_wconf 80' lang='grc' dir='ltr'>κατὰ</span> <span class='ocrx_word' id='word_1_141' title='bbox 220 979 421 1015; x_wconf 78' lang='grc' dir='ltr'>παραχώρησιν</span> <span class='ocrx_word' id='word_1_142' title='bbox 447 979 517 1006; x_wconf 83' lang='grc' dir='ltr'>Θεοῦ</span> <span class='ocrx_word' id='word_1_143' title='bbox 532 981 572 1008; x_wconf 75' lang='grc' dir='ltr'>εἰς</span> <span class='ocrx_word' id='word_1_144' title='bbox 593 980 672 1007; x_wconf 68' lang='grc' dir='ltr'>τοῦτο</span> <span class='ocrx_word' id='word_1_145' title='bbox 695 979 760 1015; x_wconf 81' lang='grc' dir='ltr'>ἦλθε</span> <span class='ocrx_word' id='word_1_146' title='bbox 787 975 928 1015; x_wconf 60' lang='lat' dir='ltr'><strong>mam;</strong></span> 
     </span>
    </p>
   </div>
   <div class='ocr_carea' id='block_1_23' title="bbox 127 1025 927 1062">
    <p class='ocr_par' dir='ltr' id='par_1_23' title="bbox 127 1025 927 1062">
     <span class='ocr_line' id='line_1_23' title="bbox 127 1025 927 1062; baseline 0.001 -11"><span class='ocrx_word' id='word_1_147' title='bbox 127 1025 188 1061; x_wconf 71' lang='grc' dir='ltr'><strong>ἰδίᾳ</strong></span> <span class='ocrx_word' id='word_1_148' title='bbox 215 1025 380 1060; x_wconf 84' lang='grc' dir='ltr'><strong>πειθόμενος</strong></span> <span class='ocrx_word' id='word_1_149' title='bbox 401 1025 535 1061; x_wconf 72' lang='grc' dir='ltr'>ἐπιθυμίᾳ</span> <span class='ocrx_word' id='word_1_150' title='bbox 554 1028 600 1052; x_wconf 74' lang='grc' dir='ltr'><strong>καὶ</strong></span> <span class='ocrx_word' id='word_1_151' title='bbox 633 1027 719 1062; x_wconf 77' lang='grc' dir='ltr'>ὁρμῇ.</span> <span class='ocrx_word' id='word_1_152' title='bbox 737 1028 783 1054; x_wconf 73' lang='grc' dir='ltr'>καὶ</span> <span class='ocrx_word' id='word_1_153' title='bbox 799 1027 927 1058; x_wconf 79' lang='grc' dir='ltr'>δεδοικὼς</span> 
     </span>
    </p>
   </div>
   <div class='ocr_carea' id='block_1_24' title="bbox 127 1071 923 1107">
    <p class='ocr_par' dir='ltr' id='par_1_24' title="bbox 127 1071 923 1107">
     <span class='ocr_line' id='line_1_24' title="bbox 127 1071 923 1107; baseline 0.003 -10"><span class='ocrx_word' id='word_1_154' title='bbox 127 1071 170 1107; x_wconf 78' lang='grc' dir='ltr'>μὴ</span> <span class='ocrx_word' id='word_1_155' title='bbox 186 1073 241 1098; x_wconf 74' lang='grc' dir='ltr'>καὶ</span> <span class='ocrx_word' id='word_1_156' title='bbox 257 1071 337 1103; x_wconf 78' lang='grc' dir='ltr'>αὐτὸς</span> <span class='ocrx_word' id='word_1_157' title='bbox 360 1073 544 1102; x_wconf 74' lang='grc' dir='ltr'>συναπάλοιτο,</span> <span class='ocrx_word' id='word_1_158' title='bbox 558 1073 613 1103; x_wconf 74' lang='grc' dir='ltr'>’τοῖς</span> <span class='ocrx_word' id='word_1_159' title='bbox 631 1072 691 1107; x_wconf 82' lang='grc' dir='ltr'><strong>Θεῷ</strong></span> <span class='ocrx_word' id='word_1_160' title='bbox 707 1072 793 1099; x_wconf 84' lang='grc' dir='ltr'>συνὼν</span> <span class='ocrx_word' id='word_1_161' title='bbox 812 1073 923 1107; x_wconf 71' lang='grc' dir='ltr'>βουλευ-</span> 
     </span>
    </p>
   </div>
   <div class='ocr_carea' id='block_1_25' title="bbox 125 1118 924 1154">
    <p class='ocr_par' dir='ltr' id='par_1_25' title="bbox 125 1118 924 1154">
     <span class='ocr_line' id='line_1_25' title="bbox 125 1118 924 1154; baseline 0.004 -11"><span class='ocrx_word' id='word_1_162' title='bbox 125 1118 266 1151; x_wconf 79' lang='grc' dir='ltr'>σαμένοις</span> <span class='ocrx_word' id='word_1_163' title='bbox 287 1118 398 1144; x_wconf 80' lang='grc' dir='ltr'>ἐναντία</span> <span class='ocrx_word' id='word_1_164' title='bbox 416 1119 510 1154; x_wconf 81' lang='grc' dir='ltr'><strong>εὐχαῖς</strong></span> <span class='ocrx_word' id='word_1_165' title='bbox 529 1121 722 1154; x_wconf 79' lang='grc' dir='ltr'><strong>προσανέχειν,</strong></span> <span class='ocrx_word' id='word_1_166' title='bbox 749 1121 796 1146; x_wconf 78' lang='grc' dir='ltr'>καὶ</span> <span class='ocrx_word' id='word_1_167' title='bbox 815 1119 924 1154; x_wconf 77' lang='grc' dir='ltr'>δεήσεσι</span> 
     </span>
    </p>
   </div>
   <div class='ocr_carea' id='block_1_26' title="bbox 124 1163 926 1200">
    <p class='ocr_par' dir='ltr' id='par_1_26' title="bbox 124 1163 926 1200">
     <span class='ocr_line' id='line_1_26' title="bbox 124 1163 926 1200; baseline 0.004 -11"><span class='ocrx_word' id='word_1_168' title='bbox 124 1163 158 1190; x_wconf 76' lang='grc' dir='ltr'>τὸ</span> <span class='ocrx_word' id='word_1_169' title='bbox 173 1164 257 1190; x_wconf 77' lang='grc' dir='ltr'>Θεῖον</span> <span class='ocrx_word' id='word_1_170' title='bbox 274 1165 460 1197; x_wconf 66' lang='grc' dir='ltr'><strong>ἐκκαλεῖσθαι,</strong></span> <span class='ocrx_word' id='word_1_171' title='bbox 478 1164 548 1192; x_wconf 81' lang='grc' dir='ltr'>ὥστε</span> <span class='ocrx_word' id='word_1_172' title='bbox 576 1165 733 1200; x_wconf 79' lang='grc' dir='ltr'>διδαχθῆναι</span> <span class='ocrx_word' id='word_1_173' title='bbox 750 1165 815 1200; x_wconf 78' lang='grc' dir='ltr'>περὶ</span> <span class='ocrx_word' id='word_1_174' title='bbox 831 1165 926 1197; x_wconf 78' lang='grc' dir='ltr'>αὐτοῦ,</span> 
     </span>
    </p>
   </div>
   <div class='ocr_carea' id='block_1_27' title="bbox 126 1209 925 1246">
    <p class='ocr_par' dir='ltr' id='par_1_27' title="bbox 126 1209 925 1246">
     <span class='ocr_line' id='line_1_27' title="bbox 126 1209 925 1246; baseline 0.003 -10"><span class='ocrx_word' id='word_1_175' title='bbox 126 1211 153 1236; x_wconf 79' lang='grc' dir='ltr'>ει</span> <span class='ocrx_word' id='word_1_176' title='bbox 173 1209 214 1245; x_wconf 84' lang='grc' dir='ltr'><strong>μὴ</strong></span> <span class='ocrx_word' id='word_1_177' title='bbox 226 1210 364 1244; x_wconf 66' lang='grc' dir='ltr'>ὁργὲζοιτο</span> <span class='ocrx_word' id='word_1_178' title='bbox 377 1213 439 1245; x_wconf 64' lang='grc' dir='ltr'>περὲ</span> <span class='ocrx_word' id='word_1_179' title='bbox 452 1211 506 1238; x_wconf 82' lang='grc' dir='ltr'>τῶν</span> <span class='ocrx_word' id='word_1_180' title='bbox 518 1212 682 1246; x_wconf 71' lang='grc' dir='ltr'><strong>γινομένων.</strong></span> <span class='ocrx_word' id='word_1_181' title='bbox 704 1211 925 1246; x_wconf 52' lang='grc' dir='ltr'>Ἐκχαλυψοῆναι</span> 
     </span>
    </p>
   </div>
   <div class='ocr_carea' id='block_1_28' title="bbox 126 1255 926 1291">
    <p class='ocr_par' dir='ltr' id='par_1_28' title="bbox 126 1255 926 1291">
     <span class='ocr_line' id='line_1_28' title="bbox 126 1255 926 1291; baseline 0.004 -10"><span class='ocrx_word' id='word_1_182' title='bbox 126 1255 157 1281; x_wconf 81' lang='grc' dir='ltr'><strong>δὲ</strong></span> <span class='ocrx_word' id='word_1_183' title='bbox 188 1255 267 1290; x_wconf 81' lang='grc' dir='ltr'>αὐτῷ</span> <span class='ocrx_word' id='word_1_184' title='bbox 296 1256 371 1291; x_wconf 72' lang='grc' dir='ltr'>παρὰ</span> <span class='ocrx_word' id='word_1_185' title='bbox 396 1256 444 1282; x_wconf 81' lang='grc' dir='ltr'>τοῦ</span> <span class='ocrx_word' id='word_1_186' title='bbox 470 1257 626 1291; x_wconf 84' lang='grc' dir='ltr'>πνεύματος</span> <span class='ocrx_word' id='word_1_187' title='bbox 651 1258 692 1284; x_wconf 79' lang='grc' dir='ltr'>ὅτι</span> <span class='ocrx_word' id='word_1_188' title='bbox 719 1257 779 1284; x_wconf 76' lang='grc' dir='ltr'>κατ’</span> <span class='ocrx_word' id='word_1_189' title='bbox 803 1257 926 1285; x_wconf 72' lang='grc' dir='ltr'>εὐδοκίαν</span> 
     </span>
    </p>
   </div>
   <div class='ocr_carea' id='block_1_29' title="bbox 131 1299 925 1336">
    <p class='ocr_par' dir='ltr' id='par_1_29' title="bbox 131 1299 925 1336">
     <span class='ocr_line' id='line_1_29' title="bbox 131 1299 925 1336; baseline 0.004 -10"><span class='ocrx_word' id='word_1_190' title='bbox 131 1301 243 1334; x_wconf 78' lang='grc' dir='ltr'>μᾶλλον</span> <span class='ocrx_word' id='word_1_191' title='bbox 258 1301 302 1336; x_wconf 77' lang='grc' dir='ltr'>εἴη</span> <span class='ocrx_word' id='word_1_192' title='bbox 327 1301 357 1328; x_wconf 74' lang='grc' dir='ltr'>τὸ</span> <span class='ocrx_word' id='word_1_193' title='bbox 383 1301 538 1336; x_wconf 74' lang='grc' dir='ltr'><strong>βασιλεύειν</strong></span> <span class='ocrx_word' id='word_1_194' title='bbox 562 1302 801 1336; x_wconf 75' lang='grc' dir='ltr'>Καντακουζηνὺν,</span> <span class='ocrx_word' id='word_1_195' title='bbox 831 1299 853 1336; x_wconf 85' lang='grc' dir='ltr'>ᾧ</span> <span class='ocrx_word' id='word_1_196' title='bbox 879 1304 925 1330; x_wconf 77' lang='grc' dir='ltr'><strong>καὶ</strong></span> 
     </span>
    </p>
   </div>
   <div class='ocr_carea' id='block_1_30' title="bbox 129 1347 926 1383">
    <p class='ocr_par' dir='ltr' id='par_1_30' title="bbox 129 1347 926 1383">
     <span class='ocr_line' id='line_1_30' title="bbox 129 1347 926 1383; baseline 0.004 -11"><span class='ocrx_word' id='word_1_197' title='bbox 129 1347 288 1374; x_wconf 77' lang='grc' dir='ltr'>πεισθέντα</span> <span class='ocrx_word' id='word_1_198' title='bbox 312 1348 360 1374; x_wconf 67' lang='grc' dir='ltr'>καὶ</span> <span class='ocrx_word' id='word_1_199' title='bbox 383 1348 474 1376; x_wconf 80' lang='grc' dir='ltr'>πᾶσαν</span> <span class='ocrx_word' id='word_1_200' title='bbox 502 1348 670 1383; x_wconf 74' lang='grc' dir='ltr'>ἀμφιϐολίαν</span> <span class='ocrx_word' id='word_1_201' title='bbox 697 1349 870 1382; x_wconf 75' lang='grc' dir='ltr'>ἀποθέμενον</span> <span class='ocrx_word' id='word_1_202' title='bbox 897 1349 926 1375; x_wconf 75' lang='grc' dir='ltr'>ὲν</span> 
     </span>
    </p>
   </div>
   <div class='ocr_carea' id='block_1_31' title="bbox 127 1394 924 1430">
    <p class='ocr_par' dir='ltr' id='par_1_31' title="bbox 127 1394 924 1430">
     <span class='ocr_line' id='line_1_31' title="bbox 127 1394 924 1430; baseline 0.001 -10"><span class='ocrx_word' id='word_1_203' title='bbox 127 1394 322 1430; x_wconf 84' lang='grc' dir='ltr'>Διδυμοτείχῳ</span> <span class='ocrx_word' id='word_1_204' title='bbox 339 1396 432 1430; x_wconf 89' lang='grc' dir='ltr'>μένειν</span> <span class='ocrx_word' id='word_1_205' title='bbox 449 1396 482 1430; x_wconf 87' lang='grc' dir='ltr'>τῇ</span> <span class='ocrx_word' id='word_1_206' title='bbox 502 1395 630 1430; x_wconf 83' lang='grc' dir='ltr'>βουλήσει</span> <span class='ocrx_word' id='word_1_207' title='bbox 646 1395 692 1422; x_wconf 69' lang='grc' dir='ltr'>τοῦ</span> <span class='ocrx_word' id='word_1_208' title='bbox 709 1395 778 1421; x_wconf 79' lang='grc' dir='ltr'>Θεοῦ</span> <span class='ocrx_word' id='word_1_209' title='bbox 797 1395 924 1430; x_wconf 73' lang='grc' dir='ltr'>συναιρὸ·</span> 
     </span>
    </p>
   </div>
   <div class='ocr_carea' id='block_1_32' title="bbox 131 1440 923 1475">
    <p class='ocr_par' dir='ltr' id='par_1_32' title="bbox 131 1440 923 1475">
     <span class='ocr_line' id='line_1_32' title="bbox 131 1440 923 1475; baseline 0 -10"><span class='ocrx_word' id='word_1_210' title='bbox 131 1448 219 1473; x_wconf 79' lang='grc' dir='ltr'>μενον</span> <span class='ocrx_word' id='word_1_211' title='bbox 236 1441 269 1466; x_wconf 76' lang='grc' dir='ltr'>τὰ</span> <span class='ocrx_word' id='word_1_212' title='bbox 285 1440 397 1467; x_wconf 77' lang='grc' dir='ltr'>δυνατὸ.</span> <span class='ocrx_word' id='word_1_213' title='bbox 412 1440 449 1466; x_wconf 76' lang='lat'><strong>0-3</strong></span> <span class='ocrx_word' id='word_1_214' title='bbox 465 1441 520 1474; x_wconf 76' lang='grc' dir='ltr'>γὰρ</span> <span class='ocrx_word' id='word_1_215' title='bbox 534 1440 566 1467; x_wconf 80' lang='grc' dir='ltr'>ἄν</span> <span class='ocrx_word' id='word_1_216' title='bbox 581 1449 622 1472; x_wconf 85' lang='grc' dir='ltr'><strong>τις</strong></span> <span class='ocrx_word' id='word_1_217' title='bbox 644 1440 726 1467; x_wconf 75' lang='grc' dir='ltr'>αὐτοῦ</span> <span class='ocrx_word' id='word_1_218' title='bbox 745 1441 923 1475; x_wconf 48' lang='lat' dir='ltr'><strong>unm-opem,</strong></span> 
     </span>
    </p>
   </div>
   <div class='ocr_carea' id='block_1_33' title="bbox 130 1485 925 1521">
    <p class='ocr_par' dir='ltr' id='par_1_33' title="bbox 130 1485 925 1521">
     <span class='ocr_line' id='line_1_33' title="bbox 130 1485 925 1521; baseline -0.001 -9"><span class='ocrx_word' id='word_1_219' title='bbox 130 1485 174 1512; x_wconf 82' lang='grc' dir='ltr'>ὅτι</span> <span class='ocrx_word' id='word_1_220' title='bbox 190 1485 248 1512; x_wconf 86' lang='grc' dir='ltr'><strong>τῶν</strong></span> <span class='ocrx_word' id='word_1_221' title='bbox 264 1486 293 1511; x_wconf 84' lang='grc' dir='ltr'>ἐν</span> <span class='ocrx_word' id='word_1_222' title='bbox 308 1485 347 1520; x_wconf 84' lang='grc' dir='ltr'><strong>τῷ</strong></span> <span class='ocrx_word' id='word_1_223' title='bbox 362 1486 476 1521; x_wconf 82' lang='grc' dir='ltr'>παρόντι</span> <span class='ocrx_word' id='word_1_224' title='bbox 493 1486 543 1521; x_wconf 77' lang='grc' dir='ltr'><strong>βῖῳ</strong></span> <span class='ocrx_word' id='word_1_225' title='bbox 563 1486 636 1517; x_wconf 60' lang='grc' dir='ltr'>τινος</span> <span class='ocrx_word' id='word_1_226' title='bbox 653 1486 740 1512; x_wconf 81' lang='grc' dir='ltr'>δέοιτο</span> <span class='ocrx_word' id='word_1_227' title='bbox 757 1486 832 1520; x_wconf 73' lang='grc' dir='ltr'>παρὰ</span> <span class='ocrx_word' id='word_1_228' title='bbox 849 1486 925 1520; x_wconf 59' lang='grc' dir='ltr'>βλσι-</span> 
     </span>
    </p>
   </div>
   <div class='ocr_carea' id='block_1_34' title="bbox 129 1531 960 1579">
    <p class='ocr_par' dir='ltr' id='par_1_34' title="bbox 129 1531 960 1579">
     <span class='ocr_line' id='line_1_34' title="bbox 129 1531 960 1579; baseline 0.002 -21"><span class='ocrx_word' id='word_1_229' title='bbox 129 1531 203 1564; x_wconf 85' lang='grc' dir='ltr'>λέως</span> <span class='ocrx_word' id='word_1_230' title='bbox 216 1540 224 1548; x_wconf 91' lang='grc'><strong>·</strong></span> <span class='ocrx_word' id='word_1_231' title='bbox 238 1532 300 1559; x_wconf 73' lang='grc' dir='ltr'>οὔτε</span> <span class='ocrx_word' id='word_1_232' title='bbox 321 1533 377 1568; x_wconf 69' lang='grc' dir='ltr'>γὰρ</span> <span class='ocrx_word' id='word_1_233' title='bbox 399 1533 543 1569; x_wconf 71' lang='grc' dir='ltr'>πρότερον,</span> <span class='ocrx_word' id='word_1_234' title='bbox 562 1531 624 1560; x_wconf 72' lang='grc' dir='ltr'>οὔτε</span> <span class='ocrx_word' id='word_1_235' title='bbox 639 1536 719 1576; x_wconf 73' lang='grc' dir='ltr'>μέχρι</span> <span class='ocrx_word' id='word_1_236' title='bbox 740 1533 787 1559; x_wconf 82' lang='grc' dir='ltr'>νῦν</span> <span class='ocrx_word' id='word_1_237' title='bbox 803 1534 924 1560; x_wconf 70' lang='grc' dir='ltr'>τοιούτου</span> <span class='ocrx_word' id='word_1_238' title='bbox 940 1551 960 1579; x_wconf 79' lang='lat' dir='ltr'>c</span> 
     </span>
    </p>
   </div>
   <div class='ocr_carea' id='block_1_35' title="bbox 132 1579 926 1615">
    <p class='ocr_par' dir='ltr' id='par_1_35' title="bbox 132 1579 926 1615">
     <span class='ocr_line' id='line_1_35' title="bbox 132 1579 926 1615; baseline 0.003 -11"><span class='ocrx_word' id='word_1_239' title='bbox 132 1579 212 1610; x_wconf 67' lang='lat' dir='ltr'><strong>ma;</strong></span> <span class='ocrx_word' id='word_1_240' title='bbox 232 1580 307 1614; x_wconf 83' lang='grc' dir='ltr'>παρά</span> <span class='ocrx_word' id='word_1_241' title='bbox 315 1588 388 1611; x_wconf 85' lang='grc' dir='ltr'>τινος</span> <span class='ocrx_word' id='word_1_242' title='bbox 403 1579 512 1615; x_wconf 77' lang='grc' dir='ltr'><strong>ἐδεήθη·</strong></span> <span class='ocrx_word' id='word_1_243' title='bbox 530 1580 577 1606; x_wconf 74' lang='grc' dir='ltr'>καὶ</span> <span class='ocrx_word' id='word_1_244' title='bbox 595 1581 687 1611; x_wconf 83' lang='grc' dir='ltr'>αὐτοῖς</span> <span class='ocrx_word' id='word_1_245' title='bbox 707 1580 851 1614; x_wconf 80' lang='grc' dir='ltr'>παραινεῖν</span> <span class='ocrx_word' id='word_1_246' title='bbox 866 1580 926 1613; x_wconf 62' lang='grc' dir='ltr'>νρνὶ</span> 
     </span>
    </p>
   </div>
   <div class='ocr_carea' id='block_1_36' title="bbox 132 1624 924 1660">
    <p class='ocr_par' dir='ltr' id='par_1_36' title="bbox 132 1624 924 1660">
     <span class='ocr_line' id='line_1_36' title="bbox 132 1624 924 1660; baseline 0.003 -11"><span class='ocrx_word' id='word_1_247' title='bbox 132 1624 272 1655; x_wconf 86' lang='grc' dir='ltr'>γενναίως</span> <span class='ocrx_word' id='word_1_248' title='bbox 289 1624 414 1651; x_wconf 78' lang='grc' dir='ltr'>ἵστασθαι</span> <span class='ocrx_word' id='word_1_249' title='bbox 431 1625 499 1660; x_wconf 79' lang='grc' dir='ltr'>πρὸς</span> <span class='ocrx_word' id='word_1_250' title='bbox 514 1625 567 1651; x_wconf 85' lang='grc' dir='ltr'><strong>τῶν</strong></span> <span class='ocrx_word' id='word_1_251' title='bbox 589 1625 685 1651; x_wconf 79' lang='grc' dir='ltr'>δεινῶν</span> <span class='ocrx_word' id='word_1_252' title='bbox 700 1626 748 1656; x_wconf 76' lang='grc' dir='ltr'>τὰς</span> <span class='ocrx_word' id='word_1_253' title='bbox 765 1625 924 1658; x_wconf 60' lang='grc' dir='ltr'>ἐπαγωγὰς,</span> 
     </span>
    </p>
   </div>
   <div class='ocr_carea' id='block_1_37' title="bbox 132 1669 927 1706">
    <p class='ocr_par' dir='ltr' id='par_1_37' title="bbox 132 1669 927 1706">
     <span class='ocr_line' id='line_1_37' title="bbox 132 1669 927 1706; baseline 0 -10"><span class='ocrx_word' id='word_1_254' title='bbox 132 1669 172 1701; x_wconf 85' lang='grc' dir='ltr'>ὡς</span> <span class='ocrx_word' id='word_1_255' title='bbox 203 1670 236 1696; x_wconf 82' lang='grc' dir='ltr'>οὗ</span> <span class='ocrx_word' id='word_1_256' title='bbox 263 1670 345 1705; x_wconf 86' lang='grc' dir='ltr'>μέχρι</span> <span class='ocrx_word' id='word_1_257' title='bbox 372 1670 470 1697; x_wconf 85' lang='grc' dir='ltr'>πολλοῦ</span> <span class='ocrx_word' id='word_1_258' title='bbox 492 1679 565 1702; x_wconf 82' lang='grc' dir='ltr'>τινος</span> <span class='ocrx_word' id='word_1_259' title='bbox 589 1671 732 1705; x_wconf 81' lang='grc' dir='ltr'>ἐσομένας,</span> <span class='ocrx_word' id='word_1_260' title='bbox 761 1670 819 1697; x_wconf 85' lang='grc' dir='ltr'>ἀλλ’</span> <span class='ocrx_word' id='word_1_261' title='bbox 844 1670 927 1706; x_wconf 77' lang='grc' dir='ltr'>ὀλίγῳ</span> 
     </span>
    </p>
   </div>
   <div class='ocr_carea' id='block_1_38' title="bbox 133 1714 925 1751">
    <p class='ocr_par' dir='ltr' id='par_1_38' title="bbox 133 1714 925 1751">
     <span class='ocr_line' id='line_1_38' title="bbox 133 1714 925 1751; baseline 0 -9"><span class='ocrx_word' id='word_1_262' title='bbox 133 1714 254 1750; x_wconf 72' lang='grc' dir='ltr'>ὕστερον</span> <span class='ocrx_word' id='word_1_263' title='bbox 273 1716 462 1751; x_wconf 76' lang='grc' dir='ltr'>λυθησομένας</span> <span class='ocrx_word' id='word_1_264' title='bbox 489 1716 570 1743; x_wconf 84' lang='grc' dir='ltr'>ἵλεων</span> <span class='ocrx_word' id='word_1_265' title='bbox 601 1717 695 1747; x_wconf 78' lang='grc' dir='ltr'>αὐτοῖς</span> <span class='ocrx_word' id='word_1_266' title='bbox 726 1716 925 1750; x_wconf 79' lang='grc' dir='ltr'>ὲπιῦλέψαντος</span> 
     </span>
    </p>
   </div>
   <div class='ocr_carea' id='block_1_39' title="bbox 136 1761 926 1798">
    <p class='ocr_par' dir='ltr' id='par_1_39' title="bbox 136 1761 926 1798">
     <span class='ocr_line' id='line_1_39' title="bbox 136 1761 926 1798; baseline 0 -10"><span class='ocrx_word' id='word_1_267' title='bbox 136 1761 303 1793; x_wconf 81' lang='grc' dir='ltr'>Θεοῦ-τοὺς</span> <span class='ocrx_word' id='word_1_268' title='bbox 323 1763 377 1798; x_wconf 76' lang='grc' dir='ltr'><strong>γὰρ</strong></span> <span class='ocrx_word' id='word_1_269' title='bbox 401 1762 616 1797; x_wconf 78' lang='grc' dir='ltr'>πολιορκοῦντας</span> <span class='ocrx_word' id='word_1_270' title='bbox 638 1762 744 1794; x_wconf 75' lang='grc' dir='ltr'>τούτοις</span> <span class='ocrx_word' id='word_1_271' title='bbox 760 1763 869 1793; x_wconf 83' lang='grc' dir='ltr'>Μυσοὺς</span> <span class='ocrx_word' id='word_1_272' title='bbox 897 1763 926 1788; x_wconf 84' lang='grc' dir='ltr'>ὲν</span> 
     </span>
    </p>
   </div>
   <div class='ocr_carea' id='block_1_40' title="bbox 135 1808 928 1844">
    <p class='ocr_par' dir='ltr' id='par_1_40' title="bbox 135 1808 928 1844">
     <span class='ocr_line' id='line_1_40' title="bbox 135 1808 928 1844; baseline 0 -10"><span class='ocrx_word' id='word_1_273' title='bbox 135 1808 317 1844; x_wconf 75' lang='grc' dir='ltr'>προσχήματι</span> <span class='ocrx_word' id='word_1_274' title='bbox 333 1809 424 1843; x_wconf 79' lang='grc' dir='ltr'>φιλίας</span> <span class='ocrx_word' id='word_1_275' title='bbox 434 1808 482 1835; x_wconf 75' lang='grc' dir='ltr'>καὶ</span> <span class='ocrx_word' id='word_1_276' title='bbox 493 1809 542 1844; x_wconf 84' lang='grc' dir='ltr'>τὴν</span> <span class='ocrx_word' id='word_1_277' title='bbox 553 1808 695 1844; x_wconf 75' lang='grc' dir='ltr'>παροῦσαν</span> <span class='ocrx_word' id='word_1_278' title='bbox 707 1810 810 1836; x_wconf 82' lang='grc' dir='ltr'>ἔνδειαν</span> <span class='ocrx_word' id='word_1_279' title='bbox 823 1809 928 1842; x_wconf 76' lang='grc' dir='ltr'>ἐπαγα-</span> 
     </span>
    </p>
   </div>
   <div class='ocr_carea' id='block_1_41' title="bbox 134 1854 927 1890">
    <p class='ocr_par' dir='ltr' id='par_1_41' title="bbox 134 1854 927 1890">
     <span class='ocr_line' id='line_1_41' title="bbox 134 1854 927 1890; baseline 0 -10"><span class='ocrx_word' id='word_1_280' title='bbox 134 1854 240 1888; x_wconf 80' lang='grc' dir='ltr'>γόντας</span> <span class='ocrx_word' id='word_1_281' title='bbox 264 1855 293 1880; x_wconf 82' lang='grc' dir='ltr'>ὲν</span> <span class='ocrx_word' id='word_1_282' title='bbox 319 1855 390 1881; x_wconf 75' lang='grc' dir='ltr'><strong>ἑπτὰ</strong></span> <span class='ocrx_word' id='word_1_283' title='bbox 416 1856 477 1886; x_wconf 81' lang='grc' dir='ltr'>ταῖς</span> <span class='ocrx_word' id='word_1_284' title='bbox 500 1855 648 1889; x_wconf 73' lang='grc' dir='ltr'>ἐσομέναις</span> <span class='ocrx_word' id='word_1_285' title='bbox 665 1854 784 1889; x_wconf 80' lang='grc' dir='ltr'>μάλιστα</span> <span class='ocrx_word' id='word_1_286' title='bbox 809 1854 927 1890; x_wconf 79' lang='grc' dir='ltr'>ἡμέραις</span> 
     </span>
    </p>
   </div>
   <div class='ocr_carea' id='block_1_42' title="bbox 137 1899 925 1936">
    <p class='ocr_par' dir='ltr' id='par_1_42' title="bbox 137 1899 925 1936">
     <span class='ocr_line' id='line_1_42' title="bbox 137 1899 925 1936; baseline 0.001 -11"><span class='ocrx_word' id='word_1_287' title='bbox 137 1899 352 1935; x_wconf 81' lang='grc' dir='ltr'>συμπατοῦντας</span> <span class='ocrx_word' id='word_1_288' title='bbox 365 1900 464 1936; x_wconf 68' lang='grc' dir='ltr'>ὄψεσθε</span> <span class='ocrx_word' id='word_1_289' title='bbox 479 1900 622 1935; x_wconf 78' lang='grc' dir='ltr'>ἀλλήλους,</span> <span class='ocrx_word' id='word_1_290' title='bbox 634 1900 682 1927; x_wconf 79' lang='grc' dir='ltr'>καὶ</span> <span class='ocrx_word' id='word_1_291' title='bbox 692 1902 763 1935; x_wconf 76' lang='grc' dir='ltr'>φυγῇ</span> <span class='ocrx_word' id='word_1_292' title='bbox 774 1901 824 1936; x_wconf 74' lang='grc' dir='ltr'>τὴν</span> <span class='ocrx_word' id='word_1_293' title='bbox 837 1909 925 1936; x_wconf 85' lang='grc' dir='ltr'>σωτη-</span> 
     </span>
    </p>
   </div>
   <div class='ocr_carea' id='block_1_43' title="bbox 137 1947 926 1982">
    <p class='ocr_par' dir='ltr' id='par_1_43' title="bbox 137 1947 926 1982">
     <span class='ocr_line' id='line_1_43' title="bbox 137 1947 926 1982; baseline 0.001 -9"><span class='ocrx_word' id='word_1_294' title='bbox 137 1947 201 1981; x_wconf 80' lang='grc' dir='ltr'>ρίαν</span> <span class='ocrx_word' id='word_1_295' title='bbox 220 1947 431 1982; x_wconf 76' lang='grc' dir='ltr'>ποριζομένους,</span> <span class='ocrx_word' id='word_1_296' title='bbox 455 1948 503 1974; x_wconf 73' lang='grc' dir='ltr'>καὶ</span> <span class='ocrx_word' id='word_1_297' title='bbox 521 1947 574 1974; x_wconf 84' lang='grc' dir='ltr'><strong>τῶν</strong></span> <span class='ocrx_word' id='word_1_298' title='bbox 595 1947 783 1982; x_wconf 80' lang='grc' dir='ltr'>περισχόντων</span> <span class='ocrx_word' id='word_1_299' title='bbox 804 1947 926 1975; x_wconf 79' lang='grc' dir='ltr'>ἀπαλλά-</span> 
     </span>
    </p>
   </div>
   <div class='ocr_carea' id='block_1_44' title="bbox 137 1991 927 2028">
    <p class='ocr_par' dir='ltr' id='par_1_44' title="bbox 137 1991 927 2028">
     <span class='ocr_line' id='line_1_44' title="bbox 137 1991 927 2028; baseline 0.003 -10"><span class='ocrx_word' id='word_1_300' title='bbox 137 1992 220 2025; x_wconf 78' lang='grc' dir='ltr'>ξεσοε</span> <span class='ocrx_word' id='word_1_301' title='bbox 244 1993 349 2019; x_wconf 81' lang='grc' dir='ltr'>δεινῶν.</span> <span class='ocrx_word' id='word_1_302' title='bbox 379 1993 408 2019; x_wconf 91' lang='grc'><strong>’0</strong></span> <span class='ocrx_word' id='word_1_303' title='bbox 434 1993 483 2028; x_wconf 73' lang='grc' dir='ltr'><strong>μὲν</strong></span> <span class='ocrx_word' id='word_1_304' title='bbox 504 1991 552 2020; x_wconf 73' lang='grc' dir='ltr'><strong>οὖν</strong></span> <span class='ocrx_word' id='word_1_305' title='bbox 581 1992 785 2028; x_wconf 82' lang='grc' dir='ltr'>μητροπολίτης</span> <span class='ocrx_word' id='word_1_306' title='bbox 814 1992 927 2020; x_wconf 82' lang='grc' dir='ltr'>τοιαῦτα</span> 
     </span>
    </p>
   </div>
   <div class='ocr_carea' id='block_1_45' title="bbox 137 2035 928 2074">
    <p class='ocr_par' dir='ltr' id='par_1_45' title="bbox 137 2035 928 2074">
     <span class='ocr_line' id='line_1_45' title="bbox 137 2035 928 2074; baseline 0.003 -11"><span class='ocrx_word' id='word_1_307' title='bbox 137 2035 215 2068; x_wconf 82' lang='grc' dir='ltr'>εἶπε,</span> <span class='ocrx_word' id='word_1_308' title='bbox 236 2039 303 2064; x_wconf 81' lang='grc' dir='ltr'>πᾶσι</span> <span class='ocrx_word' id='word_1_309' title='bbox 320 2038 347 2065; x_wconf 73' lang='grc' dir='ltr'><strong>δὲ</strong></span> <span class='ocrx_word' id='word_1_310' title='bbox 364 2038 446 2070; x_wconf 77' lang='grc' dir='ltr'>εὐθὺς</span> <span class='ocrx_word' id='word_1_311' title='bbox 464 2038 566 2073; x_wconf 79' lang='grc' dir='ltr'>ἐπῆλθε</span> <span class='ocrx_word' id='word_1_312' title='bbox 583 2039 680 2073; x_wconf 72' lang='grc' dir='ltr'>βελτίω</span> <span class='ocrx_word' id='word_1_313' title='bbox 696 2039 861 2074; x_wconf 81' lang='grc' dir='ltr'>προσδοκᾷν,</span> <span class='ocrx_word' id='word_1_314' title='bbox 881 2039 928 2066; x_wconf 74' lang='grc' dir='ltr'><strong>καὶ</strong></span> 
     </span>
    </p>
   </div>
   <div class='ocr_carea' id='block_1_46' title="bbox 137 2082 929 2119">
    <p class='ocr_par' dir='ltr' id='par_1_46' title="bbox 137 2082 929 2119">
     <span class='ocr_line' id='line_1_46' title="bbox 137 2082 929 2119; baseline 0.003 -11"><span class='ocrx_word' id='word_1_315' title='bbox 137 2083 190 2116; x_wconf 81' lang='grc' dir='ltr'>τῆς</span> <span class='ocrx_word' id='word_1_316' title='bbox 211 2082 332 2117; x_wconf 82' lang='grc' dir='ltr'>ἀθυμίας</span> <span class='ocrx_word' id='word_1_317' title='bbox 352 2083 567 2118; x_wconf 71' lang='grc' dir='ltr'>ἀπηλλάττοντο.</span> <span class='ocrx_word' id='word_1_318' title='bbox 589 2083 707 2119; x_wconf 77' lang='grc' dir='ltr'>’ῌδεσαν</span> <span class='ocrx_word' id='word_1_319' title='bbox 724 2083 779 2118; x_wconf 77' lang='grc' dir='ltr'>γὰρ</span> <span class='ocrx_word' id='word_1_320' title='bbox 797 2084 878 2111; x_wconf 76' lang='grc' dir='ltr'>αὑτὸν</span> <span class='ocrx_word' id='word_1_321' title='bbox 895 2083 929 2110; x_wconf 80' lang='grc' dir='ltr'>τὰ</span> 
     </span>
    </p>
   </div>
   <div class='ocr_carea' id='block_1_47' title="bbox 139 2127 926 2166">
    <p class='ocr_par' dir='ltr' id='par_1_47' title="bbox 139 2127 926 2166">
     <span class='ocr_line' id='line_1_47' title="bbox 139 2127 926 2166; baseline 0.004 -12"><span class='ocrx_word' id='word_1_322' title='bbox 139 2127 275 2162; x_wconf 83' lang='grc' dir='ltr'>μέλλοντα</span> <span class='ocrx_word' id='word_1_323' title='bbox 287 2129 387 2155; x_wconf 82' lang='grc' dir='ltr'>ειδέναι</span> <span class='ocrx_word' id='word_1_324' title='bbox 400 2130 512 2164; x_wconf 79' lang='grc' dir='ltr'>μᾶλλον,</span> <span class='ocrx_word' id='word_1_325' title='bbox 525 2130 586 2166; x_wconf 78' lang='grc' dir='ltr'><strong>ἦτὰ</strong></span> <span class='ocrx_word' id='word_1_326' title='bbox 596 2129 804 2165; x_wconf 75' lang='grc' dir='ltr'>παρεληλυθότα</span> <span class='ocrx_word' id='word_1_327' title='bbox 815 2129 858 2156; x_wconf 78' lang='grc' dir='ltr'>ἓτε</span> <span class='ocrx_word' id='word_1_328' title='bbox 864 2139 909 2165; x_wconf 86' lang='grc' dir='ltr'><strong>ρον</strong></span> <span class='ocrx_word' id='word_1_329' title='bbox 918 2151 926 2162; x_wconf 90' lang='grc'>,</span> 
     </span>
    </p>
   </div>
   <div class='ocr_carea' id='block_1_48' title="bbox 139 2175 928 2211">
    <p class='ocr_par' dir='ltr' id='par_1_48' title="bbox 139 2175 928 2211">
     <span class='ocr_line' id='line_1_48' title="bbox 139 2175 928 2211; baseline 0.001 -11"><span class='ocrx_word' id='word_1_330' title='bbox 139 2176 189 2202; x_wconf 66' lang='grc' dir='ltr'><strong>καὶ</strong></span> <span class='ocrx_word' id='word_1_331' title='bbox 201 2175 237 2206; x_wconf 72' lang='grc' dir='ltr'>ὼς</span> <span class='ocrx_word' id='word_1_332' title='bbox 252 2176 454 2210; x_wconf 67' lang='grc' dir='ltr'>προφητεύοντι</span> <span class='ocrx_word' id='word_1_333' title='bbox 471 2177 616 2211; x_wconf 78' lang='grc' dir='ltr'>προσ-εἶχον</span> <span class='ocrx_word' id='word_1_334' title='bbox 628 2176 762 2211; x_wconf 84' lang='grc' dir='ltr'>φανερῶς.</span> <span class='ocrx_word' id='word_1_335' title='bbox 775 2176 928 2211; x_wconf 79' lang='grc' dir='ltr'>Διηπόρουν</span> 
     </span>
    </p>
   </div>
   <div class='ocr_carea' id='block_1_49' title="bbox 979 245 1759 287">
    <p class='ocr_par' dir='ltr' id='par_1_49' title="bbox 979 245 1759 287">
     <span class='ocr_line' id='line_1_49' title="bbox 979 245 1759 287; baseline 0.003 -16"><span class='ocrx_word' id='word_1_336' title='bbox 979 245 1105 272; x_wconf 83' lang='lat' dir='ltr'><strong>miscri’as</strong></span> <span class='ocrx_word' id='word_1_337' title='bbox 1119 251 1200 280; x_wconf 84' lang='lat' dir='ltr'><strong>alque</strong></span> <span class='ocrx_word' id='word_1_338' title='bbox 1220 245 1311 272; x_wconf 81' lang='lat' dir='ltr'><strong>clades</strong></span> <span class='ocrx_word' id='word_1_339' title='bbox 1327 246 1410 272; x_wconf 85' lang='lat' dir='ltr'><strong>Deum</strong></span> <span class='ocrx_word' id='word_1_340' title='bbox 1427 247 1587 281; x_wconf 73' lang='lat' dir='ltr'><strong>permittere</strong></span> <span class='ocrx_word' id='word_1_341' title='bbox 1598 267 1604 277; x_wconf 86' lang='lat'><strong>,</strong></span> <span class='ocrx_word' id='word_1_342' title='bbox 1620 250 1759 287; x_wconf 50' lang='lat' dir='ltr'><strong>ut.eorum</strong></span> 
     </span>
    </p>
   </div>
   <div class='ocr_carea' id='block_1_50' title="bbox 979 290 1760 327">
    <p class='ocr_par' dir='ltr' id='par_1_50' title="bbox 979 290 1760 327">
     <span class='ocr_line' id='line_1_50' title="bbox 979 290 1760 327; baseline 0.001 -11"><span class='ocrx_word' id='word_1_343' title='bbox 979 296 1044 325; x_wconf 77' lang='lat' dir='ltr'><strong>erga</strong></span> <span class='ocrx_word' id='word_1_344' title='bbox 1062 290 1256 325; x_wconf 87' lang='lat' dir='ltr'><strong>imperatorem</strong></span> <span class='ocrx_word' id='word_1_345' title='bbox 1273 298 1350 318; x_wconf 86' lang='lat' dir='ltr'><strong>amor</strong></span> <span class='ocrx_word' id='word_1_346' title='bbox 1367 291 1587 327; x_wconf 82' lang='lat' dir='ltr'><strong>illustretnr,qui</strong></span> <span class='ocrx_word' id='word_1_347' title='bbox 1603 292 1760 326; x_wconf 80' lang='lat' dir='ltr'><strong>propediem</strong></span> 
     </span>
    </p>
   </div>
   <div class='ocr_carea' id='block_1_51' title="bbox 975 340 1763 374">
    <p class='ocr_par' dir='ltr' id='par_1_51' title="bbox 975 340 1763 374">
     <span class='ocr_line' id='line_1_51' title="bbox 975 340 1763 374; baseline 0.006 -13"><span class='ocrx_word' id='word_1_348' title='bbox 975 341 1109 362; x_wconf 76' lang='lat' dir='ltr'><strong>venturus</strong></span> <span class='ocrx_word' id='word_1_349' title='bbox 1135 340 1162 363; x_wconf 87' lang='lat' dir='ltr'><strong>et</strong></span> <span class='ocrx_word' id='word_1_350' title='bbox 1184 345 1232 371; x_wconf 89' lang='lat' dir='ltr'><strong>pro</strong></span> <span class='ocrx_word' id='word_1_351' title='bbox 1249 344 1282 364; x_wconf 92' lang='lat' dir='ltr'><strong>eo</strong></span> <span class='ocrx_word' id='word_1_352' title='bbox 1310 345 1341 364; x_wconf 82' lang='lat' dir='ltr'><strong>ac</strong></span> <span class='ocrx_word' id='word_1_353' title='bbox 1367 343 1515 371; x_wconf 87' lang='lat' dir='ltr'><strong>mereatur,</strong></span> <span class='ocrx_word' id='word_1_354' title='bbox 1540 346 1763 374; x_wconf 76' lang='lat' dir='ltr'><strong>unumquemque</strong></span> 
     </span>
    </p>
   </div>
   <div class='ocr_carea' id='block_1_52' title="bbox 975 383 1763 419">
    <p class='ocr_par' dir='ltr' id='par_1_52' title="bbox 975 383 1763 419">
     <span class='ocr_line' id='line_1_52' title="bbox 975 383 1763 419; baseline 0.006 -12"><span class='ocrx_word' id='word_1_355' title='bbox 975 387 1202 410; x_wconf 87' lang='lat' dir='ltr'><strong>remuneraturus</strong></span> <span class='ocrx_word' id='word_1_356' title='bbox 1218 383 1262 410; x_wconf 97' lang='lat' dir='ltr'><strong>sit.</strong></span> <span class='ocrx_word' id='word_1_357' title='bbox 1282 383 1342 411; x_wconf 87' lang='lat' dir='ltr'><strong>Non</strong></span> <span class='ocrx_word' id='word_1_358' title='bbox 1355 384 1427 411; x_wconf 91' lang='lat' dir='ltr'><strong>enim</strong></span> <span class='ocrx_word' id='word_1_359' title='bbox 1445 385 1607 419; x_wconf 86' lang='lat' dir='ltr'><strong>putandum,</strong></span> <span class='ocrx_word' id='word_1_360' title='bbox 1626 393 1689 412; x_wconf 87' lang='lat' dir='ltr'><strong>eum</strong></span> <span class='ocrx_word' id='word_1_361' title='bbox 1708 385 1763 413; x_wconf 88' lang='lat' dir='ltr'><strong>Deo</strong></span> 
     </span>
    </p>
   </div>
   <div class='ocr_carea' id='block_1_53' title="bbox 975 428 1764 466">
    <p class='ocr_par' dir='ltr' id='par_1_53' title="bbox 975 428 1764 466">
     <span class='ocr_line' id='line_1_53' title="bbox 975 428 1764 466; baseline 0.004 -12"><span class='ocrx_word' id='word_1_362' title='bbox 975 428 1087 455; x_wconf 89' lang='lat' dir='ltr'><strong>nolente</strong></span> <span class='ocrx_word' id='word_1_363' title='bbox 1114 429 1249 464; x_wconf 78' lang='lat' dir='ltr'><strong>imperare</strong></span> <span class='ocrx_word' id='word_1_364' title='bbox 1272 449 1280 462; x_wconf 83' lang='lat'><strong>,</strong></span> <span class='ocrx_word' id='word_1_365' title='bbox 1295 430 1351 457; x_wconf 91' lang='lat' dir='ltr'><strong>imo</strong></span> <span class='ocrx_word' id='word_1_366' title='bbox 1374 431 1501 462; x_wconf 77' lang='lat' dir='ltr'><strong>volente,</strong></span> <span class='ocrx_word' id='word_1_367' title='bbox 1526 431 1598 466; x_wconf 88' lang='lat' dir='ltr'><strong>quod</strong></span> <span class='ocrx_word' id='word_1_368' title='bbox 1617 432 1674 466; x_wconf 86' lang='lat' dir='ltr'><strong>ipse</strong></span> <span class='ocrx_word' id='word_1_369' title='bbox 1689 432 1764 459; x_wconf 88' lang='lat' dir='ltr'><strong>norit</strong></span> 
     </span>
    </p>
   </div>
   <div class='ocr_carea' id='block_1_54' title="bbox 978 474 1765 512">
    <p class='ocr_par' dir='ltr' id='par_1_54' title="bbox 978 474 1765 512">
     <span class='ocr_line' id='line_1_54' title="bbox 978 474 1765 512; baseline 0.004 -12"><span class='ocrx_word' id='word_1_370' title='bbox 978 474 1142 501; x_wconf 63' lang='lat' dir='ltr'><strong>certissimo.</strong></span> <span class='ocrx_word' id='word_1_371' title='bbox 1168 475 1236 502; x_wconf 86' lang='lat' dir='ltr'><strong>Nam</strong></span> <span class='ocrx_word' id='word_1_372' title='bbox 1257 484 1319 503; x_wconf 86' lang='lat' dir='ltr'><strong>cum</strong></span> <span class='ocrx_word' id='word_1_373' title='bbox 1342 477 1476 512; x_wconf 85' lang='lat' dir='ltr'><strong>principio</strong></span> <span class='ocrx_word' id='word_1_374' title='bbox 1492 478 1629 505; x_wconf 82' lang='lat' dir='ltr'><strong>dubitaret</strong></span> <span class='ocrx_word' id='word_1_375' title='bbox 1646 475 1710 504; x_wconf 81' lang='lat' dir='ltr'><strong>num</strong></span> <span class='ocrx_word' id='word_1_376' title='bbox 1723 477 1765 504; x_wconf 85' lang='lat' dir='ltr'><strong>di—</strong></span> 
     </span>
    </p>
   </div>
   <div class='ocr_carea' id='block_1_55' title="bbox 976 519 1763 560">
    <p class='ocr_par' dir='ltr' id='par_1_55' title="bbox 976 519 1763 560">
     <span class='ocr_line' id='line_1_55' title="bbox 976 519 1763 560; baseline 0.005 -14"><span class='ocrx_word' id='word_1_377' title='bbox 976 519 1039 546; x_wconf 88' lang='lat' dir='ltr'><strong>vina</strong></span> <span class='ocrx_word' id='word_1_378' title='bbox 1056 521 1196 548; x_wconf 80' lang='lat' dir='ltr'><strong>voluntate</strong></span> <span class='ocrx_word' id='word_1_379' title='bbox 1207 541 1214 553; x_wconf 87' lang='lat'><strong>,</strong></span> <span class='ocrx_word' id='word_1_380' title='bbox 1232 530 1266 549; x_wconf 91' lang='lat' dir='ltr'><strong>an</strong></span> <span class='ocrx_word' id='word_1_381' title='bbox 1283 521 1459 560; x_wconf 62' lang='lat' dir='ltr'><strong>indulgentiae</strong></span> <span class='ocrx_word' id='word_1_382' title='bbox 1472 523 1565 557; x_wconf 93' lang='lat' dir='ltr'><strong>potius</strong></span> <span class='ocrx_word' id='word_1_383' title='bbox 1579 527 1606 550; x_wconf 85' lang='lat' dir='ltr'><strong>et</strong></span> <span class='ocrx_word' id='word_1_384' title='bbox 1618 523 1763 558; x_wconf 80' lang='lat' dir='ltr'><strong>cupiditati</strong></span> 
     </span>
    </p>
   </div>
   <div class='ocr_carea' id='block_1_56' title="bbox 976 567 1765 604">
    <p class='ocr_par' dir='ltr' id='par_1_56' title="bbox 976 567 1765 604">
     <span class='ocr_line' id='line_1_56' title="bbox 976 567 1765 604; baseline 0.006 -12"><span class='ocrx_word' id='word_1_385' title='bbox 976 573 1031 593; x_wconf 69' lang='lat' dir='ltr'><strong>suae</strong></span> <span class='ocrx_word' id='word_1_386' title='bbox 1061 574 1093 593; x_wconf 88' lang='lat' dir='ltr'><strong>ac</strong></span> <span class='ocrx_word' id='word_1_387' title='bbox 1115 567 1233 594; x_wconf 86' lang='lat' dir='ltr'><strong>lubidini</strong></span> <span class='ocrx_word' id='word_1_388' title='bbox 1251 568 1410 599; x_wconf 79' lang='lat' dir='ltr'><strong>obsecutus,</strong></span> <span class='ocrx_word' id='word_1_389' title='bbox 1428 577 1576 604; x_wconf 79' lang='lat' dir='ltr'><strong>purpuram</strong></span> <span class='ocrx_word' id='word_1_390' title='bbox 1603 570 1765 604; x_wconf 81' lang='lat' dir='ltr'><strong>assumpsis-</strong></span> 
     </span>
    </p>
   </div>
   <div class='ocr_carea' id='block_1_57' title="bbox 976 613 1765 650">
    <p class='ocr_par' dir='ltr' id='par_1_57' title="bbox 976 613 1765 650">
     <span class='ocr_line' id='line_1_57' title="bbox 976 613 1765 650; baseline 0.003 -11"><span class='ocrx_word' id='word_1_391' title='bbox 976 617 1032 645; x_wconf 85' lang='lat' dir='ltr'><strong>set,</strong></span> <span class='ocrx_word' id='word_1_392' title='bbox 1049 613 1211 648; x_wconf 86' lang='lat' dir='ltr'><strong>timeretque</strong></span> <span class='ocrx_word' id='word_1_393' title='bbox 1225 622 1258 640; x_wconf 90' lang='lat' dir='ltr'><strong>ne</strong></span> <span class='ocrx_word' id='word_1_394' title='bbox 1273 615 1296 641; x_wconf 91' lang='lat' dir='ltr'><strong>si</strong></span> <span class='ocrx_word' id='word_1_395' title='bbox 1313 614 1347 641; x_wconf 90' lang='lat' dir='ltr'><strong>ab</strong></span> <span class='ocrx_word' id='word_1_396' title='bbox 1371 614 1424 642; x_wconf 86' lang='lat' dir='ltr'><strong>illis</strong></span> <span class='ocrx_word' id='word_1_397' title='bbox 1445 620 1536 648; x_wconf 86' lang='lat' dir='ltr'><strong>esset,</strong></span> <span class='ocrx_word' id='word_1_398' title='bbox 1559 624 1675 650; x_wconf 86' lang='lat' dir='ltr'><strong>quorum</strong></span> <span class='ocrx_word' id='word_1_399' title='bbox 1691 617 1765 650; x_wconf 82' lang='lat' dir='ltr'><strong>cogi-</strong></span> 
     </span>
    </p>
   </div>
   <div class='ocr_carea' id='block_1_58' title="bbox 977 659 1764 693">
    <p class='ocr_par' dir='ltr' id='par_1_58' title="bbox 977 659 1764 693">
     <span class='ocr_line' id='line_1_58' title="bbox 977 659 1764 693; baseline 0.005 -8"><span class='ocrx_word' id='word_1_400' title='bbox 977 659 1095 685; x_wconf 88' lang='lat' dir='ltr'><strong>tationes</strong></span> <span class='ocrx_word' id='word_1_401' title='bbox 1118 659 1174 685; x_wconf 89' lang='lat' dir='ltr'><strong>Deo</strong></span> <span class='ocrx_word' id='word_1_402' title='bbox 1200 660 1348 687; x_wconf 58' lang='lat' dir='ltr'><strong>contrariae</strong></span> <span class='ocrx_word' id='word_1_403' title='bbox 1374 665 1448 693; x_wconf 83' lang='lat' dir='ltr'><strong>sunt,</strong></span> <span class='ocrx_word' id='word_1_404' title='bbox 1465 669 1518 688; x_wconf 88' lang='lat' dir='ltr'><strong>una</strong></span> <span class='ocrx_word' id='word_1_405' title='bbox 1536 670 1598 688; x_wconf 88' lang='lat' dir='ltr'><strong>cum</strong></span> <span class='ocrx_word' id='word_1_406' title='bbox 1615 662 1668 690; x_wconf 85' lang='lat' dir='ltr'><strong>illis</strong></span> <span class='ocrx_word' id='word_1_407' title='bbox 1683 664 1764 689; x_wconf 80' lang='lat' dir='ltr'><strong>etiam</strong></span> 
     </span>
    </p>
   </div>
   <div class='ocr_carea' id='block_1_59' title="bbox 979 703 1765 742">
    <p class='ocr_par' dir='ltr' id='par_1_59' title="bbox 979 703 1765 742">
     <span class='ocr_line' id='line_1_59' title="bbox 979 703 1765 742; baseline 0.006 -13"><span class='ocrx_word' id='word_1_408' title='bbox 979 703 1092 738; x_wconf 83' lang='lat' dir='ltr'><strong>periret,</strong></span> <span class='ocrx_word' id='word_1_409' title='bbox 1109 704 1142 730; x_wconf 89' lang='lat' dir='ltr'><strong>ad</strong></span> <span class='ocrx_word' id='word_1_410' title='bbox 1157 712 1253 739; x_wconf 89' lang='lat' dir='ltr'><strong>preces</strong></span> <span class='ocrx_word' id='word_1_411' title='bbox 1270 710 1299 732; x_wconf 88' lang='lat' dir='ltr'><strong>et</strong></span> <span class='ocrx_word' id='word_1_412' title='bbox 1322 709 1383 732; x_wconf 88' lang='lat' dir='ltr'><strong>vota</strong></span> <span class='ocrx_word' id='word_1_413' title='bbox 1400 706 1570 738; x_wconf 88' lang='lat' dir='ltr'><strong>incubuisse,</strong></span> <span class='ocrx_word' id='word_1_414' title='bbox 1588 707 1765 742; x_wconf 76' lang='lat' dir='ltr'><strong>divinumque</strong></span> 
     </span>
    </p>
   </div>
   <div class='ocr_carea' id='block_1_60' title="bbox 975 749 1765 787">
    <p class='ocr_par' dir='ltr' id='par_1_60' title="bbox 975 749 1765 787">
     <span class='ocr_line' id='line_1_60' title="bbox 975 749 1765 787; baseline 0.008 -12"><span class='ocrx_word' id='word_1_415' title='bbox 975 757 1076 776; x_wconf 90' lang='lat' dir='ltr'><strong>numen</strong></span> <span class='ocrx_word' id='word_1_416' title='bbox 1101 749 1229 785; x_wconf 78' lang='lat' dir='ltr'><strong>fatigasse</strong></span> <span class='ocrx_word' id='word_1_417' title='bbox 1255 756 1284 777; x_wconf 88' lang='lat' dir='ltr'><strong>ut</strong></span> <span class='ocrx_word' id='word_1_418' title='bbox 1308 759 1337 778; x_wconf 91' lang='lat' dir='ltr'><strong>se</strong></span> <span class='ocrx_word' id='word_1_419' title='bbox 1362 752 1484 784; x_wconf 82' lang='lat' dir='ltr'><strong>doceret,</strong></span> <span class='ocrx_word' id='word_1_420' title='bbox 1506 753 1605 787; x_wconf 85' lang='lat' dir='ltr'><strong>ecquid</strong></span> <span class='ocrx_word' id='word_1_421' title='bbox 1635 750 1688 780; x_wconf 84' lang='lat' dir='ltr'><strong>sibi</strong></span> <span class='ocrx_word' id='word_1_422' title='bbox 1715 754 1765 781; x_wconf 90' lang='lat' dir='ltr'><strong>ista</strong></span> 
     </span>
    </p>
   </div>
   <div class='ocr_carea' id='block_1_61' title="bbox 976 795 1765 832">
    <p class='ocr_par' dir='ltr' id='par_1_61' title="bbox 976 795 1765 832">
     <span class='ocr_line' id='line_1_61' title="bbox 976 795 1765 832; baseline 0.005 -11"><span class='ocrx_word' id='word_1_423' title='bbox 976 795 1171 830; x_wconf 71' lang='lat' dir='ltr'><strong>probarentur.</strong></span> <span class='ocrx_word' id='word_1_424' title='bbox 1199 795 1268 823; x_wconf 89' lang='lat' dir='ltr'><strong>Tum</strong></span> <span class='ocrx_word' id='word_1_425' title='bbox 1304 797 1356 824; x_wconf 85' lang='lat' dir='ltr'><strong>sibi</strong></span> <span class='ocrx_word' id='word_1_426' title='bbox 1381 805 1431 832; x_wconf 91' lang='lat' dir='ltr'><strong>per</strong></span> <span class='ocrx_word' id='word_1_427' title='bbox 1458 798 1584 831; x_wconf 79' lang='lat' dir='ltr'><strong>spiritum</strong></span> <span class='ocrx_word' id='word_1_428' title='bbox 1616 799 1765 826; x_wconf 76' lang='lat' dir='ltr'><strong>revelatum</strong></span> 
     </span>
    </p>
   </div>
   <div class='ocr_carea' id='block_1_62' title="bbox 976 842 1767 878">
    <p class='ocr_par' dir='ltr' id='par_1_62' title="bbox 976 842 1767 878">
     <span class='ocr_line' id='line_1_62' title="bbox 976 842 1767 878; baseline 0.003 -10"><span class='ocrx_word' id='word_1_429' title='bbox 976 842 1086 876; x_wconf 84' lang='lat' dir='ltr'><strong>placere</strong></span> <span class='ocrx_word' id='word_1_430' title='bbox 1113 842 1188 874; x_wconf 91' lang='lat' dir='ltr'><strong>Deo,</strong></span> <span class='ocrx_word' id='word_1_431' title='bbox 1214 843 1437 870; x_wconf 83' lang='lat' dir='ltr'><strong>Cantaruzenum</strong></span> <span class='ocrx_word' id='word_1_432' title='bbox 1464 844 1610 878; x_wconf 63' lang='lat' dir='ltr'><strong>imperare.</strong></span> <span class='ocrx_word' id='word_1_433' title='bbox 1639 844 1673 872; x_wconf 89' lang='lat' dir='ltr'><strong>Se</strong></span> <span class='ocrx_word' id='word_1_434' title='bbox 1699 852 1767 871; x_wconf 88' lang='lat' dir='ltr'><strong>vero</strong></span> 
     </span>
    </p>
   </div>
   <div class='ocr_carea' id='block_1_63' title="bbox 976 887 1766 926">
    <p class='ocr_par' dir='ltr' id='par_1_63' title="bbox 976 887 1766 926">
     <span class='ocr_line' id='line_1_63' title="bbox 976 887 1766 926; baseline 0.003 -11"><span class='ocrx_word' id='word_1_435' title='bbox 976 887 1045 915; x_wconf 85' lang='lat' dir='ltr'><strong>citra</strong></span> <span class='ocrx_word' id='word_1_436' title='bbox 1079 888 1279 916; x_wconf 59' lang='lat' dir='ltr'><strong>hasitationem</strong></span> <span class='ocrx_word' id='word_1_437' title='bbox 1317 890 1490 926; x_wconf 75' lang='lat' dir='ltr'><strong>credidisse,</strong></span> <span class='ocrx_word' id='word_1_438' title='bbox 1522 894 1548 916; x_wconf 87' lang='lat' dir='ltr'><strong>et</strong></span> <span class='ocrx_word' id='word_1_439' title='bbox 1581 890 1766 925; x_wconf 79' lang='lat' dir='ltr'><strong>Didymoticbi</strong></span> 
     </span>
    </p>
   </div>
   <div class='ocr_carea' id='block_1_64' title="bbox 984 935 1767 970">
    <p class='ocr_par' dir='ltr' id='par_1_64' title="bbox 984 935 1767 970">
     <span class='ocr_line' id='line_1_64' title="bbox 984 935 1767 970; baseline 0.003 -11"><span class='ocrx_word' id='word_1_440' title='bbox 984 940 1095 961; x_wconf 89' lang='lat' dir='ltr'><strong>manere</strong></span> <span class='ocrx_word' id='word_1_441' title='bbox 1109 954 1118 967; x_wconf 85' lang='lat'><strong>,</strong></span> <span class='ocrx_word' id='word_1_442' title='bbox 1133 940 1162 961; x_wconf 96' lang='lat' dir='ltr'><strong>ut</strong></span> <span class='ocrx_word' id='word_1_443' title='bbox 1176 941 1310 970; x_wconf 81' lang='lat' dir='ltr'><strong>quantum</strong></span> <span class='ocrx_word' id='word_1_444' title='bbox 1327 935 1422 970; x_wconf 82' lang='lat' dir='ltr'><strong>possit,</strong></span> <span class='ocrx_word' id='word_1_445' title='bbox 1439 944 1549 970; x_wconf 82' lang='lat' dir='ltr'><strong>operam</strong></span> <span class='ocrx_word' id='word_1_446' title='bbox 1565 944 1597 963; x_wconf 85' lang='lat' dir='ltr'><strong>ac</strong></span> <span class='ocrx_word' id='word_1_447' title='bbox 1612 936 1700 963; x_wconf 87' lang='lat' dir='ltr'><strong>studia</strong></span> <span class='ocrx_word' id='word_1_448' title='bbox 1718 943 1767 962; x_wconf 87' lang='lat' dir='ltr'><strong>sua</strong></span> 
     </span>
    </p>
   </div>
   <div class='ocr_carea' id='block_1_65' title="bbox 977 979 1766 1015">
    <p class='ocr_par' dir='ltr' id='par_1_65' title="bbox 977 979 1766 1015">
     <span class='ocr_line' id='line_1_65' title="bbox 977 979 1766 1015; baseline 0.004 -10"><span class='ocrx_word' id='word_1_449' title='bbox 977 985 1041 1005; x_wconf 91' lang='lat' dir='ltr'><strong>cum</strong></span> <span class='ocrx_word' id='word_1_450' title='bbox 1070 979 1162 1007; x_wconf 81' lang='lat' dir='ltr'><strong>divina</strong></span> <span class='ocrx_word' id='word_1_451' title='bbox 1188 983 1329 1007; x_wconf 91' lang='lat' dir='ltr'><strong>voluntate</strong></span> <span class='ocrx_word' id='word_1_452' title='bbox 1360 981 1517 1015; x_wconf 82' lang='lat' dir='ltr'><strong>cunjnngat.</strong></span> <span class='ocrx_word' id='word_1_453' title='bbox 1545 981 1639 1015; x_wconf 81' lang='lat' dir='ltr'><strong>Neque</strong></span> <span class='ocrx_word' id='word_1_454' title='bbox 1665 982 1736 1008; x_wconf 81' lang='lat' dir='ltr'><strong>enim</strong></span> <span class='ocrx_word' id='word_1_455' title='bbox 1752 990 1766 1008; x_wconf 81' lang='grc' dir='ltr'><strong>ιι</strong></span> 
     </span>
    </p>
   </div>
   <div class='ocr_carea' id='block_1_66' title="bbox 978 1026 1766 1062">
    <p class='ocr_par' dir='ltr' id='par_1_66' title="bbox 978 1026 1766 1062">
     <span class='ocr_line' id='line_1_66' title="bbox 978 1026 1766 1062; baseline 0.004 -12"><span class='ocrx_word' id='word_1_456' title='bbox 978 1031 1117 1059; x_wconf 90' lang='lat' dir='ltr'><strong>quoquam</strong></span> <span class='ocrx_word' id='word_1_457' title='bbox 1135 1033 1164 1053; x_wconf 90' lang='lat' dir='ltr'><strong>se</strong></span> <span class='ocrx_word' id='word_1_458' title='bbox 1180 1026 1303 1053; x_wconf 88' lang='lat' dir='ltr'><strong>accusari</strong></span> <span class='ocrx_word' id='word_1_459' title='bbox 1321 1034 1411 1060; x_wconf 86' lang='lat' dir='ltr'><strong>posse,</strong></span> <span class='ocrx_word' id='word_1_460' title='bbox 1428 1027 1505 1061; x_wconf 84' lang='lat' dir='ltr'><strong>quasi</strong></span> <span class='ocrx_word' id='word_1_461' title='bbox 1520 1027 1660 1062; x_wconf 78' lang='lat' dir='ltr'><strong>quidpiam</strong></span> <span class='ocrx_word' id='word_1_462' title='bbox 1676 1035 1766 1054; x_wconf 84' lang='lat' dir='ltr'><strong>reium</strong></span> 
     </span>
    </p>
   </div>
   <div class='ocr_carea' id='block_1_67' title="bbox 979 1069 1768 1107">
    <p class='ocr_par' dir='ltr' id='par_1_67' title="bbox 979 1069 1768 1107">
     <span class='ocr_line' id='line_1_67' title="bbox 979 1069 1768 1107; baseline 0.004 -11"><span class='ocrx_word' id='word_1_463' title='bbox 979 1069 1164 1097; x_wconf 82' lang='lat' dir='ltr'><strong>humanarum</strong></span> <span class='ocrx_word' id='word_1_464' title='bbox 1191 1071 1225 1098; x_wconf 87' lang='lat' dir='ltr'><strong>ab</strong></span> <span class='ocrx_word' id='word_1_465' title='bbox 1251 1071 1418 1105; x_wconf 82' lang='lat' dir='ltr'><strong>imperatore</strong></span> <span class='ocrx_word' id='word_1_466' title='bbox 1450 1072 1502 1099; x_wconf 87' lang='lat' dir='ltr'><strong>sibi</strong></span> <span class='ocrx_word' id='word_1_467' title='bbox 1532 1076 1636 1107; x_wconf 64' lang='lat' dir='ltr'><strong>quierat</strong></span> <span class='ocrx_word' id='word_1_468' title='bbox 1656 1082 1662 1100; x_wconf 90' lang='lat'><strong>:</strong></span> <span class='ocrx_word' id='word_1_469' title='bbox 1681 1080 1768 1106; x_wconf 86' lang='lat' dir='ltr'><strong>usque</strong></span> 
     </span>
    </p>
   </div>
   <div class='ocr_carea' id='block_1_68' title="bbox 979 1116 1768 1154">
    <p class='ocr_par' dir='ltr' id='par_1_68' title="bbox 979 1116 1768 1154">
     <span class='ocr_line' id='line_1_68' title="bbox 979 1116 1768 1154; baseline 0.006 -13"><span class='ocrx_word' id='word_1_470' title='bbox 979 1122 1054 1142; x_wconf 88' lang='lat' dir='ltr'><strong>nunc</strong></span> <span class='ocrx_word' id='word_1_471' title='bbox 1072 1116 1146 1143; x_wconf 87' lang='lat' dir='ltr'><strong>enim</strong></span> <span class='ocrx_word' id='word_1_472' title='bbox 1164 1117 1231 1147; x_wconf 69' lang='lat' dir='ltr'><strong>nihil</strong></span> <span class='ocrx_word' id='word_1_473' title='bbox 1249 1117 1301 1144; x_wconf 87' lang='lat' dir='ltr'><strong>tale</strong></span> <span class='ocrx_word' id='word_1_474' title='bbox 1314 1117 1419 1154; x_wconf 9' lang='lat' dir='ltr'><strong>abgullo</strong></span> <span class='ocrx_word' id='word_1_475' title='bbox 1434 1118 1605 1153; x_wconf 65' lang='lat' dir='ltr'><strong>qtta‘sivisse.</strong></span> <span class='ocrx_word' id='word_1_476' title='bbox 1620 1119 1653 1146; x_wconf 83' lang='lat' dir='ltr'><strong>Et</strong></span> <span class='ocrx_word' id='word_1_477' title='bbox 1668 1127 1695 1145; x_wconf 85' lang='lat' dir='ltr'><strong>se</strong></span> <span class='ocrx_word' id='word_1_478' title='bbox 1707 1118 1768 1146; x_wconf 80' lang='lat' dir='ltr'><strong>illos</strong></span> 
     </span>
    </p>
   </div>
   <div class='ocr_carea' id='block_1_69' title="bbox 982 1159 1766 1198">
    <p class='ocr_par' dir='ltr' id='par_1_69' title="bbox 982 1159 1766 1198">
     <span class='ocr_line' id='line_1_69' title="bbox 982 1159 1766 1198; baseline 0.006 -13"><span class='ocrx_word' id='word_1_479' title='bbox 982 1159 1097 1189; x_wconf 85' lang='lat' dir='ltr'><strong>hortari.</strong></span> <span class='ocrx_word' id='word_1_480' title='bbox 1113 1165 1142 1187; x_wconf 88' lang='lat' dir='ltr'><strong>ut</strong></span> <span class='ocrx_word' id='word_1_481' title='bbox 1154 1161 1207 1188; x_wconf 86' lang='lat' dir='ltr'><strong>lioc</strong></span> <span class='ocrx_word' id='word_1_482' title='bbox 1222 1165 1346 1196; x_wconf 87' lang='lat' dir='ltr'><strong>tempore</strong></span> <span class='ocrx_word' id='word_1_483' title='bbox 1362 1162 1479 1190; x_wconf 73' lang='lat' dir='ltr'><strong>viriliter</strong></span> <span class='ocrx_word' id='word_1_484' title='bbox 1492 1163 1570 1190; x_wconf 83' lang='lat' dir='ltr'><strong>mulis</strong></span> <span class='ocrx_word' id='word_1_485' title='bbox 1583 1164 1766 1198; x_wconf 60' lang='lat' dir='ltr'><strong>praesentibus</strong></span> 
     </span>
    </p>
   </div>
   <div class='ocr_carea' id='block_1_70' title="bbox 983 1205 1764 1245">
    <p class='ocr_par' dir='ltr' id='par_1_70' title="bbox 983 1205 1764 1245">
     <span class='ocr_line' id='line_1_70' title="bbox 983 1205 1764 1245; baseline 0.008 -13"><span class='ocrx_word' id='word_1_486' title='bbox 983 1205 1133 1239; x_wconf 87' lang='lat' dir='ltr'><strong>resistant,</strong></span> <span class='ocrx_word' id='word_1_487' title='bbox 1161 1215 1221 1241; x_wconf 68' lang='lat' dir='ltr'><strong>qua:</strong></span> <span class='ocrx_word' id='word_1_488' title='bbox 1251 1207 1306 1234; x_wconf 87' lang='lat' dir='ltr'><strong>Deo</strong></span> <span class='ocrx_word' id='word_1_489' title='bbox 1330 1209 1457 1243; x_wconf 82' lang='lat' dir='ltr'><strong>propitiis</strong></span> <span class='ocrx_word' id='word_1_490' title='bbox 1478 1210 1565 1237; x_wconf 87' lang='lat' dir='ltr'><strong>oculis</strong></span> <span class='ocrx_word' id='word_1_491' title='bbox 1590 1211 1764 1245; x_wconf 77' lang='lat' dir='ltr'><strong>respiciente,</strong></span> 
     </span>
    </p>
   </div>
   <div class='ocr_carea' id='block_1_71' title="bbox 981 1251 1767 1291">
    <p class='ocr_par' dir='ltr' id='par_1_71' title="bbox 981 1251 1767 1291">
     <span class='ocr_line' id='line_1_71' title="bbox 981 1251 1767 1291; baseline 0.008 -13"><span class='ocrx_word' id='word_1_492' title='bbox 981 1251 1059 1278; x_wconf 86' lang='lat' dir='ltr'><strong>brevi</strong></span> <span class='ocrx_word' id='word_1_493' title='bbox 1077 1252 1104 1279; x_wconf 93' lang='lat' dir='ltr'><strong>in</strong></span> <span class='ocrx_word' id='word_1_494' title='bbox 1129 1253 1246 1279; x_wconf 85' lang='lat' dir='ltr'><strong>nihilum</strong></span> <span class='ocrx_word' id='word_1_495' title='bbox 1269 1261 1364 1280; x_wconf 80' lang='lat' dir='ltr'><strong>rasura</strong></span> <span class='ocrx_word' id='word_1_496' title='bbox 1388 1255 1452 1281; x_wconf 90' lang='lat' dir='ltr'><strong>sint.</strong></span> <span class='ocrx_word' id='word_1_497' title='bbox 1467 1255 1568 1282; x_wconf 59' lang='lat' dir='ltr'><strong>Moesus</strong></span> <span class='ocrx_word' id='word_1_498' title='bbox 1583 1257 1685 1291; x_wconf 86' lang='lat' dir='ltr'><strong>quippe</strong></span> <span class='ocrx_word' id='word_1_499' title='bbox 1700 1257 1767 1284; x_wconf 88' lang='lat' dir='ltr'><strong>istos</strong></span> 
     </span>
    </p>
   </div>
   <div class='ocr_carea' id='block_1_72' title="bbox 977 1295 1767 1334">
    <p class='ocr_par' dir='ltr' id='par_1_72' title="bbox 977 1295 1767 1334">
     <span class='ocr_line' id='line_1_72' title="bbox 977 1295 1767 1334; baseline 0.009 -12"><span class='ocrx_word' id='word_1_500' title='bbox 977 1295 1149 1328; x_wconf 81' lang='lat' dir='ltr'><strong>obsessores,</strong></span> <span class='ocrx_word' id='word_1_501' title='bbox 1160 1301 1188 1324; x_wconf 87' lang='lat' dir='ltr'><strong>et</strong></span> <span class='ocrx_word' id='word_1_502' title='bbox 1204 1297 1318 1324; x_wconf 89' lang='lat' dir='ltr'><strong>obtentu</strong></span> <span class='ocrx_word' id='word_1_503' title='bbox 1336 1299 1465 1326; x_wconf 74' lang='lat' dir='ltr'><strong>amicitia:</strong></span> <span class='ocrx_word' id='word_1_504' title='bbox 1479 1301 1625 1334; x_wconf 65' lang='lat' dir='ltr'><strong>praesentis</strong></span> <span class='ocrx_word' id='word_1_505' title='bbox 1641 1306 1767 1328; x_wconf 85' lang='lat' dir='ltr'><strong>auctores</strong></span> 
     </span>
    </p>
   </div>
   <div class='ocr_carea' id='block_1_73' title="bbox 978 1341 1768 1381">
    <p class='ocr_par' dir='ltr' id='par_1_73' title="bbox 978 1341 1768 1381">
     <span class='ocr_line' id='line_1_73' title="bbox 978 1341 1768 1381; baseline 0.006 -12"><span class='ocrx_word' id='word_1_506' title='bbox 978 1341 1093 1376; x_wconf 67' lang='lat' dir='ltr'><strong>inopiae,</strong></span> <span class='ocrx_word' id='word_1_507' title='bbox 1107 1346 1212 1376; x_wconf 80' lang='lat' dir='ltr'><strong>septem</strong></span> <span class='ocrx_word' id='word_1_508' title='bbox 1225 1344 1337 1370; x_wconf 88' lang='lat' dir='ltr'><strong>omnino</strong></span> <span class='ocrx_word' id='word_1_509' title='bbox 1351 1344 1449 1372; x_wconf 83' lang='lat' dir='ltr'><strong>diebus</strong></span> <span class='ocrx_word' id='word_1_510' title='bbox 1464 1345 1563 1373; x_wconf 85' lang='lat' dir='ltr'><strong>futuris</strong></span> <span class='ocrx_word' id='word_1_511' title='bbox 1579 1346 1639 1381; x_wconf 83' lang='lat' dir='ltr'><strong>fuga</strong></span> <span class='ocrx_word' id='word_1_512' title='bbox 1652 1347 1768 1374; x_wconf 81' lang='lat' dir='ltr'><strong>salutem</strong></span> 
     </span>
    </p>
   </div>
   <div class='ocr_carea' id='block_1_74' title="bbox 975 1389 1763 1425">
    <p class='ocr_par' dir='ltr' id='par_1_74' title="bbox 975 1389 1763 1425">
     <span class='ocr_line' id='line_1_74' title="bbox 975 1389 1763 1425; baseline 0.009 -12"><span class='ocrx_word' id='word_1_513' title='bbox 975 1392 1111 1422; x_wconf 88' lang='lat' dir='ltr'><strong>petentes,</strong></span> <span class='ocrx_word' id='word_1_514' title='bbox 1128 1393 1210 1422; x_wconf 86' lang='lat' dir='ltr'><strong>atque</strong></span> <span class='ocrx_word' id='word_1_515' title='bbox 1229 1389 1301 1415; x_wconf 91' lang='lat' dir='ltr'><strong>inter</strong></span> <span class='ocrx_word' id='word_1_516' title='bbox 1322 1396 1351 1416; x_wconf 84' lang='lat' dir='ltr'><strong>se</strong></span> <span class='ocrx_word' id='word_1_517' title='bbox 1376 1390 1571 1418; x_wconf 90' lang='lat' dir='ltr'><strong>conculcantes</strong></span> <span class='ocrx_word' id='word_1_518' title='bbox 1587 1392 1696 1420; x_wconf 86' lang='lat' dir='ltr'><strong>visuros</strong></span> <span class='ocrx_word' id='word_1_519' title='bbox 1709 1412 1718 1425; x_wconf 86' lang='lat'><strong>,</strong></span> <span class='ocrx_word' id='word_1_520' title='bbox 1735 1399 1763 1420; x_wconf 84' lang='lat' dir='ltr'><strong>et</strong></span> 
     </span>
    </p>
   </div>
   <div class='ocr_carea' id='block_1_75' title="bbox 977 1433 1760 1469">
    <p class='ocr_par' dir='ltr' id='par_1_75' title="bbox 977 1433 1760 1469">
     <span class='ocr_line' id='line_1_75' title="bbox 977 1433 1760 1469; baseline 0.008 -9"><span class='ocrx_word' id='word_1_521' title='bbox 977 1434 1079 1468; x_wconf 87' lang='lat' dir='ltr'><strong>quibus</strong></span> <span class='ocrx_word' id='word_1_522' title='bbox 1104 1442 1177 1460; x_wconf 92' lang='lat' dir='ltr'><strong>nunc</strong></span> <span class='ocrx_word' id='word_1_523' title='bbox 1195 1433 1400 1462; x_wconf 89' lang='lat' dir='ltr'><strong>circumdcntur</strong></span> <span class='ocrx_word' id='word_1_524' title='bbox 1426 1436 1525 1469; x_wconf 91' lang='lat' dir='ltr'><strong>malis,</strong></span> <span class='ocrx_word' id='word_1_525' title='bbox 1551 1436 1610 1464; x_wconf 85' lang='lat' dir='ltr'><strong>fore</strong></span> <span class='ocrx_word' id='word_1_526' title='bbox 1646 1438 1760 1466; x_wconf 85' lang='lat' dir='ltr'><strong>liberos.</strong></span> 
     </span>
    </p>
   </div>
   <div class='ocr_carea' id='block_1_76' title="bbox 980 1478 1768 1513">
    <p class='ocr_par' dir='ltr' id='par_1_76' title="bbox 980 1478 1768 1513">
     <span class='ocr_line' id='line_1_76' title="bbox 980 1478 1768 1513; baseline 0.006 -8"><span class='ocrx_word' id='word_1_527' title='bbox 980 1478 1042 1505; x_wconf 68' lang='lat' dir='ltr'><strong>Hmc</strong></span> <span class='ocrx_word' id='word_1_528' title='bbox 1074 1483 1104 1505; x_wconf 91' lang='lat' dir='ltr'><strong>ut</strong></span> <span class='ocrx_word' id='word_1_529' title='bbox 1122 1479 1296 1513; x_wconf 86' lang='lat' dir='ltr'><strong>metropolita</strong></span> <span class='ocrx_word' id='word_1_530' title='bbox 1319 1478 1469 1513; x_wconf 78' lang='lat' dir='ltr'><strong>disseruit,</strong></span> <span class='ocrx_word' id='word_1_531' title='bbox 1499 1489 1596 1509; x_wconf 87' lang='lat' dir='ltr'><strong>oinnes</strong></span> <span class='ocrx_word' id='word_1_532' title='bbox 1624 1483 1768 1511; x_wconf 81' lang='lat' dir='ltr'><strong>confestim</strong></span> 
     </span>
    </p>
   </div>
   <div class='ocr_carea' id='block_1_77' title="bbox 978 1523 1767 1562">
    <p class='ocr_par' dir='ltr' id='par_1_77' title="bbox 978 1523 1767 1562">
     <span class='ocr_line' id='line_1_77' title="bbox 978 1523 1767 1562; baseline 0.006 -13"><span class='ocrx_word' id='word_1_533' title='bbox 978 1523 1067 1557; x_wconf 85' lang='lat' dir='ltr'><strong>posita</strong></span> <span class='ocrx_word' id='word_1_534' title='bbox 1084 1523 1196 1550; x_wconf 84' lang='lat' dir='ltr'><strong>tristitia</strong></span> <span class='ocrx_word' id='word_1_535' title='bbox 1209 1531 1284 1558; x_wconf 88' lang='lat' dir='ltr'><strong>spem</strong></span> <span class='ocrx_word' id='word_1_536' title='bbox 1297 1524 1412 1552; x_wconf 80' lang='lat' dir='ltr'><strong>fortunae</strong></span> <span class='ocrx_word' id='word_1_537' title='bbox 1422 1526 1543 1554; x_wconf 74' lang='lat' dir='ltr'><strong>melioris</strong></span> <span class='ocrx_word' id='word_1_538' title='bbox 1559 1527 1675 1562; x_wconf 83' lang='lat' dir='ltr'><strong>ingressi</strong></span> <span class='ocrx_word' id='word_1_539' title='bbox 1693 1535 1767 1557; x_wconf 85' lang='lat' dir='ltr'><strong>sunt.</strong></span> 
     </span>
    </p>
   </div>
   <div class='ocr_carea' id='block_1_78' title="bbox 977 1569 1769 1608">
    <p class='ocr_par' dir='ltr' id='par_1_78' title="bbox 977 1569 1769 1608">
     <span class='ocr_line' id='line_1_78' title="bbox 977 1569 1769 1608; baseline 0.009 -12"><span class='ocrx_word' id='word_1_540' title='bbox 977 1569 1083 1597; x_wconf 74' lang='lat' dir='ltr'><strong>Norant</strong></span> <span class='ocrx_word' id='word_1_541' title='bbox 1106 1570 1264 1605; x_wconf 87' lang='lat' dir='ltr'><strong>siquidem,</strong></span> <span class='ocrx_word' id='word_1_542' title='bbox 1293 1573 1482 1607; x_wconf 86' lang='lat' dir='ltr'><strong>perspectiora</strong></span> <span class='ocrx_word' id='word_1_543' title='bbox 1507 1581 1568 1602; x_wconf 88' lang='lat' dir='ltr'><strong>esse</strong></span> <span class='ocrx_word' id='word_1_544' title='bbox 1600 1575 1637 1602; x_wconf 93' lang='lat' dir='ltr'><strong>illi</strong></span> <span class='ocrx_word' id='word_1_545' title='bbox 1665 1576 1769 1608; x_wconf 84' lang='lat' dir='ltr'><strong>futura,</strong></span> 
     </span>
    </p>
   </div>
   <div class='ocr_carea' id='block_1_79' title="bbox 979 1617 1769 1655">
    <p class='ocr_par' dir='ltr' id='par_1_79' title="bbox 979 1617 1769 1655">
     <span class='ocr_line' id='line_1_79' title="bbox 979 1617 1769 1655; baseline 0.014 -15"><span class='ocrx_word' id='word_1_546' title='bbox 979 1623 1062 1650; x_wconf 83' lang='lat' dir='ltr'><strong>quatit</strong></span> <span class='ocrx_word' id='word_1_547' title='bbox 1089 1617 1150 1648; x_wconf 81' lang='lat' dir='ltr'><strong>aliis</strong></span> <span class='ocrx_word' id='word_1_548' title='bbox 1178 1617 1337 1651; x_wconf 69' lang='lat' dir='ltr'><strong>praeterita,</strong></span> <span class='ocrx_word' id='word_1_549' title='bbox 1365 1624 1393 1646; x_wconf 92' lang='lat' dir='ltr'><strong>et</strong></span> <span class='ocrx_word' id='word_1_550' title='bbox 1429 1625 1556 1655; x_wconf 90' lang='lat' dir='ltr'><strong>tanquam</strong></span> <span class='ocrx_word' id='word_1_551' title='bbox 1582 1622 1636 1649; x_wconf 80' lang='lat' dir='ltr'><strong>vati</strong></span> <span class='ocrx_word' id='word_1_552' title='bbox 1662 1623 1769 1651; x_wconf 78' lang='lat' dir='ltr'><strong>animos</strong></span> 
     </span>
    </p>
   </div>
   <div class='ocr_carea' id='block_1_80' title="bbox 978 1662 1767 1705">
    <p class='ocr_par' dir='ltr' id='par_1_80' title="bbox 978 1662 1767 1705">
     <span class='ocr_line' id='line_1_80' title="bbox 978 1662 1767 1705; baseline 0.013 -17"><span class='ocrx_word' id='word_1_553' title='bbox 978 1662 1068 1688; x_wconf 82' lang='lat' dir='ltr'><strong>eidem</strong></span> <span class='ocrx_word' id='word_1_554' title='bbox 1085 1662 1174 1697; x_wconf 83' lang='lat' dir='ltr'><strong>palam</strong></span> <span class='ocrx_word' id='word_1_555' title='bbox 1190 1664 1395 1692; x_wconf 88' lang='lat' dir='ltr'><strong>attendebant.-</strong></span> <span class='ocrx_word' id='word_1_556' title='bbox 1408 1664 1464 1692; x_wconf 90' lang='lat' dir='ltr'><strong>Cur</strong></span> <span class='ocrx_word' id='word_1_557' title='bbox 1489 1674 1554 1693; x_wconf 84' lang='lat' dir='ltr'><strong>vero</strong></span> <span class='ocrx_word' id='word_1_558' title='bbox 1578 1668 1653 1696; x_wconf 81' lang='lat' dir='ltr'><strong>illaesi</strong></span> <span class='ocrx_word' id='word_1_559' title='bbox 1674 1669 1767 1705; x_wconf 80' lang='lat' dir='ltr'><strong>fugam</strong></span> 
     </span>
    </p>
   </div>
   <div class='ocr_carea' id='block_1_81' title="bbox 978 1704 1771 1747">
    <p class='ocr_par' dir='ltr' id='par_1_81' title="bbox 978 1704 1771 1747">
     <span class='ocr_line' id='line_1_81' title="bbox 978 1704 1771 1747; baseline 0.014 -13"><span class='ocrx_word' id='word_1_560' title='bbox 978 1707 1080 1735; x_wconf 75' lang='lat' dir='ltr'><strong>facturi</strong></span> <span class='ocrx_word' id='word_1_561' title='bbox 1098 1715 1206 1740; x_wconf 83' lang='lat' dir='ltr'><strong>essent.</strong></span> <span class='ocrx_word' id='word_1_562' title='bbox 1231 1710 1264 1737; x_wconf 90' lang='lat' dir='ltr'><strong>de</strong></span> <span class='ocrx_word' id='word_1_563' title='bbox 1285 1711 1336 1738; x_wconf 91' lang='lat' dir='ltr'><strong>hoc</strong></span> <span class='ocrx_word' id='word_1_564' title='bbox 1352 1704 1538 1747; x_wconf 77' lang='lat' dir='ltr'><strong>ambigebant.</strong></span> <span class='ocrx_word' id='word_1_565' title='bbox 1565 1714 1638 1742; x_wconf 90' lang='lat' dir='ltr'><strong>Idem</strong></span> <span class='ocrx_word' id='word_1_566' title='bbox 1655 1704 1771 1745; x_wconf 84' lang='lat' dir='ltr'><strong>antistes</strong></span> 
     </span>
    </p>
   </div>
   <div class='ocr_carea' id='block_1_82' title="bbox 979 1754 1771 1791">
    <p class='ocr_par' dir='ltr' id='par_1_82' title="bbox 979 1754 1771 1791">
     <span class='ocr_line' id='line_1_82' title="bbox 979 1754 1771 1791; baseline 0.013 -11"><span class='ocrx_word' id='word_1_567' title='bbox 979 1754 1149 1789; x_wconf 79' lang='lat' dir='ltr'><strong>Apocauebo</strong></span> <span class='ocrx_word' id='word_1_568' title='bbox 1175 1763 1274 1791; x_wconf 82' lang='lat' dir='ltr'><strong>magno</strong></span> <span class='ocrx_word' id='word_1_569' title='bbox 1290 1756 1354 1784; x_wconf 90' lang='lat' dir='ltr'><strong>duci</strong></span> <span class='ocrx_word' id='word_1_570' title='bbox 1383 1757 1410 1784; x_wconf 89' lang='lat' dir='ltr'><strong>in</strong></span> <span class='ocrx_word' id='word_1_571' title='bbox 1428 1758 1498 1785; x_wconf 87' lang='lat' dir='ltr'><strong>hanc</strong></span> <span class='ocrx_word' id='word_1_572' title='bbox 1521 1762 1685 1789; x_wconf 80' lang='lat' dir='ltr'><strong>sententiam</strong></span> <span class='ocrx_word' id='word_1_573' title='bbox 1703 1770 1771 1790; x_wconf 86' lang='lat' dir='ltr'><strong>scr.-</strong></span> 
     </span>
    </p>
   </div>
   <div class='ocr_carea' id='block_1_83' title="bbox 978 1801 1770 1839">
    <p class='ocr_par' dir='ltr' id='par_1_83' title="bbox 978 1801 1770 1839">
     <span class='ocr_line' id='line_1_83' title="bbox 978 1801 1770 1839; baseline 0.013 -12"><span class='ocrx_word' id='word_1_574' title='bbox 978 1801 1033 1835; x_wconf 86' lang='lat' dir='ltr'><strong>psit</strong></span> <span class='ocrx_word' id='word_1_575' title='bbox 1044 1809 1051 1828; x_wconf 87' lang='lat'><strong>:</strong></span> <span class='ocrx_word' id='word_1_576' title='bbox 1064 1801 1125 1828; x_wconf 86' lang='lat' dir='ltr'><strong>Non</strong></span> <span class='ocrx_word' id='word_1_577' title='bbox 1140 1802 1232 1829; x_wconf 90' lang='lat' dir='ltr'><strong>videre</strong></span> <span class='ocrx_word' id='word_1_578' title='bbox 1248 1810 1287 1836; x_wconf 86' lang='lat' dir='ltr'><strong>se,</strong></span> <span class='ocrx_word' id='word_1_579' title='bbox 1295 1805 1475 1838; x_wconf 88' lang='lat' dir='ltr'><strong>quamobrem</strong></span> <span class='ocrx_word' id='word_1_580' title='bbox 1485 1806 1529 1832; x_wconf 80' lang='lat' dir='ltr'><strong>cui</strong></span> <span class='ocrx_word' id='word_1_581' title='bbox 1547 1807 1589 1833; x_wconf 89' lang='lat' dir='ltr'><strong>sui</strong></span> <span class='ocrx_word' id='word_1_582' title='bbox 1605 1807 1770 1839; x_wconf 79' lang='lat' dir='ltr'><strong>documenta</strong></span> 
     </span>
    </p>
   </div>
   <div class='ocr_carea' id='block_1_84' title="bbox 978 1848 1769 1887">
    <p class='ocr_par' dir='ltr' id='par_1_84' title="bbox 978 1848 1769 1887">
     <span class='ocr_line' id='line_1_84' title="bbox 978 1848 1769 1887; baseline 0.011 -14"><span class='ocrx_word' id='word_1_583' title='bbox 978 1855 1049 1882; x_wconf 70' lang='lat' dir='ltr'><strong>saepe</strong></span> <span class='ocrx_word' id='word_1_584' title='bbox 1078 1848 1106 1874; x_wconf 91' lang='lat' dir='ltr'><strong>in</strong></span> <span class='ocrx_word' id='word_1_585' title='bbox 1123 1848 1219 1875; x_wconf 89' lang='lat' dir='ltr'><strong>multis</strong></span> <span class='ocrx_word' id='word_1_586' title='bbox 1245 1848 1409 1881; x_wconf 85' lang='lat' dir='ltr'><strong>habuisset,</strong></span> <span class='ocrx_word' id='word_1_587' title='bbox 1433 1851 1627 1887; x_wconf 85' lang='lat' dir='ltr'><strong>dictorumque</strong></span> <span class='ocrx_word' id='word_1_588' title='bbox 1654 1862 1769 1882; x_wconf 86' lang='lat' dir='ltr'><strong>suorum</strong></span> 
     </span>
    </p>
   </div>
   <div class='ocr_carea' id='block_1_85' title="bbox 978 1894 1769 1932">
    <p class='ocr_par' dir='ltr' id='par_1_85' title="bbox 978 1894 1769 1932">
     <span class='ocr_line' id='line_1_85' title="bbox 978 1894 1769 1932; baseline 0.011 -13"><span class='ocrx_word' id='word_1_589' title='bbox 978 1898 1108 1920; x_wconf 79' lang='lat' dir='ltr'><strong>eventum</strong></span> <span class='ocrx_word' id='word_1_590' title='bbox 1133 1900 1188 1920; x_wconf 91' lang='lat' dir='ltr'><strong>non</strong></span> <span class='ocrx_word' id='word_1_591' title='bbox 1215 1894 1242 1921; x_wconf 90' lang='lat' dir='ltr'><strong>in</strong></span> <span class='ocrx_word' id='word_1_592' title='bbox 1258 1894 1369 1929; x_wconf 75' lang='lat' dir='ltr'><strong>longum</strong></span> <span class='ocrx_word' id='word_1_593' title='bbox 1394 1896 1530 1930; x_wconf 87' lang='lat' dir='ltr'><strong>dilatum,</strong></span> <span class='ocrx_word' id='word_1_594' title='bbox 1555 1905 1608 1926; x_wconf 88' lang='lat' dir='ltr'><strong>nec</strong></span> <span class='ocrx_word' id='word_1_595' title='bbox 1631 1899 1665 1926; x_wconf 90' lang='lat' dir='ltr'><strong>ad</strong></span> <span class='ocrx_word' id='word_1_596' title='bbox 1688 1900 1769 1932; x_wconf 81' lang='lat' dir='ltr'><strong>alios.</strong></span> 
     </span>
    </p>
   </div>
   <div class='ocr_carea' id='block_1_86' title="bbox 977 1933 1769 1978">
    <p class='ocr_par' dir='ltr' id='par_1_86' title="bbox 977 1933 1769 1978">
     <span class='ocr_line' id='line_1_86' title="bbox 977 1933 1769 1978; baseline 0.011 -13"><span class='ocrx_word' id='word_1_597' title='bbox 977 1938 1025 1966; x_wconf 82' lang='lat' dir='ltr'><strong>sed</strong></span> <span class='ocrx_word' id='word_1_598' title='bbox 1041 1933 1075 1966; x_wconf 85' lang='lat' dir='ltr'><strong>ad</strong></span> <span class='ocrx_word' id='word_1_599' title='bbox 1093 1947 1122 1967; x_wconf 87' lang='lat' dir='ltr'><strong>se</strong></span> <span class='ocrx_word' id='word_1_600' title='bbox 1137 1939 1307 1975; x_wconf 84' lang='lat' dir='ltr'><strong>pertinuisse</strong></span> <span class='ocrx_word' id='word_1_601' title='bbox 1322 1941 1544 1971; x_wconf 81' lang='lat' dir='ltr'><strong>manifestissime</strong></span> <span class='ocrx_word' id='word_1_602' title='bbox 1568 1944 1669 1978; x_wconf 86' lang='lat' dir='ltr'><strong>sciret,</strong></span> <span class='ocrx_word' id='word_1_603' title='bbox 1695 1954 1769 1974; x_wconf 86' lang='lat' dir='ltr'><strong>nunc</strong></span> 
     </span>
    </p>
   </div>
   <div class='ocr_carea' id='block_1_87' title="bbox 978 1984 1770 2023">
    <p class='ocr_par' dir='ltr' id='par_1_87' title="bbox 978 1984 1770 2023">
     <span class='ocr_line' id='line_1_87' title="bbox 978 1984 1770 2023; baseline 0.01 -12"><span class='ocrx_word' id='word_1_604' title='bbox 978 1984 1092 2019; x_wconf 85' lang='lat' dir='ltr'><strong>penitus</strong></span> <span class='ocrx_word' id='word_1_605' title='bbox 1108 1984 1190 2012; x_wconf 83' lang='lat' dir='ltr'><strong>fidem</strong></span> <span class='ocrx_word' id='word_1_606' title='bbox 1216 1985 1269 2013; x_wconf 88' lang='lat' dir='ltr'><strong>sibi</strong></span> <span class='ocrx_word' id='word_1_607' title='bbox 1287 1986 1435 2022; x_wconf 84' lang='lat' dir='ltr'><strong>denegaret</strong></span> <span class='ocrx_word' id='word_1_608' title='bbox 1448 2007 1456 2019; x_wconf 86' lang='grc'><strong>,</strong></span> <span class='ocrx_word' id='word_1_609' title='bbox 1483 1993 1511 2016; x_wconf 93' lang='lat' dir='ltr'><strong>et</strong></span> <span class='ocrx_word' id='word_1_610' title='bbox 1535 1997 1585 2023; x_wconf 91' lang='lat' dir='ltr'><strong>pro</strong></span> <span class='ocrx_word' id='word_1_611' title='bbox 1601 1991 1695 2018; x_wconf 88' lang='lat' dir='ltr'><strong>verbis</strong></span> <span class='ocrx_word' id='word_1_612' title='bbox 1710 1992 1770 2019; x_wconf 87' lang='lat' dir='ltr'><strong>ina-</strong></span> 
     </span>
    </p>
   </div>
   <div class='ocr_carea' id='block_1_88' title="bbox 979 2031 1769 2073">
    <p class='ocr_par' dir='ltr' id='par_1_88' title="bbox 979 2031 1769 2073">
     <span class='ocr_line' id='line_1_88' title="bbox 979 2031 1769 2073; baseline 0.01 -16"><span class='ocrx_word' id='word_1_613' title='bbox 979 2031 1062 2058; x_wconf 91' lang='lat' dir='ltr'><strong>nibus</strong></span> <span class='ocrx_word' id='word_1_614' title='bbox 1079 2031 1205 2064; x_wconf 88' lang='lat' dir='ltr'><strong>duceret,</strong></span> <span class='ocrx_word' id='word_1_615' title='bbox 1222 2039 1284 2067; x_wconf 75' lang='lat' dir='ltr'><strong>quae</strong></span> <span class='ocrx_word' id='word_1_616' title='bbox 1313 2032 1484 2061; x_wconf 88' lang='lat' dir='ltr'><strong>dicerentur.</strong></span> <span class='ocrx_word' id='word_1_617' title='bbox 1512 2035 1597 2062; x_wconf 82' lang='lat' dir='ltr'><strong>Porro</strong></span> <span class='ocrx_word' id='word_1_618' title='bbox 1620 2044 1659 2070; x_wconf 80' lang='lat' dir='ltr'><strong>sc,</strong></span> <span class='ocrx_word' id='word_1_619' title='bbox 1682 2046 1769 2073; x_wconf 80' lang='lat' dir='ltr'><strong>quan-</strong></span> 
     </span>
    </p>
   </div>
   <div class='ocr_carea' id='block_1_89' title="bbox 979 2077 1767 2117">
    <p class='ocr_par' dir='ltr' id='par_1_89' title="bbox 979 2077 1767 2117">
     <span class='ocr_line' id='line_1_89' title="bbox 979 2077 1767 2117; baseline 0.011 -14"><span class='ocrx_word' id='word_1_620' title='bbox 979 2084 1060 2112; x_wconf 87' lang='lat' dir='ltr'><strong>quam</strong></span> <span class='ocrx_word' id='word_1_621' title='bbox 1076 2077 1224 2112; x_wconf 78' lang='lat' dir='ltr'><strong>refraganti</strong></span> <span class='ocrx_word' id='word_1_622' title='bbox 1237 2099 1244 2111; x_wconf 94' lang='lat'><strong>,</strong></span> <span class='ocrx_word' id='word_1_623' title='bbox 1270 2078 1452 2106; x_wconf 89' lang='lat' dir='ltr'><strong>nihilominus</strong></span> <span class='ocrx_word' id='word_1_624' title='bbox 1467 2088 1527 2115; x_wconf 72' lang='lat' dir='ltr'><strong>qua:</strong></span> <span class='ocrx_word' id='word_1_625' title='bbox 1542 2089 1604 2109; x_wconf 90' lang='lat' dir='ltr'><strong>cum</strong></span> <span class='ocrx_word' id='word_1_626' title='bbox 1620 2082 1687 2117; x_wconf 85' lang='lat' dir='ltr'><strong>ipsi,</strong></span> <span class='ocrx_word' id='word_1_627' title='bbox 1709 2088 1767 2112; x_wconf 90' lang='lat' dir='ltr'><strong>tum</strong></span> 
     </span>
    </p>
   </div>
   <div class='ocr_carea' id='block_1_90' title="bbox 978 2123 1767 2159">
    <p class='ocr_par' dir='ltr' id='par_1_90' title="bbox 978 2123 1767 2159">
     <span class='ocr_line' id='line_1_90' title="bbox 978 2123 1767 2159; baseline 0.01 -9"><span class='ocrx_word' id='word_1_628' title='bbox 978 2123 1103 2150; x_wconf 83' lang='lat' dir='ltr'><strong>Romano</strong></span> <span class='ocrx_word' id='word_1_629' title='bbox 1130 2123 1212 2159; x_wconf 82' lang='lat'><strong>539</strong></span> <span class='ocrx_word' id='word_1_630' title='bbox 1238 2123 1353 2159; x_wconf 86' lang='lat' dir='ltr'><strong>imperio</strong></span> <span class='ocrx_word' id='word_1_631' title='bbox 1377 2127 1506 2153; x_wconf 88' lang='lat' dir='ltr'><strong>universo</strong></span> <span class='ocrx_word' id='word_1_632' title='bbox 1526 2128 1681 2157; x_wconf 90' lang='lat' dir='ltr'><strong>conducere</strong></span> <span class='ocrx_word' id='word_1_633' title='bbox 1702 2138 1767 2157; x_wconf 71' lang='lat' dir='ltr'><strong>seno</strong></span> 
     </span>
    </p>
   </div>
   <div class='ocr_carea' id='block_1_91' title="bbox 979 2169 1765 2212">
    <p class='ocr_par' dir='ltr' id='par_1_91' title="bbox 979 2169 1765 2212">
     <span class='ocr_line' id='line_1_91' title="bbox 979 2169 1765 2212; baseline 0.009 -16"><span class='ocrx_word' id='word_1_634' title='bbox 979 2169 1053 2203; x_wconf 89' lang='lat' dir='ltr'><strong>tiret,</strong></span> <span class='ocrx_word' id='word_1_635' title='bbox 1071 2170 1188 2197; x_wconf 80' lang='lat' dir='ltr'><strong>suadere</strong></span> <span class='ocrx_word' id='word_1_636' title='bbox 1202 2170 1285 2198; x_wconf 86' lang='lat' dir='ltr'><strong>velle.</strong></span> <span class='ocrx_word' id='word_1_637' title='bbox 1312 2170 1370 2198; x_wconf 92' lang='lat' dir='ltr'><strong>Sibi</strong></span> <span class='ocrx_word' id='word_1_638' title='bbox 1387 2172 1460 2198; x_wconf 92' lang='lat' dir='ltr'><strong>enim</strong></span> <span class='ocrx_word' id='word_1_639' title='bbox 1483 2180 1498 2199; x_wconf 90' lang='lat' dir='ltr'><strong>a</strong></span> <span class='ocrx_word' id='word_1_640' title='bbox 1518 2172 1575 2212; x_wconf 75' lang='lat' dir='ltr'><strong>peo</strong></span> <span class='ocrx_word' id='word_1_641' title='bbox 1600 2174 1765 2209; x_wconf 71' lang='lat' dir='ltr'><strong>indicatum,</strong></span> 
     </span>
    </p>
   </div>
   <div class='ocr_carea' id='block_1_92' title="bbox 139 2215 926 2258">
    <p class='ocr_par' dir='ltr' id='par_1_92' title="bbox 139 2221 926 2257">
     <span class='ocr_line' id='line_1_92' title="bbox 139 2221 926 2257; baseline 0.001 -9"><span class='ocrx_word' id='word_1_642' title='bbox 139 2221 169 2248; x_wconf 70' lang='grc' dir='ltr'><strong>δὲ</strong></span> <span class='ocrx_word' id='word_1_643' title='bbox 197 2221 239 2248; x_wconf 76' lang='grc' dir='ltr'>ὅτι</span> <span class='ocrx_word' id='word_1_644' title='bbox 255 2221 288 2248; x_wconf 66' lang='grc' dir='ltr'>ἂν</span> <span class='ocrx_word' id='word_1_645' title='bbox 302 2221 344 2257; x_wconf 70' lang='grc' dir='ltr'>εἴη</span> <span class='ocrx_word' id='word_1_646' title='bbox 360 2222 391 2248; x_wconf 79' lang='grc' dir='ltr'>τὺ</span> <span class='ocrx_word' id='word_1_647' title='bbox 404 2222 508 2254; x_wconf 78' lang='grc' dir='ltr'>Μυσοῖς</span> <span class='ocrx_word' id='word_1_648' title='bbox 525 2222 611 2248; x_wconf 74' lang='grc' dir='ltr'>αἴτιον</span> <span class='ocrx_word' id='word_1_649' title='bbox 627 2221 756 2257; x_wconf 71' lang='grc' dir='ltr'>ἐσόμενον</span> <span class='ocrx_word' id='word_1_650' title='bbox 776 2222 877 2256; x_wconf 82' lang='grc' dir='ltr'>φυγῆς.</span> <span class='ocrx_word' id='word_1_651' title='bbox 899 2222 926 2249; x_wconf 76' lang='grc' dir='ltr'>Ὀ</span> 
     </span>
    </p>
   </div>
   <div class='ocr_carea' id='block_1_93' title="bbox 979 2215 1766 2258">
    <p class='ocr_par' dir='ltr' id='par_1_93' title="bbox 981 2215 1766 2258">
     <span class='ocr_line' id='line_1_93' title="bbox 981 2215 1766 2258; baseline 0.01 -17"><span class='ocrx_word' id='word_1_652' title='bbox 981 2222 1036 2241; x_wconf 90' lang='lat' dir='ltr'><strong>non</strong></span> <span class='ocrx_word' id='word_1_653' title='bbox 1051 2215 1123 2249; x_wconf 84' lang='lat' dir='ltr'><strong>ipsi,</strong></span> <span class='ocrx_word' id='word_1_654' title='bbox 1142 2222 1238 2242; x_wconf 76' lang='lat' dir='ltr'><strong>verum</strong></span> <span class='ocrx_word' id='word_1_655' title='bbox 1263 2215 1456 2244; x_wconf 83' lang='lat' dir='ltr'><strong>Cantacuzeno</strong></span> <span class='ocrx_word' id='word_1_656' title='bbox 1471 2237 1478 2248; x_wconf 89' lang='lat'>.</span> <span class='ocrx_word' id='word_1_657' title='bbox 1505 2219 1551 2254; x_wconf 91' lang='lat' dir='ltr'><strong>qui</strong></span> <span class='ocrx_word' id='word_1_658' title='bbox 1575 2219 1650 2254; x_wconf 90' lang='lat' dir='ltr'><strong>prius</strong></span> <span class='ocrx_word' id='word_1_659' title='bbox 1676 2224 1766 2258; x_wconf 79' lang='lat' dir='ltr'><strong>magni</strong></span> 
     </span>
    </p>
   </div>
   <div class='ocr_carea' id='block_1_94' title="bbox 138 2266 927 2302">
    <p class='ocr_par' dir='ltr' id='par_1_94' title="bbox 138 2266 927 2302">
     <span class='ocr_line' id='line_1_94' title="bbox 138 2266 927 2302; baseline 0.001 -9"><span class='ocrx_word' id='word_1_660' title='bbox 138 2266 163 2293; x_wconf 75' lang='grc' dir='ltr'><strong>δ’</strong></span> <span class='ocrx_word' id='word_1_661' title='bbox 173 2267 256 2298; x_wconf 72' lang='grc' dir='ltr'>αὐτὸς</span> <span class='ocrx_word' id='word_1_662' title='bbox 268 2267 412 2302; x_wconf 80' lang='grc' dir='ltr'>ἀρχιερεὺς</span> <span class='ocrx_word' id='word_1_663' title='bbox 426 2268 473 2294; x_wconf 78' lang='grc' dir='ltr'>καὶ</span> <span class='ocrx_word' id='word_1_664' title='bbox 491 2267 653 2302; x_wconf 80' lang='grc' dir='ltr'>’Λποκαύχῳ</span> <span class='ocrx_word' id='word_1_665' title='bbox 664 2266 702 2302; x_wconf 85' lang='grc' dir='ltr'>τῷ</span> <span class='ocrx_word' id='word_1_666' title='bbox 715 2267 826 2302; x_wconf 80' lang='grc' dir='ltr'>μεγάλῳ</span> <span class='ocrx_word' id='word_1_667' title='bbox 850 2267 927 2295; x_wconf 65' lang='grc' dir='ltr'><strong>δουκλ⁵</strong></span> 
     </span>
    </p>
   </div>
   <div class='ocr_carea' id='block_1_95' title="bbox 141 2310 927 2348">
    <p class='ocr_par' dir='ltr' id='par_1_95' title="bbox 141 2310 927 2348">
     <span class='ocr_line' id='line_1_95' title="bbox 141 2310 927 2348; baseline 0.005 -12"><span class='ocrx_word' id='word_1_668' title='bbox 141 2310 244 2346; x_wconf 79' lang='grc' dir='ltr'>ἔγραψε</span> <span class='ocrx_word' id='word_1_669' title='bbox 261 2311 393 2338; x_wconf 76' lang='grc' dir='ltr'>τοιαῦτα·</span> <span class='ocrx_word' id='word_1_670' title='bbox 425 2312 462 2344; x_wconf 77' lang='grc' dir='ltr'><strong>ὡς</strong></span> <span class='ocrx_word' id='word_1_671' title='bbox 483 2312 600 2347; x_wconf 77' lang='grc' dir='ltr'>ἀποροίη</span> <span class='ocrx_word' id='word_1_672' title='bbox 624 2313 686 2339; x_wconf 79' lang='grc' dir='ltr'>ὅτου</span> <span class='ocrx_word' id='word_1_673' title='bbox 720 2313 802 2340; x_wconf 69' lang='grc' dir='ltr'>ἕνεκα</span> <span class='ocrx_word' id='word_1_674' title='bbox 829 2315 927 2348; x_wconf 68' lang='grc' dir='ltr'>πεῖραν</span> 
     </span>
    </p>
   </div>
   <div class='ocr_carea' id='block_1_96' title="bbox 142 2357 927 2395">
    <p class='ocr_par' dir='ltr' id='par_1_96' title="bbox 142 2357 927 2395">
     <span class='ocr_line' id='line_1_96' title="bbox 142 2357 927 2395; baseline 0.005 -13"><span class='ocrx_word' id='word_1_675' title='bbox 142 2357 226 2383; x_wconf 81' lang='grc' dir='ltr'>αὑτοῦ</span> <span class='ocrx_word' id='word_1_676' title='bbox 256 2357 387 2388; x_wconf 79' lang='grc' dir='ltr'>πολλάκις</span> <span class='ocrx_word' id='word_1_677' title='bbox 409 2358 438 2384; x_wconf 85' lang='grc' dir='ltr'>ὲν</span> <span class='ocrx_word' id='word_1_678' title='bbox 452 2358 559 2390; x_wconf 80' lang='grc' dir='ltr'>πολλοῖς</span> <span class='ocrx_word' id='word_1_679' title='bbox 573 2359 707 2393; x_wconf 76' lang='grc' dir='ltr'>πρότερον</span> <span class='ocrx_word' id='word_1_680' title='bbox 721 2359 856 2395; x_wconf 79' lang='grc' dir='ltr'>ἐσχηκὼς,</span> <span class='ocrx_word' id='word_1_681' title='bbox 879 2359 927 2386; x_wconf 81' lang='grc' dir='ltr'>καὶ</span> 
     </span>
    </p>
   </div>
   <div class='ocr_carea' id='block_1_97' title="bbox 143 2403 927 2440">
    <p class='ocr_par' dir='ltr' id='par_1_97' title="bbox 143 2403 927 2440">
     <span class='ocr_line' id='line_1_97' title="bbox 143 2403 927 2440; baseline 0.004 -11"><span class='ocrx_word' id='word_1_682' title='bbox 143 2403 197 2429; x_wconf 82' lang='grc' dir='ltr'><strong>τῶν</strong></span> <span class='ocrx_word' id='word_1_683' title='bbox 215 2404 370 2438; x_wconf 73' lang='grc' dir='ltr'>εἰρημένων</span> <span class='ocrx_word' id='word_1_684' title='bbox 392 2403 441 2439; x_wconf 83' lang='grc' dir='ltr'><strong>τὴν</strong></span> <span class='ocrx_word' id='word_1_685' title='bbox 463 2404 576 2431; x_wconf 79' lang='grc' dir='ltr'>ἔκϐασιν</span> <span class='ocrx_word' id='word_1_686' title='bbox 601 2406 651 2432; x_wconf 82' lang='grc' dir='ltr'><strong>οὐκ</strong></span> <span class='ocrx_word' id='word_1_687' title='bbox 670 2406 709 2436; x_wconf 84' lang='grc' dir='ltr'><strong>είς</strong></span> <span class='ocrx_word' id='word_1_688' title='bbox 729 2408 850 2440; x_wconf 76' lang='grc' dir='ltr'>μακρὰν,</span> <span class='ocrx_word' id='word_1_689' title='bbox 873 2405 927 2432; x_wconf 70' lang='grc' dir='ltr'>οὐδ’</span> 
     </span>
    </p>
   </div>
   <div class='ocr_carea' id='block_1_98' title="bbox 143 2447 928 2483">
    <p class='ocr_par' dir='ltr' id='par_1_98' title="bbox 143 2447 928 2483">
     <span class='ocr_line' id='line_1_98' title="bbox 143 2447 928 2483; baseline 0.003 -9"><span class='ocrx_word' id='word_1_690' title='bbox 143 2447 183 2478; x_wconf 83' lang='grc' dir='ltr'><strong>είς</strong></span> <span class='ocrx_word' id='word_1_691' title='bbox 202 2447 295 2483; x_wconf 76' lang='grc' dir='ltr'>ἔτερόν</span> <span class='ocrx_word' id='word_1_692' title='bbox 319 2457 389 2479; x_wconf 84' lang='grc' dir='ltr'>τινα,</span> <span class='ocrx_word' id='word_1_693' title='bbox 414 2448 474 2474; x_wconf 79' lang='grc' dir='ltr'>ἀλλ’</span> <span class='ocrx_word' id='word_1_694' title='bbox 498 2450 538 2479; x_wconf 77' lang='grc' dir='ltr'>εἰς</span> <span class='ocrx_word' id='word_1_695' title='bbox 569 2449 664 2475; x_wconf 65' lang='grc' dir='ltr'>ἑαυτὸν</span> <span class='ocrx_word' id='word_1_696' title='bbox 687 2449 749 2476; x_wconf 86' lang='grc' dir='ltr'><strong>ἰδὼν</strong></span> <span class='ocrx_word' id='word_1_697' title='bbox 772 2450 928 2483; x_wconf 56' lang='grc' dir='ltr'>σαᾳέστατα</span> 
     </span>
    </p>
   </div>
   <div class='ocr_carea' id='block_1_99' title="bbox 144 2493 928 2529">
    <p class='ocr_par' dir='ltr' id='par_1_99' title="bbox 144 2493 928 2529">
     <span class='ocr_line' id='line_1_99' title="bbox 144 2493 928 2529; baseline 0.004 -11"><span class='ocrx_word' id='word_1_698' title='bbox 144 2494 342 2528; x_wconf 77' lang='grc' dir='ltr'>γεγενημένην,</span> <span class='ocrx_word' id='word_1_699' title='bbox 361 2493 409 2520; x_wconf 78' lang='grc' dir='ltr'>νῦν</span> <span class='ocrx_word' id='word_1_700' title='bbox 428 2494 556 2529; x_wconf 72' lang='grc' dir='ltr'>ἀπιστοίη</span> <span class='ocrx_word' id='word_1_701' title='bbox 578 2494 747 2524; x_wconf 82' lang='grc' dir='ltr'>παντάπασι,</span> <span class='ocrx_word' id='word_1_702' title='bbox 765 2496 812 2521; x_wconf 72' lang='grc' dir='ltr'>καὶ</span> <span class='ocrx_word' id='word_1_703' title='bbox 832 2495 928 2528; x_wconf 73' lang='grc' dir='ltr'>λόγους</span> 
     </span>
    </p>
   </div>
   <div class='ocr_carea' id='block_1_100' title="bbox 145 2538 927 2574">
    <p class='ocr_par' dir='ltr' id='par_1_100' title="bbox 145 2538 927 2574">
     <span class='ocr_line' id='line_1_100' title="bbox 145 2538 927 2574; baseline 0.005 -10"><span class='ocrx_word' id='word_1_704' title='bbox 145 2538 228 2565; x_wconf 79' lang='grc' dir='ltr'>οἰοιτο</span> <span class='ocrx_word' id='word_1_705' title='bbox 254 2538 315 2572; x_wconf 82' lang='grc' dir='ltr'>εἰκῆ</span> <span class='ocrx_word' id='word_1_706' title='bbox 343 2538 508 2573; x_wconf 81' lang='grc' dir='ltr'>λεγομένους</span> <span class='ocrx_word' id='word_1_707' title='bbox 536 2539 570 2566; x_wconf 80' lang='grc' dir='ltr'>τὰ</span> <span class='ocrx_word' id='word_1_708' title='bbox 599 2540 732 2574; x_wconf 76' lang='grc' dir='ltr'>εἰρημένα</span> <span class='ocrx_word' id='word_1_709' title='bbox 761 2540 807 2566; x_wconf 79' lang='grc' dir='ltr'><strong>ὑπ’</strong></span> <span class='ocrx_word' id='word_1_710' title='bbox 832 2541 927 2569; x_wconf 80' lang='grc' dir='ltr'>αὐτοῦ.</span> 
     </span>
    </p>
   </div>
   <div class='ocr_carea' id='block_1_101' title="bbox 146 2581 928 2619">
    <p class='ocr_par' dir='ltr' id='par_1_101' title="bbox 146 2581 928 2619">
     <span class='ocr_line' id='line_1_101' title="bbox 146 2581 928 2619; baseline 0.004 -11"><span class='ocrx_word' id='word_1_711' title='bbox 146 2581 233 2614; x_wconf 69' lang='grc' dir='ltr'>Αὐτὸς</span> <span class='ocrx_word' id='word_1_712' title='bbox 258 2583 285 2609; x_wconf 73' lang='grc' dir='ltr'><strong>δὲ</strong></span> <span class='ocrx_word' id='word_1_713' title='bbox 322 2583 415 2610; x_wconf 77' lang='grc' dir='ltr'>καίτοι</span> <span class='ocrx_word' id='word_1_714' title='bbox 434 2583 470 2618; x_wconf 87' lang='grc' dir='ltr'><strong>μὴ</strong></span> <span class='ocrx_word' id='word_1_715' title='bbox 493 2583 647 2619; x_wconf 84' lang='grc' dir='ltr'>βουλομένῳ</span> <span class='ocrx_word' id='word_1_716' title='bbox 673 2584 826 2617; x_wconf 76' lang='grc' dir='ltr'>πείθεσθαι,</span> <span class='ocrx_word' id='word_1_717' title='bbox 853 2585 928 2611; x_wconf 70' lang='grc' dir='ltr'>οὐδὲν</span> 
     </span>
    </p>
   </div>
   <div class='ocr_carea' id='block_1_102' title="bbox 145 2623 929 2665">
    <p class='ocr_par' dir='ltr' id='par_1_102' title="bbox 145 2623 929 2665">
     <span class='ocr_line' id='line_1_102' title="bbox 145 2623 929 2665; baseline 0.005 -12"><span class='ocrx_word' id='word_1_718' title='bbox 145 2623 226 2662; x_wconf 78' lang='grc' dir='ltr'>ἧττον</span> <span class='ocrx_word' id='word_1_719' title='bbox 253 2627 477 2662; x_wconf 79' lang='grc' dir='ltr'>συμῦονλεύσειν,</span> <span class='ocrx_word' id='word_1_720' title='bbox 508 2629 526 2656; x_wconf 78' lang='grc' dir='ltr'>ἃ</span> <span class='ocrx_word' id='word_1_721' title='bbox 554 2630 627 2664; x_wconf 76' lang='grc' dir='ltr'>αὐτῷ</span> <span class='ocrx_word' id='word_1_722' title='bbox 654 2639 684 2657; x_wconf 83' lang='grc' dir='ltr'><strong>τε</strong></span> <span class='ocrx_word' id='word_1_723' title='bbox 711 2631 759 2657; x_wconf 81' lang='grc' dir='ltr'>καὶ</span> <span class='ocrx_word' id='word_1_724' title='bbox 783 2631 929 2665; x_wconf 84' lang='grc' dir='ltr'>Ῥωμαίοις</span> 
     </span>
    </p>
   </div>
   <div class='ocr_carea' id='block_1_103' title="bbox 146 2672 929 2711">
    <p class='ocr_par' dir='ltr' id='par_1_103' title="bbox 146 2672 929 2711">
     <span class='ocr_line' id='line_1_103' title="bbox 146 2672 929 2711; baseline 0.005 -12"><span class='ocrx_word' id='word_1_725' title='bbox 146 2672 231 2700; x_wconf 69' lang='grc' dir='ltr'>ἅπασι</span> <span class='ocrx_word' id='word_1_726' title='bbox 243 2673 429 2710; x_wconf 77' lang='grc' dir='ltr'>λυσιτελήσειν</span> <span class='ocrx_word' id='word_1_727' title='bbox 443 2674 528 2701; x_wconf 73' lang='grc' dir='ltr'>οἴεται</span> <span class='ocrx_word' id='word_1_728' title='bbox 540 2682 548 2690; x_wconf 88' lang='grc'>·</span> <span class='ocrx_word' id='word_1_729' title='bbox 564 2675 769 2710; x_wconf 81' lang='grc' dir='ltr'>ὲκκαλυφθῆναι</span> <span class='ocrx_word' id='word_1_730' title='bbox 783 2677 838 2711; x_wconf 71' lang='grc' dir='ltr'>γὰρ</span> <span class='ocrx_word' id='word_1_731' title='bbox 854 2677 929 2711; x_wconf 80' lang='grc' dir='ltr'>αὐτῷ</span> 
     </span>
    </p>
   </div>
   <div class='ocr_carea' id='block_1_104' title="bbox 148 2719 930 2756">
    <p class='ocr_par' dir='ltr' id='par_1_104' title="bbox 148 2719 930 2756">
     <span class='ocr_line' id='line_1_104' title="bbox 148 2719 930 2756; baseline 0.006 -11"><span class='ocrx_word' id='word_1_732' title='bbox 148 2719 222 2753; x_wconf 82' lang='grc' dir='ltr'><strong>παρά</strong></span> <span class='ocrx_word' id='word_1_733' title='bbox 233 2719 310 2753; x_wconf 84' lang='grc' dir='ltr'>Θεοῦ,</span> <span class='ocrx_word' id='word_1_734' title='bbox 327 2720 365 2752; x_wconf 86' lang='grc' dir='ltr'>ὼς</span> <span class='ocrx_word' id='word_1_735' title='bbox 379 2721 428 2747; x_wconf 79' lang='grc' dir='ltr'><strong>οὐκ</strong></span> <span class='ocrx_word' id='word_1_736' title='bbox 441 2720 537 2755; x_wconf 76' lang='grc' dir='ltr'>ἐκείνῳ</span> <span class='ocrx_word' id='word_1_737' title='bbox 555 2721 666 2756; x_wconf 79' lang='grc' dir='ltr'>μᾶλλον,</span> <span class='ocrx_word' id='word_1_738' title='bbox 683 2722 750 2748; x_wconf 84' lang='grc' dir='ltr'>ἀλλὰ</span> <span class='ocrx_word' id='word_1_739' title='bbox 771 2723 930 2750; x_wconf 77' lang='grc' dir='ltr'>Καντακσυ-</span> 
     </span>
    </p>
   </div>
   <div class='ocr_carea' id='block_1_105' title="bbox 147 2762 928 2803">
    <p class='ocr_par' dir='ltr' id='par_1_105' title="bbox 147 2762 928 2803">
     <span class='ocr_line' id='line_1_105' title="bbox 147 2762 928 2803; baseline 0.008 -14"><span class='ocrx_word' id='word_1_740' title='bbox 147 2762 220 2798; x_wconf 77' lang='grc' dir='ltr'><strong>ζηνῷ</strong></span> <span class='ocrx_word' id='word_1_741' title='bbox 232 2765 272 2799; x_wconf 82' lang='grc' dir='ltr'><strong>τῷ</strong></span> <span class='ocrx_word' id='word_1_742' title='bbox 290 2765 354 2800; x_wconf 74' lang='grc' dir='ltr'>πρὶν</span> <span class='ocrx_word' id='word_1_743' title='bbox 378 2766 429 2800; x_wconf 78' lang='grc' dir='ltr'>μὲν</span> <span class='ocrx_word' id='word_1_744' title='bbox 454 2765 564 2800; x_wconf 82' lang='grc' dir='ltr'>μεγάλῳ</span> <span class='ocrx_word' id='word_1_745' title='bbox 580 2766 744 2802; x_wconf 76' lang='grc' dir='ltr'>δσμεστίκῳ,</span> <span class='ocrx_word' id='word_1_746' title='bbox 761 2769 819 2794; x_wconf 71' lang='grc' dir='ltr'><strong>νυνὶ¹</strong></span> <span class='ocrx_word' id='word_1_747' title='bbox 835 2769 861 2795; x_wconf 79' lang='grc' dir='ltr'><strong>δὲ</strong></span> <span class='ocrx_word' id='word_1_748' title='bbox 881 2768 928 2803; x_wconf 75' lang='grc' dir='ltr'><strong>βι-</strong></span> 
     </span>
    </p>
   </div>
   <div class='ocr_carea' id='block_1_106' title="bbox 149 2807 929 2848">
    <p class='ocr_par' dir='ltr' id='par_1_106' title="bbox 149 2807 929 2848">
     <span class='ocr_line' id='line_1_106' title="bbox 149 2807 929 2848; baseline 0.009 -15"><span class='ocrx_word' id='word_1_749' title='bbox 149 2807 217 2833; x_wconf 80' lang='grc' dir='ltr'>σιλεῖ</span> <span class='ocrx_word' id='word_1_750' title='bbox 229 2810 416 2844; x_wconf 80' lang='grc' dir='ltr'>γεγενημένῳ,</span> <span class='ocrx_word' id='word_1_751' title='bbox 436 2811 466 2836; x_wconf 79' lang='grc' dir='ltr'>τὸ</span> <span class='ocrx_word' id='word_1_752' title='bbox 480 2811 535 2841; x_wconf 81' lang='grc' dir='ltr'>τοῖς</span> <span class='ocrx_word' id='word_1_753' title='bbox 553 2810 685 2844; x_wconf 77' lang='grc' dir='ltr'>βασιλέως</span> <span class='ocrx_word' id='word_1_754' title='bbox 710 2813 804 2839; x_wconf 77' lang='grc' dir='ltr'>παισὶν</span> <span class='ocrx_word' id='word_1_755' title='bbox 821 2814 929 2848; x_wconf 77' lang='grc' dir='ltr'>ἐπιτρο-</span> 
     </span>
    </p>
   </div>
   <div class='ocr_carea' id='block_1_107' title="bbox 149 2852 928 2892">
    <p class='ocr_par' dir='ltr' id='par_1_107' title="bbox 149 2852 928 2892">
     <span class='ocr_line' id='line_1_107' title="bbox 149 2852 928 2892; baseline 0.008 -14"><span class='ocrx_word' id='word_1_756' title='bbox 149 2852 242 2881; x_wconf 71' lang='grc' dir='ltr'>πεῦειν</span> <span class='ocrx_word' id='word_1_757' title='bbox 261 2856 305 2887; x_wconf 68' lang='grc' dir='ltr'>καὶ</span> <span class='ocrx_word' id='word_1_758' title='bbox 325 2856 533 2890; x_wconf 71' lang='grc' dir='ltr'>συμϐασιλεύειν</span> <span class='ocrx_word' id='word_1_759' title='bbox 550 2857 694 2892; x_wconf 77' lang='grc' dir='ltr'>προσήκει.</span> <span class='ocrx_word' id='word_1_760' title='bbox 724 2858 769 2884; x_wconf 80' lang='grc' dir='ltr'><strong>Διδ</strong></span> <span class='ocrx_word' id='word_1_761' title='bbox 790 2859 836 2885; x_wconf 80' lang='grc' dir='ltr'>καὶ</span> <span class='ocrx_word' id='word_1_762' title='bbox 856 2859 928 2884; x_wconf 62' lang='lat'><strong>6566-</strong></span> 
     </span>
    </p>
   </div>
   <div class='ocr_carea' id='block_1_108' title="bbox 981 2260 1767 2301">
    <p class='ocr_par' dir='ltr' id='par_1_108' title="bbox 981 2260 1767 2301">
     <span class='ocr_line' id='line_1_108' title="bbox 981 2260 1767 2301; baseline 0.011 -14"><span class='ocrx_word' id='word_1_763' title='bbox 981 2260 1128 2288; x_wconf 87' lang='lat' dir='ltr'><strong>domestici</strong></span> <span class='ocrx_word' id='word_1_764' title='bbox 1153 2269 1253 2291; x_wconf 89' lang='lat' dir='ltr'><strong>munus</strong></span> <span class='ocrx_word' id='word_1_765' title='bbox 1273 2262 1419 2297; x_wconf 76' lang='lat' dir='ltr'><strong>gessisset,</strong></span> <span class='ocrx_word' id='word_1_766' title='bbox 1443 2272 1518 2292; x_wconf 91' lang='lat' dir='ltr'><strong>nunc</strong></span> <span class='ocrx_word' id='word_1_767' title='bbox 1545 2266 1702 2301; x_wconf 88' lang='lat' dir='ltr'><strong>imperatori</strong></span> <span class='ocrx_word' id='word_1_768' title='bbox 1725 2277 1767 2296; x_wconf 93' lang='lat' dir='ltr'><strong>re-</strong></span> 
     </span>
    </p>
   </div>
   <div class='ocr_carea' id='block_1_109' title="bbox 982 2308 1767 2343">
    <p class='ocr_par' dir='ltr' id='par_1_109' title="bbox 982 2308 1767 2343">
     <span class='ocr_line' id='line_1_109' title="bbox 982 2308 1767 2343; baseline 0.01 -9"><span class='ocrx_word' id='word_1_769' title='bbox 982 2309 1108 2334; x_wconf 88' lang='lat' dir='ltr'><strong>nuntiato</strong></span> <span class='ocrx_word' id='word_1_770' title='bbox 1134 2308 1282 2335; x_wconf 82' lang='lat' dir='ltr'><strong>convenire</strong></span> <span class='ocrx_word' id='word_1_771' title='bbox 1316 2309 1486 2343; x_wconf 85' lang='lat' dir='ltr'><strong>imperatoris</strong></span> <span class='ocrx_word' id='word_1_772' title='bbox 1522 2311 1643 2340; x_wconf 83' lang='lat' dir='ltr'><strong>defuncti</strong></span> <span class='ocrx_word' id='word_1_773' title='bbox 1673 2314 1767 2343; x_wconf 77' lang='lat' dir='ltr'><strong>liberis</strong></span> 
     </span>
    </p>
   </div>
   <div class='ocr_carea' id='block_1_110' title="bbox 982 2355 1768 2391">
    <p class='ocr_par' dir='ltr' id='par_1_110' title="bbox 982 2355 1768 2391">
     <span class='ocr_line' id='line_1_110' title="bbox 982 2355 1768 2391; baseline 0.009 -11"><span class='ocrx_word' id='word_1_774' title='bbox 982 2359 1103 2381; x_wconf 90' lang='lat' dir='ltr'><strong>tutorem</strong></span> <span class='ocrx_word' id='word_1_775' title='bbox 1119 2362 1191 2386; x_wconf 87' lang='lat' dir='ltr'><strong>esse,</strong></span> <span class='ocrx_word' id='word_1_776' title='bbox 1209 2359 1236 2381; x_wconf 88' lang='lat' dir='ltr'><strong>et</strong></span> <span class='ocrx_word' id='word_1_777' title='bbox 1253 2361 1305 2381; x_wconf 88' lang='lat' dir='ltr'><strong>una</strong></span> <span class='ocrx_word' id='word_1_778' title='bbox 1323 2363 1384 2381; x_wconf 84' lang='lat' dir='ltr'><strong>cum</strong></span> <span class='ocrx_word' id='word_1_779' title='bbox 1402 2355 1456 2382; x_wconf 86' lang='lat' dir='ltr'><strong>illis</strong></span> <span class='ocrx_word' id='word_1_780' title='bbox 1469 2356 1615 2391; x_wconf 83' lang='lat' dir='ltr'><strong>imperare.</strong></span> <span class='ocrx_word' id='word_1_781' title='bbox 1643 2359 1719 2386; x_wconf 90' lang='lat' dir='ltr'><strong>Unde</strong></span> <span class='ocrx_word' id='word_1_782' title='bbox 1740 2365 1768 2387; x_wconf 86' lang='lat' dir='ltr'><strong>et</strong></span> 
     </span>
    </p>
   </div>
   <div class='ocr_carea' id='block_1_111' title="bbox 982 2401 1768 2436">
    <p class='ocr_par' dir='ltr' id='par_1_111' title="bbox 982 2401 1768 2436">
     <span class='ocr_line' id='line_1_111' title="bbox 982 2401 1768 2436; baseline 0.009 -9"><span class='ocrx_word' id='word_1_783' title='bbox 982 2401 1033 2428; x_wconf 87' lang='lat' dir='ltr'><strong>hoc</strong></span> <span class='ocrx_word' id='word_1_784' title='bbox 1059 2401 1083 2427; x_wconf 90' lang='lat' dir='ltr'><strong>ei</strong></span> <span class='ocrx_word' id='word_1_785' title='bbox 1113 2401 1246 2429; x_wconf 70' lang='lat' dir='ltr'><strong>divinitus</strong></span> <span class='ocrx_word' id='word_1_786' title='bbox 1271 2401 1386 2428; x_wconf 89' lang='lat' dir='ltr'><strong>datum:</strong></span> <span class='ocrx_word' id='word_1_787' title='bbox 1407 2401 1459 2436; x_wconf 89' lang='lat' dir='ltr'><strong>ipsi</strong></span> <span class='ocrx_word' id='word_1_788' title='bbox 1488 2407 1577 2430; x_wconf 87' lang='lat' dir='ltr'><strong>autem</strong></span> <span class='ocrx_word' id='word_1_789' title='bbox 1590 2404 1677 2432; x_wconf 85' lang='lat' dir='ltr'><strong>eidem</strong></span> <span class='ocrx_word' id='word_1_790' title='bbox 1702 2406 1768 2434; x_wconf 85' lang='lat' dir='ltr'><strong>sub—</strong></span> 
     </span>
    </p>
   </div>
   <div class='ocr_carea' id='block_1_112' title="bbox 981 2447 1766 2486">
    <p class='ocr_par' dir='ltr' id='par_1_112' title="bbox 981 2447 1766 2486">
     <span class='ocr_line' id='line_1_112' title="bbox 981 2447 1766 2486; baseline 0.006 -11"><span class='ocrx_word' id='word_1_791' title='bbox 981 2455 1052 2480; x_wconf 85' lang='lat' dir='ltr'><strong>esse,</strong></span> <span class='ocrx_word' id='word_1_792' title='bbox 1080 2453 1108 2474; x_wconf 84' lang='lat' dir='ltr'><strong>et</strong></span> <span class='ocrx_word' id='word_1_793' title='bbox 1134 2455 1190 2486; x_wconf 68' lang='lat' dir='ltr'><strong>rem</strong></span> <span class='ocrx_word' id='word_1_794' title='bbox 1218 2447 1341 2474; x_wconf 83' lang='lat' dir='ltr'><strong>navalem</strong></span> <span class='ocrx_word' id='word_1_795' title='bbox 1359 2456 1457 2476; x_wconf 88' lang='lat' dir='ltr'><strong>curare</strong></span> <span class='ocrx_word' id='word_1_796' title='bbox 1471 2457 1502 2476; x_wconf 88' lang='lat' dir='ltr'><strong>ac</strong></span> <span class='ocrx_word' id='word_1_797' title='bbox 1529 2451 1596 2477; x_wconf 90' lang='lat' dir='ltr'><strong>mari</strong></span> <span class='ocrx_word' id='word_1_798' title='bbox 1611 2453 1766 2486; x_wconf 75' lang='lat' dir='ltr'><strong>pra-sidere.</strong></span> 
     </span>
    </p>
   </div>
   <div class='ocr_carea' id='block_1_113' title="bbox 983 2493 1766 2530">
    <p class='ocr_par' dir='ltr' id='par_1_113' title="bbox 983 2493 1766 2530">
     <span class='ocr_line' id='line_1_113' title="bbox 983 2493 1766 2530; baseline 0.008 -10"><span class='ocrx_word' id='word_1_799' title='bbox 983 2493 1163 2528; x_wconf 80' lang='lat' dir='ltr'><strong>liluncbatquc</strong></span> <span class='ocrx_word' id='word_1_800' title='bbox 1188 2498 1218 2520; x_wconf 91' lang='lat' dir='ltr'><strong>ut</strong></span> <span class='ocrx_word' id='word_1_801' title='bbox 1235 2493 1305 2521; x_wconf 83' lang='lat' dir='ltr'><strong>datis</strong></span> <span class='ocrx_word' id='word_1_802' title='bbox 1330 2500 1496 2526; x_wconf 88' lang='lat' dir='ltr'><strong>contentus,</strong></span> <span class='ocrx_word' id='word_1_803' title='bbox 1520 2501 1596 2530; x_wconf 81' lang='lat' dir='ltr'><strong>septa</strong></span> <span class='ocrx_word' id='word_1_804' title='bbox 1623 2505 1656 2525; x_wconf 91' lang='lat' dir='ltr'><strong>ne</strong></span> <span class='ocrx_word' id='word_1_805' title='bbox 1676 2503 1766 2526; x_wconf 87' lang='lat' dir='ltr'><strong>trans-</strong></span> 
     </span>
    </p>
   </div>
   <div class='ocr_carea' id='block_1_114' title="bbox 988 2539 1766 2575">
    <p class='ocr_par' dir='ltr' id='par_1_114' title="bbox 988 2539 1766 2575">
     <span class='ocr_line' id='line_1_114' title="bbox 988 2539 1766 2575; baseline 0.006 -10"><span class='ocrx_word' id='word_1_806' title='bbox 988 2539 1076 2566; x_wconf 91' lang='lat' dir='ltr'><strong>siliret</strong></span> <span class='ocrx_word' id='word_1_807' title='bbox 1090 2558 1097 2570; x_wconf 91' lang='lat'><strong>,</strong></span> <span class='ocrx_word' id='word_1_808' title='bbox 1128 2544 1208 2573; x_wconf 83' lang='lat' dir='ltr'><strong>atque</strong></span> <span class='ocrx_word' id='word_1_809' title='bbox 1225 2544 1252 2565; x_wconf 89' lang='lat' dir='ltr'><strong>ut</strong></span> <span class='ocrx_word' id='word_1_810' title='bbox 1270 2547 1298 2566; x_wconf 85' lang='lat' dir='ltr'><strong>se</strong></span> <span class='ocrx_word' id='word_1_811' title='bbox 1314 2539 1440 2571; x_wconf 85' lang='lat' dir='ltr'><strong>audiret,</strong></span> <span class='ocrx_word' id='word_1_812' title='bbox 1456 2541 1586 2575; x_wconf 78' lang='lat' dir='ltr'><strong>rogabat:</strong></span> <span class='ocrx_word' id='word_1_813' title='bbox 1604 2542 1675 2569; x_wconf 84' lang='lat' dir='ltr'><strong>haud</strong></span> <span class='ocrx_word' id='word_1_814' title='bbox 1693 2544 1766 2570; x_wconf 87' lang='lat' dir='ltr'><strong>enim</strong></span> 
     </span>
    </p>
   </div>
   <div class='ocr_carea' id='block_1_115' title="bbox 983 2585 1766 2615">
    <p class='ocr_par' dir='ltr' id='par_1_115' title="bbox 983 2585 1766 2615">
     <span class='ocr_line' id='line_1_115' title="bbox 983 2585 1766 2615; baseline 0.005 -4"><span class='ocrx_word' id='word_1_815' title='bbox 983 2585 1052 2612; x_wconf 89' lang='lat' dir='ltr'><strong>bene</strong></span> <span class='ocrx_word' id='word_1_816' title='bbox 1089 2590 1251 2612; x_wconf 82' lang='lat' dir='ltr'><strong>eventurum</strong></span> <span class='ocrx_word' id='word_1_817' title='bbox 1284 2585 1306 2611; x_wconf 83' lang='lat' dir='ltr'><strong>si</strong></span> <span class='ocrx_word' id='word_1_818' title='bbox 1334 2590 1428 2612; x_wconf 89' lang='lat' dir='ltr'><strong>contra</strong></span> <span class='ocrx_word' id='word_1_819' title='bbox 1461 2586 1583 2612; x_wconf 83' lang='lat' dir='ltr'><strong>divinum</strong></span> <span class='ocrx_word' id='word_1_820' title='bbox 1620 2588 1766 2615; x_wconf 88' lang='lat' dir='ltr'><strong>consilium</strong></span> 
     </span>
    </p>
   </div>
   <div class='ocr_carea' id='block_1_116' title="bbox 983 2629 1767 2665">
    <p class='ocr_par' dir='ltr' id='par_1_116' title="bbox 983 2629 1767 2665">
     <span class='ocr_line' id='line_1_116' title="bbox 983 2629 1767 2665; baseline 0.003 -8"><span class='ocrx_word' id='word_1_821' title='bbox 983 2630 1100 2657; x_wconf 82' lang='lat' dir='ltr'><strong>venerit.</strong></span> <span class='ocrx_word' id='word_1_822' title='bbox 1115 2629 1149 2657; x_wconf 85' lang='lat' dir='ltr'><strong>Se</strong></span> <span class='ocrx_word' id='word_1_823' title='bbox 1164 2637 1273 2664; x_wconf 89' lang='lat' dir='ltr'><strong>quoque</strong></span> <span class='ocrx_word' id='word_1_824' title='bbox 1287 2629 1422 2664; x_wconf 88' lang='lat' dir='ltr'><strong>principio</strong></span> <span class='ocrx_word' id='word_1_825' title='bbox 1435 2631 1606 2665; x_wconf 87' lang='lat' dir='ltr'><strong>potissimum</strong></span> <span class='ocrx_word' id='word_1_826' title='bbox 1620 2633 1767 2660; x_wconf 88' lang='lat' dir='ltr'><strong>creationis</strong></span> 
     </span>
    </p>
   </div>
   <div class='ocr_carea' id='block_1_117' title="bbox 982 2676 1766 2712">
    <p class='ocr_par' dir='ltr' id='par_1_117' title="bbox 982 2676 1766 2712">
     <span class='ocr_line' id='line_1_117' title="bbox 982 2676 1766 2712; baseline 0.004 -8"><span class='ocrx_word' id='word_1_827' title='bbox 982 2676 1167 2704; x_wconf 83' lang='lat' dir='ltr'><strong>Cantacuzeui</strong></span> <span class='ocrx_word' id='word_1_828' title='bbox 1189 2676 1290 2702; x_wconf 79' lang='lat' dir='ltr'><strong>fartum</strong></span> <span class='ocrx_word' id='word_1_829' title='bbox 1303 2676 1401 2710; x_wconf 58' lang='lat' dir='ltr'><strong>aegrius</strong></span> <span class='ocrx_word' id='word_1_830' title='bbox 1415 2676 1590 2708; x_wconf 87' lang='lat' dir='ltr'><strong>ferentein,et</strong></span> <span class='ocrx_word' id='word_1_831' title='bbox 1603 2678 1766 2712; x_wconf 76' lang='lat' dir='ltr'><strong>cogitantem</strong></span> 
     </span>
    </p>
   </div>
   <div class='ocr_carea' id='block_1_118' title="bbox 982 2721 1766 2758">
    <p class='ocr_par' dir='ltr' id='par_1_118' title="bbox 982 2721 1766 2758">
     <span class='ocr_line' id='line_1_118' title="bbox 982 2721 1766 2758; baseline 0.003 -9"><span class='ocrx_word' id='word_1_832' title='bbox 982 2730 1018 2750; x_wconf 81' lang='lat' dir='ltr'><strong>ne</strong></span> <span class='ocrx_word' id='word_1_833' title='bbox 1047 2722 1116 2749; x_wconf 82' lang='lat' dir='ltr'><strong>forte</strong></span> <span class='ocrx_word' id='word_1_834' title='bbox 1142 2721 1216 2748; x_wconf 89' lang='lat' dir='ltr'><strong>aliud</strong></span> <span class='ocrx_word' id='word_1_835' title='bbox 1240 2722 1297 2748; x_wconf 90' lang='lat' dir='ltr'><strong>Deo</strong></span> <span class='ocrx_word' id='word_1_836' title='bbox 1323 2721 1479 2754; x_wconf 75' lang='lat' dir='ltr'><strong>videretur,</strong></span> <span class='ocrx_word' id='word_1_837' title='bbox 1503 2723 1630 2755; x_wconf 77' lang='lat' dir='ltr'><strong>precibus</strong></span> <span class='ocrx_word' id='word_1_838' title='bbox 1655 2731 1766 2758; x_wconf 71' lang='lat' dir='ltr'><strong>operam</strong></span> 
     </span>
    </p>
   </div>
   <div class='ocr_carea' id='block_1_119' title="bbox 983 2766 1767 2800">
    <p class='ocr_par' dir='ltr' id='par_1_119' title="bbox 983 2766 1767 2800">
     <span class='ocr_line' id='line_1_119' title="bbox 983 2766 1767 2800; baseline 0.005 -7"><span class='ocrx_word' id='word_1_839' title='bbox 983 2767 1091 2794; x_wconf 79' lang='lat' dir='ltr'><strong>dedisse</strong></span> <span class='ocrx_word' id='word_1_840' title='bbox 1113 2771 1140 2793; x_wconf 88' lang='lat' dir='ltr'><strong>ct</strong></span> <span class='ocrx_word' id='word_1_841' title='bbox 1156 2766 1190 2793; x_wconf 85' lang='lat' dir='ltr'><strong>ab</strong></span> <span class='ocrx_word' id='word_1_842' title='bbox 1215 2767 1275 2800; x_wconf 85' lang='lat' dir='ltr'><strong>ipso</strong></span> <span class='ocrx_word' id='word_1_843' title='bbox 1301 2766 1344 2793; x_wconf 86' lang='lat' dir='ltr'><strong>his</strong></span> <span class='ocrx_word' id='word_1_844' title='bbox 1359 2767 1449 2794; x_wconf 74' lang='lat' dir='ltr'><strong>verbis</strong></span> <span class='ocrx_word' id='word_1_845' title='bbox 1465 2767 1575 2794; x_wconf 88' lang='lat' dir='ltr'><strong>doctum</strong></span> <span class='ocrx_word' id='word_1_846' title='bbox 1598 2767 1703 2794; x_wconf 76' lang='lat' dir='ltr'><strong>fuisse:</strong></span> <span class='ocrx_word' id='word_1_847' title='bbox 1722 2768 1767 2797; x_wconf 80' lang='lat' dir='ltr'><strong>Sic</strong></span> 
     </span>
    </p>
   </div>
   <div class='ocr_carea' id='block_1_120' title="bbox 984 2812 1767 2847">
    <p class='ocr_par' dir='ltr' id='par_1_120' title="bbox 984 2812 1767 2847">
     <span class='ocr_line' id='line_1_120' title="bbox 984 2812 1767 2847; baseline 0.001 -8"><span class='ocrx_word' id='word_1_848' title='bbox 984 2813 1056 2843; x_wconf 85' lang='lat' dir='ltr'><strong>volo,</strong></span> <span class='ocrx_word' id='word_1_849' title='bbox 1072 2813 1111 2839; x_wconf 83' lang='lat' dir='ltr'><strong>sic</strong></span> <span class='ocrx_word' id='word_1_850' title='bbox 1128 2812 1321 2846; x_wconf 67' lang='lat' dir='ltr'><strong>complacitum</strong></span> <span class='ocrx_word' id='word_1_851' title='bbox 1339 2816 1379 2838; x_wconf 74' lang='lat' dir='ltr'><strong>ist</strong></span> <span class='ocrx_word' id='word_1_852' title='bbox 1393 2832 1399 2843; x_wconf 83' lang='lat'><strong>,</strong></span> <span class='ocrx_word' id='word_1_853' title='bbox 1424 2813 1463 2839; x_wconf 87' lang='lat' dir='ltr'><strong>sic</strong></span> <span class='ocrx_word' id='word_1_854' title='bbox 1479 2813 1597 2839; x_wconf 85' lang='lat' dir='ltr'><strong>decerno</strong></span> <span class='ocrx_word' id='word_1_855' title='bbox 1610 2833 1616 2844; x_wconf 86' lang='lat'><strong>,</strong></span> <span class='ocrx_word' id='word_1_856' title='bbox 1634 2814 1767 2847; x_wconf 80' lang='lat' dir='ltr'><strong>imperare</strong></span> 
     </span>
    </p>
   </div>
   <div class='ocr_carea' id='block_1_121' title="bbox 983 2856 1767 2894">
    <p class='ocr_par' dir='ltr' id='par_1_121' title="bbox 983 2856 1767 2894">
     <span class='ocr_line' id='line_1_121' title="bbox 983 2856 1767 2894; baseline 0.006 -10"><span class='ocrx_word' id='word_1_857' title='bbox 983 2857 1116 2884; x_wconf 81' lang='lat' dir='ltr'><strong>Joannem</strong></span> <span class='ocrx_word' id='word_1_858' title='bbox 1149 2856 1391 2890; x_wconf 70' lang='lat' dir='ltr'><strong>Cantaeutenum.</strong></span> <span class='ocrx_word' id='word_1_859' title='bbox 1420 2858 1475 2885; x_wconf 86' lang='lat' dir='ltr'><strong>fiat.</strong></span> <span class='ocrx_word' id='word_1_860' title='bbox 1507 2858 1572 2892; x_wconf 64' lang='lat' dir='ltr'><strong>Quae</strong></span> <span class='ocrx_word' id='word_1_861' title='bbox 1601 2858 1684 2894; x_wconf 74' lang='lat' dir='ltr'><strong>igitur</strong></span> <span class='ocrx_word' id='word_1_862' title='bbox 1712 2860 1767 2889; x_wconf 83' lang='lat' dir='ltr'><strong>Deo</strong></span> 
     </span>
    </p>
   </div>
  </div>
