1926 3090
155 141 220 176 H31

756 138 920 170 JOANNIS
936 138 1210 170 .CANTACUZENI

1730 131 1802 165 1032

157 195 387 231 complacuerunt
401 215 408 227 ,
432 192 590 220 mortalium
614 193 718 222 nemini
742 194 782 222 l'as
804 203 864 222 esse
878 195 954 222 irrita

1010 197 1072 222 σθαι
1090 194 1166 229 παρὰ
1187 191 1255 220 Θεοῦ
1268 200 1275 207 ·
1292 191 1390 227 ἐκείνῳ
1415 191 1442 218 δὲ
1461 191 1508 218 ὑπ’
1536 191 1641 218 ἐκεῖνον
1656 182 1732 217 ἐἶναι
1751 188 1801 217 καὶ

163 243 281 270 reddere
298 241 410 274 conari,
437 241 500 275 quia
520 248 571 268 nec
593 245 694 276 potest.
719 241 890 269 Precabatur
913 242 955 268 in-

159 297 254 324 super.
272 297 306 316 nc
332 288 382 314 ista
407 287 515 314 cuidam
542 287 700 322 gloriationi
723 291 750 314 et
777 287 955 314 ostentationi

160 336 274 363 virtutis
311 334 481 366 ascriberet;
524 341 578 360 non
605 333 680 361 enim
710 333 739 360 in
767 333 793 360 id
821 330 957 369 superbiae

163 381 323 409 barathrum
352 380 514 412 decidisse,
543 384 572 406 ut
607 379 670 407 talia
707 379 840 407 adversus
868 380 954 407 Deum

163 427 336 457 mentiatur,
371 426 419 453 sed
446 425 479 452 ad
503 425 625 453 fructum
655 425 804 452 multorum
822 445 829 456 ,
863 426 956 459 inique

160 473 228 500 adeo
269 475 297 498 et
333 478 428 499 contra
458 477 568 498 omnem
607 471 721 506 justitite
752 471 839 506 legem
883 472 956 498 bello

162 518 350 553 pereuntium,
366 522 394 544 ct
409 517 442 544 ad
464 517 554 552 ipsum
571 524 664 547 errore
681 517 866 549 liberandum,
890 517 955 544 dum

161 572 192 591 se
216 564 412 592 Cantacuzcno
435 565 600 599 imperatore
619 563 790 598 superiorem
811 563 871 590 fore
891 571 957 590 con-

163 610 238 644 lidit,
253 611 311 637 luce
328 610 402 638 dicta
420 618 479 638 esse
494 618 501 637 :
518 609 619 645 quibus
634 609 656 638 si
675 609 806 644 paruerit,
823 615 956 644 quantum

163 664 253 691 operm
277 656 395 691 pretium
429 656 544 687 fecerit,
569 655 646 682 brevi
664 655 877 682 intellecturum.
907 655 956 682 Sin

162 703 255 729 minus
267 706 382 734 ,-tamen
399 702 478 737 plane
493 702 672 736 cogniturum
686 721 695 734 ,
718 709 748 729 se
765 701 883 729 amicum
896 709 955 729 esse

163 749 309 780 veritatis,
336 757 351 775 a
378 756 430 783 qua
457 749 508 775 ista
524 747 663 775 didicerit.
693 747 832 775 Hactenus
856 748 956 776 litterae

166 793 372 827 metropolitani
388 792 638 828 Ditlymotichensis
652 792 686 819 ad
709 799 836 827 maguum
847 792 955 824 ducem,

164 839 266 873 quibus
291 839 438 873 perspicue
454 838 679 866 Cantacuzenum
697 838 826 865 inimicos
841 845 956 869 supera-

1009 248 1041 265 πε
1046 239 1072 274 pl
1084 238 1149 270 ναῦς
1165 237 1339 273 ἀσχολεῖσθαι
1359 239 1406 264 καὶ
1415 237 1658 272 θαλασσοκρατεῖν.
1668 235 1804 262 Συνεὸού-

1007 286 1069 312 λευέ
1077 293 1106 311 τε
1115 284 1226 319 ἔχεσθαι
1232 284 1285 310 τῶν
1296 283 1455 318 δεδομένων,
1468 283 1562 318 καὶμὴ
1573 283 1642 317 ὑπὲρ
1648 282 1682 309 τὰ
1693 284 1801 316 ἐσκαμ-

1010 332 1080 367 μένα
1111 332 1217 366 πηδᾷν,
1240 331 1287 357 καὶ
1311 331 1400 358 ἐδεῖτο
1434 330 1590 357 τείθεσθαι·
1613 329 1746 364 μηδὲγὰρ
1765 328 1800 355 ἂν

1008 379 1047 409 είς
1064 377 1141 409 τέλος
1168 378 1245 413 ἥξειν
1255 377 1357 410 ἀγαθὸν
1367 375 1440 411 αὑτῷ
1454 377 1485 402 τὸ
1496 376 1550 406 τοῖς
1574 374 1802 410 βεδουλευμένοις

1008 423 1187 450 ἀνθίστασθαι
1201 423 1269 458 Θεῷ.
1292 423 1348 450 Καὶ
1373 422 1454 453 αὐτὸς
1473 421 1528 457 γὰρ
1544 422 1572 447 ὲν
1588 422 1659 456 ἀρχῇ
1676 419 1802 456 μάλιστα.

1008 470 1110 504 ἔφασκε
1136 469 1186 503 τῆς
1208 470 1388 505 ἀναῤῥήσεως
1406 467 1635 503 Καντακουζηνοῦ
1652 466 1698 494 τοῦ
1720 466 1803 502 βατι-

1007 515 1078 547 λέως
1096 516 1161 550 περὶ
1177 515 1234 542 τῶν
1258 515 1457 551 πραττομένων
1478 514 1673 549 δυσχεραίνων,
1689 514 1735 540 καὶ
1754 513 1803 540 λο-

1007 562 1162 596 γιζόμενος,
1189 562 1213 588 εί
1230 561 1268 597 μὴ
1285 561 1357 588 κατὰ
1372 560 1485 596 γνώμην
1502 561 1544 595 εῖη
1561 559 1621 595 Θεῷ
1640 559 1675 586 τὰ
1704 560 1802 594 εἰργα-

1008 607 1105 642 σμένα,
1122 607 1168 633 καὶ
1184 606 1227 633 διὰ
1241 606 1322 634 τοῦτο
1336 606 1444 641 δεήσεσι
1466 605 1663 641 προσκείμενος
1677 605 1725 631 καὶ
1741 604 1802 630 ἱκεο

1009 654 1090 685 σίαις,
1114 653 1307 688 ἐκδιδαχθῆναι
1328 653 1404 687 παρὰ
1419 653 1486 679 Θεοῦ
1511 653 1607 683 αὑταῖς
1628 652 1746 684 λέξεσιν,
1763 650 1804 686 ᾤς

1007 699 1094 732 Θέλω,
1111 699 1224 732 εὐδοκῶ,
1248 699 1332 734 ὁρίζω
1348 698 1500 733 βασιλεύειν
1523 697 1649 733 Ἰωάννην
1664 697 1711 724 τὸν
1727 698 1804 724 Κανι

1008 745 1190 780 τακουζηνδν,
1209 746 1257 771 καὶ
1271 745 1404 779 γενέσθω.
1425 745 1458 771 "A
1474 744 1563 771 τοίνυν
1580 745 1593 770 ό
1609 743 1674 775 Θεὸς
1689 743 1804 778 εὐδόκη-

1009 800 1066 825 σεν,
1081 792 1176 818 οὐδένα
1188 792 1294 818 δίκαιον
1308 791 1462 826 ἀνθρώπων
1475 790 1624 826 πειρᾶσθαι
1639 789 1803 821 καταλύειν,
1835 826 1841 830 ἱ

1014 839 1055 864 ὅτι
1073 838 1138 873 μηδὲ
1163 838 1293 864 δυνατόν·
1313 837 1389 872 ἠξίου
1406 846 1435 864 τε
1453 837 1490 872 μὴ
1513 838 1620 871 κόμπον
1638 837 1672 863 τὰ
1686 835 1804 862 τοιαῦτα

164 890 260 911 turuttt
289 885 496 920 praenuntiavit.
522 884 570 911 llis
595 884 640 910 ille
666 883 795 918 perlectis
820 883 888 910 nillil
916 891 955 910 re.

1011 885 1115 912 οἴεσθαι
1126 885 1173 912 καὶ
1184 885 1269 916 ἄλλως
1282 884 1411 916 ἐπίδειξιν
1429 883 1544 919 ἀρετῆς·
1562 883 1628 918 μηδὲ
1643 882 1699 918 γὰρ
1714 883 1747 909 ἂν
1762 883 1805 913 είς

166 930 288 964 spondit.
312 929 448 958 Cmtcrum
473 938 529 957 non
553 929 587 957 de
612 929 778 964 imperatore
800 929 858 956 solo
874 928 959 956 multa

164 975 346 1007 istiusmodi,
385 976 434 1003 sed
466 976 501 1003 de
532 976 648 1010 privatis
677 983 786 1010 quoque
818 974 959 1002 nonnullis

166 1021 240 1048 haud
272 1030 359 1056 pauca
385 1022 553 1050 vaticinatus
578 1027 630 1050 est.
657 1022 725 1050 Cum
745 1022 818 1049 enim
842 1021 958 1049 Michael

165 1067 317 1104 Bryennius
352 1069 487 1102 Pamphili
512 1068 671 1103 praefectus.
700 1067 807 1095 insidiis
826 1076 840 1094 a
859 1067 958 1102 populo

165 1117 239 1139 esset
253 1114 404 1148 appetitus,
420 1118 448 1140 et
461 1113 620 1148 Byzantium
638 1113 665 1140 in
680 1113 798 1140 vinculis
811 1113 956 1145 adductus,

163 1163 190 1185 et
218 1159 252 1186 ab
275 1159 458 1187 archontibus
490 1167 601 1187 carcere
627 1159 792 1191 damnatus,
821 1159 958 1194 pauloque

167 1209 229 1238 post
260 1213 274 1232 a
308 1205 439 1240 praefecto
468 1206 601 1233 custodite
627 1213 711 1240 parva
734 1205 768 1233 de
801 1213 883 1232 causa
910 1212 958 1239 per

164 1250 294 1277 insanum
312 1250 433 1277 furorem
451 1251 521 1278 adeo
537 1252 652 1286 ﬂagellis
669 1252 806 1279 laceratus
819 1271 826 1283 ,
853 1257 882 1278 ttt
908 1260 958 1286 pro

164 1299 275 1321 mortuo
301 1295 472 1328 haberetur,
504 1297 577 1323 fama
602 1297 823 1332 Ditlytnotiehum
842 1297 874 1324 ad
899 1298 958 1332 ejus

163 1341 335 1375 propinquos
344 1341 463 1373 volante,
476 1347 504 1369 et
520 1342 574 1369 illis
586 1343 745 1377 episcopum
762 1342 956 1377 rogitantibus,

162 1390 190 1412 ut
207 1388 284 1413 uxori
301 1395 395 1414 necem
413 1388 503 1414 mariti
524 1389 655 1423 aperiret,
680 1397 735 1423 quo
753 1389 907 1416 reverentia
930 1392 958 1415 et

165 1433 270 1467 pudore
286 1433 358 1461 illius
376 1434 496 1461 eoltibita
511 1454 518 1467 ,
535 1435 617 1462 vitam
633 1435 684 1462 sibi
701 1435 733 1461 ad
750 1435 878 1462 nttntium
902 1440 955 1462 tam

163 1477 303 1506 funestum
328 1487 362 1506 ne
389 1481 586 1516 abrumperet,
617 1481 764 1516 cpiscopus
789 1482 955 1517 Bryennium

121 1541 124 1545 ς
169 1532 225 1551 non
245 1533 306 1553 esse
322 1534 460 1553 mortuum
480 1526 567 1557 dixit,
587 1526 668 1562 540
682 1535 782 1554 caesum
800 1532 853 1554 tam
881 1533 956 1555 atro-

164 1571 246 1603 citer,
265 1576 295 1598 ut
312 1572 345 1598 ad
378 1573 483 1599 saniem
516 1578 542 1599 et
568 1573 796 1601 inﬂammationes
813 1581 844 1600 ex
865 1574 958 1609 ﬂagel-

165 1616 269 1644 latione
284 1617 450 1644 cat-rcendas
463 1637 471 1650 ,
487 1618 544 1657 sale
566 1626 634 1653 opus
650 1618 742 1646 fuerit.
762 1619 954 1647 Verumtamen

167 1663 259 1690 adhuc
276 1663 370 1690 vivere
384 1683 391 1695 ,
409 1668 435 1691 et
452 1669 507 1691 tam
526 1665 714 1691 inhumaniter
737 1665 798 1692 aliis
814 1666 847 1692 de
866 1666 956 1693 causis

165 1709 333 1744 quibusdam
357 1710 554 1737 secretioribus
573 1710 737 1746 ﬂagellatnm
752 1719 823 1744 esse,
840 1712 957 1740 reditus-

164 1763 218 1790 que
240 1755 273 1782 ad
296 1763 408 1782 uxorem
426 1762 451 1783 et
468 1756 571 1784 liberos
605 1757 678 1784 illam
692 1757 831 1793 pratcipue
844 1766 955 1786 causam

165 1802 234 1828 fore.
246 1800 394 1828 Dimissum
409 1802 480 1829 enim
495 1810 511 1829 e
527 1810 637 1830 carcere
654 1803 687 1830 ad
704 1804 797 1838 plagas
807 1804 954 1837 curandas,

165 1846 387 1882 Ditlymotiehum
403 1847 492 1882 fugam
509 1853 694 1883 arrepturum.
712 1848 848 1883 Tempore
863 1854 955 1877 autent

165 1892 334 1928 procedente
359 1898 387 1920 et
415 1893 581 1929 imperatore
605 1900 756 1928 praesente,
779 1903 828 1929 pro
849 1896 909 1930 ipso
928 1896 956 1924 in

164 1938 224 1965 acie
238 1939 446 1967 occubilurutn.
463 1939 528 1972 Quae
545 1941 638 1967 omnia
653 1941 743 1968 exitus
756 1940 858 1968 docuit.
868 1942 956 1969 Abso-

166 1984 242 2011 lutus
267 1993 385 2020 namque
399 1993 412 2012 a
431 1994 542 2013 carcere
567 1986 720 2022 Bryennius
735 2007 742 2020 ,
760 1992 790 2015 ut
809 1995 825 2014 a
841 1987 965 2017 medicis’

166 2035 329 2064 curaretur,
356 2033 591 2066 opportunitatem
610 2032 738 2068 fugiendi
763 2038 884 2067 nactus,
908 2034 957 2062 do-

166 2083 242 2103 mum
261 2076 408 2104 incnlumis
425 2078 570 2112 pervenit;
586 2084 681 2113 postea
706 2080 731 2107 in
746 2089 836 2117 pugna
859 2086 955 2111 contra

164 2121 345 2150 Montitziltnn
361 2128 425 2151 ante
450 2125 534 2159 pedes
559 2126 735 2161 imperatoris
750 2129 875 2163 oppetiit.
895 2129 954 2157 Tali

164 2167 252 2201 gratia
277 2168 322 2195 ille
340 2177 354 2195 a
382 2169 438 2196 Deo
464 2170 593 2205 dignatus
615 2177 675 2200 erat
689 2192 696 2205 ,
710 2177 738 2201 et
765 2175 856 2202 lutura
875 2175 954 2210 quasi

1011 931 1139 958 τοσοῦτον
1153 932 1282 962 ἀπονοίας
1297 930 1435 965 βάραθρον
1450 930 1624 965 ἐληλακέναι,
1637 929 1674 960 ὡς
1686 928 1803 955 τοιαῦτα

1013 977 1233 1012 καταψεύδεσθαι
1258 976 1344 1003 Θεοῦ*
1365 976 1434 1002 ἀλλὰ
1457 976 1506 1010 τῆς
1529 984 1558 1002 τε
1584 974 1719 1009 ὠςελείας
1745 974 1804 1000 τῶν

1010 1024 1128 1056 πολλῶν,
1155 1023 1255 1054 ἀδίκως
1270 1023 1342 1049 oliuo
1357 1023 1404 1049 καὶ
1429 1022 1505 1056 παρὰ
1526 1022 1615 1048 πάντα
1633 1022 1679 1047 τοῦ
1694 1021 1803 1047 δικαίου

1010 1070 1091 1104 νόμον
1106 1069 1303 1103 ἀπολλυμένων
1327 1067 1379 1094 ὑπὸ
1390 1067 1436 1094 τοῦ
1446 1064 1584 1100 πολέμου,
1601 1068 1648 1094 καὶ
1658 1067 1705 1093 τοῦ
1720 1066 1804 1094 αὐτον

1010 1115 1161 1148 ἐξελέσθαι,
1177 1113 1222 1149 ὑφ’
1235 1111 1269 1150 ἦς
1282 1115 1429 1149 κατέχεται
1446 1114 1566 1148 ἀπάτης,
1586 1113 1712 1148 οἰόμενον
1727 1113 1804 1142 Καν-

1010 1159 1180 1195 ταχουζηνοῦ
1204 1160 1251 1187 τοῦ
1272 1160 1404 1196 βασιλέως
1423 1159 1656 1194 περιγενήσεσθαι
1674 1159 1804 1194 εἰρῆσθαι

1010 1207 1045 1233 τὰ
1063 1207 1193 1234 τοιαῦτα·
1217 1203 1257 1238 οἷς
1274 1204 1298 1233 εί
1316 1206 1452 1240 πεισθείη,
1473 1207 1576 1233 εἵσεται
1599 1205 1648 1240 τὴν
1665 1206 1804 1240 ὠφέλειαν

1008 1254 1058 1281 οὑκ
1073 1255 1102 1280 ἐν
1117 1253 1216 1289 μακρῷ
1227 1262 1233 1269 ·
1248 1254 1272 1280 εί
1287 1253 1309 1280 δ’
1319 1253 1348 1280 οὐ
1365 1252 1499 1287 πεισθείη,
1517 1252 1627 1283 πάντως
1647 1252 1752 1278 εἴσεται
1764 1252 1805 1281 ὡς

1012 1300 1143 1335 ἀληθείας
1161 1300 1238 1334 φίλος
1253 1300 1335 1331 αὐτὸς
1359 1301 1406 1326 καὶ
1426 1301 1491 1334 παρ’
1508 1299 1617 1332 ἐκείνης
1636 1298 1670 1325 τὰ
1690 1298 1805 1325 τοιαῦτα

1008 1347 1208 1381 δεδιδαγμένος.
1233 1345 1352 1372 Τοιαῦτα
1369 1345 1418 1380 μὲν
1441 1346 1455 1372 ό
1479 1345 1670 1380 Διδυμοτείχου
1694 1344 1802 1379 ἔγραφε

1008 1391 1076 1426 πρὶς
1098 1383 1185 1426 μέγαν
1203 1391 1298 1423 δοῦκα,
1322 1390 1472 1426 διαρρήδην
1491 1390 1555 1425 περὶ
1571 1389 1802 1424 Καντακουζηνοῦ

1007 1438 1055 1464 τοῦ
1073 1437 1207 1473 βασιλέως
1224 1437 1378 1471 προλέγων,
1394 1436 1430 1467 ὡς
1456 1436 1511 1462 τῶν
1529 1435 1695 1462 ἀδικούντων
1720 1443 1801 1470 περι-

1008 1483 1225 1514 έσται.Ὲκεϊνος
1244 1483 1271 1509 δὲ
1285 1483 1346 1509 ἐπεὶ
1360 1482 1393 1508 τὰ
1411 1481 1564 1517 γράμματα
1588 1481 1704 1515 ἀνέγνω,
1722 1481 1802 1507 οὐδὲν

1010 1528 1093 1555 πλέον
1104 1529 1283 1563 ἀπεκρίνατο.
1297 1528 1334 1554 Οὐ
1345 1527 1410 1563 περὶ
1422 1526 1555 1562 βασιλέως
1565 1526 1593 1552 δὲ
1605 1526 1685 1561 μόνον
1697 1527 1803 1556 ἐκεῖνος

1009 1573 1097 1600 πολλὰ
1110 1573 1223 1600 τοιαῦτα
1242 1573 1439 1608 προηγόρευεν,
1456 1572 1523 1599 ἀλλὰ
1542 1571 1588 1598 καὶ
1603 1573 1667 1606 περὶ
1686 1571 1803 1598 ίδιωτῶν

1011 1628 1092 1646 τινων
1104 1619 1153 1646 οὐκ
1169 1619 1259 1653 όλίγα.
1276 1619 1422 1654 Βρυεννίου
1437 1619 1492 1654 γὰρ
1507 1618 1552 1645 τοῦ
1565 1617 1684 1653 Μιχαὴλ,
1695 1618 1805 1653 Παμφῖ-

1008 1665 1054 1691 λου
1071 1664 1211 1699 ἄρχοντος,
1235 1663 1474 1695 έπιὸουλευθέντος
1499 1673 1528 1690 τε
1555 1664 1608 1690 ὑπὸ
1630 1664 1677 1690 τοῦ
1699 1664 1802 1698 δήμου,

1008 1711 1055 1736 καὶ
1080 1710 1222 1744 δεσμώτου
1250 1710 1290 1741 είς
1315 1709 1463 1742 Βυζάντιον
1486 1710 1664 1744 ἀπαχθέντος,
1692 1709 1803 1743 δεσμω-

1007 1755 1104 1792 τήριόν
1124 1763 1154 1781 τε
1169 1755 1222 1782 ὑπὸ
1232 1755 1287 1783 τῶν
1298 1755 1438 1791 ἀρχόντων
1450 1755 1535 1781 οίκεῖν
1546 1755 1802 1790 κατεψηφισμένον,

1007 1801 1070 1828 ἐπεὶ
1093 1801 1182 1837 χρόνῳ
1218 1801 1331 1837 ὕστερον
1361 1802 1461 1836 μικρᾶς
1479 1810 1550 1833 τινος
1576 1801 1658 1827 ἕνεκα
1678 1802 1771 1833 αἰτίας
1788 1801 1803 1827 6

1008 1848 1057 1883 τῆς
1075 1849 1200 1883 φρουρᾶς
1218 1848 1319 1883 ἄρχων,
1337 1847 1390 1874 ὑπὸ
1407 1847 1505 1882 μανίας
1521 1848 1619 1881 ἀλόγου
1638 1848 1686 1873 καὶ
1700 1847 1802 1882 θυμοῦ,

1008 1896 1049 1926 εἰς
1065 1895 1193 1922 τοσοῦτον
1219 1894 1334 1929 ᾐκίσατο
1349 1893 1483 1929 σφοδρῶς,
1508 1893 1545 1926 ὡς
1565 1894 1729 1929 νομισθῆναι
1753 1886 1817 1921 καῖ’

1007 1941 1167 1974 ἀποθανεῖν,
1197 1941 1265 1976 πρὸς
1283 1936 1338 1970 τοῖς
1363 1939 1475 1971 οἰκείοις
1493 1940 1522 1966 ἐν
1546 1939 1730 1975 Διδυμοτείχῳ
1751 1941 1802 1975 τῆς

1010 1987 1105 2023 φήμης
1125 1986 1342 2022 διαδραμούσης,
1360 1986 1498 2012 κάκείνων
1512 1985 1559 2012 τοῦ
1573 1986 1727 2021 ἀρχιερέως
1742 1987 1801 2013 δεο-

1010 2033 1103 2068 μένων
1117 2028 1300 2067 ἀπαγγέλλειν
1312 2034 1345 2068 τῇ
1359 2031 1470 2066 γυναικὶ
1482 2031 1529 2058 τοῦ
1541 2032 1638 2066 ἀνδρὸς
1648 2031 1699 2068 τὴν
1709 2032 1801 2059 τελευ-

1006 2078 1066 2113 τὴν,
1094 2078 1126 2104 ἵν’
1145 2078 1197 2105 ὑπὸ
1222 2078 1271 2112 τῆς
1291 2079 1360 2113 πρὸς
1382 2079 1486 2104 ἐκεῖνον
1505 2076 1597 2109 αἰδοῦς
1613 2078 1798 2114 κατεχομένη,

1009 2124 1047 2159 μὴ
1059 2124 1108 2160 τὴν
1121 2123 1212 2158 ψυχὴν
1225 2123 1369 2159 ἀπορρήξῃ
1382 2123 1450 2159 πρὸς
1464 2124 1515 2159 τὴν
1533 2123 1676 2157 ἀγγελίαν,
1693 2125 1797 2156 ἐκεῖνος

1007 2169 1070 2196 οὔτε
1086 2169 1309 2204 τετελευτηκέναι
1324 2169 1427 2204 ἔφασκε
1455 2169 1610 2204 Βρυέννιον,
1644 2168 1712 2195 ἀλλὰ
1728 2169 1778 2205 ζῇν
1789 2178 1798 2187 ο

165 2221 226 2248 qu:c
243 2214 331 2241 oculis
354 2216 570 2250 conspiciuntur,
590 2218 760 2253 pt'azseiebat.
785 2220 884 2254 Mtesi,
907 2222 954 2257 qui

1008 2215 1137 2250 τετύφθαι
1155 2215 1248 2250 μέντοι
1266 2215 1304 2246 εἰς
1320 2214 1446 2242 τοσοῦτον
1458 2214 1667 2249 ἀπανθρωπίας,
1694 2215 1732 2246 ὡς
1752 2217 1798 2243 καὶ

166 2259 199 2285 ad
217 2259 441 2294 Didymoticltum
457 2267 545 2289 castra
561 2264 700 2291 habebant
713 2283 721 2297 .
747 2266 817 2294 haud
833 2267 881 2294 tliu
894 2272 958 2302 post

166 2304 351 2339 intelligentes
375 2315 390 2334 e
404 2308 461 2335 suis
477 2309 707 2344 exploratoribus,
720 2312 817 2340 Persas
841 2313 956 2341 classem

166 2351 198 2378 ad
217 2351 302 2379 Hebri
330 2354 399 2381 ostia
426 2355 586 2390 appulisse,
613 2365 669 2391 pra:
698 2359 816 2386 tuntultu
844 2359 955 2394 trepidi,

167 2397 288 2423 invicem
306 2400 501 2427 conculCantes
521 2402 604 2436 (quod
618 2403 766 2438 episcopus
780 2404 954 2442 przedixerat)

165 2443 343 2477 autngiebant
357 2464 364 2472 .
390 2452 440 2472 nec
455 2446 500 2472 ubi
527 2452 664 2474 terrarum
684 2456 712 2475 se
734 2449 954 2483 abscondissent,

165 2489 326 2523 apparebat.
361 2489 618 2527 bttlytnoticbcnses
653 2494 721 2529 luga
742 2503 854 2522 causam
880 2497 955 2531 igno-

164 2539 278 2566 rantes,
309 2534 403 2562 mirari
429 2537 494 2571 quid
513 2538 550 2564 ita
578 2539 721 2567 turbarent
750 2540 840 2568 Moesi.
870 2542 955 2569 Parvo

166 2579 300 2614 temporis
333 2581 480 2608 intervallo
507 2584 669 2617 nuntiatur,
695 2586 839 2614 Anturium
868 2587 953 2615 [ilium

163 2626 273 2659 Ailimt‘,
311 2625 496 2655 Cantacuzeni
534 2629 614 2665 longe
639 2632 878 2665 amantissimum,
907 2634 954 2669 qtti

164 2672 249 2698 tnulta
266 2678 347 2700 antea
365 2681 421 2700 sum
436 2675 461 2700 in
482 2675 560 2702 illum
576 2677 726 2704 voluntatis
755 2679 953 2715 cltaritatisquc

163 2725 325 2752 argumenta
350 2720 466 2748 dederat
491 2721 537 2756 (ob
555 2722 631 2749 illutn
648 2723 749 2758 quippe
766 2725 850 2752 etiam
867 2725 954 2761 impe-

163 2770 281 2791 ratorem
299 2766 634 2804 Andronicumjuniorem
649 2770 721 2797 bello
735 2770 868 2798 adversus
884 2771 955 2798 Pho-

163 2818 246 2838 caeam
261 2816 288 2838 et
305 2812 423 2840 Lesbum
447 2810 648 2851 jttt'erat),’eutn
663 2817 813 2851 accepisset
824 2817 954 2852 gravibus

165 2857 368 2886 conﬂictantetn
389 2860 559 2895 infortuniis,
577 2867 690 2897 totoque
705 2861 828 2889 Romano
840 2863 952 2898 imperio

1009 2263 1080 2290 ἁλῶν
1099 2262 1228 2297 δεηθῆναι
1252 2262 1301 2293 τὰς
1320 2261 1470 2297 σηπεδόνας
1496 2261 1543 2288 καὶ
1562 2261 1720 2297 φλεγμονὰς
1748 2263 1796 2294 τὰς

1009 2309 1040 2335 ἐκ
1057 2303 1124 2334 τῶν
1139 2308 1280 2342 μαστίγων
1315 2307 1557 2334 καταστλούντων·
1574 2307 1613 2342 μὴ
1627 2307 1678 2341 μέν
1701 2308 1742 2333 τοί
1766 2316 1796 2341 γε

1007 2353 1166 2386 ἀποθανεῖν,
1191 2353 1259 2380 ἀλλὰ
1277 2353 1337 2388 ζῇν,
1364 2355 1412 2380 καὶ
1436 2353 1486 2388 τὴν
1510 2353 1712 2388 ἀπανθρωπίαν
1743 2354 1797 2381 τῶν

1009 2400 1206 2434 αἰκισαμένων,
1224 2399 1312 2426 ἄλλων
1327 2407 1357 2425 τε
1373 2399 1454 2425 τινῶν
1469 2399 1699 2434 ἀπορῤητοτέριυν
1715 2400 1798 2427 ἕνεκα

1007 2446 1081 2482 αὐτῷ
1097 2446 1288 2481 ἐπενεχθῆναι,
1313 2446 1360 2472 καὶ
1381 2446 1428 2480 τῆς
1442 2446 1482 2477 εἰς
1501 2446 1599 2477 παῖδας
1614 2446 1662 2471 καὶ
1679 2447 1797 2479 γυναῖκα

1007 2494 1142 2520 ἐπανόδου
1159 2493 1233 2519 αἰτία
1248 2493 1366 2526 μάλιστα
1383 2493 1474 2526 ἐκείνη
1489 2492 1573 2519 ἔσται,
1591 2492 1643 2518 Τοῦ
1658 2493 1798 2528 δεσμωτη-

1008 2540 1065 2575 ρίου
1082 2540 1136 2574 γὰρ
1149 2539 1296 2570 ἀπολυθεὶς
1314 2539 1362 2565 ἐπὶ
1376 2539 1414 2574 τῷ
1427 2538 1520 2566 ἰᾶσθαι
1539 2538 1589 2570 τὰς
1604 2538 1725 2572 πληγὰς,
1740 2539 1798 2565 δια-

1006 2585 1073 2619 δρὰς
1087 2584 1214 2619 ἀφίξεται
1231 2584 1325 2611 ἐνθάδε
1338 2591 1345 2598 ·
1362 2585 1450 2619 χρόνῳ
1471 2584 1498 2611 δὲ
1519 2582 1633 2618 ὕστερον
1653 2584 1700 2609 καὶ
1718 2584 1797 2618 βασι-

1005 2630 1076 2662 λέως
1102 2631 1251 2665 παρόντος,
1278 2631 1403 2657 πεσεῖται
1428 2630 1582 2665 μαχόμενος
1605 2629 1677 2664 ὑπὲρ
1700 2629 1793 2656 αὐτοῦ.

1008 2677 1042 2703 Ἀ
1061 2677 1153 2703 πάντα
1170 2676 1282 2711 ὕστερον
1297 2677 1367 2703 κατὰ
1379 2677 1429 2711 τὴν
1443 2677 1548 2709 ἐκείνου
1563 2677 1716 2712 πρόρρησιν
1730 2676 1794 2704 ἁπέ-

1006 2723 1108 2749 6αινεν.
1129 2723 1254 2758 *Αφεθεὶς
1273 2723 1327 2758 γὰρ
1349 2723 1397 2749 τοῦ
1408 2723 1598 2759 δεσμωτηρίου
1622 2724 1636 2750 ὁ
1652 2723 1794 2757 Βρυέννιος

1006 2770 1052 2796 ἐπὶ
1067 2770 1104 2806 τῷ
1119 2770 1248 2805 προνοίας
1263 2770 1335 2801 τινὸς
1348 2771 1440 2804 τυχεῖν
1453 2772 1529 2805 παρὰ
1540 2770 1596 2796 τῶν
1610 2770 1722 2805 ἰατρῶν,
1735 2779 1793 2796 και-

1007 2815 1054 2851 ροῦ
1080 2816 1170 2851 τυχὼν
1194 2817 1349 2848 διεσώζετο,
1380 2816 1472 2843 οἴκαδε
1494 2816 1635 2851 διαδρᾶναι
1649 2816 1790 2852 δυνηθείς

1008 2862 1121 2904 ὕστερον
1134 2863 1172 2898 δὲ,
1191 2865 1218 2890 ὲν
1236 2865 1268 2900 τῇ
1283 2863 1350 2897 πρὸς
1367 2863 1530 2899 Μομιτςίλον
1548 2864 1622 2901 μάχῃ
1637 2863 1721 2890 ἔπεσε
1740 2872 1790 2898 μα-
