1926 3090
133 194 204 226 1033

703 193 979 224 HISTORIARUM
999 192 1114 224 LIBER
1137 191 1196 222 ΙΙΙ.

1693 188 1762 222 1054

134 252 200 285 γῶν.
218 250 287 287 Περὶ
307 251 357 286 μὲν
370 251 402 286 δὴ
424 251 480 278 τῶν
496 250 627 278 τοιούτων
637 271 645 283 ,
672 250 731 277 εστι
745 249 921 286 δικαστήριον

975 251 1044 278 fama
1060 249 1214 277 notissimis
1231 248 1295 276 belli
1313 248 1442 282 ducibus,
1457 255 1556 276 novam
1572 247 1720 283 quamdam
1734 252 1763 275 et

133 297 239 332 lupov,
251 298 301 324 καὶ
309 298 407 333 κριτὴς
416 298 575 330 ἀδέκαστος,
590 298 637 325 καὶ
651 297 778 332 φοόιρὸς.
792 299 839 324 καὶ
852 299 922 333 μάρ-

132 351 215 377 τυρες
227 343 337 377 ἂγγιλοι
354 345 443 370 πάντα
457 345 492 370 τὰ
516 343 693 378 πραττόμενα
709 343 865 377 ἀνθρώποις
882 343 922 369 εί-

133 386 209 418 δοτες
224 387 361 421 φανερῶς,
386 387 439 414 κᾶν
457 388 567 422 μυρίοις
585 388 699 422 τοίχοις,
724 387 739 422 ἢ
761 387 923 422 παραπετά-

135 440 248 465 σμασιν.
260 433 277 467 ἢ
293 432 368 468 ζόφῳ
378 433 544 469 σκοτεινῷ,ἢ
555 433 653 469 βαθείᾳ
664 433 921 468 περικαλύπτωνται

134 478 245 514 ὁμίχλῃ,
258 477 300 512 ἐφ’
311 475 348 504 ὧν
365 478 434 512 ὑπὲρ
459 479 514 505 τῶν
528 479 594 513 πρὸς
612 479 745 513 ἀλλήλους
755 477 921 512 δικασόμεϐα

134 523 322 558 ἀδικημάτων.
356 524 461 551 Ἐκεῖνο
477 524 506 550 δέ
533 533 579 560 μοι
603 525 653 559 τῆς
678 524 841 559 θαυμαστῆς
874 531 922 550 σου

135 570 303 604 στρατηγίας
316 569 409 597 ἔπεισι
425 570 519 605 γιλᾷν,
530 571 572 597 ὅτι
582 570 688 602 πάντας
700 571 747 597 καὶ
759 570 824 601 τοὺς
835 569 921 596 πάλαι

135 614 319 649 βεϐοημένους
337 616 386 642 ἐπὶ
405 616 585 650 στρατηγίαις
611 615 716 650 ¹ιιεριὼν
733 616 832 649 καινήν
849 622 921 647 τινα,

135 659 183 684 καὶ
199 658 355 693 θαυμασίαν
377 659 424 686 καὶ
440 660 482 687 σοὶ
502 660 696 695 προσήκουσαν
710 661 833 687 ἐπίνοιαν
847 658 923 692 iisti-

135 711 194 738 ρες,
213 703 246 729 δι’
262 701 295 739 ἧς
312 712 352 731 σοι
367 704 421 731 τῶν
435 705 574 739 πολεμίων
589 705 667 739 ὀλίγα
690 705 839 740 πονήσαντι
853 712 922 738 xpu-

134 749 192 776 τείν
205 749 324 782 ἐξέσται,
349 751 383 786 ἢν
406 751 431 777 εἰ
449 751 580 786 Σκηπίων
601 751 765 786 ’Δφρικανδς
787 751 837 777 καὶ
851 751 924 785 Πομ»-

134 795 214 829 πήῖος
225 796 239 822 ὁ
249 795 359 829 Μάγνος
375 797 423 824 καὶ
435 796 546 828 Σύλλας.
557 797 603 823 καὶ
614 797 642 824 el
655 805 696 828 τις
711 797 789 828 ἄλλος
798 797 923 830 ὑμνεῖται

137 841 301 876 στρατηγὸς,
319 842 419 877 ᾔδεσαν
453 842 620 878 Ῥωμαίων,
648 844 699 870 οὐκ
725 843 758 870 ἂν
775 843 924 870 ἐκόπτοντο

133 886 234 920 ταῦτα,
251 888 297 915 καὶ
312 889 426 920 πολλοὺς
440 889 576 924 ὑπέμενον
591 890 690 920 πόνους
709 890 757 916 καὶ
772 889 922 921 κινδύνους,

133 932 198 969 ἔθνη
211 933 317 967 μεγάλα
327 935 375 961 καὶ
397 934 603 971 πολυάνθρωπα
614 935 871 970 καταδουλούμενοι.
890 935 922 961 Et
939 928 959 955 Β

133 978 189 1013 γὰρ
198 978 306 1011 ιξέσται
316 987 358 1007 σοι
372 979 422 1015 τὴν
435 980 557 1008 διάνοιαν
571 980 626 1007 τῶν
639 981 778 1016 πολεμίων
790 981 820 1013 ἐξ
834 980 924 1007 αὐτῶν

134 1024 364 1059 καταμανθάνιιν,
393 1026 474 1058 αὑτός
497 1034 529 1052 τε
558 1026 693 1061 ἀήττητος
725 1027 806 1061 μέχρι
823 1026 924 1057 παντὸς

133 1068 280 1102 διαμενιῖς,
292 1069 339 1096 καὶ
353 1069 403 1105 τὴν
418 1069 564 1105 Ῥωμαίων
575 1071 713 1106 βασιλείαν
724 1072 775 1097 οὐκ
791 1072 821 1098 ὲν
835 1070 925 1106 πολλῷ

132 1113 174 1149 τῷ
190 1114 280 1149 χρόνῳ
300 1115 423 1150 μεγάλην
442 1116 504 1142 τινὰ
521 1116 568 1142 καὶ
588 1116 743 1150 θαυμασίαν
758 1116 922 1148 ἀποδείξεις,

133 1158 230 1194 ὥσπερ
244 1158 276 1194 δὴ
290 1161 336 1187 καὶ
359 1162 456 1191 nonet.
477 1161 552 1187 Ἐὀει
573 1162 622 1196 μὲν
643 1159 691 1188 οὖν
706 1161 775 1196 πρὸς
788 1163 924 1197 τοσαύτην

134 1205 229 1233 ἄνοιαν
245 1206 349 1242 μηδένα
366 1207 501 1234 ποιεῖσθαι
520 1207 609 1242 λόγον.
627 1208 698 1242 Ἐγὼ
708 1208 737 1235 δέ
760 1217 801 1235 σοι
812 1210 862 1243 τὴν
877 1209 926 1244 ἀρ-

134 1253 217 1288 χαίαν
243 1253 320 1285 τάξιν
347 1253 453 1289 τηρῶν,
473 1254 520 1281 καὶ
538 1254 720 1289 χαριζόμενος
744 1255 773 1281 ἑν
788 1255 883 1287 πᾶσιν,
900 1255 925 1282 ει

136 1299 263 1334 μέλλοιμι
290 1300 338 1326 καὶ
362 1297 442 1331 αὖθις
461 1299 512 1335 τῆς
540 1300 701 1335 εὐεργεσίας
719 1300 838 1335 speras;
864 1301 925 1331 ταῖς

135 1344 266 1380 πρότιρον
276 1345 372 1379 ὁμοίας
385 1345 581 1382 δέχεσθαι,τὴν
598 1347 667 1381 ὲμὴν
682 1346 802 1374 διάνοιαν
819 1347 925 1381 ποιήσω

135 1391 267 1425 φανεράν.
291 1391 362 1425 Ἐγὼ
377 1392 482 1427 νομίζω
497 1393 572 1419 οὐδὲν
589 1390 660 1419 εἶναι
687 1401 729 1420 σοι
747 1393 924 1419 euocanda.

136 1445 182 1471 ρον
197 1438 243 1464 καὶ
267 1438 348 1470 λόγου
373 1438 684 1474 ἀξιώτερονλπολλοῦ,ἢ
712 1439 759 1465 τοῦ
783 1439 851 1474 πρὸς
873 1439 925 1474 ἐμὲ

134 1480 266 1515 πολέμου.
281 1481 372 1516 Τριῶν
393 1482 421 1508 δὲ
444 1482 529 1509 ὄντων
550 1481 590 1514 οἷς
604 1484 640 1510 ἂν
666 1492 709 1515 τις
724 1485 924 1519 ἐπιχειρήσειε,

135 1527 239 1554 τούτων
263 1527 338 1554 οὐδὲν
352 1528 442 1563 οἴομαι
451 1530 491 1555 σοὶ
507 1529 667 1557 λυσιτελεῖν.
692 1530 727 1556 Ἦ
748 1530 801 1565 γὰρ
818 1531 857 1562 είς
874 1531 925 1556 Βυ-

135 1573 242 1621 ζανςιον
256 1574 363 1621 ανάγκη
378 1576 573 1610 ἀναστρέφειν,
589 1576 604 1612 ἢ
631 1578 724 1611 μένειν
749 1578 777 1603 ἑν
791 1577 926 1604 Θεσσαλο-
939 1593 960 1621 c

134 1618 240 1655 νίκῃ,ἢ
259 1619 337 1655 ἥκειν
363 1620 431 1655 πρὸς
449 1621 498 1655 ἐμὲ
525 1622 708 1657 μαχούμενον.
733 1622 787 1649 Τοῦ
804 1624 854 1657 μὲν
879 1621 926 1650 οὖν

134 1663 254 1691 τοσαῦτα
267 1665 397 1699 χρήματα
412 1666 581 1698 ἀναλωκότα,
600 1668 647 1693 καὶ
665 1667 751 1694 πολλὰ
764 1668 926 1703 (ptumam-.4

136 1710 184 1737 καὶ
200 1711 435 1745 νεανιευσάμενον,
451 1712 498 1738 καὶ
513 1712 563 1747 τὴν
590 1712 736 1743 Ῥωμαίων
751 1714 842 1740 πᾶσαν
861 1715 927 1749 ἡγε-

138 1756 233 1791 μονίαν
251 1758 467 1793 συγκυκήσαντα
494 1759 570 1793 παρὰ
583 1759 711 1786 τοσοῦτον
737 1761 821 1794 ἐγγὺς
837 1761 926 1787 ἐλθεῖν

137 1804 192 1832 τῶν
220 1805 378 1840 πολεμίων,
397 1806 497 1833 ἐπιιτα
522 1806 619 1841 ὥσπερ
652 1807 851 1841 ἐπιλαθόμενον
871 1807 927 1834 τῶν

137 1851 254 1885 κόμπων
267 1851 320 1877 τῶν
342 1851 495 1886 προτέρων,
513 1853 604 1884 κεναῖς
621 1852 821 1888 ἐπανέρχεσθαι
836 1853 926 1888 χερσὶ,

139 1897 207 1932 μηδὲ
225 1896 288 1923 θέαν
315 1897 380 1931 γοῦν
406 1897 461 1924 τῶν
488 1898 628 1932 πολεμίων
657 1898 853 1932 ὑπομείναντα,
879 1899 927 1924 καὶ

136 1943 224 1970 ταῦτα
240 1944 370 1978 στρατιὰν
383 1944 486 1977 ἄγοντα
501 1944 602 1977 πολλὴν
618 1945 667 1970 καὶ
683 1944 799 1978 ἀγαθὴν,
812 1945 861 1971 καὶ
871 1944 928 1970 τῶν

138 1989 277 2022 πολεμίων
296 1989 498 2021 πολλαπλασίω,
514 1990 590 2016 οὐδὲν
613 1989 648 2017 ἂν
664 1990 706 2026 ετη
725 1990 927 2024 καταγελαστό-

136 2043 227 2070 τερον,
240 2035 300 2061 οὐδὲ
314 2035 415 2070 μᾶλλον
428 2035 536 2067 ἀδοξίαν
547 2035 578 2062 οὐ
595 2036 744 2070 Ῥωμαίοις
755 2035 828 2063 οῐοον
837 2045 843 2051 ·
859 2037 928 2063 lusi-

139 2090 179 2107 νοι
194 2081 248 2115 γὰρ
259 2082 303 2107 ἀεὶ
317 2082 435 2114 γενναῖοι
453 2082 521 2116 πρὸς
532 2081 581 2113 τὰς
597 2082 696 2116 μάχας,
707 2083 753 2108 καὶ
767 2081 869 2117 τόλμης
880 2084 928 2109 καὶ

137 2127 270 2162 εὐψυχίας
286 2127 362 2154 οὐδὲν
375 2127 557 2160 ἐλλείποντες,
575 2127 643 2154 ἀλλὰ
655 2128 697 2154 σοὶ
712 2126 751 2162 τῷ
766 2128 926 2163 στρατηγῷ,

139 2173 187 2200 καὶ
203 2173 303 2204 πάντες
325 2173 406 2204 εὐθὺς
430 2173 461 2199 τὸ
483 2173 605 2207 Χαϐρίου
627 2173 676 2199 τοῦ
700 2173 755 2200 τῶν
776 2173 928 2207 Ἆθηναίων

140 2220 295 2255 στρατηγοῦ
321 2220 441 2253 ἐροῦσιν,
466 2219 504 2250 ὡς
517 2219 795 2254 φοῦερὼτερόνὲοτιν
820 2219 927 2253 ιλάςρων

973 294 1114 325 eximiam.
1132 294 1238 328 tibique
1250 293 1462 321 convenientem
1476 295 1613 321 rationem
1624 300 1764 321 commen-

973 345 1018 368 tus
1033 348 1074 372 es,
1092 347 1146 375 qua
1163 347 1249 374 parvo
1261 340 1355 367 labore
1371 341 1515 368 victoriam
1529 340 1562 367 de
1581 339 1707 366 hostibus
1720 346 1764 366 re-

973 385 1065 419 leras;
1091 393 1174 420 quam
1206 386 1230 413 si
1254 387 1450 420 cognovissent
1477 386 1570 420 Sripio
1598 385 1762 417 Africanus,

973 432 1119 466 Pompeius
1146 431 1257 466 Magnus
1269 458 1277 470 ,
1299 432 1373 460 Sulla
1384 453 1391 464 ,
1408 437 1436 460 et
1457 433 1502 467 qui
1533 437 1666 467 praeterea
1681 439 1696 459 e
1709 431 1763 458 du-

972 479 1051 506 cibus
1067 479 1196 505 Romanis
1211 479 1406 513 praedicantur,
1428 486 1482 506 non
1498 478 1566 506 adeo
1581 482 1668 506 semet
1689 477 1765 504 defa-

974 524 1104 559 tigassent
1127 533 1134 552 :
1157 532 1208 551 nec
1232 525 1259 551 in
1288 524 1392 557 magnis
1415 532 1447 552 ac
1470 525 1611 559 pepulosis
1634 524 1763 558 gentibus

973 570 1135 605 subigendis
1147 590 1155 601 ,
1185 574 1225 597 tot
1246 573 1275 597 et
1292 575 1346 597 tam
1364 570 1535 604 periculosos
1552 571 1661 597 labores
1680 577 1764 596 exan-

976 617 1101 644 tlassent.
1119 616 1148 644 Si
1161 616 1234 644 enim
1253 616 1372 643 hostium
1387 624 1467 644 sensa
1480 624 1513 643 ex
1525 617 1593 651 ipsis
1605 615 1700 643 licebit
1713 615 1763 643 tibi

973 663 1133 697 percipere,
1155 667 1183 690 et
1208 667 1237 689 tu
1260 662 1382 689 invictus
1403 670 1511 697 semper
1524 662 1590 694 eris,
1604 666 1632 688 et
1646 660 1763 688 Romani

974 708 1083 743 imperii
1100 709 1233 736 terminos
1249 715 1281 734 ac
1296 709 1465 742 maiestatem
1481 707 1558 735 brevi
1576 712 1699 742 tetnpore
1714 707 1763 734 ad-

974 753 1140 780 mirabiliter
1162 753 1289 785 proferes
1315 752 1503 788 augebisque,
1531 751 1765 787 quemadmodum

973 803 1002 826 et
1026 806 1099 825 nunc
1123 798 1191 825 facis
1206 797 1346 825 videlicet.
1361 797 1513 832 Oportebat
1528 797 1612 832 igitur
1626 796 1659 825 ad
1676 797 1765 824 istanc

974 845 1118 873 stultitiam
1139 849 1216 872 tuam
1236 853 1288 872 nec
1306 844 1422 871 verbum
1449 844 1629 878 respondere.
1651 843 1709 879 Ego
1725 848 1766 870 ta.

975 897 1039 918 men
1067 890 1214 924 pristinum
1233 889 1285 916 tibi
1305 890 1397 916 locum
1420 897 1546 921 servans,
1568 895 1596 916 et
1608 889 1765 924 gratiﬁcans

975 936 1002 962 in
1024 935 1165 966 omnibus,
1181 935 1205 961 si
1223 941 1332 961 rursum
1349 941 1399 969 pro
1414 934 1550 962 beneﬁcio
1568 942 1648 969 pares
1664 934 1766 969 priori-

975 981 1028 1008 bus
1049 981 1150 1016 gratias
1172 983 1334 1014 exspectare
1358 980 1456 1012 debeo,
1483 981 1663 1015 cogitationes
1690 987 1766 1007 meas

975 1031 1002 1055 te
1018 1035 1072 1055 non
1089 1027 1196 1054 celabo.
1209 1026 1344 1062 Equidem
1362 1027 1434 1054 bello
1448 1031 1547 1054 contra
1563 1034 1618 1059 me,
1633 1026 1703 1054 nihil
1716 1025 1767 1054 abs

976 1077 1002 1100 te
1015 1072 1167 1100 studiosius
1181 1073 1286 1107 expeti,
1303 1072 1373 1099 nihil
1391 1071 1461 1100 tanti
1477 1072 1527 1099 abs
1542 1076 1569 1099 te
1583 1071 1641 1099 ﬁeri
1654 1071 1764 1106 opinor.

974 1119 1042 1146 Cum
1067 1126 1150 1153 porro
1173 1119 1225 1146 tria
1249 1118 1315 1150 sint,
1337 1126 1398 1153 quae
1422 1118 1518 1150 facias,
1540 1125 1636 1144 eorum
1659 1117 1765 1143 nullum

975 1165 1130 1192 rationibus
1146 1164 1201 1191 tuis
1216 1165 1373 1191 conducere
1392 1168 1494 1191 statuo.
1508 1164 1561 1190 Aut
1575 1163 1647 1190 enim
1661 1162 1767 1198 Byzan-

975 1211 1044 1238 tium
1058 1210 1161 1237 reverti
1174 1217 1288 1238 necesse
1299 1215 1350 1242 est.
1367 1215 1415 1237 aut
1427 1217 1538 1237 manere
1550 1209 1764 1242 Thessalonica,

976 1261 1024 1284 aut
1041 1263 1147 1283 mecum
1172 1256 1257 1283 armis
1272 1256 1424 1283 decertare.
1444 1254 1513 1282 Eum
1533 1255 1627 1289 igitur,
1643 1253 1690 1289 qui
1708 1257 1767 1280 tan-

976 1307 1030 1330 tam
1043 1302 1166 1337 pecunia:
1179 1302 1235 1329 vim
1252 1301 1430 1337 impenderit,
1446 1301 1493 1336 qui
1507 1305 1581 1328 tanta
1596 1300 1706 1327 inflatus
1721 1307 1768 1326 su-

975 1349 1071 1384 perbia
1094 1353 1149 1376 tam
1171 1348 1334 1384 iuveniliter
1359 1347 1520 1379 exsultarit,
1541 1346 1589 1382 qui
1611 1351 1697 1373 totum
1711 1346 1767 1373 Ro-

976 1402 1088 1421 manum
1110 1395 1258 1429 imperium
1281 1394 1476 1429 permiscuerit
1492 1397 1576 1428 atque
1598 1391 1766 1427 conluderit,

977 1445 1031 1467 tam
1056 1447 1141 1474 prope
1169 1440 1204 1467 ad
1230 1440 1325 1467 hostes
1349 1440 1521 1467 accessisse:
1544 1439 1643 1466 deinde
1667 1437 1768 1472 prioris

975 1487 1112 1522 iactantia:
1124 1486 1200 1513 velut
1213 1486 1342 1518 oblitum,
1354 1485 1449 1512 vacuis
1463 1485 1590 1512 manibus
1602 1485 1765 1517 recessisse,

977 1536 1029 1560 nec
1054 1536 1194 1567 aspectum
1219 1533 1316 1559 saltem
1345 1531 1467 1558 hostium
1491 1531 1659 1566 pertulisse,
1684 1529 1766 1565 idque

978 1579 1125 1606 ducentem
1146 1578 1299 1605 etercitum
1315 1578 1489 1612 frequentem
1505 1584 1536 1603 ac
1549 1576 1723 1609 bellicosum,
1738 1579 1767 1602 et

977 1625 1070 1652 hostili
1092 1625 1179 1652 multo
1207 1625 1439 1656 numerosiorem,
1465 1623 1534 1651 nihil
1556 1623 1609 1650 hoc
1629 1622 1715 1657 magis
1727 1622 1765 1649 ri-

976 1672 1115 1704 dendum;
1144 1678 1233 1706 neque
1262 1670 1337 1698 aliud
1363 1670 1468 1698 nomini
1496 1669 1682 1697 Romanorum
1712 1673 1766 1695 tam

976 1717 1189 1752 ignominiosum
1211 1716 1271 1744 tleri
1295 1720 1386 1751 potest
1411 1725 1418 1743 :
1445 1721 1562 1750 quorum
1582 1722 1691 1749 semper
1715 1714 1768 1742 fuit

976 1762 1008 1788 ad
1023 1761 1198 1796 pugnandum
1213 1768 1374 1796 generosus,
1390 1760 1594 1795 imperterritus
1604 1764 1632 1786 et
1643 1759 1768 1786 excelsus

977 1807 1096 1833 animus.
1110 1805 1210 1833 Verum
1224 1806 1275 1833 tibi
1291 1810 1346 1833 tam
1359 1806 1470 1840 egregio
1482 1806 1547 1833 duci
1563 1811 1658 1832 omnes
1671 1804 1766 1832 statim

977 1853 1044 1879 illud
1065 1852 1192 1880 Chabriae
1213 1851 1413 1879 Athenensium
1437 1851 1611 1886 imperatoris
1629 1851 1766 1882 oecincnt,

978 1898 1226 1926 formidabiliorem
1251 1905 1312 1925 esse
1341 1904 1488 1924 cervorum
1517 1896 1670 1924 exercitum
1697 1895 1767 1922 duce

977 1944 1072 1974 lenne,
1093 1950 1176 1977 quam
1195 1943 1306 1970 leonum
1329 1949 1411 1969 cervo
1439 1941 1509 1968 duce
1535 1940 1603 1977 (22).
1630 1940 1678 1967 Sin
1694 1939 1766 1974 apud

977 1988 1201 2016 Thessalonicam
1226 1987 1349 2015 residere
1369 1986 1545 2021 prmoptabis,
1566 1985 1685 2021 primum
1706 1985 1768 2019 qui-

978 2034 1040 2061 dem
1059 2032 1126 2068 quid
1139 2040 1173 2059 ex
1184 2033 1236 2060 ista
1250 2031 1512 2059 commemoratione
1525 2029 1695 2058 lucrifacias.
1711 2036 1765 2056 non

978 2081 1116 2116 intelligo.
1138 2080 1253 2109 Accedit
1270 2079 1457 2114 impensarum
1476 2076 1640 2113 ingentium,
1659 2076 1692 2103 ad
1706 2080 1767 2104 tan~

978 2132 1033 2154 tam
1061 2125 1262 2153 multitudinem
1275 2145 1282 2157 ,
1303 2131 1418 2158 eatnque
1438 2122 1562 2150 navalem
1577 2121 1703 2149 alendam
1718 2129 1768 2148 ne-

977 2172 1102 2204 cessitas,
1117 2171 1197 2206 553
1212 2178 1295 2206 quam
1309 2170 1344 2197 de
1360 2169 1470 2204 publico
1487 2169 1524 2196 ali
1539 2167 1768 2203 oportebitJtem

978 2218 1149 2253 eByzantio,
1173 2222 1202 2244 et
1226 2216 1332 2250 reliqua
1356 2214 1485 2248 Thracia,
1515 2213 1701 2245 continentis,
1725 2213 1768 2240 itt-

140 2266 320 2301 στρατόπεδον
334 2266 487 2300 ἡγουμένου
500 2265 619 2297 λέοντος,
642 2265 658 2300 ἢ
680 2265 796 2292 λεόντων
807 2265 925 2301 ἡγουμέ-

978 2271 1077 2299 quant,
1101 2263 1237 2290 militibus
1263 2261 1441 2289 mercenariis
1461 2260 1621 2295 permultis,
1644 2267 1694 2287 nec
1712 2266 1766 2286 non

139 2322 185 2340 νου
199 2312 310 2346 ἔλάφου.
328 2312 359 2338 Εἰ
371 2312 400 2338 δὲ
419 2312 511 2346 μένειν
525 2312 553 2338 ἐν
579 2311 765 2346 Θεσσαλονίκῃ
781 2312 925 2347 διανοήσῃ.

140 2359 249 2394 πρῶτον
261 2359 309 2392 μὲν
322 2358 353 2384 τὸ
364 2358 458 2391 κέρδος
473 2359 521 2392 οὐχ
534 2357 590 2392 6ρῶ
605 2359 655 2392 τῆς
664 2357 818 2391 διατριὸῆς.
834 2357 928 2383 Ἔπει-

139 2413 174 2431 τα
208 2404 335 2438 μεγάλων
363 2403 549 2437 ἀναλωμάτων
576 2403 671 2438 χρείας
692 2403 762 2437 πρὸς
790 2402 927 2438 τοσαύτην

142 2452 284 2486 στρατιὰν,
299 2451 346 2478 καὶ
361 2450 447 2476 ταῦτα
468 2450 608 2484 ναυτικὴν,
621 2450 654 2485 ἢν
667 2451 700 2476 ἐκ
715 2450 770 2475 τῶν
788 2448 928 2483 δημοσίων

140 2497 289 2532 τρέφεσθαι
307 2496 425 2530 ἀνάγκη.
437 2496 491 2522 Καὶ
501 2495 548 2529 τῆς
565 2495 742 2530 ὴπειρώτιδος
753 2497 782 2523 δὲ
797 2496 929 2530 στρατιᾶς

141 2545 205 2576 τοὺς
219 2545 252 2570 ὲκ
279 2543 428 2575 Βυζαντίου
453 2542 500 2569 καὶ
519 2541 568 2573 τῆς
584 2542 668 2577 ἄλλης
687 2542 800 2578 Θράκης
815 2543 928 2577 τρέφειν

140 2590 233 2625 δεήσει
243 2598 249 2605 ·
269 2589 449 2623 μισθοφόρους
470 2596 500 2614 τε
515 2587 564 2613 οὐκ
581 2588 687 2622 ὀλίγους
699 2588 779 2620 ὄντας
793 2588 841 2615 καὶ
863 2589 927 2621 τοὺς

142 2634 250 2666 ἄλλους,
267 2634 300 2660 ἂν
314 2633 368 2660 τῶν
381 2633 476 2659 οἰκιῶν
492 2632 544 2665 ἔξω
554 2633 647 2668 χρόνον
657 2633 817 2668 διατρίϐωσι
831 2633 925 2661 πολύν·

143 2680 160 2714 ἢ
174 2678 454 2713 χατιξαναστήσονταί
469 2687 518 2705 σου
539 2679 576 2710 ὡς
587 2678 676 2706 ἑκοντὶ
688 2679 852 2714 βουλομένου
869 2680 927 2707 δια-

145 2723 283 2759 φθείρειν·
301 2724 317 2759 ἢ
334 2724 366 2750 τά
386 2731 418 2757 γε
442 2723 564 2758 δεύτερα,
581 2724 614 2751 ἂν
641 2725 740 2761 μέτρια
757 2725 927 2761 δοκιμάζωτι

976 2310 1049 2341 aliis,
1079 2309 1126 2336 sed
1152 2309 1258 2336 diutius
1287 2315 1302 2335 a
1328 2307 1442 2335 sedibus
1466 2306 1525 2334 suis
1552 2306 1712 2337 abl'ttetint,
1733 2305 1767 2331 de

978 2357 1051 2384 victu
1079 2355 1279 2390 providendum
1300 2353 1377 2381 erit:
1394 2353 1497 2387 alioqui
1518 2352 1663 2378 adversum
1680 2355 1717 2381 te.
1737 2355 1768 2377 ut

960 2414 963 2415 ν
978 2409 1027 2429 eos
1040 2400 1156 2436 perdere
1169 2399 1307 2426 volentem
1320 2399 1473 2432 insurgent.
1486 2402 1533 2423 aut
1543 2401 1618 2424 certe
1631 2395 1654 2423 si
1672 2395 1768 2425 mitius

977 2448 1096 2483 egerint,
1107 2446 1217 2473 deserto
1233 2449 1260 2473 te
1274 2444 1400 2476 abibunt,
1419 2443 1545 2470 sacculos
1560 2443 1657 2470 inanes
1668 2447 1765 2470 osten-t

979 2497 1079 2524 tantes,
1092 2497 1120 2519 et
1135 2495 1284 2527 egestatem
1299 2498 1356 2526 pra:
1371 2498 1400 2517 se
1417 2490 1547 2517 ferentes.
1560 2489 1616 2517 Nec
1632 2490 1704 2517 istuc
1717 2496 1765 2516 suo

977 2539 1047 2571 lum,
1068 2538 1116 2566 sed
1137 2539 1251 2573 insuper
1273 2537 1436 2564 Macedones
1456 2542 1484 2564 et
1507 2536 1767 2564 Thessalonicenses

978 2586 1080 2621 singuli
1105 2585 1251 2619 stipendia,
1277 2589 1306 2612 et
1328 2583 1458 2611 donativa
1474 2582 1648 2618 ﬂagitabunt,
1662 2590 1723 2617 quae
1737 2582 1765 2611 in

980 2631 1097 2659 militem
1122 2630 1290 2657 distribuere
1309 2629 1424 2656 Romani
1440 2629 1612 2664 principatus
1627 2628 1765 2663 guberna-

980 2682 1070 2705 torem
1086 2684 1194 2712 atquum
1213 2681 1264 2702 est.
1286 2676 1324 2702 Ad
1343 2668 1451 2702 Cralcm
1476 2674 1588 2709 insuper
1605 2679 1700 2700 contra
1719 2680 1764 2700 me

979 2723 1175 2752 concitandum
1195 2723 1289 2750 multis
1302 2721 1464 2750 muneribus
1479 2726 1508 2749 et
1521 2719 1646 2756 pecuniis
1657 2718 1764 2754 indige-

766 2802 877 2834 Jacobi
893 2802 1027 2834 Pontani
1042 2807 1137 2834 notas.

181 2861 237 2896 (22)
261 2861 321 2900 ltoe
335 2862 409 2900 dicto
434 2866 563 2900 quantum
589 2863 615 2890 in
633 2869 734 2891 virtute
764 2864 841 2892 ducis
871 2865 954 2892 situm
982 2864 1116 2896 videatur,
1141 2863 1271 2900 praeclare
1296 2861 1463 2894 ostenditur.
1487 2861 1546 2890 Leo
1574 2858 1770 2893 fortitudinis--

145 2905 243 2926 cervus
264 2897 418 2926 timiditatis
434 2897 586 2933 symbolum
615 2907 663 2927 seu
677 2900 926 2936 hieraglyphicum.
