1926 3090
151 122 219 158 ιοδι

712 124 984 155 HISTORIARUM
1007 125 1125 156 LIBER
1147 124 1204 156 Ill.

1709 123 1781 156 1052

145 181 316 216 φθαρήσεται
343 179 390 206 ὑπ’
414 179 543 214 ἀνονήτου
561 179 739 218 φιλονεικίας.
760 180 791 206 Εἰ
821 180 871 214 μὲν
886 179 934 206 οὖν

991 181 1170 207 :ommuniter
1178 180 1252 207 nulla
1263 188 1292 208 re
1307 179 1405 208 melius
1434 179 1583 214 utiliusque
1593 179 1766 208 consulueris

144 226 220 262 παρὰ
229 225 362 261 βασιλίδος
379 226 427 253 καὶ
443 225 626 261 πατριάρχου,
638 227 686 252 καὶ
694 225 750 262 τῶν
764 225 863 259 ἄλλων,
876 226 933 252 ὅσοι

142 273 196 299 τῶν
220 272 390 307 πραγμάτων
419 271 550 306 ἄρχουσιν
580 270 768 298 ἀνυπεύθυνον
785 272 860 306 ἔχεις
885 272 936 306 τὴν

143 317 242 351 ἀρχὴν,
272 316 402 350 καὶπρὸς
427 316 461 342 τὰ
487 316 640 351 φαινόμενα
666 316 821 342 λυσιτελεῖν
846 316 936 348 ἔξεστι

144 361 327 397 βουλεύεσθαι,
344 361 492 396 πρεσϐείαν
510 362 561 396 ἤδη
577 361 645 397 πρὸς
657 363 759 388 ἐκεῖνον
775 361 853 388 ποιοῦ
868 362 933 394 περὶ

143 408 277 443 εἰρήνης.,
292 408 338 434 καὶ
353 408 437 442 μηδὲν
453 416 482 434 σε
507 407 666 442 θορυὸείτω.
685 408 816 434 Βέλτιστά
831 416 860 434 τε
877 407 932 442 γὰρ

142 453 210 487 ὁμοῦ
225 453 272 479 καὶ
287 453 496 479 λυσιτελέστατα
510 454 557 479 καὶ
583 453 710 487 βασιλίδι,
731 454 779 480 καὶ
795 454 863 480 πᾶσι
876 453 934 484 τοῖς

143 498 232 528 ἄλλοις
251 499 327 532 κοινῇ
346 497 491 533 βουλεύσῃ.
510 498 540 523 Εἰ
556 498 584 524 δὲ
611 498 794 533 προσκρούειν
814 498 933 530 ἐκείνοις

143 543 194 569 οὐκ
207 543 318 575 ἐθέλεις,
334 544 382 578 τὴν
394 544 457 578 περὶ
471 545 519 579 τῆς
544 545 656 579 εἰρήνης
669 544 702 578 ἥν
715 544 807 578 ἔχουσι
822 545 937 580 γνώμην

143 589 258 623 ἀγνοῶν.
281 589 338 615 ἀλλ’
364 590 426 623 ἐμοὶ
442 591 538 624 δέομαι
555 591 656 625 τριήρη
678 591 743 625 μίαν
769 592 934 625 παρασχεῖν,

143 632 181 662 ὡς
197 633 229 658 ἂν
243 633 387 666 γενόμενος
414 634 442 658 ὲν
470 633 621 668 Βυζαντίῳ.
653 634 700 660 καὶ
726 635 935 669 συμϐουλεύσας

143 678 195 703 ὅσα
211 686 255 711 μοι
275 677 346 704 δοκῶ
363 678 460 712 βελτίω
472 677 552 712 εἶναι,
568 679 668 714 ὀλίγων
683 680 870 715 εἵσωνὴμερῶν
887 681 936 715 τὴν

143 724 272 759 περὶτῆς
291 725 407 759 εἰρήνης
436 725 550 752 ἐκείνων
574 726 667 761 ψῆφον
689 726 781 761 φέρων
800 727 938 762 ἐπανήξω.

143 771 304 806 Μονομάχος
329 765 378 805 μὲν
395 771 441 798 οὖν
454 772 568 798 τοιαῦτα.
593 771 658 807 περὶ
683 772 732 806 τῆς
750 772 863 807 εἰρήνης
875 772 940 799 διει-

145 816 230 851 λέχοη
259 816 330 851 μετὰ
361 817 536 852 παρρησίαςε
561 815 595 852 ἦν
619 818 673 852 γὰρ
697 819 728 844 ὲκ
745 818 799 844 τῶν
828 819 937 852 τρὸπων

991 224 1038 252 Sin
1053 226 1125 259 apud
1152 232 1199 252 eos
1213 225 1355 253 oll'endere
1375 233 1429 252 unn
1460 225 1510 257 vis,
1530 225 1593 260 quia
1614 232 1669 260 quo
1686 224 1779 252 animo

988 271 1021 297 ad
1047 279 1141 306 pacem
1167 272 1222 298 sint
1253 271 1382 306 ignoras,
1402 275 1430 298 at
1453 271 1531 304 mihi,
1556 271 1665 304 amabo,
1695 278 1779 298 unam

991 317 1134 344 triremem
1152 317 1273 351 indulge,
1287 322 1317 344 ut
1328 325 1390 344 cum
1405 316 1565 352 Byzantium
1579 325 1739 350 excurrere,
1751 320 1780 343 et

989 363 1062 397 quod
1082 363 1108 389 in
1125 371 1182 390 rem
1197 364 1249 390 siet
1265 370 1441 398 persuasero,
1458 362 1555 397 paucis
1571 362 1671 390 diebus
1683 369 1779 389 eorum

990 409 1126 436 calculum
1160 414 1326 443 reportans.
1355 413 1489 435 revertar.
1521 407 1718 435 Monomaclius
1745 408 1778 434 ml

990 454 1063 481 hunc
1079 453 1202 486 modum,
1226 459 1254 481 et
1272 462 1335 481 cum
1363 454 1492 481 libertate
1521 454 1629 494 loqutus
1643 458 1704 485 est:
1719 458 1781 480 erat

992 500 1066 526 enim
1096 505 1207 534 propter
1242 507 1349 526 morum
1390 500 1577 534 integritatem
1603 499 1773 526 venerationi

989 545 1127 572 omnibus.
1153 545 1186 572 Et
1217 545 1261 571 alii
1292 545 1404 580 quidem
1440 544 1586 572 consilium
1613 544 1773 575 laudabant,

990 589 1120 625 ibantque
1140 590 1257 625 pedibus
1271 591 1297 617 in
1313 590 1372 625 ejus
1388 592 1568 621 sententiam:
1587 591 1662 624 pacis
1677 594 1770 616 autem

991 636 1209 671 complectenda:
1241 641 1288 663 aut
1316 636 1474 663 aversanda:
1503 636 1648 663 arbitrium
1678 642 1778 669 magno

990 683 1052 710 duci
1076 682 1248 709 deferebant.
1270 682 1321 715 Qui
1338 682 1472 709 duntaxat
1486 683 1625 709 abnutans
1641 682 1697 716 (qui
1721 689 1782 708 mos

989 732 1031 756 est
1058 728 1211 754 orationem
1249 727 1366 762 alicujus
1397 727 1620 762 repellentium),
1659 731 1688 753 et
1713 726 1781 753 nihil

990 773 1092 800 addens
1108 778 1207 808 prater
1219 774 1275 800 ltrec
1294 773 1388 805 verba,
1402 774 1436 801 Et
1449 781 1510 808 quae
1525 773 1636 800 tandem
1651 780 1701 807 pax
1715 779 1777 799 cum

988 818 1200 848 Cantacuzeno?
1224 824 1393 846 conventum
1417 819 1518 850 solvit,
1544 826 1596 845 nec
1622 818 1779 852 quidquam

146 862 276 897 πλείστην
290 863 366 899 παρὰ
386 864 452 890 πᾶσι
465 864 514 898 τήν
531 863 598 890 αἰδῶ
622 863 824 899 καρπούμενος,
847 864 892 891 καὶ
910 865 934 891 at

991 863 1161 897 iracundius,
1190 868 1237 891 aut
1263 864 1487 892 contumeliosius
1511 865 1539 891 in
1565 864 1776 891 Monotnachum

146 909 195 942 μὲν
209 909 283 936 ἄλλοι
299 909 323 935 οἱ
335 909 477 944 παρόντες,
493 908 523 936 εὗ
539 909 588 944 μὶν
602 909 708 944 ἔφασαν
721 910 825 936 ἐκεῖνον
842 910 937 944 βεϐου-

991 909 1063 943 iecit,
1078 914 1107 936 ut
1128 910 1154 937 in
1170 910 1240 937 alios
1255 909 1369 942 solebat,
1381 910 1409 944 fsi
1428 911 1489 944 quis
1505 917 1589 944 super
1603 917 1633 937 re
1647 909 1780 945 ltujusre-

144 954 267 986 λεῦσθαι,
282 956 328 981 καὶ
344 955 484 982 ἐπείθοντο
495 963 501 970 '
525 955 574 991 τὴν
588 955 616 981 δὲ
633 954 680 981 τοῦ
706 955 832 990 δέχεσθαι
845 955 860 990 ἧ
875 955 911 990 μή
927 963 934 970 “

991 956 1062 984 modi
1080 957 1250 984 mentionem
1266 956 1340 991 apud
1354 964 1382 983 se
1399 957 1548 983 intulisset.

144 1002 195 1038 τήν
211 1003 467 1038 είρήνην,δύναμιν
491 1002 528 1037 τῷ
552 1002 663 1038 μεγάλῳ
677 1003 838 1030 ἀνετίθεσαν
851 1003 937 1031 δουκί.
965 1003 1084 1035 Ἐκεῖνος
1117 1004 1156 1036 δὲ,
1179 1001 1246 1038 ἦθος
1271 1004 1351 1038 μόνον
1378 1003 1441 1035 τοὺς
1461 1002 1556 1036 λόγους
1585 1000 1783 1035 ἁποσειομένου

145 1048 246 1081 δείξας,
262 1050 321 1083 καὶ,
338 1049 406 1077 [lota
421 1057 464 1080 τις
482 1049 515 1075 ἂν
539 1049 635 1085 εἰρήνη
655 1049 765 1083 γένοιπο
798 1050 866 1085 πρὸς
894 1049 1139 1085 Καντακουζηνδν;
1165 1049 1262 1082 εἰπὼν,
1286 1049 1350 1077 ἄλλο
1366 1050 1394 1076 δὲ
1413 1050 1495 1085 μηδὲν
1516 1049 1654 1085 προσθεὶς,
1676 1047 1781 1074 διέλυσε

143 1098 191 1125 τὸν
205 1096 442 1131 σύλλογον.μηδὲν
462 1097 530 1130 πρὸς
552 1096 714 1131 Μονομάχον
733 1096 801 1132 μήτε
822 1097 890 1131 προς
921 1096 1017 1131 ὀργὴν,
1050 1097 1119 1132 μήτε
1134 1095 1202 1132 πρὸς
1220 1095 1299 1131 ὓϐριν
1323 1096 1453 1132 φάμενος,
1474 1096 1569 1130 ὥσπερ
1591 1095 1682 1122 εἰώθει
1713 1093 1782 1129 πρὸς

146 1143 211 1175 τοὺς
229 1143 336 1176 ἄλλους,
353 1142 380 1169 εῐ
393 1151 435 1175 τις
445 1143 508 1178 περὶ
519 1142 648 1169 τοιούτων
664 1144 767 1170 ποιοῖτο
780 1143 876 1177 λόγους
886 1142 953 1176 πρὸς
971 1143 1063 1171 αὐτόν.

811 1210 890 1247 557
910 1211 1026 1240 CAPUT
1043 1211 1111 1239 LXI.

150 1257 323 1293 Apocauchus
343 1257 449 1286 Cralem
465 1259 500 1285 ad
516 1267 592 1286 arma
609 1260 744 1286 sollicitat.
763 1260 853 1287 Crates
875 1259 963 1287 dolose
993 1260 1092 1287 obsides
1110 1270 1126 1288 α
1144 1260 1295 1288 Berrltaaitis
1315 1260 1390 1294 petit.
1406 1259 1597 1294 Imperatorem
1613 1257 1648 1285 ad
1672 1257 1779 1284 consul—

184 1294 310 1330 tationem
331 1294 453 1330 insidiose
470 1298 571 1327 euocat,
594 1299 618 1321 et
640 1296 771 1330 quomodo
788 1296 818 1322 ab
832 1303 860 1321 eo
879 1296 912 1322 sit
930 1295 1047 1322 delusus.
1073 1295 1143 1322 Laus
1171 1296 1267 1323 divime
1293 1293 1464 1329 providentiae
1490 1301 1553 1329 ergo
1581 1293 1781 1330 imperatorem.

187 1329 359 1365 {ipoqauchus
373 1329 542 1356 Berrhaaotas
559 1330 593 1356 ad
610 1328 779 1365 defectioncm
794 1331 927 1361 hortatur,
944 1331 986 1356 cui
1000 1331 1198 1358 aculeutissime
1212 1331 1368 1358 rescribunt.
1386 1337 1497 1365 eumque
1522 1333 1692 1365 contemnunt
1705 1333 1730 1365 et
1753 1328 1781 1353 in

182 1363 241 1401 ﬁnde
249 1363 418 1401 imperatoris
437 1372 624 1401 permansuros
640 1363 792 1401 balant/put.
812 1364 971 1392 Miraculum
987 1366 1019 1393 de
1035 1367 1197 1401 imperatore
1210 1374 1226 1392 a
1246 1365 1388 1401 sagittario
1405 1372 1456 1391 non
1478 1363 1551 1396 ίωεο,
1566 1364 1646 1390 etiam
1663 1364 1781 1390 tertium.

184 1398 254 1427 Petit
270 1398 374 1426 véttiam
395 1400 562 1434 sagittarius.
582 1401 704 1435 Aguntur
725 1400 778 1426 Deo
794 1401 899 1435 gratim.

185 1467 258 1503 Πρὸς
280 1465 395 1502 Κράλην
414 1466 442 1493 δὲ
469 1466 620 1500 πρεσϐείας
644 1466 806 1500 ποιούμενος
831 1466 942 1501 συχνὰς,

1031 1466 1072 1494 Ad
1087 1466 1194 1494 Cralem
1210 1473 1292 1502 porro
1311 1470 1435 1493 oratores
1455 1464 1602 1496 missitans.
1624 1462 1781 1502 ingentem?

148 1513 242 1540 ιπεισε
269 1513 316 1539 καὶ
332 1512 456 1546 φανερῶς
473 1513 601 1547 χρήματα
616 1512 700 1537 πολλὰ
716 1512 750 1537 τὰ
770 1511 820 1546 μὲν
838 1511 938 1544 ὁδοὺς,

993 1521 1046 1548 que
1065 1513 1209 1548 pecuniam
1227 1513 1325 1548 partim
1343 1512 1422 1544 dans,
1438 1511 1537 1546 partim
1555 1511 1700 1547 pollicens,
1716 1520 1780 1540 eum

147 1559 219 1586 τὰδὲ
230 1558 480 1592 ἐπαγγελλόμενος,
496 1558 614 1592 πόλεμον
627 1557 745 1591 ἅρασθαι
764 1558 832 1592 πρὸς
859 1558 934 1584 Κανο

148 1605 316 1640 τακουζηνδν
333 1605 380 1631 τδν
405 1603 527 1638 βασιλέα.
556 1603 611 1630 Καὶ
626 1603 722 1638 πρῶτα
738 1604 787 1638 μὲν
812 1603 942 1638 πρέσϐεις

149 1651 263 1685 πέμψας
277 1652 316 1682 εις
332 1650 476 1685 Βὶρῤοιαν,
492 1649 613 1684 ὁμήρους
627 1649 685 1684 ᾔτει
697 1649 760 1681 τοὺς
771 1650 868 1681 παῖδας
884 1649 939 1676 τῶν

149 1697 280 1732 ἀρίστων·
299 1697 437 1732 πρόφασιν
454 1696 514 1731 μὲν,
530 1697 568 1728 ὠς
591 1696 840 1731 σπουδάζωνιῦπὲρ
866 1696 943 1731 βασι-

149 1743 232 1775 λέως,
250 1743 288 1776 μὴ
305 1742 371 1776 παρ’
388 1742 501 1768 ἐκείνων
521 1741 713 1776 ὲπιϐουλευθῇ,
729 1742 763 1776 τῇ
786 1740 809 1767 δ’
826 1741 942 1777 ἀληθείᾳ

152 1788 323 1825 Βερῤοιώτας
354 1787 430 1820 αὒτῷ
473 1787 666 1822 ἐκπολεμῶσαι
712 1788 874 1822 διανοηθεὶς,
903 1788 942 1819 ὡς

150 1835 243 1866 κακῶς
255 1833 321 1868 περὶ
340 1833 432 1860 αὐτῶν
446 1833 668 1868 βουλευσαμένῳ,
692 1833 739 1860 καὶ
759 1834 822 1865 τοὺς
843 1833 941 1864 παῖδας

151 1882 220 1913 ιδίας
237 1880 320 1907 ἑνεκα
333 1879 468 1915 ὡφελείας
484 1880 698 1915 καταπροεμένῳ
720 1880 740 1906 Τ
745 1879 876 1914 ριϐαλοϊς.
888 1879 941 1906 Ba-

150 1927 247 1959 σιλέως
258 1928 286 1953 δὲ
298 1927 366 1962 πρὸς
383 1926 433 1961 μὲν
466 1926 529 1957 τοὺς
542 1926 662 1961 ὁμήρους
683 1926 809 1962 φανερῶς
835 1927 941 1960 ἀπαγο-

152 1973 312 2010 ρεύσαντος,
327 1974 377 2008 τῆς
392 1972 421 1999 δὲ
438 1972 506 2007 περὶ
524 1972 606 1998 αὑτὸν
617 1971 722 2003 εὐνοίας
747 1971 794 1999 καὶ
813 1971 941 2006 προνοίας

150 2020 360 2056 ὡμολογηκότυς
376 2019 492 2054 χάριτας
509 2018 621 2051 πολλὰς,
635 2018 746 2054 θαρρεῖν
759 2027 788 2045 τε
805 2019 940 2051 είπόντος,

151 2066 188 2097 ὡς
199 2066 274 2092 οὐδὲν
285 2065 359 2100 αὐτῷ
373 2065 404 2091 ἐκ
423 2063 601 2100 Βερροιωτῶν
628 2065 780 2100 ἀπαντήσει
798 2065 940 2099 δυσχερὲς,

154 2112 204 2147 μιᾷ
217 2111 313 2147 γνώμῃ
340 2109 546 2142 σπουδαζόντων
577 2109 648 2145 ὑπὲρ
663 2109 756 2144 αὐτοῦ,
775 2112 822 2138 καὶ
849 2112 941 2138 πᾶσαν

151 2157 364 2191 ἐνδεικνυμένων
380 2155 496 2188 εὔνοιαν,
513 2155 617 2187 ἐκεῖνος
644 2155 776 2190 ἐτρέπετο
794 2155 861 2191 πρὸς
879 2156 940 2182 δευ-

151 2204 235 2238 τέραν
250 2205 360 2238 πεῖραν,
377 2203 423 2228 καὶ
438 2201 613 2237 μετεκαλεϊτο
627 2201 740 2236 βασιλέα
754 2201 824 2237 πρὸς
844 2201 937 2234 αὐτὸν,
955 2201 975 2229 D

152 2249 189 2280 ὠς
206 2248 270 2283 περί
291 2256 374 2274 τινων
397 2246 556 2281 ἀναγκαίων
584 2246 794 2282 βουλευσόμενον
821 2247 938 2281 μάλιστα

151 2295 321 2332 διατρίϐοντα
332 2295 423 2330 ἐγγύς.
443 2296 565 2330 Ἔφασκε
578 2295 632 2330 γὰρ
649 2295 680 2321 ὲκ
698 2295 819 2322 Παιόνων
829 2295 877 2331 τῆς
889 2296 940 2331 ἀρ-

152 2342 202 2378 χῆς
215 2342 336 2377 νεώτερά
356 2350 415 2369 τινα
430 2342 604 2377 κεκινῆσθαι,
630 2341 677 2368 καὶ
690 2341 774 2367 πολὺν
802 2341 878 2377 αὐτῷ
893 2342 939 2368 τὸν

153 2389 268 2424 θόρυϐον
284 2388 428 2423 παρέχειν.
440 2388 479 2414 Δι’
490 2387 508 2414 ἃ
522 2387 600 2422 ᾠήθη
616 2388 765 2421 ἀναγκαῖον
774 2388 850 2422 κοινῇ
872 2394 935 2413 exs—

151 2434 302 2468 ψαμένους,
316 2433 377 2460 οὐδὲ
391 2433 446 2468 γὰρ
461 2433 546 2468 ἑτέρῳ
562 2432 664 2467 μᾶλλον
683 2431 841 2458 πεποιθέναι
861 2431 938 2467 βασι-

151 2481 219 2512 λέως
236 2481 281 2507 διά
292 2489 321 2506 τε
340 2480 390 2514 τὴν
411 2479 567 2514 προσοῦσαν
593 2477 710 2511 εὔνοιαν,
740 2479 787 2505 καὶ
803 2479 853 2514 τὴν
873 2479 938 2514 περὶ

153 2529 188 2555 τὰ
202 2528 316 2555 τοιαῦτα
333 2527 442 2553 σύνεσιν
459 2526 560 2561 πολλὴν
581 2527 627 2553 καὶ
656 2527 813 2561 ἐμπειρίαν,
835 2526 852 2554 ἃ
865 2526 939 2553 δοκεῖ

151 2574 302 2600 λυσιπλεῖν
327 2573 445 2600 ἑλέσθαι.
478 2570 614 2603 Βασιλέως
639 2571 667 2599 δὲ
692 2573 716 2598 οί
737 2572 817 2607 φίλοι,
845 2572 938 2607 κρύφα

151 2618 201 2653 τὴν
213 2617 360 2652 ἐπιϐουλὴν
379 2619 510 2652 ἐμήνυον·
525 2617 705 2643 ἐϐουλεύσατο
720 2619 773 2652 γὰρ
795 2618 819 2644 εί
830 2617 937 2644 δύναιτο

153 2664 365 2699 συλλαμϐάνειν,
382 2663 429 2690 καὶ
453 2663 594 2699 παρῄνουν
614 2664 798 2698 φυλάττεσθαι
816 2665 853 2696 ὡς
872 2663 937 2690 δύσ-

152 2717 225 2736 νουν.
238 2710 367 2742 Βασιλεὺς
386 2710 414 2736 δὲ
426 2711 468 2737 ἵνα
483 2710 618 2746 μηδεμίαν
627 2711 764 2747 πρόφασιν
780 2712 845 2747 δοκῇ
856 2719 893 2738 πα
898 2719 934 2747 ρά

153 2756 227 2789 ἐχειν
259 2756 329 2790 πρὸς
345 2756 391 2783 τὸν
404 2757 533 2792 πόλεμον,
551 2756 664 2790 ἄγνοιαν
681 2756 808 2783 ἁπάντων
821 2756 936 2792 ὑπεκρί-

153 2809 224 2830 νετο.
243 2801 356 2838 Πέμψας
370 2803 398 2830 δὲ
414 2803 543 2840 Μανουὴλ
557 2805 603 2831 τὺν
626 2804 760 2839 νεώτερον
788 2804 842 2831 τῶν
857 2804 934 2837 υἱῶν,
948 2814 951 2816 ·

156 2848 203 2875 καὶ
216 2848 404 2884 Ἀγγελοντὸν
419 2850 537 2886 ἀνεψιὸν,
550 2850 645 2887 ἐδήλου
660 2850 936 2884 ὦςαὺτὶςήδύνατος

992 1559 1027 1587 ad
1050 1559 1152 1587 bellum
1177 1559 1311 1587 adversus
1332 1557 1554 1585 Canlacuzenum
1580 1558 1666 1592 palam
1692 1559 1783 1587 susci-

991 1606 1124 1640 piendum
1139 1604 1300 1632 inﬂammat.
1317 1603 1411 1631 Crales
1428 1603 1546 1638 primum
1569 1603 1725 1632 Berrltoaam
1742 1605 1782 1632 le-

991 1656 1069 1687 gatos
1093 1651 1219 1684 mittens,
1245 1650 1316 1678 ﬁlios
1332 1649 1497 1685 optimatum
1513 1649 1624 1677 obsides
1649 1651 1780 1685 postulat,

993 1697 1138 1730 simulans,
1155 1705 1185 1725 se
1200 1704 1298 1724 curare
1317 1696 1414 1723 sedulo
1428 1703 1464 1722 ne
1481 1695 1548 1730 quid
1569 1696 1729 1730 imperatori
1747 1697 1782 1724 ab

995 1743 1063 1779 ipsis
1078 1743 1242 1770 insidiarum
1258 1747 1425 1774 strueretur,
1440 1749 1503 1769 cum
1519 1749 1616 1769 revera
1633 1741 1780 1770 Berrbteo-

992 1794 1033 1816 tas
1052 1789 1078 1817 ei
1097 1789 1236 1821 inimicos,
1261 1793 1289 1815 et
1314 1788 1429 1815 infestos
1456 1788 1572 1815 reddere
1597 1789 1721 1816 studeret
1750 1793 1782 1816 ut

991 1835 1038 1870 qui
1055 1834 1126 1862 male
1137 1834 1171 1861 de
1185 1834 1239 1861 illis
1255 1837 1421 1866 mereretur,
1434 1833 1656 1868 quandoquidem
1671 1842 1781 1861 eorum-

993 1882 1056 1908 dem
1080 1879 1152 1907 ﬁlios
1175 1879 1210 1906 ad
1227 1879 1364 1913 privatam
1382 1878 1529 1906 utilitatem
1552 1886 1629 1905 suam
1651 1879 1781 1907 Triballis

992 1925 1063 1953 tradi
1086 1925 1157 1952 nihil
1179 1925 1257 1959 pensi
1278 1924 1404 1951 haberet.
1423 1923 1589 1958 imperatore
1610 1923 1721 1951 obsides
1738 1925 1781 1951 di-

990 1980 1064 2003 serte
1078 1979 1235 2006 recusante,
1247 1973 1406 2010 gratiasque
1419 1972 1453 2000 de
1466 1973 1596 2000 benevola
1613 1973 1779 2000 sollicitudi-

991 2031 1026 2050 ne
1043 2023 1086 2050 sui
1109 2022 1214 2057 amplas
1231 2026 1341 2057 agente,
1354 2020 1524 2056 jubenteque
1545 2019 1693 2052 conﬁdere,
1711 2019 1779 2048 nihil

991 2069 1043 2097 sibi
1067 2077 1082 2096 a
1110 2068 1282 2096 Berrhmotis
1308 2068 1445 2094 oriturum
1471 2065 1649 2098 incommodi,
1677 2065 1779 2100 quibus

991 2115 1120 2144 omnibus
1137 2114 1254 2150 perinde
1277 2113 1457 2142 charissimus
1481 2117 1563 2144 esset,
1589 2112 1668 2140 aliam
1693 2110 1778 2139 instat

991 2163 1076 2190 viam.
1100 2161 1308 2196 Imperatorem,
1326 2159 1403 2187 velut
1427 2159 1461 2186 de
1489 2158 1656 2194 quibusdam
1685 2157 1777 2193 magni

990 2208 1122 2236 momenti
1137 2215 1198 2235 cum
1215 2214 1248 2235 eo
1268 2206 1476 2241 disquisiturus,
1501 2205 1534 2233 ad
1559 2213 1590 2233 se
1612 2205 1638 2231 in
1662 2204 1777 2240 propin-

990 2262 1074 2290 quum
1101 2254 1228 2281 accersit.
1245 2252 1358 2280 Dicebat
1373 2252 1460 2284 enim,
1485 2251 1600 2279 Pwonas
1622 2258 1666 2278 res
1692 2257 1777 2278 novas

990 2302 1113 2334 molitos,
1127 2300 1191 2328 inde
1209 2308 1238 2328 se
1259 2305 1424 2334 magnopere
1446 2297 1563 2325 turbari.
1579 2296 1668 2330 Quare
1682 2304 1776 2324 neces-

989 2347 1091 2375 sarium
1110 2347 1231 2380 duxisse,
1255 2353 1318 2374 cum
1340 2353 1373 2373 eo
1393 2344 1566 2375 consultare;
1584 2342 1686 2370 nemini
1703 2342 1777 2370 enim

989 2393 1052 2428 plus
1069 2393 1164 2423 ﬁdere.
1184 2396 1211 2419 et
1229 2395 1344 2426 propter
1366 2397 1425 2418 eam
1446 2397 1499 2424 qua
1518 2389 1606 2424 ipsum
1623 2395 1776 2424 prosequa-

991 2445 1036 2467 tur
1051 2439 1284 2470 benevolentiam,
1299 2443 1327 2465 et
1348 2441 1460 2472 propter
1473 2435 1602 2463 eximiam
1619 2435 1645 2462 in
1663 2434 1715 2462 hoc
1728 2442 1776 2470 ge-

990 2493 1057 2514 nere
1081 2484 1266 2520 prudentiam,
1294 2483 1574 2516 exercitationemque
1599 2480 1713 2508 videndi
1747 2485 1776 2508 et

989 2531 1107 2566 eligendi
1124 2530 1198 2566 quod
1220 2530 1246 2556 in
1263 2528 1373 2562 ,talibus
1396 2527 1514 2562 negotiis
1535 2526 1673 2561 expediat.
1689 2524 1776 2553 Caete-

990 2585 1050 2604 rutu
1065 2576 1146 2604 amici
1168 2576 1237 2603 clam
1262 2574 1379 2602 detectis
1398 2573 1459 2608 ejus
1475 2572 1584 2600 insidiis
1598 2572 1776 2606 (cogitaverat

988 2623 1061 2651 enim
1077 2622 1154 2650 Illum
1169 2629 1278 2656 capere,
1294 2621 1316 2648 si
1336 2619 1438 2655 posset)
1457 2623 1487 2646 ut
1505 2626 1554 2654 pro
1570 2617 1704 2645 malevolo
1720 2615 1774 2643 ho-

989 2669 1090 2696 minem
1107 2671 1228 2698 caveret,
1245 2665 1442 2693 admonebant.
1460 2663 1622 2699 lmperator,
1637 2669 1673 2690 ne
1689 2668 1772 2689 causa

988 2720 1017 2742 et
1033 2714 1111 2748 origo
1133 2713 1199 2740 belli
1222 2712 1279 2739 ullo
1303 2711 1386 2738 modo
1409 2718 1424 2738 a
1447 2717 1477 2737 se
1496 2708 1619 2745 profecta
1635 2707 1773 2740 videatur,

988 2759 1172 2796 ignorantiam
1185 2758 1307 2785 omnium
1330 2756 1496 2788 simulando,
1518 2754 1669 2782 Manuelem
1680 2752 1773 2789 junio-

989 2814 1046 2834 rem
1065 2805 1164 2839 ﬁlium,
1183 2809 1211 2832 et
1229 2805 1362 2840 Angelum
1378 2802 1575 2831 consobrinum
1592 2800 1688 2833 mittit,
1711 2806 1773 2834 per-

989 2857 1043 2886 que
1061 2858 1109 2879 eos
1123 2848 1267 2886 signiﬁcat,
1283 2857 1312 2878 se
1333 2848 1429 2877 urbem
1450 2847 1592 2876 deditione
1614 2846 1706 2875 adhuc
1729 2854 1772 2875 re-
