1926 3090
205 127 275 159 ποις)

788 122 952 154 ,ΙΟᾹΝΝΙΒ
972 122 1240 154 (ῙΛΝΤΛΕΗΖΕἪ

1769 121 1842 150 ιιυυ

201 190 282 214 cenat
298 193 307 212 :
321 183 436 220 reliquis
453 180 785 210 eonvcnienterlaborum
804 179 911 207 meritis
924 187 993 214 prre-

1049 180 1111 207 σθαι
1126 181 1171 208 καὶ
1185 180 1264 212 δίκας
1277 181 1419 213 ἀπαιτεῖν,
1434 178 1502 207 ἀλλὰ
1519 178 1582 211 τοὺς
1600 176 1650 213 μὲν
1670 176 1776 208 αἰτίους
1791 175 1843 210 τῆς

201 233 257 261 mia
277 230 469 268 persolven'da,
487 233 517 256 ut
531 233 559 256 et
575 227 711 262 supplicio
727 226 917 261 improborum
934 230 991 253 ter-

202 283 272 311 reat,
289 276 519 306 etbenelicentiaa
534 273 626 301 studio
642 273 710 301 alios
724 275 757 300 ad
775 280 803 300 se
821 271 991 307 diligendum

202 323 315 352 alliciat.
332 323 463 349 Amurius
478 320 616 355 extemplo
628 323 717 354 paret.
731 323 758 346 et
777 319 810 346 de
827 317 993 345 admonitio.

202 377 237 397 ne
251 368 410 404 imperatori
423 367 525 402 gratias
537 368 603 401 agit,
618 366 723 400 legatos
738 364 772 391 ad
789 364 992 399 imperatricem

202 416 292 443 denuo
309 414 343 441 de
361 419 428 448 pace
443 417 534 440 actum
555 411 651 438 mittit.
668 410 851 446 Apocauchus
877 417 993 444 magnus

200 460 258 488 dux
281 463 309 487 et
340 458 453 493 collegae
465 457 499 485 de
515 465 583 492 pace
597 457 679 484 silent
694 456 817 491 penitus.
831 455 994 482 Amurlum-

201 514 255 542 que
271 506 391 540 primum
418 503 636 538 reprehendunt,
652 501 726 537 quod
749 507 868 536 satrapa,
884 505 913 528 et
938 505 993 527 tam

200 556 309 588 potens,
325 555 408 585 atque
423 549 496 585 apud
513 549 652 576 Romanos
664 549 741 583 juxta
759 555 791 574 ac
814 547 948 574 barbaros
966 546 994 573 in

201 603 277 626 tanta
294 597 488 628 admiratione,
514 594 643 629 mancipii
661 596 748 622 instar
769 594 993 621 Cantaeulenutn

200 650 344 679 sequatur,
364 641 470 670 tamdiu
493 642 519 668 in
535 641 618 668 terris
635 640 788 676 peregrinis
810 639 903 672 miser,
919 639 994 666 nullo

201 690 288 721 lucro,
306 696 369 716 cum
387 687 537 723 ignominia
552 691 645 713 autem
676 693 794 717 summa,
828 684 890 720 qlia:
916 684 994 711 illum

201 736 335 763 scientem
349 734 543 768 volentemquc
560 732 711 775 cooperuit.
731 731 791 758 .lam
807 730 873 758 illud
892 730 995 765 turpis-

202 781 304 809 simum
326 789 387 808 esse
418 779 501 814 580
518 778 592 814 quod
620 783 646 806 et
667 778 793 805 satellitis
812 778 902 804 locum
922 776 994 812 apud

201 829 422 858 Cantacuzcnum
441 831 534 854 tenere
547 833 601 852 non
612 825 768 857 erubuerit,
785 824 816 851 ad
833 824 912 859 cujus
925 830 995 858 prte-

202 875 303 904 torium
319 878 402 901 noctu
421 872 573 904 excubarit,
586 876 615 898 ut
632 872 690 906 ipse
708 870 782 898 omni
798 875 871 897 metu
889 870 996 897 solutus

201 925 340 950 uerteret.
360 920 424 946 Haec
452 918 535 953 igitur
563 917 630 945 tanti
644 917 724 952 plena
747 917 893 951 dedecoris
906 916 928 943 si
943 916 1012 950 ipsi.

201 971 276 1002 grata
290 967 356 998 sint,
377 973 428 992 nec
441 964 507 996 sibi,
519 964 585 999 quid
600 965 625 990 ei
638 963 742 991 findunt
761 967 843 998 alque
853 962 995 998 indignum

162 1007 166 1012 ”
201 1012 307 1040 accidat
323 1018 396 1039 curae
412 1010 547 1038 iuturum.
567 1009 646 1037 Nunc
663 1011 685 1036 si
704 1013 757 1036 tam
772 1009 845 1044 longi
862 1008 996 1042 temporis

203 1058 229 1084 in
243 1061 339 1084 extero
355 1055 414 1083 solo
435 1055 620 1083 incommodis
635 1055 762 1087 satiatus,
782 1054 816 1081 ad
831 1053 910 1081 sedes
933 1061 997 1081 suas

203 1101 303 1128 reverti
324 1100 513 1135 concupiscat.
534 1107 564 1126 se
588 1107 698 1134 quoque
716 1099 806 1134 ipsum
825 1099 851 1125 in
875 1099 927 1126 hoc
942 1106 995 1125 non

202 1146 301 1173 leviter
327 1145 484 1181 adjuturos.
512 1145 577 1172 Sive
612 1145 686 1171 enim
714 1152 762 1177 per
789 1144 944 1180 Bithyniam
970 1149 997 1172 et

202 1191 347 1227 Phrygiam
362 1191 390 1218 in
411 1191 514 1217 Ioniam
530 1191 571 1217 ire
593 1195 680 1224 paret,
696 1195 784 1217 tutum
801 1191 854 1218 iter
871 1199 920 1225 per
932 1189 997 1218 ιιι-ιι

202 1237 371 1271 lespoutum,
387 1241 434 1263 aut
462 1244 510 1270 per
537 1235 639 1263 fretum
662 1235 842 1271 Byzantinutn
857 1236 996 1271 praestitu-

205 1289 265 1314 rns;
292 1282 350 1308 site
380 1286 452 1308 recta
477 1281 504 1307 in
535 1288 612 1307 suam
632 1281 801 1315 provinciam
820 1281 995 1316 abnavigare,

205 1328 333 1355 triremes
360 1333 387 1354 et
415 1326 467 1353 alia
487 1326 595 1361 navigia
615 1326 740 1359 daturos,
761 1334 822 1360 qua
843 1327 996 1354 exercitum

206 1372 361 1408 deportent.
379 1372 410 1399 lit
428 1372 492 1407 quia
512 1380 625 1400 necesse
640 1373 749 1404 haheat,
762 1373 845 1400 etiam
859 1373 997 1408 stipendia

205 1419 264 1446 suis
278 1424 332 1446 tam
358 1419 406 1446 diu
423 1418 557 1446 militibus
580 1419 696 1450 solvere,
711 1423 844 1453 quantum
864 1419 997 1446 debeatur

204 1465 360 1500 largiturus.
376 1464 438 1492 lltec
453 1472 568 1500 magnus
581 1464 636 1491 dux
658 1464 749 1499 legato
773 1465 926 1499 respondit.
946 1465 997 1492 Vc-

206 1512 412 1540 rumenimvero
440 1511 576 1539 barbarus
612 1511 718 1538 domini
750 1511 994 1546 reprehensionem

207 1566 259 1585 non
282 1558 385 1589 ferens,
409 1557 546 1585 Videmiui
563 1558 640 1589 mihi,
659 1558 760 1592 inquit,
779 1563 887 1585 tantum
902 1558 995 1586 odisse

206 1604 318 1636 multos,
331 1604 446 1638 diligere
460 1603 608 1634 neminem.
622 1602 700 1636 Quod
710 1604 733 1630 si
747 1611 828 1631 secus
840 1609 922 1636 esset,
939 1612 994 1632 non

206 1649 244 1676 ita
259 1650 291 1676 ad
309 1649 448 1676 machinas
473 1653 502 1676 et
520 1648 637 1676 insidias
650 1654 746 1676 contra
769 1650 864 1677 hostes
887 1651 997 1686 excogi~

207 1695 302 1722 tandas
323 1694 444 1730 expediti
462 1695 572 1726 essetis,
596 1694 690 1729 lingua
716 1695 783 1731 largi
801 1696 833 1723 ad
852 1701 996 1724 contume-

205 1742 268 1772 lias,
283 1748 315 1768 ac
339 1741 362 1767 si
382 1739 441 1766 ideo
471 1747 531 1766 eam
554 1739 744 1774 possideretis,
763 1745 791 1767 et
807 1748 888 1767 omne
909 1749 995 1776 genus

206 1786 388 1822 nequitiarum
413 1790 584 1818 exercentes,
613 1785 764 1813 amicorum
791 1791 883 1814 autem
901 1787 993 1815 cilicia

205 1832 330 1861 funditus
353 1832 518 1859 nescientes.
535 1831 593 1858 Prae
618 1831 715 1858 horum
734 1839 831 1866 magna
856 1833 994 1868 imperitia

205 1880 347 1907 dominum
365 1886 456 1905 meum
474 1878 513 1905 rei
539 1877 681 1913 cujusdam
706 1878 813 1906 servitis
829 1883 857 1906 et
872 1879 994 1915 ingloriaa

203 1926 364 1958 accusastis,
379 1925 451 1960 quod
467 1925 663 1959 imperatorem
676 1928 739 1951 ante
756 1924 815 1960 ejus
833 1925 996 1953 tabernacu-

204 1972 262 1999 lum
278 1971 430 2002 excubans,
456 1970 490 1998 ab
516 1970 735 2002 insidiatori!.tts,
752 1971 798 2006 qui
823 1972 902 1999 multi
916 1976 995 1999 erant

203 2018 376 2050 custodierit,
386 2018 477 2044 victus
488 2017 595 2044 Srilicet
605 2024 698 2044 amore
713 2017 797 2050 illius,
810 2023 840 2045 et
850 2019 994 2046 aii'eetione

203 2063 261 2091 sula
278 2063 401 2090 omnium
415 2061 593 2088 aﬂ'ectiouum
610 2062 823 2097 jucundissima,
838 2067 866 2091 et
885 2064 919 2091 ab
933 2072 994 2091 om-

204 2110 286 2137 nibus
299 2108 454 2144 expetenda
473 2108 617 2135 subactus.
635 2107 815 2144 lnterrogabo
832 2115 926 2138 autem
948 2119 995 2139 \os

204 2161 266 2183 uter
281 2155 380 2182 melius
403 2154 439 2181 de
458 2153 570 2186 decoro,
585 2158 613 2181 et
634 2154 668 2181 de
694 2155 769 2190 justo
793 2160 821 2183 et
842 2156 995 2185 honoriﬁco

1047 226 1194 258 αὐθαδείας
1208 227 1308 264 μέτρια
1324 226 1463 260 κολάζειν,
1479 227 1523 253 ἵνα
1536 225 1573 261 μὴ
1589 224 1771 260 παράδειγμα
1785 222 1844 253 τοῖς

1044 271 1136 304 ἄλλοις
1149 273 1278 306 γίνωνται
1290 274 1499 308 ἀναισχυντίας,
1514 272 1577 304 τοὺς
1589 271 1618 298 δὲ
1631 271 1744 302 λοιποὺς
1757 269 1843 301 ἀξίως

1046 317 1214 353 ἀμείϐεσθαι
1240 319 1293 345 τῶν
1318 319 1419 350 πόνων,
1449 319 1494 346 ἶνα
1520 319 1553 353 τῇ
1586 326 1617 344 τε
1644 317 1759 343 κολάσει
1786 314 1843 340 τῶν

1044 364 1214 397 ἀγνωμόνων
1229 365 1346 400 ὲκφοΰῇ,
1361 366 1409 391 καὶ
1421 366 1454 399 τῇ
1472 364 1537 399 περὶ
1551 364 1600 395 τὰς
1613 363 1778 397 εὐεργεσίας
1794 370 1842 394 φι-

1044 408 1155 444 λοτιμίᾳ
1171 410 1239 445 πρὸς
1256 410 1364 437 εὖνοιαν
1384 411 1546 445 ἐφέλκηται.
1570 409 1599 436 ’0
1622 409 1673 440 μὲν
1697 406 1745 435 οὖν
1766 408 1845 433 ὲπεί-

1045 454 1106 482 θετο
1121 456 1242 489 αὐτίκα,
1269 457 1317 483 καὶ
1341 458 1391 490 τῆς
1416 456 1608 492 παραινέσεως
1634 456 1844 490 εὐχαριστήσας

1046 499 1170 534 βασιλέα,
1187 502 1338 536 πρεσϐείαν
1352 502 1462 537 ἔπεμπε
1479 502 1547 537 πρὸς
1566 501 1704 536 βασιλίδα,
1721 502 1770 527 καὶ
1788 500 1845 526 διε-

1046 547 1141 580 λέγετο
1158 547 1222 582 περὶ
1243 547 1357 582 εἰρήνης
1373 546 1461 580 αὖθις.
1489 547 1659 582 Ἀπόκαυχο;
1678 547 1706 573 δὲ
1719 547 1732 573 ὁ
1754 547 1845 581 μέγας

1045 592 1108 625 δοὺξ
1138 593 1209 627 μετὰ
1228 593 1282 618 τῶν
1306 593 1493 628 συναρχόντων
1510 593 1575 628 περὶ
1596 592 1645 627 μὲν
1661 594 1711 627 τῆς
1729 592 1846 626 εἰρήνης

1047 638 1142 664 οὐδένα
1155 638 1234 672 λόγον
1256 639 1433 674 ἐποιήσαντο,
1453 639 1522 665 ἀλλὰ
1541 639 1652 674 πρῶτον
1666 639 1715 673 μὲν
1733 637 1845 664 ἐκείνου

1046 685 1228 720 κατηγόρουν,
1246 685 1286 711 ὅτι
1305 685 1449 720 σατράπης
1465 685 1513 716 ὢν,
1536 686 1584 711 καὶ
1604 685 1721 718 δύναμιν
1741 683 1844 710 τοσαύ-

1046 739 1097 766 την
1112 732 1292 767 κεκτημένος,
1312 733 1357 758 γαὶ
1374 734 1450 767 παρὰ
1469 731 1612 767 Ῥωμαίων
1628 730 1676 757 καὶ
1692 731 1844 766 βαρὸάρων

1047 777 1203 812 τιμώμενος
1232 777 1381 811 τοσοῦτον,
1410 778 1506 812 ὥσπερ
1540 777 1708 812 ἀνδράποδον
1745 777 1844 803 ἕποιτο

1048 823 1280 858 Καντακουξηνῷ,
1298 824 1426 850 τοσοῦτον
1449 823 1545 859 χρόνον
1569 824 1616 849 ἐπὶ
1642 823 1723 858 ξένης
1748 822 1845 849 ταλαι-

1011 857 1034 887 B
1051 868 1160 903 ιτωρῶν,
1173 857 1327 904 ἐπὶνκέρδει
1349 869 1400 904 μὲν
1416 857 1516 901 οὐδενὶ,
1534 869 1628 904 ἀδοξίᾳ
1644 869 1673 895 δὲ
1697 868 1804 903 ἐσχάτῃ

1048 915 1250 951 περιϐέϐληκεν
1275 916 1357 942 αὐτὸν
1383 916 1463 943 ἑκών.
1487 916 1524 943 Ἰδ
1549 917 1578 943 δὲ
1599 916 1630 951 δὴ
1653 916 1787 950 μέγιστον
1803 916 1845 942 ὅτι

1048 962 1093 988 καὶ
1118 962 1270 998 δορυφόρου
1297 962 1374 994 τάξιν
1399 963 1510 998 ἐπέχειν
1538 963 1588 988 οὐκ
1615 962 1741 998 ᾐσχύνθη
1774 961 1845 996 πρὸς

1047 1008 1290 1043 Καντακουζηνδν,
1315 1009 1373 1036 ἀλλ’
1387 1010 1433 1035 ἐπὶ
1449 1009 1499 1044 τὴν
1515 1009 1622 1035 ἐκείνου
1641 1009 1748 1044 σκηνὴν
1764 1008 1846 1043 ὲρχόο

1048 1062 1139 1088 μενος,
1156 1055 1313 1090 ἁγρυπνοίη
1345 1054 1465 1089 νύκτωρ,
1493 1055 1531 1086 ὡς
1561 1053 1595 1082 ἂν
1620 1056 1726 1086 ἐκεῖνος
1753 1054 1843 1090 ρέγχῃ

1049 1099 1133 1134 μηδὲν
1150 1100 1327 1135 ὑφορώμενος
1339 1100 1436 1127 δεινόν.
1455 1099 1549 1127 Ταῦτα
1566 1101 1616 1136 μὲν
1630 1099 1676 1127 οὖν
1691 1101 1730 1131 ιίς
1746 1100 1843 1126 τοσοῦ-

1047 1153 1094 1172 τον
1109 1145 1220 1178 ἀδοξίας
1236 1146 1338 1179 ἄγοντα
1355 1146 1450 1178 αὐτὸν,
1469 1147 1493 1172 εί
1517 1146 1595 1180 φίλον
1611 1147 1710 1181 ἐκείνῳ
1727 1145 1844 1172 τοιαῦτα

1049 1191 1208 1225 ὑπομένειν,
1241 1192 1296 1218 οὐδ’
1308 1193 1401 1223 αὐτοῖς
1431 1193 1562 1227 μελήσειν
1585 1193 1650 1227 περὶ
1667 1191 1717 1226 τῆς
1732 1191 1843 1218 ἐκείνου

1049 1236 1164 1272 ὓῧρεως,
1183 1237 1252 1264 ΝυνὶΙ
1268 1238 1296 1264 δὲ
1314 1239 1339 1265 εί
1359 1238 1484 1273 ἀρκοῦσα
1502 1238 1593 1270 ἔδοξεν
1608 1239 1625 1273 ἡ
1640 1238 1687 1264 ἐπὶ
1709 1237 1843 1264 τοσοῦτον

1047 1284 1143 1318 χρόνον
1158 1285 1205 1310 ἐπὶ
1226 1286 1274 1318 τῆς
1294 1285 1373 1320 ξένης
1390 1285 1566 1320 ταλαιπωρία
1588 1285 1636 1312 καὶ
1651 1284 1740 1310 δέοιτο
1756 1285 1843 1310 ἔπαν-

1048 1330 1135 1356 ελΟεῐν
1149 1330 1216 1366 πρὲς
1230 1331 1280 1366 τὴν
1291 1331 1407 1363 οίκείαν,
1425 1330 1608 1366 ξυλλήψεσϐαι
1630 1330 1680 1356 οὐκ
1694 1329 1777 1363 ὀλίγα
1794 1330 1843 1355 καὶ

1048 1375 1159 1406 αὐτούς.
1175 1376 1238 1402 Εἴτε
1254 1377 1308 1411 γὰρ
1320 1376 1364 1403 διὰ
1378 1376 1504 1408 Βιθυνίας
1529 1378 1576 1404 καὶ
1594 1376 1715 1410 Φρυγίας
1730 1376 1779 1402 ἐπὶ
1792 1376 1842 1410 τὴν

1054 1421 1159 1448 Ἰωνίαν
1177 1421 1304 1456 βούλοιτο
1320 1422 1420 1454 ἐλθεῖν,
1439 1422 1504 1449 ἀδεᾶ
1521 1422 1567 1449 τὸν
1583 1422 1667 1457 πόρον
1685 1423 1842 1456 παρασχεῖν

1048 1468 1146 1499 αὐτοὺς
1162 1468 1208 1493 ἐπὶ
1227 1469 1273 1494 τὸν
1294 1467 1501 1503 Ἑλλήσποντον,
1517 1468 1590 1504 ἧτὺν
1604 1467 1674 1494 κατὰ
1689 1469 1719 1494 τὸ
1738 1467 1842 1499 Βυζάν-

1048 1521 1107 1539 τιον
1122 1512 1266 1549 πορθμόν·
1293 1514 1349 1540 εἴτε
1375 1514 1456 1540 ναυσὶ
1485 1515 1553 1549 πρὸς
1572 1513 1621 1548 τὴν
1643 1513 1751 1540 οτκείαν
1773 1515 1842 1540 ἁπο-

1048 1557 1177 1590 πλεῦσαι,
1205 1558 1332 1593 τριήρεις
1357 1558 1549 1594 παρασχέσθαι
1578 1560 1622 1585 καὶ
1647 1558 1713 1589 νιῦς
1742 1560 1841 1592 ἑτέρας

1048 1604 1099 1639 τὴν
1118 1600 1253 1640 ἆτρατιὶιν
1278 1605 1466 1639 δυνησομένας
1491 1604 1682 1637 ὐποδέξασθαι.
1711 1606 1793 1632 Ἐπεὶ
1812 1607 1841 1633 δὲ

1046 1651 1126 1686 χρεία
1156 1651 1203 1677 καὶ
1223 1650 1376 1687 χρημάτων
1405 1651 1479 1686 αὐτῷ
1504 1651 1669 1686 ἁμείόεσθαι
1695 1654 1762 1684 τοὺς
1792 1653 1840 1680 ἐπὶ

1046 1696 1174 1724 τοσοῦτον
1189 1696 1265 1731 αὐτῷ
1286 1696 1383 1732 χρόνον
1407 1698 1687 1733 συστρατευομένους.
1707 1699 1841 1733 παρέξειν

1048 1739 1098 1766 ὅσα
1111 1739 1129 1766 ἃ
1146 1739 1283 1775 σομὸῶσι.
1302 1740 1423 1767 Τοιαῦτα
1446 1741 1495 1775 μὲν
1508 1743 1521 1767 ὸ
1538 1742 1623 1776 μέγας
1645 1742 1708 1775 δοὺξ
1722 1744 1842 1779 ἀπεκρί-

1046 1794 1112 1812 νατο
1129 1786 1197 1820 πρὸς
1208 1785 1257 1820 τὴν
1272 1786 1432 1821 πρεσϐείαν.
1455 1787 1483 1814 'O
1496 1786 1636 1823 βὰρὸαρος
1649 1788 1678 1815 δὲ
1700 1790 1772 1824 πρὸς
1790 1791 1841 1824 τὴν

1047 1831 1118 1858 κατὰ
1132 1831 1179 1858 τοῦ
1198 1832 1332 1859 δεσπότου
1357 1834 1527 1868 κατηγορίαν
1551 1833 1714 1870 βουλόμενος
1723 1823 1841 1863 suni-

1048 1878 1238 1911 σθαι,Δοκείτε
1255 1887 1312 1914 μοι,
1327 1879 1392 1913 ἔφη,
1402 1879 1526 1915 πολέμιοι
1541 1881 1622 1916 μόνον
1636 1879 1707 1909 εἶναι
1719 1883 1839 1916 πολλῶν,

1046 1925 1118 1959 φίλοι
1134 1925 1162 1952 δὲ
1177 1926 1291 1957 οὐδενός.
1304 1927 1335 1953 Εἰ
1351 1927 1405 1961 γὰρ
1420 1926 1457 1962 μὴ
1476 1927 1556 1954 τοῦτο
1570 1925 1614 1963 ἦν,
1634 1928 1684 1955 οὐκ
1700 1929 1734 1955 ἂν
1750 1930 1840 1962 οὕτως

1047 1969 1094 2005 ἦτε
1114 1972 1226 2007 πόριμοι
1239 1973 1361 2007 μηχανὰς
1380 1973 1430 2007 μὲν
1444 1973 1490 2000 καὶ
1505 1973 1652 2006 ἐπιϐουλὰς
1665 1975 1840 2010 ἐξευρίσκειν

1048 2019 1117 2045 κατὰ
1130 2018 1184 2045 τῶν
1201 2019 1351 2053 πολεμίων,
1369 2021 1402 2054 τῇ
1421 2028 1450 2046 τε
1474 2019 1583 2055 γλώττῃ
1600 2023 1741 2056 χρώμενοι
1756 2023 1839 2057 ἁπρει-

1049 2063 1103 2094 δῶς
1124 2064 1192 2098 πρὸς
1209 2064 1312 2098 ὒόρεις,
1335 2064 1429 2099 ὥσπερ
1451 2065 1494 2092 διὰ
1518 2065 1598 2092 τοῦτο
1613 2066 1716 2102 ταύτην
1738 2076 1839 2104 κεκτη-

1048 2109 1137 2143 μένοι,
1155 2110 1203 2136 καὶ
1220 2110 1309 2136 πᾶσαν
1333 2109 1418 2145 ἄλλην
1444 2110 1663 2145 ἐπιδεικνύμενοι
1688 2113 1836 2147 πονηρίαν,

1046 2154 1100 2180 τῶν
1111 2153 1139 2180 δὲ
1155 2154 1241 2189 φίλοις
1254 2154 1448 2190 προσηκόντων
1460 2156 1640 2189 ἐπιστάμενοι
1650 2156 1739 2184 οὐδέν.
1755 2158 1838 2186 Ὅθεν

203 2201 303 2234 sensit,
316 2205 425 2235 satrapa
441 2200 571 2227 dominus
583 2208 672 2233 meus,
688 2201 735 2236 qui
751 2210 784 2229 ex
804 2203 924 2229 amicitia
935 2197 993 2231 tan-

1047 2200 1100 2227 ῡπὸ
1114 2201 1164 2235 τῆς
1184 2201 1254 2235 ἄγαν
1282 2201 1344 2236 περὶ
1371 2199 1458 2227 ταῦτα
1485 2201 1615 2236 ἀπειρίας
1633 2203 1682 2229 καὶ
1703 2204 1752 2231 τοῦ
1768 2205 1836 2239 ἐμοῦ

205 2252 263 2274 tum
273 2253 322 2281 pro
334 2246 499 2280 imperatore
514 2246 636 2273 laborem
653 2252 681 2274 ct
699 2246 821 2275 dedecus
835 2249 993 2282 capessivit.

204 2299 235 2321 ut
250 2293 351 2325 dicitis,
364 2300 398 2319 an
415 2300 463 2320 vos
479 2292 526 2327 qui
541 2293 731 2327 compluribus
753 2299 780 2321 et
795 2295 995 2323 excellentibus

203 2339 344 2368 beneﬁciis
357 2340 390 2366 ab
405 2346 438 2366 eo
451 2338 553 2370 allecti,
568 2338 667 2366 deinde
683 2340 805 2366 omnium
816 2340 891 2367 velut
902 2341 992 2373 obliti,

203 2395 252 2422 per
265 2385 474 2421 improbitatem
497 2389 524 2412 et
540 2385 640 2420 ingrati
659 2385 744 2413 animi
763 2387 871 2420 vitium,
890 2387 947 2415 itno
965 2392 994 2415 et

206 2442 257 2468 per
271 2432 422 2460 calumnias
442 2435 471 2459 et
488 2433 682 2468 sycophantias
709 2433 813 2461 bellum
839 2434 992 2468 excitastis,

203 2479 276 2515 quod
289 2486 375 2514 usque
392 2479 475 2506 hodie
491 2484 531 2506 tot
545 2479 623 2506 malis
638 2487 686 2507 vos
698 2480 859 2514 cumulavit,
870 2487 994 2516 etquan-

204 2531 262 2552 tum
283 2532 414 2559 auguror,
430 2524 555 2559 pluribus
571 2524 733 2552 cumulabit.
757 2525 814 2553 Nec
829 2526 880 2554 hoc
895 2528 992 2555 saltem

203 2571 433 2603 animadvertitis,
445 2575 475 2598 ut
488 2571 577 2600 insani
590 2571 726 2603 videlicet,
744 2573 882 2606 quomodo
895 2581 993 2601 carnes

203 2622 310 2645 vestras
325 2616 376 2652 ipsi
399 2615 549 2644 devoretis.
566 2616 606 2643 Au
623 2616 726 2643 clarum
752 2621 805 2648 est,
821 2617 910 2652 ipsum
928 2618 991 2653 qui-

205 2663 269 2691 dem
303 2663 453 2697 ingenuum
498 2667 526 2690 et
563 2662 782 2696 magnanimum,
810 2663 991 2698 gerendaeque

204 2707 332 2736 amicitia:
345 2715 401 2734 non
416 2708 573 2742 imperitutn
588 2707 687 2734 imitari
703 2708 885 2739 voluisse.vos
899 2714 991 2736 autem

203 2754 470 2790 improbissimorum
488 2762 519 2781 ac
535 2754 696 2782 stulidorum
725 2761 825 2786 mores,
856 2759 883 2780 et
906 2762 990 2781 unum

201 2801 334 2828 duntaxat
347 2808 402 2828 non
417 2801 486 2828 male
499 2801 630 2833 scientes,
646 2801 758 2835 quosvis
775 2808 935 2835 oppugnare
962 2805 990 2828 et

201 2847 368 2882 interﬁcere,
383 2848 450 2876 nulli
467 2852 557 2876 autem
573 2847 724 2882 prodesse?
740 2847 791 2875 llic
806 2855 920 2882 magnus
934 2847 989 2875 dux

1046 2245 1179 2271 δεσπότου
1195 2242 1406 2282 κατηγορήκατε
1429 2246 1549 2279 ἀδοξίαν.
1566 2248 1608 2274 ὅτι
1629 2250 1698 2282 πρὸς
1713 2251 1766 2285 τὴν
1785 2253 1836 2288 βα-

1046 2290 1143 2322 σιλέως
1171 2291 1277 2326 σκηνὴν
1303 2292 1407 2324 ἐλθὼν,
1437 2293 1492 2319 ἀπὸ
1519 2293 1573 2321 τῶν
1600 2295 1836 2325 ἐπιϐουλευόντων

1046 2337 1153 2363 πολλῶν
1168 2337 1253 2364 ὀντων
1269 2338 1420 2372 ἀγρυπνῶν
1440 2339 1602 2374 ἐφύλαττεν,
1629 2342 1681 2368 ὑπὸ
1698 2344 1749 2378 τῆς
1772 2347 1836 2380 περὶ

1046 2383 1160 2419 βασιλέα
1195 2385 1353 2419 ἠττώμενις
1376 2385 1496 2419 εὐνοίας,
1522 2386 1571 2413 καὶ
1587 2388 1669 2414 πάθει
1687 2390 1765 2425 μόνῳ
1781 2392 1835 2419 τῶν

1044 2430 1155 2457 πάντων
1171 2430 1266 2457 παθῶν
1280 2431 1380 2466 ἡδίστῳ
1395 2440 1423 2457 τε
1440 2432 1498 2466 ἄμα
1512 2433 1558 2458 καὶ
1573 2433 1687 2469 ζηλωτῴ
1703 2436 1835 2465 δεδουλω-

1046 2476 1138 2510 μένος.
1161 2476 1307 2511 Ἐρωτήσω
1331 2476 1360 2503 δὲ
1386 2477 1469 2512 ὑμᾶς,
1483 2478 1524 2508 τίς
1551 2479 1655 2514 βέλτιον
1669 2483 1736 2516 περί
1754 2491 1787 2509 τε
1804 2484 1832 2510 τὺ

1044 2524 1184 2557 προσῆκον
1203 2523 1251 2549 καὶ
1265 2523 1295 2549 τὸ
1309 2523 1415 2550 δίκαιον
1433 2524 1480 2550 καὶ
1499 2524 1568 2560 πρὸς
1584 2526 1745 2561 φιλοτιμίαν
1758 2529 1834 2556 ἐϐου-

1043 2570 1170 2603 λεύςατο,
1188 2571 1330 2606 σατράπης
1361 2572 1376 2597 ὸ
1399 2571 1463 2606 ἐμὸς
1490 2572 1638 2605 δεσπότηςζ
1663 2574 1694 2606 ὃς
1720 2578 1772 2611 τῆς
1795 2579 1833 2610 εἰς

1045 2617 1158 2652 βασιλέι
1179 2617 1262 2644 ἕνεκα
1289 2616 1381 2652 φιλίας
1408 2617 1534 2644 τοσοῦτον
1563 2618 1651 2645 εἵλετο
1676 2621 1762 2648 πόνον
1787 2625 1832 2650 κοὶ

1043 2663 1164 2696 ἀδοξίαν,
1178 2663 1216 2694 ὡς
1232 2663 1312 2697 ὑμεῖς
1327 2671 1407 2697 φατε,
1423 2663 1439 2697 ἢ
1461 2663 1541 2698 ὑμεῖς
1555 2664 1579 2690 οι
1595 2664 1703 2692 πολλῶν
1719 2668 1770 2694 καὶ
1784 2677 1832 2702 με·

1043 2709 1135 2743 γάλων
1167 2709 1384 2750 ἀπολελαυκότες
1417 2709 1548 2744 βασιλέως
1574 2711 1829 2747 εὐεργετημάτων·

1044 2756 1140 2782 ἔπειτα
1163 2756 1274 2782 πάντων
1302 2755 1396 2789 ὥσπερ
1418 2754 1637 2789 ἐπιλελησμένοι,
1661 2758 1711 2782 καὶ
1730 2759 1828 2794 πολλὴν

1045 2800 1244 2836 ἐπιδειξάμενοι
1263 2794 1461 2835 ἀγνωμοσύνην
1476 2801 1522 2826 καὶ
1546 2802 1723 2836 ἀχαριστίαν,
1740 2804 1828 2830 διαϐο-

1045 2849 1103 2880 λαῖς
1130 2847 1301 2883 χρησάμενοι
1328 2847 1375 2873 καὶ
1406 2847 1610 2882 συκοφαντίαις,
1634 2848 1680 2875 τὸν
1713 2849 1827 2884 πόλεμον

1197 2896 1203 2910 \
