1926 3090
161 138 227 172 liii

744 146 906 177 JOANNIS
926 147 1190 180 CANTACUZENI

1712 148 1781 183 11ιέ

159 199 267 223 mentes
299 196 457 230 incursum,
485 198 513 226 in
539 203 660 226 montem
685 199 805 227 vicinum
829 207 858 228 et
885 201 943 228 loca

1001 203 1114 238 γὸμενον
1130 205 1332 241 περιτυχόντες,
1357 205 1520 233 καθίσταντο
1535 205 1603 241 πρὸς
1627 206 1727 240 μάχην.
1747 207 1780 232 GI

161 241 291 275 impedita
319 242 460 269 secedunt.
483 242 596 271 Triballi
623 244 748 273 dimcilcs
772 245 865 273 aditus
882 254 942 274 cer-

161 290 268 314 uentre.
286 287 401 320 ratique,
428 287 451 314 si
474 294 522 321 per
537 289 678 322 angustias
695 291 863 325 penetrando
883 298 944 318 sese

161 331 331 365 impellerent
370 337 397 360 et
427 338 619 368 coarctarent,
658 343 744 370 equos
788 337 944 371 complures

161 375 226 402 hinc
246 376 307 403 inde
334 376 439 411 sagittis
460 378 584 406 conﬁxus
606 387 622 407 a
645 380 771 408 barbaris
792 381 941 415 perituros.

162 428 246 455 seque
276 422 343 448 nihil
370 423 422 450 nisi
446 425 557 452 vulnera
580 430 781 461 reportaturus,
807 426 840 454 de
865 426 944 460 equis

161 466 371 500 descendentes,
389 469 506 503 pedibus
518 479 566 504 per
585 471 698 498 acclivia
712 479 827 506 operose
843 479 875 499 ac
889 472 942 499 dif-

161 513 278 546 ﬁculter,
308 522 447 542 armorum
474 516 592 551 pondere
621 517 763 550 retardati,
793 518 825 545 in
852 517 944 545 hostes

161 559 248 587 ibant.
284 559 412 587 Vidcntes
431 561 521 588 Persae
545 561 678 590 Triballos
701 563 769 590 adeo
796 571 843 597 per
867 564 941 591 invia

160 605 323 635 cluctanles.
340 606 471 641 quiddam
497 609 636 635 curiosum
655 609 741 644 magis
763 617 845 644 quam
861 617 945 645 gene-

161 658 257 677 rosum
283 652 371 678 facere
396 651 557 685 decernunt,
573 660 602 681 et
625 654 686 689 fuga
702 655 829 682 simulata
844 656 944 683 montis

163 696 293 724 ulteriora
311 703 417 732 petunt.
434 697 548 726 Triballi
567 699 671 727 fraudis
683 700 942 736 iguarisequuntur.

162 742 213 774 Qui
229 748 372 777 postquam
388 743 421 770 ab
438 744 525 779 equis
543 745 631 780 iisque
646 753 700 775 non
715 746 811 780 paucis
827 746 942 774 destite-

163 792 237 817 runt.
264 788 352 816 Persae
378 789 468 817 denuo
493 791 680 826 agglomcrati,
707 791 811 820 directe
832 792 943 827 quidem

163 833 244 869 587
259 841 355 862 contra
378 843 425 862 eos
439 843 492 863 non
516 837 728 870 contenderunt,
745 838 793 864 sed
806 838 841 865 ab
856 839 941 865 altera

163 883 240 913 parte
255 879 461 914 circumventis,
476 882 509 909 ad
525 889 610 917 equos
626 883 738 910 illorum
750 888 943 916 cucurrerunt,
961 882 982 910 Β

163 929 192 951 et
206 925 268 959 quia
284 926 367 955 armis
384 935 438 955 non
455 928 646 963 grarabantur,
662 933 867 957 anteverteutes
883 929 944 956 Tri-

162 970 251 998 ballos
280 973 501 1001 conscenderunt
535 983 542 1001 :
577 975 624 1009 qui
662 976 742 1011 equis
772 975 880 1010 spoliati
911 975 945 1003 ad

163 1017 263 1043 caedem
281 1019 428 1052 opportuni
444 1024 533 1051 erant.
549 1020 764 1056 cecideruntque
779 1021 956 1056 complures,-

163 1070 214 1089 nec
229 1065 307 1097 pauci
322 1065 393 1098 capti
407 1069 482 1098 sunt,
497 1065 596 1100 reliqui
614 1073 662 1101 per
676 1071 797 1094 montem
814 1066 869 1094 huc
881 1067 947 1094 illuc

164 1107 312 1150 fugientes,
327 1118 399 1146 aegre
423 1119 452 1138 se
479 1112 560 1139 morti
582 1111 785 1140 subduxerunt.
801 1112 894 1140 Crales
913 1112 947 1139 de

164 1162 278 1183 suorum
306 1156 383 1184 clade
410 1162 523 1192 accepto
543 1158 651 1190 nuntio,
670 1158 753 1185 etiam
770 1158 833 1192 ;ipse
856 1165 948 1186 reces-

164 1202 211 1233 sit,
230 1208 342 1237 propter
356 1203 551 1236 calamitatem,
569 1204 631 1231 belli
649 1204 676 1231 iu
689 1205 882 1239 imperatorem
898 1205 949 1231 im-

164 1257 288 1288 memor.
312 1249 370 1277 Non
397 1255 485 1277 tamen
512 1258 570 1278 rem
594 1252 704 1286 penitus
722 1252 885 1287 negligebat,
901 1251 948 1279 sed

164 1301 192 1322 et
207 1295 280 1323 domi
305 1295 408 1326 sedens
427 1296 628 1324 bellaturiebat.
650 1298 741 1325 Persze
768 1299 887 1326 victores
915 1297 948 1324 ad

163 1341 384 1368 (.antaeuzenum
413 1341 627 1377 Gratianopolim
649 1343 819 1373 obsidentem
846 1344 951 1379 legatos

164 1387 286 1419 mittunt,
306 1396 389 1415 naves
402 1396 466 1416 suas
480 1387 673 1420 inﬂammatas.
690 1394 719 1416 et
730 1389 865 1417 Triballos
878 1390 912 1417 ab
922 1397 951 1418 se

163 1434 401 1467 victosiudicant,
428 1439 455 1462 et
472 1443 501 1462 se
526 1435 598 1463 illius
620 1435 734 1470 cupidos
749 1435 949 1464 Che'ronesum

164 1485 268 1514 petere,
287 1485 316 1507 ut
332 1480 395 1507 inde
411 1480 437 1507 in
452 1481 543 1508 Asiam
561 1481 700 1516 uavigent.
715 1481 802 1508 Orant
818 1482 901 1509 etiam
917 1489 951 1509 ne

164 1525 230 1560 quid
247 1526 298 1553 sibi
318 1534 366 1560 per
385 1526 447 1560 ejus
463 1526 605 1560 regionem
619 1526 799 1554 atubulaturis
813 1528 951 1555 molestia-

166 1580 226 1598 rum
247 1573 420 1600 exhibeatur.
436 1572 526 1606 'Quod
548 1573 570 1600 si
596 1573 663 1608 quid
697 1573 763 1608 ipsis
780 1578 875 1601 contra
897 1574 949 1601 ho~

165 1623 222 1644 stes
252 1622 368 1652 egeret,
389 1618 550 1654 promittere
579 1626 609 1647 se
635 1624 790 1654 promptam
818 1627 940 1655 operam.

166 1663 188 1689 si
219 1663 355 1697 stipendia
383 1668 460 1698 pacta
492 1668 673 1691 numerentur
698 1673 704 1691 :
743 1669 823 1693 erant
858 1670 948 1693 autent

166 1714 207 1735 ter
235 1709 308 1735 mille
330 1714 358 1735 et
386 1714 508 1736 centum.
540 1707 699 1744 imperatori
728 1710 880 1738 subsidium
898 1711 950 1738 hoc

167 1760 298 1786 perquam
334 1759 540 1788 opportunum,
564 1762 794 1790 summopereque
825 1763 951 1783 necessa-

167 1799 237 1825 rium
251 1799 349 1831 videri,
369 1807 430 1827 cum
447 1801 541 1828 hustcs
553 1805 606 1828 tant
621 1801 710 1832 multi,
725 1806 835 1836 tamque
852 1805 950 1836 potcu-

168 1856 209 1879 tes
224 1847 433 1875 incumberent:
448 1847 570 1874 nondum
584 1848 656 1874 enim
671 1847 765 1875 Crales
776 1847 885 1876 Zicbuis
903 1847 951 1875 do—

168 1903 242 1923 mum
260 1895 433 1922 discesserat.
460 1893 579 1920 Pecunia
591 1898 681 1920 autem
700 1901 754 1920 non
775 1898 949 1928 suppetente,

168 1941 239 1968 haud
269 1946 364 1974 parum
396 1938 582 1965 cruciabatur.
617 1938 882 1967 Attamen.douatis
912 1939 948 1965 le~

168 1987 238 2022 gatis
254 1993 302 2012 eos
317 1983 441 2015 adduxit,
459 1988 489 2010 ut
508 1983 536 2010 in
559 1983 727 2018 stipendium
743 1989 849 2011 certmn
871 1991 951 2012 exer-

168 2034 238 2059 citus
274 2031 348 2058 illius
380 2028 571 2056 commilitium
608 2036 700 2056 secum
733 2029 950 2063 paciscerentur,

169 2085 256 2112 usque
271 2077 303 2103 ad
328 2076 386 2103 dies
407 2075 597 2110 quadraginta.
624 2074 701 2107 Quod
718 2083 751 2102 ne
766 2075 859 2102 statim
875 2080 951 2110 pete-

168 2128 241 2156 rent,
258 2123 305 2151 sed
321 2127 381 2157 post
393 2122 482 2149 lucem
501 2121 636 2148 decimam
653 2121 789 2156 quintam,
802 2129 835 2148 ex
849 2129 903 2156 quo
918 2122 950 2148 ad

169 2179 199 2198 se
213 2169 392 2196 accessissent
407 2176 414 2194 :
429 2167 537 2194 volebat
554 2167 628 2194 enim
642 2167 745 2194 interea
757 2167 951 2202 Didymoticbo

995 250 1097 284 Πέρσαι
1113 249 1143 278 δὲ
1157 252 1219 278 ἐπεὶ
1241 252 1332 278 πεδίον
1345 249 1378 287 ἢν
1393 251 1436 285 ἐφ’
1452 248 1482 278 οὗ
1499 251 1643 286 Τριϐαλοῖς
1666 251 1781 286 ἔμελλον

997 295 1066 321 ἱέναι
1079 295 1107 327 ἒς
1132 295 1182 327 τὰς
1206 297 1311 331 χεῖρας,
1325 297 1464 328 δείσαντες
1478 297 1528 332 τὴν
1549 296 1644 331 ἔφοδον
1661 296 1717 323 τῶν
1737 297 1782 322 ιπ-

995 341 1079 373 πέων,
1096 341 1252 377 ἀνεχώρουν
1267 343 1335 378 πρὸς
1348 343 1379 370 τὸ
1395 343 1457 377 δρος
1471 343 1518 369 καὶ
1532 343 1581 374 τὰς
1598 343 1758 378 δυσχωρίας
1771 352 1777 357 θ

995 385 1028 420 ἦν
1044 386 1098 421 γὰρ
1117 387 1212 421 ἐγγύς.
1235 388 1368 422 Ὀρῶντες
1382 388 1409 414 δὲ
1430 389 1454 415 οι
1469 387 1600 423 Τριϐαλοὶ
1629 387 1779 422 δυσπρόσο-

994 432 1038 458 δον
1057 433 1088 459 τὸ
1114 433 1222 467 χωρίον,
1241 434 1289 460 καὶ
1314 433 1476 466 νομίσαντες
1492 433 1516 458 εί
1539 432 1584 459 διὰ
1601 432 1655 458 τῶν
1678 430 1783 457 στενῶν

996 477 1133 503 είπωθοῖεν
1147 478 1272 511 ἑαυτοὺς,
1286 478 1385 508 ἵππους
1401 486 1430 504 τε
1446 477 1557 504 ἀπολεῖν
1573 476 1687 507 πολλοὺς
1703 484 1783 505 πεοι-

995 522 1188 556 τοξευομένους
1204 523 1256 549 ὑπὸ
1269 523 1323 550 τῶν
1343 523 1500 558 βαρϐάρων,
1515 523 1562 549 καὶ
1578 522 1677 553 αὐτοὺς
1693 530 1781 556 τραυ-

997 568 1224 603 ματισθήσεσθαι,
1237 568 1388 600 ἀποϐάντες
1402 569 1456 594 τῶν
1472 569 1573 601 ῐττειιωνν
1587 567 1713 599 ιϐἀδιξον
1727 575 1780 592 1t:-

995 615 1036 646 ζοὶ
1064 616 1109 641 ἐπὶ
1126 615 1188 646 τοὺς
1204 614 1362 650 πολεμίους,
1384 614 1525 648 δυσέργως
1548 614 1596 640 καὶ
1623 614 1693 648 μετά
1718 612 1783 647 βίας

995 661 1042 686 ἐπὶ
1059 660 1090 687 τὸ
1106 660 1219 691 ἄναντες
1233 661 1319 691 ἰόντες
1334 659 1377 686 διὰ
1395 659 1537 695 βαρύτητα
1554 659 1610 686 τῶν
1630 658 1731 685 ὅπλων.
1750 658 1784 684 0E

996 706 1099 741 Πέρσαι
1116 705 1143 733 δὲ
1164 705 1264 736 ἰδόντες
1275 705 1346 732 οὕτω
1361 704 1459 736 πεζοὺς
1475 705 1520 731 ἐπὶ
1542 705 1592 738 τὴν
1609 704 1701 731 ἄνοδον
1718 703 1781 738 βια-

996 751 1137 785 ζομένους.
1157 751 1367 786 περιεργάτερόν
1381 759 1408 776 τι
1429 750 1530 785 μᾶλλον
1545 750 1681 783 ἔγνωσαν,
1697 749 1713 784 ἢ
1731 751 1780 775 ἁν-

995 797 1148 831 δρειότερον
1164 798 1264 823 ποιεῖν·
1285 796 1332 823 καὶ
1354 795 1572 830 ὑποκρινάμενοι
1587 795 1688 830 φυγὴν,
1709 795 1780 830 μᾶλ-

997 841 1041 867 λον
1067 841 1221 876 ἀνεχώρουν
1247 841 1315 875 πρὸς
1344 841 1374 867 τὸ
1392 840 1463 875 ὕρος,
1477 841 1502 867 οἱ
1519 840 1540 867 δ’
1558 840 1723 874 ἐφείποντο,
1744 840 1784 874 μὴ

998 887 1151 916 συνιδόντες
1167 887 1217 921 τὴν
1233 886 1353 923 ἀπάτην.
1374 886 1452 912 Ἐπεὶ
1464 885 1492 912 δὲ
1507 886 1667 921 ἀπέστησαν
1684 886 1783 912 ἑκάτε-

999 941 1040 966 ροι
1056 933 1110 959 τῶν
1128 933 1218 959 ἵππων
1231 932 1280 958 οὐκ
1291 932 1391 966 ὀλίγον,
1407 931 1432 958 οἱ
1450 931 1553 966 Πέρσαι
1568 931 1785 967 συστραφέντες,

997 979 1117 1005 ἐναντίον
1130 979 1180 1013 μὲν
1196 978 1247 1005 οὐκ
1265 977 1385 1012 ἐχώρουν
1408 977 1561 1012 Τριϐαλῶν,
1582 977 1639 1003 ἀλλ’
1665 977 1784 1011 ἐκπερι-

998 1023 1122 1054 ελθόντες
1137 1023 1318 1058 ἑκατέρωθεν,
1335 1023 1412 1049 ἐοεον
1428 1022 1474 1049 ἐπὶ
1491 1023 1552 1054 τοὺς
1570 1022 1670 1053 ῖπτεους
1683 1030 1690 1037 ·
1718 1023 1783 1048 ἄνο-

998 1070 1060 1096 πλοι
1075 1069 1103 1096 δὲ
1120 1069 1167 1096 καὶ
1194 1066 1290 1103 κοῦφοι
1320 1069 1407 1102 ὄντες,
1426 1069 1580 1103 φθάσαντες
1604 1069 1667 1099 τοὺς
1680 1067 1786 1103 Τριϐα-

997 1115 1071 1146 λοὺς,
1096 1114 1252 1149 ἐκράτησαν
1268 1114 1322 1141 τῶν
1338 1115 1440 1148 ἵππων,
1458 1115 1504 1140 καὶ
1520 1114 1659 1148 ἐπέϐησαν
1683 1114 1763 1140 αὐτοί
1774 1121 1783 1128 ·

1000 1159 1131 1195 Τριϐαλοὶ
1150 1160 1178 1186 δι
1197 1160 1252 1187 τῶν
1274 1160 1366 1187 ἵππων
1381 1153 1568 1196 ἀφῃρημένων
1585 1160 1689 1194 ἕτοιμοι
1709 1156 1785 1194 ἦσαν

999 1206 1069 1240 πρὸς
1083 1206 1204 1240 σφαγήν.
1222 1205 1341 1232 Ἐπεσον
1359 1205 1414 1240 γὰρ
1435 1206 1460 1232 οι
1476 1205 1587 1236 πλείους
1613 1204 1784 1238 κτιεινὸμενοι

1000 1252 1054 1279 ὑπὸ
1063 1252 1117 1278 τῶν
1136 1252 1259 1287 Περσῶν,
1277 1252 1400 1279 ἐάλωσάν
1414 1260 1444 1278 τε
1461 1253 1511 1279 οὐκ
1522 1252 1626 1286 ὀλίγοι·
1645 1253 1669 1278 et
1692 1251 1785 1278 λοιποὶ

1000 1299 1027 1325 δὲ
1043 1298 1119 1333 μόλις
1134 1298 1302 1332 διεσώθησαν
1320 1297 1398 1330 πεζοὶ
1423 1299 1469 1324 ἐπὶ
1495 1298 1526 1325 τὸ
1553 1298 1615 1332 ιρος
1637 1297 1784 1324 διασκεδα-

1002 1344 1121 1376 σθέντες.
1151 1344 1263 1380 Κράλης
1289 1344 1317 1371 δὲ
1345 1345 1406 1370 ἐπεὶ
1423 1345 1539 1371 ἐπύθετο
1559 1344 1609 1379 τὴν
1631 1341 1717 1378 ἧτταν
1733 1344 1785 1378 τῆς

1001 1391 1102 1422 οἰκείας
1118 1391 1260 1426 στρατιᾶς,
1282 1390 1382 1422 δείσας,
1405 1390 1537 1425 ἀνεχώρει
1562 1391 1610 1418 καὶ
1624 1391 1717 1423 αὐτὶς,
1734 1391 1786 1418 τοῦ

1002 1436 1071 1471 πρὸς
1086 1435 1199 1471 βασιλέα
1218 1434 1336 1470 πολέμου
1352 1436 1564 1471 ἐπιλελησμένος
1579 1435 1622 1462 διὰ
1637 1436 1686 1470 τὴν
1709 1444 1785 1470 συμ-

1003 1483 1090 1510 ϐᾶσαν
1110 1481 1264 1516 συμφοράν.
1279 1482 1316 1508 Οὐ
1333 1482 1387 1516 μὴν
1404 1481 1502 1516 ἡμέλει
1515 1489 1557 1514 γε,
1572 1480 1641 1506 ἀλλὰ
1655 1480 1702 1507 καὶ
1715 1479 1789 1506 οἴκει

964 1549 986 1579 C
1003 1529 1157 1563 καθήμενος
1172 1527 1311 1562 ἐπολέμει.
1332 1527 1363 1553 ΟΖ
1387 1527 1491 1561 Πέρσαι
1506 1527 1534 1553 δὲ
1552 1527 1620 1560 μετά
1638 1527 1687 1559 τὴν
1705 1526 1786 1560 νίκην

1003 1574 1150 1608 πυθόμενοι
1167 1573 1395 1607 Καντακουζηνὺν
1407 1572 1452 1599 τὸν
1467 1572 1580 1607 βασιλέα
1595 1572 1645 1607 τὴν
1667 1571 1687 1598 Γ
1690 1580 1786 1607 911:1-

1003 1619 1049 1646 νοῦ
1068 1619 1231 1654 πολιορκεῖν,
1247 1619 1397 1654 πρεσϐείαν
1424 1618 1592 1653 πέμψαντες,
1614 1618 1659 1644 τόν
1678 1626 1709 1644 τε
1733 1618 1786 1653 εμ-

1004 1665 1130 1699 πρησμὺν
1145 1664 1199 1690 τῶν
1215 1664 1282 1691 νεῶν
1297 1664 1406 1699 ἐδήλουν
1423 1664 1478 1691 τῶν
1497 1665 1647 1698 σφετέρων,
1669 1663 1717 1689 καὶ
1737 1662 1788 1696 τὴν

1003 1708 1089 1746 ἧτταν
1115 1710 1266 1744 Τριϐαλὼν,
1283 1709 1330 1736 καὶ
1344 1710 1382 1741 ὡς
1399 1710 1475 1736 αὐτοὶ
1505 1709 1601 1744 φιλίως
1615 1708 1788 1742 διακείμενοι

1004 1755 1072 1790 πρὸς
1093 1754 1184 1787 αὑτὸν,
1203 1755 1248 1781 ἐπὶ
1271 1754 1444 1789 Χερρόνησον
1459 1754 1595 1788 ἐγνώκασι
1619 1755 1729 1788 χωρεῖν,
1752 1752 1788 1779 ἶν’

1005 1802 1109 1828 ἐκεῖθεν
1126 1801 1317 1836 περαιωθῶσιν
1341 1800 1382 1832 είς
1406 1800 1516 1826 Ἀσίαν·
1535 1801 1628 1835 ἠξίουν
1651 1808 1680 1825 τε
1701 1799 1787 1834 μηδὲν

1006 1849 1096 1879 αὖτοίς
1111 1847 1287 1882 παρενοχλεῖν
1300 1847 1425 1881 μέλλουσι
1437 1846 1479 1872 διὰ
1492 1847 1541 1880 τῆς
1552 1846 1648 1880 ἐκείνῳ
1663 1846 1787 1880 ὑπηκόου

1005 1894 1111 1921 διιέναι.
1130 1891 1199 1920 Είδέ
1221 1901 1247 1919 τι
1270 1893 1356 1919 δέοιτο
1374 1891 1557 1918 αὐτῶν.κατὰ
1572 1892 1625 1917 τῶν
1649 1890 1788 1925 πολεμίων

1006 1939 1161 1975 προθύμους
1190 1937 1260 1966 εἶναι
1289 1939 1454 1972 συμμαχεῖν,
1489 1939 1661 1973 είςχρήματα
1697 1938 1790 1972 παρά-

1007 1985 1170 2020 σχοιτο,έόσα
1190 1985 1223 2010 ἂν
1249 1983 1409 2018 συμϐῶσιν·
1427 1981 1497 2018 ἦσαν
1523 1984 1551 2010 δὲ
1573 1982 1719 2018 τρισχίλιοι
1740 1984 1788 2009 καὶ

1006 2031 1114 2057 ἑκατόν.
1129 2030 1238 2056 Βασιλεῖ
1250 2030 1299 2064 μὲν
1316 2027 1361 2057 οὖν
1385 2029 1471 2055 ἐδόκει
1488 2030 1691 2063 ἀναγκαιοτάτη
1718 2028 1790 2055 εἶναι

1006 2077 1083 2111 ὴτῆς
1098 2075 1235 2110 Περσικῆς
1260 2075 1402 2110 συμμαχία
1425 2075 1568 2110 στρατιᾶς,
1595 2075 1643 2101 καὶ
1668 2075 1789 2109 μάλιστα

1006 2123 1051 2148 ἐπὶ
1069 2121 1163 2157 καιρὸν
1179 2120 1361 2155 γεγενημένη,
1382 2120 1517 2147 τοσούτων
1540 2120 1679 2154 πολεμίως
1700 2120 1790 2146 ἐπιόν-

1006 2176 1059 2194 των
1074 2167 1206 2194 πάντοθεν
1225 2167 1272 2192 καὶ
1294 2165 1365 2192 οὕτω
1379 2165 1520 2192 δυνατῶν·
1540 2166 1646 2192 οὐδέπω
1660 2166 1714 2200 γὰρ
1731 2166 1790 2201 ᾔδει

169 2222 266 2243 curare
283 2214 438 2248 pecuniam.
468 2212 514 2240 Sic
531 2213 615 2247 igitur
631 2220 694 2239 eum
710 2206 948 2247 legatis-pactione

1009 2212 1120 2247 Κρά).ην
1133 2211 1200 2246 πρὸς
1209 2211 1258 2245 τὴν
1269 2210 1372 2237 οἰκείαν
1384 2210 1413 2236 ὲν
1424 2210 1528 2245 Ζιχνῶν
1541 2211 1788 2245 ἀνακεχωρηκότα·

127 2277 135 2297 ._
170 2260 307 2292 confecta,
322 2265 372 2285 eos
388 2258 421 2284 ad
438 2262 528 2285 castra
544 2258 661 2291 remisit,
684 2266 802 2294 cumque
818 2259 852 2286 iis
868 2268 952 2286 unum

170 2307 203 2333 ιίο
231 2305 307 2337 suis,
343 2305 388 2339 qui
411 2304 479 2337 .illas
510 2303 605 2338 copias
636 2304 763 2332 celeriter
793 2305 952 2332 adduceret.

170 2352 306 2381 Postridie
336 2352 362 2378 in
386 2358 449 2377 arce
476 2350 730 2384 Gratianopolitana
759 2351 867 2382 vincti,
905 2358 954 2377 cu-

171 2397 298 2424 stodibus
326 2396 440 2423 meridie
473 2396 576 2430 impetu
608 2395 681 2422 facto
712 2395 865 2430 jugulatis,
903 2396 954 2422 im-

172 2447 327 2477 pcralorcm
359 2441 425 2467 fumi
461 2441 539 2474 signo
576 2448 607 2467 ex
634 2439 786 2474 composito
806 2440 952 2470 advocant.

171 2495 226 2522 quo
242 2487 299 2513 viso
312 2485 454 2513 confestim
475 2493 536 2516 cum
558 2485 658 2512 auxilio
685 2492 846 2518 accurrens,
863 2492 952 2513 arcem

173 2539 312 2576 tutamque
337 2532 432 2558 urbem
460 2531 543 2565 capit.
567 2536 595 2558 t-t
621 2536 719 2558 czetera
750 2531 856 2559 laetatus
881 2532 954 2566 quod

173 2581 269 2606 urbem
298 2584 351 2605 tam
376 2578 519 2614 pulchram
549 2577 625 2604 nullo
656 2577 750 2603 labore
776 2577 955 2612 periculoque

173 2626 360 2658 obtinuisset,
387 2624 470 2652 etiam
509 2623 638 2658 grandem
673 2623 844 2656 pecuniam,
873 2630 956 2658 quam

173 2673 289 2699 maxime
319 2670 471 2706 indigebat,
491 2669 605 2697 invenit.
633 2668 789 2703 Angelilzes
804 2669 876 2696 enim
893 2669 955 2703 qui-

172 2719 246 2750 tiam,
276 2717 400 2752 abiectus
429 2720 457 2742 et
482 2715 616 2742 obscurus
634 2714 714 2746 ciris,
733 2717 812 2741 antea
832 2714 954 2740 thesauri

172 2763 273 2798 reperti
303 2762 458 2797 suspicione
489 2761 647 2792 laborabat,
677 2761 744 2792 cui,
776 2767 805 2786 re
834 2759 955 2786 nondum

175 2814 260 2838 t‘crla,
279 2809 416 2841 negotium
431 2814 510 2834 nemo
531 2806 690 2833 incessebat.
706 2806 738 2832 At
753 2812 818 2832 vero
835 2809 956 2837 tempore

175 2854 257 2888 hujus
273 2854 334 2880 sacri
351 2853 415 2881 belli
432 2853 515 2880 rebus
529 2852 654 2880 omnibus
669 2853 695 2878 in
712 2851 880 2879 contrarium
897 2859 955 2878 mu-

1006 2258 1155 2292 χρημάτων
1183 2256 1211 2282 δὲ
1228 2256 1278 2282 οὐκ
1305 2255 1440 2290 εὐπορῶν,
1463 2255 1493 2282 οὗ
1525 2255 1644 2290 μετρίως
1672 2256 1788 2290 ἡνιᾶτοι

1006 2303 1079 2336 ὅμως
1093 2301 1149 2331 τοῖς
1163 2299 1361 2335 πρεσϐεύσουσι
1371 2299 1446 2334 δῶρα
1458 2307 1680 2334 παρασχομενος,
1695 2300 1789 2326 ἔπεισε

1006 2347 1151 2374 συνοὲσυαι
1169 2346 1215 2372 ἐπὶ
1230 2346 1353 2380 χρήμασι
1373 2346 1466 2380 ῥητοῖς
1484 2346 1638 2380 συμμαχεῖν
1654 2345 1730 2380 αὖτῴ
1739 2345 1789 2380 τὴν

1007 2392 1135 2427 στρατιὰν
1155 2391 1260 2426 ἡμέρας
1278 2391 1492 2426 τεσσαράκοντα,
1511 2392 1545 2417 τὰ
1562 2391 1691 2425 χρήματα
1707 2390 1735 2416 δὲ
1752 2391 1789 2426 μὴ

1005 2438 1104 2466 αὐτίκα
1128 2436 1266 2470 ἀπαιτεῖν,
1281 2436 1349 2463 ἀλλά
1377 2437 1446 2470 μετά
1471 2436 1719 2471 πεντεκαιδεκάτην
1740 2438 1790 2469 τῆς

1008 2485 1126 2520 ἀφίξεως
1140 2485 1265 2519 ἡμέραν·
1280 2485 1395 2518 γνώμην
1406 2483 1435 2510 δὲ
1452 2481 1522 2517 εἶχεν
1536 2483 1573 2513 ὡς
1588 2483 1617 2508 ὲν
1633 2483 1744 2515 ταύταις
1758 2485 1790 2510 ὲκ

1006 2530 1197 2565 Διδυμοτείχου
1218 2529 1475 2564 μεταπεμψάμενος.
1491 2529 1570 2555 Οὕτω
1591 2529 1640 2564 μὲν
1656 2528 1704 2555 οὖν
1719 2530 1790 2564 μετὰ

1006 2577 1061 2603 τῶν
1083 2575 1225 2610 πρέσϐεων
1248 2575 1397 2608 συμϐάσεις
1413 2574 1535 2608 Θέμενος,
1553 2574 1677 2609 ἔπεμπεν
1694 2576 1735 2606 είς
1759 2585 1791 2602 το

1007 2620 1188 2657 στρατόπεδον
1215 2620 1264 2647 καὶ
1288 2620 1344 2646 τῶν
1368 2620 1476 2647 οίκείων
1507 2620 1703 2654 συνεκπέμψας
1730 2621 1789 2653 ἕνα,

1007 2668 1076 2694 ὥστε
1096 2667 1165 2694 κατά
1179 2666 1261 2702 τάχος
1276 2666 1389 2699 ἀγαγεῖν
1402 2665 1469 2700 πρὸς
1485 2665 1565 2692 αὑτὸν
1578 2664 1626 2700 τὴν
1639 2665 1771 2699 στρατιάν
1786 2676 1791 2681 -

1007 2715 1047 2744 είς
1061 2713 1109 2748 τὴν
1135 2712 1281 2747 ὑστεραίαν
1297 2712 1325 2737 δὲ
1355 2711 1425 2746 μετὰ
1450 2710 1504 2737 τῶν
1522 2710 1665 2745 πρέσϐεων
1684 2710 1736 2746 τὴν
1758 2711 1790 2737 ὲκ

1009 2759 1140 2794 βασιλέως
1155 2758 1328 2793 ἀναχώρησιν
1353 2757 1377 2784 οί
1392 2758 1421 2783 ὲν
1438 2757 1585 2791 ἀκροπόλει
1599 2757 1648 2791 τῆς
1669 2757 1788 2792 Γρατια-

1009 2807 1056 2832 νοῦ
1071 2804 1207 2839 δεσμῶται
1223 2805 1279 2836 τοῖς
1299 2803 1461 2838 φυλάττουσι
1475 2803 1560 2837 μέσης
1575 2802 1681 2837 ἡμέρας
1696 2802 1789 2828 Emei-

1012 2859 1085 2885 μενοι
1119 2853 1162 2876 1.1"
1185 2851 1371 2885 κρατήσαντες
1401 2848 1514 2875 ἐκάλουν
1543 2847 1656 2882 βασιλέα
1689 2847 1788 2873 καπνὸν
