1926 3090
107 214 171 246 illi

105 269 275 304 ἀπήγγελλον
302 267 425 297 ἐλθόντες
438 287 445 298 ,

105 315 225 352 (imp-.66);
244 315 272 340 δὲ
288 314 337 340 οὐκ
354 311 426 347 εἶχον
440 311 538 339 εἰδέναι
553 311 614 338 ὅθεν
631 310 688 344 εἴη.
707 309 839 350 Βασιλεὺς
856 307 885 334 δὲ

105 347 152 389 καί.
178 362 202 388 oi
220 361 285 395 περὶ
301 359 383 386 αὐτὴν
410 357 540 394 ᾠήθησαν
561 357 610 391 μὲν
624 353 694 383 εἶναι
710 357 759 390 τὴν
781 347 885 381 οἶκείαν

106 407 327 441 ὑποττρέφολσαν
356 405 388 430 ἐκ
415 404 465 438 τῆς
480 403 637 438 λεηλασίας.
652 401 748 436 Ὅμως
770 400 823 426 ὑπὸ
838 399 886 433 τῆς

106 453 176 480 κατὰ
199 452 263 482 τοὺς
282 449 382 481 ὕπνους
397 448 617 484 τεθορυϐημένος
645 446 750 481 φωνῆς,
765 444 829 476 τούς
857 453 886 471 τε

105 496 273 533 νεμομένους
292 497 392 526 ἵππους
411 495 470 521 ἐκεῖ
483 494 533 529 τῆς
550 493 681 528 στρατιᾶς
701 491 810 518 ἐκέλευε
825 492 888 521 τοὺς

107 543 206 577 νομέας
221 542 339 575 ἀπάγειν
353 542 394 572 είς
407 539 618 575 Κουμουτζηνὰ,
638 537 686 564 καὶ
699 535 826 571 Μανουὴλ
841 536 887 561 τὸν

107 587 318 623 Ταρχανειώτην
344 587 376 612 ὲκ
395 586 450 612 τῶν
475 585 618 620 παρόντων
634 583 742 617 ὀλίγους
762 581 888 608 ἐκέλευεν

106 634 320 668 ἀπολεξάμενον,
336 632 400 659 εὐθὺ
411 632 461 667 τῆς
474 630 625 666 ἐρχομένης
637 629 767 664 στρατιᾶς
777 628 888 663 χωρεῖν,

108 681 155 708 καὶ
174 679 410 707 κατασκέπτεσθαι
424 678 484 705 ὅθεν
497 677 560 713 εἴη*
576 676 657 708 αὐτὸς
676 675 704 702 δὲ
718 674 888 709 ἀνελάμϐανε

107 728 142 753 τὰ
159 727 229 753 ὅπλα
247 725 317 760 μετὰ
335 725 389 752 τῶν
403 724 550 751 συνόντων.
566 723 651 750 Οὔπω
667 722 695 749 δὲ
708 720 890 755 ὡπλισμένων

109 772 247 803 παντελῶς
260 771 477 806 τεθορυϐημένος
493 769 630 804 ἐπανῆκεν
644 770 657 796 ὁ
667 766 888 803 Ταρχανειώτης,

109 818 263 853 πολεμίους,
290 815 360 844 εἶναι
377 816 488 852 φάσκων
501 807 579 848 τοὺί
591 817 729 844 ἐπιόντας.
757 813 842 841 Οὔπω
862 811 890 838 δὲ

109 865 165 891 πᾶν
179 865 271 899 εἴρητο
287 863 362 895 ἔπος,
383 864 430 890 καὶ
444 864 468 889 oi
489 863 615 898 πολέμιοι
640 862 776 898 παρῆσαν.
794 858 849 887 Ἦν
864 859 891 885 δὲ

109 912 123 936 ὁ
143 910 319 945 Μομιτζίλος,
332 909 434 944 χιλίους
445 909 520 943 ἄγων
534 909 706 939 ἐπιλέκτους,
720 906 797 942 παρά
812 913 892 932 τινων

109 956 304 987 κατασκόπων,
320 954 367 986 οὓς
383 954 505 988 ἔπεμψεν
520 955 601 986 αὐτὸς
617 954 681 989 περὶ
699 953 832 989 βασιλέως
849 960 893 977 πε-

109 1001 260 1036 πυσμένος.
276 1001 316 1027 ὅτι
333 1002 361 1027 ἐν
376 1001 491 1037 Μεσήνῃ
507 1001 538 1027 τὺ
554 1000 601 1027 νῦν
614 1000 675 1035 ἔχον
691 996 893 1034 διατρίὸειῙΗν

109 1049 165 1082 γὰρ
179 1047 269 1081 ὀλίγον
285 1048 314 1074 ὲν
331 1043 352 1081 ᾧ
379 1047 461 1079 διεῖχε
475 1046 657 1082 Περιθεὼριον
677 1046 817 1080 Μεσήνης.
842 1045 894 1071 Βα-

111 1095 204 1126 σιλεὺς
220 1094 269 1129 μὲν
284 1093 332 1121 οὖν
347 1095 410 1125 τοὺς
431 1096 496 1129 περὶ
511 1094 592 1120 αὐτὸν
617 1093 790 1127 συναγαγὼν,
804 1092 895 1118 ἐϐάδι-

110 1140 159 1172 ζεν
173 1140 312 1171 εὐτάκτως
329 1140 373 1166 διὰ
389 1141 518 1174 Μεσήνης
534 1140 584 1174 τὴν
616 1139 736 1173 ἄγουσαν
761 1139 803 1170 είς
823 1139 894 1164 Κου-

111 1186 264 1221 μουτζηνά.
285 1186 371 1220 Ὁρῶν
388 1185 417 1212 δὲ
442 1187 456 1211 ό
482 1185 650 1220 Μομιτζίλος
678 1185 728 1210 οὐκ
754 1183 834 1213 εὐθὺς
849 1183 895 1209 ἐπὶ

110 1231 202 1266 φυγὴν
228 1231 391 1266 τραπέντας,
420 1231 488 1258 ἀλλὰ
521 1231 606 1266 βάδην
641 1231 688 1257 καὶ
719 1230 896 1264 τεταγμένως

110 1277 255 1307 ἀπιόντας,
283 1276 369 1303 ἔδεισε
400 1278 436 1311 μή
465 1285 546 1303 τινων
575 1276 768 1312 ἐνεδρευόντων
795 1276 824 1301 ἐν
841 1277 896 1306 τοῖς

110 1322 245 1358 ἐρειπίοις
256 1323 306 1356 τῆς
320 1322 422 1353 πόλεως
434 1323 520 1357 τροπὴ
531 1322 643 1356 γένηται
659 1322 722 1356 περὶ
735 1321 896 1352 amamu-

111 1377 190 1400 κτοις
211 1369 258 1395 καὶ
271 1368 507 1402 διεσκεδασμένοις
529 1368 628 1403 ἁθρόον
654 1369 834 1401 ἐπελθόντων,
851 1368 898 1394 καὶ

112 1415 223 1449 συνεῖχε
250 1414 298 1440 καὶ
317 1414 400 1445 αὐτὸς
415 1413 464 1448 τὴν
482 1413 614 1448 στρατιὰν
631 1413 764 1448 σχολαίως
784 1421 900 1448 πορευο-

113 1461 202 1495 μένην
218 1461 246 1486 Iw
272 1460 363 1494 λόγοις
390 1460 490 1494 τρισίν.
512 1460 588 1486 Ἐπεὶ
613 1460 642 1486 δὲ
663 1460 788 1495 βασιλεὺς
809 1460 856 1486 καὶ
875 1459 899 1485 οἱ

111 1508 182 1542 περὶ
212 1506 293 1532 αὐτὸν
320 1506 372 1538 ἔξω
386 1506 442 1532 τῶν
462 1504 592 1541 ὲρείπίων
616 1503 697 1540 ἦσαν,
714 1506 762 1532 καὶ
789 1505 900 1539 ἐνέδρας

112 1552 218 1585 ὑποψία
234 1551 347 1586 οὐδεμία
363 1549 407 1586 ἦν,
426 1550 543 1586 ἡλαυνον
553 1551 577 1577 οἱ
593 1551 657 1586 περὶ
673 1550 840 1584 Μομιτζίλον
855 1550 899 1576 ἐπ’

113 1596 239 1628 ἐκείνους
258 1598 396 1633 ἀκρατῶς.
411 1597 596 1632 Τραπομένων
610 1597 639 1623 δὲ
657 1597 784 1623 ἁπάντων
797 1597 836 1627 είς
852 1605 901 1630 φν-
915 1607 936 1636 c

113 1645 181 1678 γὴν,
209 1644 270 1670 ἐπεὶ
295 1644 320 1669 οἱ
351 1643 558 1678 προδραμόντες
573 1643 627 1669 τῶν
655 1642 793 1678 πολεμίων
818 1642 901 1676 ἔγγὺς

114 1688 189 1724 ἦσαν
209 1689 350 1724 βασιλέως,
380 1689 436 1715 τῶν
457 1689 545 1716 ἄλλων
563 1689 616 1724 γὰρ
645 1688 725 1719 αὐτὸς
747 1688 902 1719 τελευταῖος

115 1736 294 1766 ὑπελείπετο,
312 1735 480 1770 αυστραφεὶς
496 1735 616 1769 ἠμύνετο
634 1735 691 1766 τοῖς
703 1734 819 1769 πρώτως
832 1734 901 1768 φθά-

116 1791 195 1814 σασι,
214 1783 262 1808 καὶ
276 1782 393 1808 ἔπιπτεν
409 1783 424 1807 ό
444 1780 576 1816 βασιλέως
591 1781 673 1812 ἵππος
690 1781 746 1811 τοῖς
762 1782 902 1813 πολεμίοις

117 1826 314 1862 συμϐαλόντος.
332 1826 392 1852 Τῶν
404 1826 516 1853 οἰκετῶν
530 1826 558 1852 δὲ
571 1823 612 1857 εἷς
628 1825 733 1860 παρὼν,
747 1824 902 1859 Λαντζαρέ-

116 1882 166 1905 τος
185 1874 279 1908 δνομα,
297 1872 343 1899 τοῦ
366 1873 450 1898 ἵππου
466 1872 571 1903 ἀποϐὰς
589 1871 740 1906 παρείχετο
757 1871 802 1897 τὸν
819 1871 902 1896 ἵππον

118 1918 244 1954 βασιλεῖ’
274 1918 332 1953 ἅμα
345 1918 373 1944 δὲ
389 1918 435 1944 καὶ
453 1917 589 1952 συνήρατο
616 1916 755 1950 ἐπιϐῆναι.
778 1914 904 1942 Ἐπιὸαί-

118 1973 201 1992 νοντα
216 1965 243 1991 δὲ
257 1964 328 1998 ξίφει
343 1973 384 1994 τις
401 1963 516 1996 ἕπληξεν
536 1962 652 1992 ἐπιστὰς
670 1961 742 1988 κατὰ
756 1961 806 1995 τῆς
819 1968 905 1994 κεφα-

117 2011 182 2043 λῆς,
198 2009 315 2037 ἔϐλαπτε
331 2009 358 2035 δὲ
374 2009 462 2041 οὐδὲν,
487 2009 535 2034 τοῦ
553 2008 670 2042 κράνους
685 2006 752 2042 πρὸς
773 2006 821 2042 τὴν
839 2006 906 2040 πλη-

118 2057 174 2090 γὴν
185 2056 318 2090 γενναίως
331 2054 516 2089 ἀντισχόντας.
536 2054 580 2087 Ἐξ
592 2054 696 2080 ἐκείνου
715 2053 743 2079 δὲ
757 2053 801 2079 διὰ
815 2053 905 2086 πάσης

119 2101 296 2136 ἀμυνόμενος
320 2102 369 2135 τῆς
396 2100 457 2127 ὁδοῦ
480 2101 528 2138 καὶ
556 2099 741 2134 πληττόμενος
758 2098 906 2133 (παρῆλθον

119 2148 178 2182 γὰρ
192 2147 273 2173 αὐτὸν
288 2146 381 2173 πολλοὶ
397 2145 451 2172 τῶν
465 2145 628 2180 πολεμίων),
638 2143 719 2180 ἦλθεν
730 2145 769 2175 είς
783 2145 906 2177 Κουμου-

119 2194 219 2227 τζηνὰ,
233 2193 391 2228 παραδόξως
404 2192 558 2224 διασωθείς.
575 2191 763 2226 Λαντζαρέτον
777 2190 805 2216 δὲ
818 2189 906 2224 ξίφεσι

121 2240 171 2267 καὶ
180 2239 273 2275 δόρασι
288 2239 596 2274 κατατραυματίσαντες
607 2238 655 2264 καὶ
667 2236 826 2271 νομίσαντες
843 2236 903 2261 ἀπε-

122 2285 248 2312 κτονέναι
260 2285 380 2320 (δεκάκις
391 2285 445 2320 γὰρ
458 2283 660 2318 ἐτραυμάτισαν
673 2282 739 2316 πρὶις
747 2283 800 2313 τοῖς
813 2280 906 2314 ὀκτὼ),

122 2331 259 2358 ἀπέλιπον
274 2331 435 2365 ἐμπνέοντα.
466 2329 599 2361 Βασιλεὺς
623 2329 672 2363 μὲν
701 2325 749 2354 οὖν
769 2327 855 2357 οὕτως
875 2327 907 2352 ὲκ

122 2377 171 2402 τοῦ
187 2377 315 2403 τοσούτου
334 2376 457 2403 κινδύνου
478 2376 593 2410 μηδενὸς
617 2375 651 2402 ἂν
669 2373 907 2409 προσδοκήσαντος

122 2422 278 2455 διεσώζετο.
298 2423 352 2464 Καὶ
370 2425 383 2449 ὁ
406 2423 570 2457 Μομιτζίλος
594 2421 655 2448 οὐδὲ
672 2421 759 2456 βραχὺ
774 2418 908 2453 προσμεί-

125 2477 185 2500 νας,
207 2469 349 2503 ἀνεχώρει.
366 2469 540 2503 Λατζαρέτον
564 2467 591 2494 δὲ
609 2467 720 2501 πέμψας
740 2467 753 2492 ὁ
771 2465 907 2500 βασιλεὺς,

126 2515 231 2549 ἤγαγεν
250 2515 287 2545 είς
305 2514 503 2548 Κουμουτζηνὰ
526 2513 680 2547 ἐμπνέοντα
705 2512 745 2537 ἐτι
757 2519 764 2526 ·
783 2511 831 2537 καὶ
847 2509 910 2536 πολ-

127 2559 178 2594 λῆς
197 2560 324 2592 ἀξιωθεὶς
341 2559 511 2594 ἐπιμελείας,
532 2560 561 2586 ἐν
578 2559 661 2594 ὀλίγῳ
678 2559 766 2593 χρόνῳ
787 2557 866 2591 ὑγιής
879 2565 909 2582 τε

129 2606 177 2632 καὶ
193 2606 261 2636 σῶος
276 2604 354 2638 αὖθις
371 2604 415 2641 ἦν,
434 2605 516 2640 μηδὲν
535 2605 589 2631 τῶν
606 2604 694 2639 μελῶν
708 2604 758 2630 ὑπὸ
774 2603 828 2630 τῶν
841 2603 911 2637 πλη-

127 2651 184 2684 γῶν
198 2651 352 2684 ἀποϐαλὼν,
366 2651 464 2686 πολλῆς
481 2659 511 2676 τε
526 2650 671 2685 εὐμενείας
685 2650 732 2676 καὶ
747 2650 829 2684 τιμῆς
843 2648 911 2676 ἀπέ.

129 2695 196 2721 λαυε
214 2695 289 2729 παρὰ
309 2696 449 2730 βασιλέως,
471 2696 518 2722 καὶ
537 2695 669 2729 μειζόνων
685 2695 701 2727 ἢ
721 2694 853 2729 ὲτόγχανε
867 2694 907 2720 δο-

128 2741 186 2767 κῶν
207 2739 276 2767 εἶναι
291 2741 449 2776 ἀξιώτερος,
469 2742 512 2768 διὰ
536 2741 586 2776 τὴν
602 2741 825 2776 ἐπιδεδειγμένην
843 2741 911 2776 πρὸς

128 2788 233 2814 ἐκεῖνον
246 2787 362 2814 εὖνοιαν.
373 2788 493 2828 ξΕπεσον
508 2787 535 2813 δὲ
549 2787 595 2813 καὶ
607 2787 662 2813 τῶν
673 2786 760 2813 ἄλλων
770 2787 909 2819 τέτταρες,

129 2831 169 2861 ὧν
184 2831 224 2865 εἷς
241 2834 254 2860 ό
270 2833 410 2868 Βρυέννιος
425 2833 533 2868 Μιχαὴλ
547 2831 591 2868 ἦν,
606 2829 628 2866 ᾧ
644 2833 736 2858 πεσεῖν
755 2831 911 2866 μαχόμενον

126 2879 286 2915 ἔμπροσθεν
298 2878 428 2914 βασιλέως
438 2879 451 2904 ὁ
461 2879 652 2914 Διδυμοτείχου
661 2877 807 2913 ἀρχιερεὺς
820 2876 910 2911 πολλῷ

127 2928 218 2963 χρόνῳ
243 2926 373 2962 πρότερον
391 2926 519 2960 προεῖπεν
531 2934 537 2941 ·
557 2925 678 2952 ἑάλωσαν
702 2924 730 2951 δὲ
747 2925 805 2959 καὶ,
821 2924 910 2950 ἓτεοοι

670 205 941 239 ΙΙΙΒΤΟΙΠᾹΒΗΜ
962 205 1079 236 LIBER
1099 205 1158 236 III.

475 266 513 297 ὡς
542 264 720 300 προσελαύνει
749 270 899 297 στρατια·,

951 268 991 288 um
1010 260 1177 291 adventare,
1201 266 1251 287 nec
1268 263 1344 287 certo
1367 265 1478 286 noscere
1499 258 1619 293 potuisse
1639 261 1724 286 unde.

1654 201 1720 234 1:18

939 316 1003 335 nam
1018 308 1156 335 adventet.
1170 305 1320 342 Imperator
1332 315 1393 334 cum
1415 307 1561 334 comitibus
1584 307 1723 342 proprium

940 362 1011 386 esse,
1029 359 1056 381 et
1070 361 1086 380 a
1102 353 1278 388 populatione
1293 353 1383 380 redire
1399 358 1493 381 censet
1507 362 1514 380 :
1532 358 1723 381 verumtamen

941 407 1007 427 voce
1018 399 1046 426 in
1059 399 1164 426 somnis
1180 399 1271 426 audita
1287 399 1422 431 turbatus,
1440 404 1467 426 et
1478 406 1563 434 equos
1579 398 1724 433 praesidia-

941 447 1044 473 riorum
1065 445 1118 472 illic
1135 449 1278 480 pascentes
1292 445 1425 472 reducere
1447 445 1614 473 Cumutzena
1633 450 1726 479 pasto—

942 491 1019 518 ribus
1044 490 1193 520 mandavit,
1222 494 1250 517 et
1279 489 1431 517 Manuelem
1455 489 1662 518 Tarebaniotam
1692 497 1724 516 ex

942 536 1120 572 praesentibus
1147 543 1249 570 paucos
1279 535 1417 570 deligere,
1448 535 1620 562 venientibus
1648 538 1723 561 recta

943 589 1099 614 occurrere,
1116 581 1187 608 unde
1199 581 1328 608 venirent
1345 579 1480 614 speculari
1491 581 1590 615 jussit;
1610 580 1668 614 ipse
1682 579 1724 605 in-

944 628 1023 656 terim
1047 634 1121 654 arma
1151 634 1212 654 cum
1228 625 1309 652 sociis
1336 625 1436 653 induit.
1465 625 1518 653 Sed
1539 625 1656 653 necdum
1684 626 1727 652 his

945 673 1023 708 plane
1053 672 1175 705 armatis,
1203 671 1388 699 Tarchaniota
1419 672 1541 706 trepidus
1569 672 1726 705 revertitur,

944 719 1037 746 hostes
1051 718 1181 745 advenire
1205 717 1254 745 ait.
1269 718 1317 745 Vix
1336 717 1454 749 ﬁnierat,
1482 721 1509 745 et
1532 725 1597 745 ecce
1617 718 1726 745 adsunt.

945 764 1065 791 Ducebat
1079 768 1169 790 autem
1193 763 1355 790 Momitzilus
1370 763 1488 791 selectos
1505 764 1589 796 mille,
1611 772 1659 798 per
1681 771 1729 792 ex-

945 809 1096 844 ploratores
1123 815 1187 835 suos
1219 806 1320 835 certior
1344 807 1454 840 factus,
1480 807 1673 842 imperatorem
1701 808 1729 835 in

945 854 1088 889 praesentia
1101 853 1134 881 ad
1149 853 1275 880 Mesenen
1291 852 1399 884 sedere,
1414 852 1547 887 siquidem
1558 853 1729 880 Peritheorio

947 899 1055 927 Mesene
1083 906 1168 934 parvo
1193 899 1335 928 intervallo
1363 900 1467 927 aberat.
1496 898 1623 927 Collectis
1647 898 1729 933 igitur

945 946 1012 978 suis,
1029 945 1210 979 ordinatoquc
1221 945 1329 980 agmine
1347 946 1388 972 via
1402 952 1451 980 per
1467 944 1596 972 Mesenen
1609 943 1728 971 ducente

945 991 1111 1018 Cumutzena
1131 991 1209 1018 redit.
1225 991 1343 1018 Cernens
1361 990 1525 1018 Momitzilus
1549 997 1603 1017 non
1623 993 1729 1015 extem-

946 1036 990 1070 plo
1004 1035 1116 1070 fugisse,
1131 1035 1178 1062 sed
1205 1035 1338 1071 gradatim
1360 1040 1386 1063 et
1407 1035 1551 1063 ordinatim
1577 1034 1728 1064 discedere.

947 1081 1101 1115 timensque
1118 1088 1153 1107 ne
1167 1080 1330 1114 quihusdam
1346 1080 1415 1108 inter
1428 1080 1526 1106 rudera
1541 1083 1569 1106 et
1582 1078 1730 1114 parietinas

945 1126 1021 1154 urbis
1047 1126 1176 1153 insidiose
1198 1125 1357 1160 latentibus,
1388 1126 1559 1160 densataque
1576 1117 1681 1152 caterva
1701 1125 1729 1150 in

945 1179 1010 1199 suos
1034 1178 1082 1198 nec
1102 1171 1242 1198 ordinatos
1272 1175 1300 1198 et
1327 1177 1438 1205 sparsos
1467 1169 1636 1197 irruentibus
1666 1170 1727 1205 fuga

946 1218 1033 1250 ﬁeret,
1050 1224 1097 1243 eos
1119 1216 1200 1243 etiam
1230 1216 1288 1250 ipse
1310 1215 1449 1250 tripartito
1464 1215 1634 1247 distributos,
1655 1214 1730 1242 lento

947 1270 1028 1297 passu
1044 1262 1172 1290 incedere
1193 1261 1269 1288 fecit.
1292 1261 1342 1288 Ast
1365 1261 1410 1288 ubi
1434 1261 1595 1288 insidiarum
1611 1259 1731 1294 suspicio

946 1307 1072 1340 cessavit,
1092 1307 1254 1341 impotenter
1269 1314 1298 1333 se
1323 1307 1350 1334 in
1375 1306 1539 1333 recedentes
1567 1305 1730 1332 intulerunt.

948 1353 1052 1386 Quibus
1080 1353 1206 1380 omnibus
1233 1352 1260 1380 in
1285 1352 1375 1388 fugam
1391 1360 1421 1380 se
1443 1351 1655 1383 eﬂ'undentibut,
1669 1358 1731 1377 cum

949 1401 995 1434 qui
1013 1407 1046 1426 ex
1063 1399 1188 1426 hostibus
1203 1399 1284 1433 primi
1300 1398 1490 1429 accurrebant,
1507 1395 1665 1431 imperatori
1683 1403 1734 1429 ap-

950 1444 1166 1480 propinquarent
1186 1444 1321 1479 (ultimum
1343 1443 1416 1470 enim
1441 1449 1537 1477 agmen
1563 1440 1728 1473 claudebat),

950 1491 1148 1526 agglomeratus
1165 1497 1227 1517 eum
1243 1489 1337 1524 paucis
1351 1496 1380 1516 se
1396 1488 1534 1516 tuebatur.
1549 1487 1671 1520 Cumque
1682 1485 1733 1513 sub
1769 1520 1770 1523 η

952 1543 985 1563 eo
1015 1543 1102 1570 equus
1127 1535 1271 1562 confossus
1301 1533 1458 1565 cecidisset,
1486 1539 1558 1560 unus
1581 1539 1596 1559 e
1626 1530 1734 1558 [alludis

953 1581 1131 1608 Lanlzaretus
1161 1580 1301 1612 vocabulo,
1330 1587 1409 1606 suum
1431 1578 1565 1614 praebuit,
1598 1581 1679 1611 atque
1705 1576 1734 1603 in

952 1635 1014 1654 eum
1029 1626 1149 1654 sustulit.
1163 1625 1364 1653 Ascendentem
1380 1624 1459 1659 591
1476 1623 1586 1658 quidam
1604 1621 1735 1648 advolans

953 1680 1020 1700 ense
1035 1673 1062 1698 in
1078 1676 1160 1706 caput
1176 1671 1251 1702 ferit,
1274 1671 1321 1698 sed
1347 1670 1476 1697 ﬁrmitate
1492 1668 1574 1704 galeae
1592 1667 1662 1694 ictus
1675 1667 1736 1692 ina<

952 1719 995 1746 nis
1021 1718 1084 1745 fuit.
1109 1717 1174 1744 Inde
1197 1721 1254 1744 toto
1272 1716 1370 1743 itinere
1400 1714 1494 1742 multis
1520 1712 1686 1741 irruentibus
1709 1716 1737 1738 et

953 1764 1061 1791 medens
1087 1767 1114 1790 et
1139 1769 1226 1790 caesus
1250 1763 1417 1790 Cumutzena
1433 1759 1593 1787 mirabiliter
1613 1762 1737 1786 servatus

953 1810 1037 1836 venit.
1071 1807 1263 1835 Lanlzaretum
1283 1814 1348 1834 vero
1377 1805 1472 1841 gladiis
1497 1809 1525 1832 et
1555 1803 1638 1830 hastis
1665 1802 1738 1829 occi-

953 1855 1037 1881 dendi
1060 1861 1141 1881 causa
1166 1852 1372 1880 consauciatum
1392 1849 1555 1886 (octodecim
1578 1848 1651 1875 enim
1681 1847 1738 1874 vul-

954 1909 1020 1928 nera
1043 1900 1068 1926 ei
1091 1899 1261 1932 inlliserunt)
1281 1897 1431 1932 spirantem
1447 1895 1536 1922 adhuc
1559 1893 1737 1927 reliquerunt.

954 1946 1105 1980 Imperator
1126 1944 1218 1978 itaque
1237 1951 1252 1970 e
1281 1947 1356 1970 tanto
1380 1941 1537 1968 discrimine
1560 1943 1659 1974 prieter
1677 1945 1738 1964 om—

954 1992 1031 2019 nium
1053 1991 1288 2026 exspectationem
1308 1988 1428 2020 emersit,
1451 1991 1479 2014 et
1500 1984 1664 2013 Momilzilus
1681 1983 1739 2011 sine

956 2045 1032 2065 mora
1045 2036 1180 2064 discessit.
1199 2035 1390 2062 Lantzaretum
1414 2034 1560 2067 imperator
1574 2030 1740 2058 seminecem

955 2083 1124 2111 Cumutzena
1143 2080 1298 2109 vehendum
1315 2079 1431 2109 curavit,
1450 2077 1497 2113 qui
1517 2075 1592 2104 brevi
1616 2079 1740 2109 tempore

956 2129 1101 2157 sedulitate
1133 2127 1299 2154 medicorum
1324 2131 1417 2159 sospes
1434 2128 1461 2150 et
1484 2118 1640 2152 incblumis,
1665 2119 1740 2149 nuUa

956 2180 1032 2210 parte
1047 2173 1170 2208 corporis
1181 2172 1291 2204 amissa,
1303 2175 1344 2198 est
1356 2169 1489 2202 redditus,
1502 2172 1529 2196 et
1542 2168 1645 2201 majore
1659 2166 1740 2193 etiam

957 2221 1083 2256 quamob
1098 2219 1263 2246 declaratum
1289 2225 1353 2252 erga
1377 2215 1519 2244 dominum
1545 2219 1666 2240 amorem
1685 2218 1743 2238 me-

919 2270 946 2298 D
960 2266 1047 2294 ruisse
1058 2265 1209 2297 videbatur,
1230 2263 1301 2298 apud
1315 2270 1376 2290 eum
1400 2261 1488 2296 gratia
1516 2260 1676 2293 honoreque
1695 2257 1743 2283 llo-

958 2313 1021 2340 ruit.
1037 2311 1201 2339 Ceciderunt
1218 2314 1308 2337 autem
1324 2313 1453 2343 quatuor,
1467 2313 1583 2341 quorum
1600 2311 1670 2332 unus
1694 2302 1743 2329 Mi-

957 2358 1033 2386 chael
1052 2357 1213 2392 Bryennius,
1231 2355 1276 2381 cui
1303 2359 1366 2381 ante
1391 2351 1563 2386 imperatoris
1588 2350 1671 2385 pedes
1692 2356 1744 2383 pu«

958 2409 1082 2439 gnantem
1095 2402 1296 2434 oecubiturum,
1312 2400 1397 2427 multo
1420 2403 1483 2426 ante
1496 2394 1676 2432 Didymotichi
1688 2393 1745 2428 epi-

959 2458 1058 2485 scopus
1100 2449 1285 2484 przedixerat,
1308 2445 1420 2473 totidem
1450 2443 1533 2478 capti.
1575 2440 1744 2469 Momitzilus

959 2497 1039 2531 paulo
1053 2500 1114 2530 post
1140 2501 1221 2529 quam
1249 2500 1346 2520 manus
1375 2491 1420 2517 illa
1442 2487 1613 2525 pradatoria.
1633 2487 1667 2514 de
1691 2492 1743 2521 qua

960 2549 1052 2577 supra,
1069 2539 1205 2572 discchit,
1226 2539 1294 2566 duos
1313 2538 1348 2565 de
1376 2535 1502 2570 captivis,
1520 2534 1695 2568 Apclmencin
1711 2535 1739 2557 et.

961 2588 1135 2616 Theodorum
1163 2584 1343 2613 Caballarium
1365 2585 1397 2610 ad
1414 2582 1521 2608 Annam
1542 2578 1740 2614 impcratricem

960 2635 1040 2670 legat,
1063 2631 1201 2662 societatis
1230 2635 1255 2658 et
1282 2629 1366 2665 pra‘lii
1393 2635 1454 2656 cum
1485 2626 1544 2660 ejus
1567 2625 1645 2651 hoste
1667 2629 1744 2649 com-

962 2667 1038 2709 missi
1052 2680 1192 2716 pra-minio
1217 2677 1295 2712 petit.
1321 2677 1386 2709 Quae
1410 2672 1543 2709 petitione
1571 2670 1688 2697 libenter
1700 2667 1747 2694 ad-

961 2727 1056 2758 missa,
1083 2726 1223 2759 despotam
1245 2723 1321 2749 illum
1345 2724 1430 2748 creat.
1444 2719 1504 2753 Ipse
1521 2722 1628 2751 quoque
1656 2712 1740 2740 mism

964 2775 996 2800 ad
1024 2772 1217 2806 imperatorem
1251 2772 1371 2798 oratore,
1394 2765 1476 2803 hujus
1500 2761 1657 2791 stoliditatis
1690 2766 1745 2785 suae

963 2824 991 2847 et
1007 2819 1077 2846 male
1097 2818 1168 2845 bene
1188 2815 1287 2843 merito
1300 2821 1350 2841 suo
1365 2813 1456 2840 relata:
1471 2809 1565 2845 gratia:
1580 2807 1686 2834 veniam
1701 2812 1747 2839 pc-

966 2866 1008 2897 tit,
1026 2872 1058 2892 ac
1071 2865 1104 2891 de
1118 2867 1217 2891 caetero
1240 2861 1351 2889 meliora
1375 2857 1519 2894 prom'ttit.
1533 2855 1682 2888 Imperator
1704 2852 1748 2878 in-

967 2910 1091 2945 telligens
1105 2913 1131 2937 et
1146 2908 1266 2937 vindicta
1284 2905 1382 2940 punire
1406 2900 1683 2933 Mornilzilum,ql:m
1705 2904 1751 2925 (sv
