1915 3086
195 132 265 166 1143

779 138 942 169 JOANNIS
961 137 1226 169 CANTACUZENI

1747 140 1820 172 ιιιι

192 197 295 220 turum.
311 192 338 220 Si
362 193 387 220 id
409 201 462 220 non
480 194 574 228 possit.
594 194 644 221 hoc
660 195 768 229 quidem
783 196 863 230 plane
879 195 973 223 obten-

1027 195 1095 221 ἀλλὰ
1113 194 1191 220 τοῦτό
1207 202 1239 228 γι
1266 194 1376 226 πάντως
1398 195 1461 229 ἐμοὶ
1481 194 1621 229 φυλάξειν,
1639 195 1670 223 τὸ
1702 196 1741 231 μὴ
1765 197 1820 231 πρὸ

192 241 294 270 turum,
311 246 345 266 ne
362 236 462 266 indic'ta
477 247 558 266 causa
575 240 785 267 condemuarer.
802 240 924 275 Cumque
942 240 975 268 de

192 282 287 310 iisdem
304 283 384 310 etiam
404 283 566 315 secundum,
582 287 609 310 et
626 284 736 310 tertium
760 283 831 310 inter
856 291 906 311 nos
927 291 976 310 nc-

190 329 310 356 cessario
323 327 554 362 colloquereinur,
572 329 652 356 toties
669 329 753 359 idem.
770 337 822 356 non
841 330 929 356 solum
947 333 976 356 ut

190 374 328 402 sacerdos.
355 374 402 400 sed
427 379 456 401 ut
483 373 614 408 profanus
642 382 750 409 quoque
772 375 892 409 iurabat.
927 373 975 402 liic

190 421 273 456 igitur
296 420 487 455 suspiciemlus
508 420 622 456 justitie
650 425 793 455 patronus.
814 425 841 447 et
870 425 974 449 custos.

189 468 346 502 priIIsquam
362 467 420 495 dies
434 468 528 494 decem
544 471 604 502 post
620 474 710 493 nteum
727 466 856 502 Byzantio
872 466 976 493 disces-

189 521 249 540 sum
265 513 418 545 cﬁluereut,
441 522 455 539 a
477 513 605 548 prml’ecto
628 513 747 541 cubiculi
767 522 913 546 persuasus
930 520 973 540 me

189 559 278 593 Ipsum
294 559 327 586 de
346 559 444 586 throno
461 559 607 587 deturbare
622 559 700 591 Velle,
718 564 745 586 et
759 559 893 586 Palauiam
912 559 976 587 sub-

188 605 378 637 introducere:
423 614 580 640 quanquam
613 606 764 633 luculenter
804 606 887 633 sciret
916 614 976 634 esse

189 659 292 679 meram
315 652 492 684 calumniam,
515 653 586 679 bello
613 653 675 679 huic
692 652 856 687 principium
871 653 974 680 attulit.

190 696 226 725 Ut
251 703 341 725 autem
359 706 445 725 meam
464 700 489 725 in
503 706 544 730 se,
560 706 641 733 quam
666 699 786 733 putabat,
803 698 974 736 iniquitatem

189 744 344 778 puniretur,
362 745 560 780 iinpgratricem
576 751 683 778 quoque
701 744 746 779 (id
760 744 831 778 quod
845 744 914 771 alius
927 752 975 771 ne-

190 796 234 816 mo
249 789 391 823 potuisset)
407 789 523 823 decepit,
543 794 570 816 ct
586 797 660 816 arma
674 789 824 822 suscitavit,
838 790 907 824 proh
927 790 976 817 doc

190 834 241 867 lor,
258 835 291 867 is,
307 835 352 870 qui
369 835 429 862 aliis
443 843 537 870 pacein
553 840 640 868 curat,
672 835 777 870 paciﬁci
792 840 820 863 et
838 836 973 864 mansueti

189 882 311 916 magistri
342 882 513 915 discipulus;
540 890 629 916 neque
667 883 859 919 jusjurandum
895 883 976 910 toties

189 928 347 962 nuperrime
369 928 490 963 juratum
515 929 670 962 reveritus,
688 936 776 963 neque
791 928 975 956 Romanorum

189 973 382 1005 calamitatem,
401 981 482 1008 quam
505 974 573 1001 bello
597 975 751 1009 perpessuri
773 978 866 1001 essent
882 981 974 1001 secum

189 1019 331 1054 cogitans;
348 1019 396 1046 sed
412 1027 495 1046 unum
511 1019 561 1046 hoc
583 1012 715 1046 duntaxat
733 1020 784 1047 sibi
811 1027 974 1055 proponens,

191 1068 222 1092 ut
238 1073 281 1092 me
297 1064 439 1092 innoxium
454 1065 573 1102 e’medio
589 1065 711 1093 tolleret:
727 1073 777 1092 nec
793 1073 878 1100 usque
893 1065 976 1092 hodie

189 1109 349 1138 insidiarum
367 1114 394 1138 et
409 1104 639 1138 obtrectatiouum
671 1113 783 1139 satietas
801 1112 876 1139 illum
891 1113 975 1147 capit,

188 1156 253 1190 quin
269 1162 329 1191 post
338 1161 438 1184 tantam
454 1157 614 1185 eﬁnsionem
630 1158 780 1193 sanguinis,
794 1164 854 1192 post
864 1158 976 1186 miseros

189 1201 325 1230 Romanos
340 1203 367 1229 in
383 1203 541 1230 servitutem
551 1203 711 1235 abstractos,
727 1204 975 1237 postditeptioncs,

189 1255 221 1276 Ic
231 1249 630 1284 populationes,communeque
638 1254 665 1276 et
674 1249 894 1285 ultimum,prope
903 1251 977 1278 dixe-

189 1294 366 1326 rim,exitium
377 1302 430 1321 non
444 1294 747 1327 adlcommiserationom
759 1295 842 1323 flexus
853 1301 892 1323 est
903 1305 909 1329 ;
921 1303 975 1323 non

188 1341 307 1375 aliquam
328 1340 507 1367 humanitatis
527 1341 753 1375 signiﬁcationem
775 1349 839 1376 erga
855 1342 975 1377 perditos

188 1387 272 1418 dedit,
287 1387 334 1415 sed
347 1388 438 1414 omnia
454 1387 506 1420 illi,
524 1395 604 1423 quam
630 1396 679 1422 pax
709 1396 825 1421 mecum,
846 1389 976 1416 tolerabi-

188 1432 254 1460 liora
271 1433 391 1463 fuerunt.
406 1434 489 1469 Atqui
508 1434 580 1461 dicet
601 1434 715 1462 fortasse
729 1434 974 1469 (quemadmodum

189 1479 281 1507 dicere
299 1480 372 1507 illum
388 1480 480 1512 audio,
496 1485 526 1507 ut
540 1480 705 1515 imperatrici
721 1481 754 1508 ad
767 1481 868 1508 bellum
884 1482 972 1509 calcar

1026 240 1104 274 δίκης
1121 240 1378 275 καταψηφισθῆναι.
1398 241 1503 276 Δεῆσαν
1517 241 1544 267 δὲ
1565 242 1614 268 καὶ
1631 242 1672 274 δὶς
1689 243 1739 269 καὶ
1755 243 1819 277 τρὶς

1027 286 1091 320 περὶ
1106 286 1159 311 τῶν
1176 286 1267 312 αὐτῶν
1287 286 1475 320 διαλεχθῆναι,
1490 287 1654 320 τοσαυτάκις
1669 287 1765 322 ὤμνυε
1782 290 1817 315 τὰ

1027 331 1073 358 tua
1086 332 1135 367 οὐχ
1156 331 1259 367 ἱερεῦσι
1274 333 1354 366 μόνον
1367 332 1519 367 πρέποντα,
1545 334 1613 361 ἀλλὰ
1628 335 1677 361 καὶ
1692 333 1817 366 ἰδιώταις

1025 379 1126 413 ὅρκων.
1148 378 1177 404 ὐ
1200 377 1247 405 οὖν
1269 379 1428 413 θαυμαστὸς
1443 375 1522 410 οὗτος
1539 380 1667 415 κηδεμὼν
1691 381 1742 406 καὶ
1767 381 1816 407 τοῦ

1025 423 1130 451 δικαίου
1147 424 1245 458 φύλαξ,
1276 425 1341 458 πρὶν
1359 424 1425 450 δέκα
1455 424 1563 459 ἐξήκειν
1594 425 1716 460 ἡμέρας,
1745 427 1817 460 μετὰ

1025 471 1076 504 τὴν
1105 470 1175 505 ἐμὴν
1200 471 1232 496 ἐκ
1259 469 1407 501 Βυζαντίου
1431 469 1607 505 ἀναχώρησιν
1619 471 1659 506 τῷ
1675 480 1814 506 παρακοι-

1027 515 1148 550 μωμένῳ
1177 515 1298 546 πεισθεὶς
1331 517 1582 551 συκοφαντήσαντι,
1613 517 1653 543 ὅτι
1682 518 1817 552 βούλομαι

1026 561 1158 595 κατάγειν
1173 561 1254 588 αὐτὸν
1267 561 1314 588 τοῦ
1332 561 1440 597 θρόνου,
1458 564 1506 589 χαλ
1528 563 1702 597 ἀντεισάγειν
1720 564 1813 591 Παλα-

1028 607 1092 641 μᾶν,
1104 608 1242 634 ἑκίνειτὸν
1262 607 1396 642 ἐμφύλιον
1410 609 1528 642 πόλεμον
1545 610 1637 640 αὑτός·
1653 611 1818 645 σαφέστατα

1025 652 1103 684 εἰδὼς
1118 653 1156 684 ὼς
1177 655 1353 688 συκοφαντεῖ.
1374 655 1558 689 ’Δμυνόμενος
1579 655 1607 681 δὲ
1634 656 1685 690 ἐμὲ
1711 657 1762 690 τῆς
1779 658 1817 688 είς

1025 699 1115 730 αὑτὸν,
1127 699 1163 729 ὡς
1176 699 1255 734 ᾢετο,
1266 700 1473 734 ἀγνωμοσύνης,
1489 700 1537 727 καὶ
1555 700 1680 735 βασιλίδα
1690 702 1818 735 ἐξηπάτα

1026 745 1071 770 ὑπ’
1090 745 1196 776 οὐδενὸς
1220 746 1314 780 ἐτέρου
1337 746 1492 781 δυναμένην
1509 745 1589 773 τοῦτο
1616 747 1748 782 πάσχειν,
1770 748 1817 774 καὶ

1026 791 1072 818 τὸν
1088 791 1209 826 πόλεμον
1225 791 1320 823 ἐκίνει,
1340 791 1402 826 φεῦ,
1425 793 1439 819 ὁ
1454 791 1503 827 τὴν
1520 793 1634 827 εἰρήνην
1652 794 1711 824 τοῖς
1727 793 1817 825 ἄλλοις

1027 838 1167 873 παρέχων,
1187 838 1235 864 καὶ
1259 839 1306 864 τοῦ
1331 838 1471 873 εἰρηνικοῦ
1496 839 1544 865 καὶ
1565 838 1654 874 πράου
1676 839 1816 874 μαθητή;’

1029 884 1099 918 μήτε
1114 884 1212 918 ὅρκους
1229 883 1374 916 αἰδεσθεὶς,
1400 884 1448 915 οὓς
1477 884 1540 919 χθὲς
1557 884 1605 911 καί
1621 885 1721 919 πρώην
1744 885 1818 919 ὀμω-

1029 929 1119 963 μόκει,
1147 929 1216 963 μήτε
1235 928 1284 962 τῆς
1301 928 1446 964 Ῥωμαίων
1464 930 1619 964 συμφορᾶς,
1645 927 1679 965 ἧς
1701 929 1818 964 ἔμελλον

1028 974 1072 1000 διὰ
1087 973 1132 1000 τὸν
1150 974 1268 1009 πόλεμον
1294 974 1476 1009 πειράσεσθαι
1503 975 1543 1006 εἰς
1567 974 1673 1001 ἔννοιαν
1706 974 1816 1002 ἐλθών·

1026 1019 1095 1046 ἀλλὰ
1113 1019 1181 1054 προς
1208 1020 1237 1046 ἓν
1264 1020 1345 1056 μόνον
1371 1020 1488 1056 βλέπων,
1503 1021 1576 1052 ὅπως
1601 1021 1650 1056 ἐμὲ
1667 1021 1753 1057 ἀνέλῃ
1771 1021 1817 1048 τὶν

1027 1065 1103 1092 οὐδὲν
1119 1065 1279 1099 ἠδικηκότα.
1305 1066 1359 1092 Καὶ
1379 1065 1440 1092 οὐδὲ
1456 1067 1535 1101 μέχρι
1549 1065 1596 1093 νῦν
1614 1067 1697 1101 κόρον
1713 1067 1817 1102 ἔσχηκε

1028 1111 1082 1138 τῶν
1097 1111 1248 1138 ἐπιϐουλῶν
1272 1111 1319 1138 καὶ
1340 1114 1539 1145 συκοφαντιῶν,
1566 1113 1635 1140 ἀλλὰ
1661 1114 1711 1139 καὶ
1744 1114 1817 1148 μετὰ

1027 1158 1077 1192 τὴν
1092 1157 1229 1192 τοσαύτην
1245 1157 1299 1184 τῶν
1314 1158 1440 1192 αἱμάτων
1456 1157 1545 1193 χύσιν,
1563 1159 1611 1186 καὶ
1633 1159 1684 1193 τὴν
1710 1160 1816 1194 αἰχμα-

1027 1202 1128 1229 λωσίαν
1139 1202 1193 1230 τῶν
1206 1202 1346 1237 δυστυχῶν
1362 1202 1518 1237 Ῥωμαίων,
1532 1204 1578 1230 καὶ
1587 1204 1635 1234 τὰς
1643 1204 1815 1239 διαρπαγὰς,

1027 1249 1074 1274 καὶ
1087 1249 1136 1280 τὰς
1147 1248 1306 1283 λεηλασίας,
1320 1249 1366 1274 καὶ
1381 1248 1430 1284 τὴν
1448 1249 1540 1284 κοινὴν
1558 1249 1762 1284 πανωλεθρίαν,
1778 1250 1816 1281 ὡς

1026 1294 1126 1329 εἰπεῖν,
1140 1295 1169 1320 οὑ
1183 1294 1250 1330 πρὸς
1260 1294 1334 1320 ἔλεον
1346 1295 1544 1330 κατεκάμφθη·
1555 1295 1614 1322 οὐδὲ
1629 1293 1722 1322 οἶκτον
1735 1296 1815 1323 ἔλαϐε

1026 1339 1086 1365 τινὰ
1094 1339 1148 1365 τῶν
1158 1340 1340 1374 ἀτυχούντων,
1351 1340 1418 1366 ἀλλὰ
1432 1340 1519 1366 πάντα
1532 1340 1631 1375 μᾶλλον
1641 1342 1814 1376 φορητέτερα

1026 1384 1135 1419 αὐτῷ,ἢ
1148 1385 1164 1419 ἠ
1175 1385 1241 1420 πρὸς
1250 1385 1299 1419 ἐμὲ
1308 1385 1415 1420 εἰρήνη.
1424 1386 1495 1412 Ἀλλ’
1504 1387 1568 1418 ἴσως
1578 1386 1738 1421 ὲρείῶσπερ
1748 1387 1815 1421 δῆτα

1026 1430 1198 1465 πυνθάνομαι
1214 1430 1261 1458 καὶ
1281 1431 1372 1464 λέγειν
1389 1431 1550 1466 βουλόμενος
1566 1432 1694 1467 βασιλίδα
1709 1433 1814 1468 μᾶλλον

1027 1475 1161 1509 ἐρεθίζειν
1179 1476 1245 1510 πρὸς
1258 1475 1303 1502 τὸν
1313 1477 1440 1512 πόλεμον,
1452 1477 1489 1509 ὡς
1500 1478 1552 1509 ἕως
1567 1478 1616 1513 μὲν
1631 1478 1724 1514 ὀρθοῖς
1742 1479 1814 1513 ἑώρα

188 1525 286 1560 addat)
313 1534 343 1553 se
367 1526 489 1560 quandiu
504 1531 589 1557 recta,
607 1531 634 1553 et
657 1526 730 1559 justa
753 1528 928 1562 cog'tantem,
946 1531 973 1554 et

1026 1523 1071 1548 καὶ
1080 1522 1193 1553 δικαίοις
1204 1522 1252 1556 ἐμὲ
1264 1521 1404 1557 χρώμενον
1413 1522 1564 1558 λογισμοῖς,
1572 1524 1620 1550 καὶ
1629 1524 1664 1550 τὰ
1676 1525 1814 1550 συνοίσον-

189 1570 252 1597 ﬁliis
270 1570 443 1605 imperatoris
467 1570 621 1598 studentem
645 1571 756 1604 viderit,
775 1571 843 1598 mihi
861 1571 970 1604 favisse,

188 1622 216 1643 et
231 1617 322 1650 jurala
337 1615 487 1643 factitasse.
503 1616 543 1643 Ab
555 1615 634 1642 ofﬁcii
647 1621 736 1643 autem
752 1617 848 1644 semita
865 1617 972 1644 detorto

188 1669 243 1693 me,
259 1666 286 1689 et
310 1661 337 1688 in
354 1661 444 1689 scelus
459 1661 588 1692 abeunte,
600 1662 661 1696 jure
687 1669 718 1689 ac
743 1662 840 1689 merito
854 1662 971 1696 impera-

190 1707 255 1734 toris
283 1707 351 1734 ﬁlios
376 1711 470 1734 contra
495 1714 539 1734 me
566 1706 724 1734 defendere.
744 1707 853 1738 Verum.
868 1715 884 1735 ο
902 1709 972 1736 bone

189 1754 240 1786 vir,
257 1761 374 1788 quonam
392 1753 461 1779 istttc
475 1753 654 1788 argumento?
671 1753 698 1779 Si
716 1754 788 1780 enirn
803 1753 972 1781 sufﬁcittan-

189 1803 245 1825 tum
258 1798 405 1831 afﬁrmare,
421 1802 449 1826 et
461 1798 513 1825 hoc
529 1799 561 1825 ad
581 1806 636 1825 rem
649 1799 886 1826 demonstrandam
907 1801 972 1826 satis

187 1852 248 1872 esse
264 1844 416 1872 existimari
440 1845 531 1876 debet,
556 1853 596 1872 me
620 1850 648 1872 tu
669 1845 751 1872 homo
770 1846 894 1880 insignis,
911 1847 972 1873 lon-

187 1898 273 1926 geque
288 1890 463 1918 felicissimus
489 1897 518 1918 es
528 1911 535 1923 ,
553 1891 599 1925 qui
613 1891 680 1918 adeo
695 1891 762 1918 citra
778 1891 897 1918 laborem
921 1892 971 1919 ho-

187 1937 276 1963 stibus
300 1936 356 1964 tuis
380 1938 478 1964 evadas
505 1936 638 1971 superior.
660 1937 694 1963 At
715 1937 787 1963 enim
813 1937 972 1972 quotidiana

188 1981 316 2017 ﬁgmenta
340 1986 397 2014 tua,
416 1987 443 2010 et
467 1990 602 2017 perversae
618 1982 752 2014 actiones,
767 1982 794 2008 in
811 1982 911 2016 quibus
924 1982 971 2009 de-

188 2029 341 2063 prehensus
359 2036 399 2061 es,
428 2028 498 2063 apud
525 2028 624 2054 inultos
643 2027 713 2055 hanc
740 2032 765 2054 te
786 2027 885 2054 habere
913 2028 972 2063 opi-

188 2075 297 2102 nionem
318 2083 372 2101 non
399 2075 500 2102 sinent.
531 2073 579 2100 Siti
606 2078 695 2100 autem
718 2073 788 2100 istuc
815 2080 869 2100 non
883 2073 971 2101 solum

188 2121 272 2156 loqui,
291 2121 339 2148 sed
352 2125 379 2148 et
393 2125 490 2155 putare
504 2120 662 2146 insanorum
679 2124 732 2151 est,
751 2119 922 2154 relinquitur.
944 2125 972 2147 ut

189 2167 365 2200 probationes
392 2165 536 2193 alierendze
565 2165 629 2192 sint.
658 2164 747 2197 Quare
778 2166 800 2192 si
830 2165 971 2200 Quidpiam

188 2211 377 2246 hujuscemodi
401 2211 434 2238 de
456 2217 499 2237 uie
514 2210 599 2242 novit,
625 2210 711 2245 palam
735 2218 777 2236 uie
801 2211 971 2245 redargual:

187 2258 268 2294 607
300 2258 340 2285 sin
361 2257 397 2284 ab
414 2257 466 2284 alio
488 2264 517 2283 se
537 2256 678 2291 accepisse
700 2256 780 2289 dicat,
803 2261 886 2284 testes
908 2264 973 2291 pro-

188 2306 280 2337 ducat,
306 2303 376 2339 quod
395 2311 449 2330 non
471 2303 575 2337 poterit
597 2310 604 2329 :
622 2302 676 2329 nisi
697 2310 804 2329 rursum
820 2310 873 2329 non
893 2310 973 2337 argu-

190 2350 315 2382 mentari,
332 2350 380 2377 sed
400 2349 590 2385 sycophantari
615 2349 802 2376 tantummodo
820 2348 895 2375 velit.
917 2349 973 2383 Ego

189 2404 254 2423 vero
279 2403 312 2423 et
332 2396 389 2430 ipsa
413 2403 441 2422 re
455 2395 655 2422 ﬁrmamentum
683 2398 772 2429 petant
800 2394 973 2422 evidentissi-

189 2449 274 2468 mum.
291 2439 383 2475 Neque
395 2441 468 2467 euiui
479 2443 625 2474 antequam
641 2440 740 2466 bellum
755 2439 793 2466 illi
808 2439 972 2470 excitarunt,

189 2495 278 2522 neque
292 2487 385 2513 statim
411 2492 440 2513 ut
466 2486 630 2518 excitarunt,
654 2486 695 2512 Vel
720 2486 877 2512 meditatum
902 2493 972 2518 esse,

189 2532 232 2559 vei
247 2531 346 2559 fecisse
365 2531 512 2565 quidquam
535 2530 694 2557 insidiarum
721 2530 783 2556 ﬁliis
801 2529 974 2565 imperatoris

188 2579 297 2606 ostendi
312 2582 401 2612 potest
419 2585 427 2604 :
451 2577 498 2604 sed
520 2581 580 2611 post
597 2576 692 2603 matris
712 2575 897 2610 meaeﬁliique
915 2583 974 2602 car-

188 2631 296 2656 cerem;
312 2627 375 2658 post
399 2629 522 2650 mearum
539 2621 707 2649 fortunarum
728 2621 973 2655 despoliationem;

187 2674 249 2705 post
276 2670 437 2701 amicorum,
471 2672 703 2705 cognatorumque
736 2667 973 2702 proscriptionem,

189 2724 243 2744 non
259 2716 292 2743 ad
311 2716 501 2743 ulcisdcndum
517 2723 577 2742 sutn
595 2721 747 2749 aggressus.
765 2713 812 2740 sed
825 2713 973 2747 aspiciens,

188 2770 242 2797 quo
252 2762 383 2789 malorum
393 2761 493 2788 bellum
504 2765 626 2787 mutuutn
637 2759 774 2791 evaderet,
783 2759 856 2786 dolui
864 2759 973 2793 quidem

187 2808 221 2836 ab
230 2807 310 2835 initio
318 2812 410 2835 natum
420 2810 521 2839 8558,61
530 2805 595 2833 illud
603 2806 678 2840 quasi
690 2805 824 2831 ﬂammam
836 2805 974 2832 irritantes

188 2853 304 2888 graviter
316 2860 431 2888 peccare
441 2852 505 2880 duxi
517 2860 524 2878 :
534 2853 592 2887 ipse
604 2855 810 2886 vcro,quantum
821 2851 848 2877 in
860 2859 902 2878 me
911 2850 963 2878 fuit

990 2200 1010 2227 D

1025 1576 1059 1594 τα
1069 1569 1124 1598 τοῖς
1135 1567 1265 1603 βασιλέως
1281 1568 1474 1603 βουλευόμενον
1489 1570 1594 1602 παισὶν,
1607 1570 1703 1599 εὔνους
1716 1568 1750 1606 ἦν
1767 1571 1812 1597 καὶ
1847 1578 1851 1582 ”

1025 1613 1119 1647 αὺτδςί
1128 1614 1172 1639 καὶ
1184 1613 1295 1648 ἐνέμενε
1314 1615 1368 1646 τοῖς
1380 1614 1470 1649 ὅρκοις
1482 1623 1489 1630 ·
1502 1615 1749 1651 ὲπειδ¹ὲξετράπην
1759 1617 1812 1642 τῶν

1024 1658 1051 1684 δε
1057 1659 1137 1685 ἐντων
1149 1659 1197 1686 καὶ
1209 1659 1321 1693 εἱλόμην
1331 1659 1541 1692 ἀδικεῖν,δίκαια
1550 1661 1635 1687 ποιῶν
1648 1662 1731 1693 αὐτὸς
1742 1661 1812 1696 ἀμύ-

1025 1712 1101 1730 νεται
1118 1704 1188 1738 ὑπὲρ
1202 1704 1256 1730 τῶν
1273 1704 1404 1739 βασιλέως
1419 1705 1534 1732 παίδων.
1552 1706 1607 1733 Καὶ
1620 1707 1662 1737 τίς
1677 1708 1780 1733 τούτων
1793 1707 1809 1741 ἡ

1025 1747 1201 1781 ἀπόδειξις,ὦ
1210 1749 1300 1784 ’γαθέ;
1315 1751 1344 1776 Εἰ
1354 1750 1404 1784 μὲν
1413 1751 1466 1786 γὰρ
1478 1752 1557 1786 ἀρκετ
1569 1752 1649 1787 μόνον
1659 1753 1810 1784 είπείν,καὶ

1024 1794 1197 1830 τοῦτ’ἀρκεῖν
1206 1796 1332 1830 ἡγεῖσθαι
1347 1797 1416 1831 πρὸς
1424 1797 1562 1830 ἀπόδειξιν
1571 1797 1619 1824 τοῦ
1630 1799 1808 1834 πράγματος,

1024 1841 1061 1872 ὼς
1077 1841 1202 1876 λαμπρὸς
1218 1839 1254 1873 εἴ,
1278 1843 1325 1868 καὶ
1340 1842 1375 1869 τὰ
1402 1843 1519 1877 μέγιστα
1535 1843 1703 1879 εὐτύχηκας,
1725 1845 1809 1876 οὓτως

1025 1884 1131 1915 ἀπόνως
1141 1884 1196 1910 τῶν
1211 1885 1314 1920 ἐχθρῶν
1331 1887 1548 1922 περιγινόμενος.
1565 1887 1637 1914 Ἀλλ’
1653 1889 1683 1914 οὑ
1700 1898 1809 1924 συγχω-

1026 1930 1140 1964 ρήσουσι
1165 1931 1200 1957 τὰ
1226 1930 1388 1971 καθημέρίιν
1404 1931 1565 1967 πλάσματα,
1582 1934 1631 1960 καὶ
1645 1933 1676 1960 τὸ
1693 1934 1762 1969 πρὸς
1776 1935 1808 1961 τὰ

1025 1975 1115 2010 φαῦλα
1130 1976 1294 2010 κατάφωρον
1307 1977 1362 2003 τῶν
1381 1977 1472 2011 ἔργων
1491 1978 1620 2014 τοιαύτην
1641 1979 1717 2014 ἔχειν
1731 1980 1809 2012 δόξαν

1025 2022 1102 2056 παρὰ
1115 2024 1172 2052 τοῖς
1189 2022 1308 2055 πολλοῖς.
1331 2023 1362 2050 El
1375 2024 1402 2050 δὲ
1416 2015 1495 2051 τοῦτο
1514 2025 1563 2059 μὲν
1583 2025 1809 2061 μελαγχολῶντος

1025 2069 1073 2103 οὐχ
1088 2070 1128 2095 ὃτι
1142 2069 1244 2104 λέγειν,
1257 2069 1330 2110 ριλλὰ
1352 2070 1397 2096 καὶ
1414 2070 1530 2105 οἴεσθαι,
1543 2071 1635 2110 λοιπον
1651 2073 1742 2099 τοίνυν
1757 2082 1809 2107 χω-

1027 2116 1084 2150 ρεῖν
1100 2114 1168 2150 πρὸς
1184 2116 1247 2147 τοὺς
1267 2116 1407 2151 ἐλέγχους.
1422 2117 1451 2142 Εἰ
1471 2118 1520 2151 μὲν
1537 2115 1583 2144 οὖν
1598 2118 1661 2153 ἐμοί
1677 2127 1704 2144 τι
1724 2118 1809 2144 σύνοι-

1025 2161 1070 2187 δεν
1085 2161 1164 2192 αὐτὸς
1176 2161 1308 2194 τοιοῦτον,
1324 2162 1492 2197 ἑξελεγχέτω
1511 2164 1650 2199 φανερῶς·
1665 2165 1689 2190 εἰ
1710 2164 1733 2190 δ’
1750 2165 1809 2191 ὲτέ-

1026 2215 1080 2241 ρων
1112 2208 1195 2242 φησὶν
1209 2207 1369 2242 ἀκηκοέναι,
1389 2208 1537 2244 παραγέτω
1568 2209 1631 2240 τοὺς
1649 2210 1806 2245 μάρτυρας·

1024 2252 1143 2279 ἀλλὀὐκ
1162 2253 1195 2279 ἂν
1210 2253 1279 2288 ἔχοι,
1305 2255 1329 2280 εί
1360 2255 1398 2289 μὴ
1421 2255 1601 2288 συκυφαντείν
1617 2253 1696 2286 αὖθις
1717 2256 1808 2288 ἀνεξέ-

1024 2298 1128 2331 λεγκτα
1143 2298 1243 2325 ἐθέλοι.
1266 2298 1338 2332 Ἐγὼ
1361 2299 1390 2325 δὲ
1414 2300 1462 2335 τὴν
1480 2300 1534 2326 ἀπὸ
1548 2300 1603 2327 τῶν
1618 2301 1708 2335 ἔργων
1724 2302 1808 2337 παρέ-

1025 2343 1105 2378 ξομαι
1117 2344 1321 2379 ἐναργεστάτην
1339 2345 1506 2380 μαρτυρίαν.
1524 2345 1592 2372 Οὔτε
1612 2346 1667 2381 γὰρ
1683 2347 1748 2379 πρὶν
1763 2348 1806 2374 τὸν

1025 2390 1144 2424 πόλεμον
1157 2390 1302 2426 κινηθῆναι
1315 2391 1379 2426 παρ’
1395 2392 1570 2425 αὑτῶν,”οῠτε
1584 2393 1806 2428 βεϐουλευμένος,

1025 2435 1086 2462 οὔτε
1103 2436 1209 2471 πράξας
1221 2445 1248 2463 τι
1267 2438 1335 2471 πρὸς
1358 2438 1506 2473 ἐπιϐουλὴν
1521 2439 1575 2465 τῶν
1596 2439 1731 2474 βασιλέως
1747 2440 1809 2466 παῖς

1024 2481 1077 2508 δων
1095 2482 1127 2509 ἂν
1144 2483 1269 2518 φανείην,
1299 2483 1356 2510 οὒτ’
1381 2484 1463 2516 εὐθὺς
1479 2484 1631 2520 ἡργμένοψ
1652 2486 1723 2513 ἀλλὰ
1742 2487 1808 2521 μετᾶ

1024 2528 1073 2562 τὴν
1091 2529 1140 2562 τῆς
1167 2531 1269 2565 μητρὸς
1298 2530 1346 2556 καὶ
1374 2530 1422 2556 τοῦ
1453 2531 1513 2557 υίοῦ
1543 2531 1669 2567 εἱρκτὴν,
1695 2533 1743 2558 καί
1763 2534 1808 2567 τὴν

1024 2575 1206 2610 ἀποστέρησιν
1226 2575 1281 2602 τῶν
1296 2575 1391 2610 ὅντων,
1417 2577 1464 2603 καὶ
1481 2577 1529 2611 τὴν
1545 2577 1678 2612 δήμευσιν
1697 2579 1753 2606 τῶν
1768 2580 1808 2614 φί-

1024 2621 1087 2653 λων,
1102 2621 1214 2649 καὶτῶν
1230 2622 1382 2655 συγγενῶν,
1398 2623 1429 2650 οὗ
1441 2622 1509 2658 πρὸς
1521 2623 1551 2649 τὸ
1565 2623 1720 2657 ἀμύνεσθαι
1735 2626 1808 2660 ἐτρε-

1024 2667 1128 2702 πῧμην,
1145 2667 1202 2693 ἀλλ’
1214 2667 1285 2702 ὁρῶν
1302 2668 1326 2694 οἰ
1340 2668 1434 2695 κακῶν
1451 2669 1466 2694 ό
1487 2669 1555 2702 πρὸς
1570 2669 1703 2704 ἀλλήλους
1717 2671 1808 2697 τελευ-

1024 2712 1102 2746 τήσει
1117 2712 1245 2746 πόλεμος,
1261 2712 1384 2748 ἠχθόμην
1403 2713 1452 2747 μὲν
1477 2715 1655 2748 κινουμένου,
1675 2715 1726 2741 καί
1747 2715 1808 2746 τοὺς

1025 2757 1223 2792 παροξύνοντας
1246 2758 1275 2784 ἐν
1297 2759 1399 2790 αίτίαις
1412 2757 1499 2793 ἦγον·
1523 2759 1602 2791 αὐτὸς
1628 2759 1658 2786 δὲ
1683 2760 1722 2792 ὡς
1738 2757 1807 2795 εἶχον

1026 2803 1144 2838 μάλιστα
1157 2802 1324 2835 ἐσπούδαζον
1342 2804 1501 2836 καταλύειν,
1517 2804 1564 2830 καὶ
1577 2805 1730 2839 πρεσϐείαν
1742 2805 1807 2840 ὐῇρ

1025 2849 1074 2884 τῆς
1092 2849 1202 2885 εἰρήνης
1225 2849 1387 2886 ἐποιούμην.
1416 2850 1471 2878 Καὶ
1496 2852 1545 2886 τὴν
1565 2851 1645 2887 δίκην
1674 2852 1805 2887 ἀπῄτουν,
