1915 3086
184 147 253 180 1145

718 158 722 164 “
745 141 1019 176 HISTORIAEUM
1044 142 1158 171 LIBER
1179 141 1236 171 Ill.

1734 139 1801 171 1146

180 205 229 233 καὶ
243 204 275 231 οὐ
285 204 468 240 παρῃτούμην
482 202 512 229 τδ
526 203 563 238 μὴ
578 201 680 229 διδόναι
695 201 784 232 δίκας.
798 202 831 228 ἂν
847 200 956 234 ἐλέγχω

1019 197 1044 224 id
1062 197 1232 232 exstinguere
1246 196 1411 228 laboravi,ct
1426 196 1587 230 legationem
1597 195 1630 222 de
1642 203 1705 230 pace
1717 198 1777 223 misi
1790 206 1797 230 ;

183 258 231 284 μαι
243 249 393 283 ἐπιορκῶν.
410 248 507 280 Δὺτοίς
524 248 552 274 δὲ
573 247 701 274 τοσοῦτον
717 247 838 281 ἐμέλησε
858 245 906 272 τοῦ
929 245 963 271 τὰ

180 294 273 320 δίκαια
289 295 387 325 ποιεῖν,
406 293 422 328 ἢ
441 294 568 328 πρόνοιάν
585 302 646 320 τινα
665 292 801 319 ποιεῖσθαι
816 291 862 317 τοῦ
879 300 963 318 κατα-

179 337 292 364 λύεσθαι
311 339 356 364 τδν
375 339 502 373 πόλεμον,
526 339 596 365 ὥστε
612 339 658 365 ἐπὶ
673 339 730 369 τοῖς
759 338 891 372 πρότερον
915 346 962 371 γε-

178 383 338 418 γενημένοις
352 384 402 418 ἐμὲ
419 384 505 411 πολλὰ
522 384 759 419 περιυϐρίσαντες,
776 384 823 409 καὶ
837 383 962 418 λοιδορη-

182 429 295 462 σάμενοι
313 430 357 455 ἐπ’
373 429 533 464 ἐκκλησίας,
544 430 640 457 ἔπειτα
659 431 898 466 ἔρεσχελήσαντες,
914 431 961 456 καὶ

180 476 244 505 τοὺς
261 475 389 509 πρέσὸεις
404 475 590 508 κακώσαντες,
603 477 640 507 ὡς
657 477 773 510 μάλιστα
793 477 961 511 ἀπέπεμψαν

180 520 349 554 ἀπράκτους.
377 522 455 548 Μετᾶ
481 522 561 548 τοῦτο
590 523 618 548 δὲ
637 522 730 558 ὥσπερ
754 523 845 557 ἔργοις
869 524 961 554 αὐτοῖς

180 565 338 600 βουλόμενοι
365 568 520 601 καταφανὲς
540 570 638 600 ποιεῖν,
653 569 695 594 ὅτι
718 568 765 595 τοῦ
786 569 892 595 δικαίου
911 569 961 603 μὲν

178 611 273 638 οὐδένα
289 612 429 639 ποιοῦνται
443 614 533 648 λόγον,
545 615 604 640 οὐδὲ
617 615 781 649 προφάσεως
796 615 868 646 τινὸς
878 615 960 641 ἓνεκα

179 657 359 692 εὐπροσώπου
376 659 480 686 εἴλοντο
493 662 538 686 τὴν
553 661 679 694 πόλεμον,
694 661 750 687 ἀλλ’
766 661 816 694 ἐμὲ
830 661 960 688 ἀποκτεί-

179 710 234 728 νειν
254 703 286 729 ἐκ
314 705 411 736 παντὸς
428 706 530 740 τρόπου
558 707 703 741 ᾑρημένοι,
737 708 886 742 πρᾶσχημα
912 707 959 733 τοῦ

178 747 299 782 πιλέμου
326 750 371 775 τὸν
389 750 460 785 ὑπὲρ
481 751 618 785 βασιλίδος
646 752 784 779 ποιοῦνται
804 753 897 787 ζῆλον,
916 754 960 780 θε-

178 793 320 824 σπίσματα
336 795 498 830 πεπόμφασι
525 797 652 832 πανταχῆ
675 798 729 824 τῶν
749 798 853 824 πόλεων
868 799 958 825 πᾶσαν

158 880 162 885 ⁴
177 839 281 866 εἴσοδον
294 841 357 875 ἐμοὶ
382 842 451 876 πρὸς
466 843 552 874 αὐτὰς
566 843 785 879 ἀπαγορεύοντα,
800 845 849 871 καὶ
868 844 958 870 κοινὸν

177 884 308 919 πολέμιον
325 886 535 915 ἀποδεικνύντα.
556 889 610 914 Καὶ
623 889 652 915 οὺ
671 889 751 924 μέχρι
767 889 862 917 τούτου
877 890 958 922 ἐστη-

177 937 228 956 σαν
243 931 292 966 τὴν
307 932 433 965 ἀτοπίαν,
452 933 520 960 ἀλλὰ
536 935 582 960 καὶ
596 934 690 961 ἐνθάδε
707 935 884 968 διατρίϐοντι,
897 935 960 961 ὲκέ-

178 975 257 1003 λευον
275 976 325 1012 τῆς
341 977 429 1012 πύλης
450 979 486 1014 μὴ
510 979 679 1014 προϐαίνειν·
700 980 769 1006 ἀλλά
787 981 856 1007 οἴκοι
872 981 958 1016 καθή-

179 1029 271 1056 μενον,
297 1021 346 1057 τὴν
365 1023 532 1058 ἀναιροῦσαν
553 1024 643 1059 ψῆφον
661 1026 830 1060 περιμένειν.
856 1026 888 1052 Τί
905 1026 959 1053 νοῦν

179 1074 213 1100 με
229 1067 297 1102 πρὸς
311 1067 398 1095 ταῦτα
417 1071 506 1096 ποιεῖν
521 1071 605 1105 ἐχρῆν
632 1071 703 1106 πρὸς
717 1072 804 1105 αὐτῆς
827 1072 877 1106 τῆς
894 1072 960 1107 ἁληι

178 1112 274 1146 θείας;
291 1114 539 1150 συγκαλυψάμενον
571 1118 731 1151 περιμένειν
757 1117 806 1152 τὴν
831 1120 956 1153 σφαγήνς

183 1158 254 1185 ’Δλλ’
267 1160 317 1186 οὐκ
331 1161 365 1187 ἂν
386 1161 462 1193 ἔδοξα
477 1163 678 1197 σωφρονοῦντος
692 1163 808 1198 χρῆσθαι
819 1164 958 1199 λογισμοῖς

176 1205 264 1236 οὕτως
279 1206 384 1238 ἀκλεῶς
398 1208 444 1234 καὶ¹
464 1208 569 1242 ἀτίμως
582 1209 773 1244 ἀποθνήσκων·
791 1210 858 1236 ἀλλὰ
872 1219 958 1238 κατα-

179 1249 317 1283 πλαγέντοι
336 1251 405 1286 πρὸς
418 1251 467 1287 τὴν
481 1253 584 1288 ἀθρόαν
606 1253 661 1280 τῶν
679 1255 852 1289 πραγμάτων
874 1264 958 1290 μετα-

177 1294 270 1330 ϐολὴν,
289 1296 370 1323 δοῦλα
384 1299 494 1332 φρονεῖν
510 1299 557 1325 καὶ
567 1299 744 1334 ἀνελεύθερα,
771 1303 818 1326 καὶ
843 1302 958 1336 παραδι-

177 1340 251 1367 δόναι
271 1344 513 1378 παρακοιμωμένῳ
529 1345 658 1378 ἐμαυτὸν,
682 1345 747 1371 ὥστ’
771 1346 815 1371 ἐπ’
833 1346 958 1379 ἐξουσίας

177 1386 250 1421 ἔχειν
273 1387 366 1419 κακῶς
392 1391 490 1422 ποιεῖν,
522 1391 570 1417 καὶ
596 1392 637 1422 εἰς
663 1392 839 1427 δεσμωτήρια
868 1394 955 1427 ἄγειν,

177 1431 272 1467 ὥσπερ
290 1433 324 1460 τὰ
339 1434 493 1468 ἀνδράποδα
511 1436 613 1467 ἐκεῖνα,
626 1437 651 1462 οἳ
663 1438 734 1471 σφᾶς
747 1438 846 1470 αὐτοὺς
861 1439 957 1473 ἐκείνῳ

176 1479 410 1514 παραδεδωκότες,
437 1483 461 1508 ol
496 1481 545 1516 μὲν
571 1482 677 1509 οἰκοῦσι
704 1483 880 1519 δεσμωτήρια
908 1485 953 1519 δη-

1015 243 1180 278 etjudicium
1190 243 1339 278 petivi,nec
1348 243 1476 277 pa-nas.si
1486 243 1797 277 perjuriiconvincerer,

1015 292 1175 326 deprecatus
1190 298 1260 318 sutn.
1277 292 1310 318 At
1324 291 1389 326 ipsis
1399 291 1467 318 adeo
1477 299 1548 318 cura:
1562 299 1616 318 non
1631 291 1681 318 fuit
1695 291 1797 318 servire

1013 338 1136 372 justitite,
1146 341 1192 365 aut
1200 337 1390 372 cogitationem
1401 337 1516 372 aliquam
1529 337 1589 364 belli
1600 337 1796 372 comprimendi

1013 385 1162 417 suscipere,
1185 388 1214 410 ut
1231 391 1312 418 supra
1334 383 1437 418 priores
1454 383 1579 417 injurias.
1597 388 1625 410 et
1642 383 1795 416 maledicta,

1015 430 1101 457 multo
1118 430 1266 463 majoribus
1283 430 1308 455 in
1332 435 1466 456 conventu
1483 437 1526 456 me
1541 430 1693 459 onerarint,
1712 434 1737 455 et
1758 429 1797 455 le—

1013 481 1090 510 gatos
1105 483 1135 503 sc
1146 476 1263 502 untnatis
1278 475 1371 502 illusos
1387 475 1583 509 insigniterque
1595 479 1717 503 vexatos.
1735 475 1795 501 sine

1013 529 1145 556 responso
1169 521 1333 548 dimisi-rint.
1354 521 1392 546 Ad
1409 521 1466 547 hzec
1490 521 1562 547 velut
1575 528 1656 554 opere
1671 521 1729 554 ipso
1748 527 1795 546 vo-

1013 568 1103 594 lentes
1118 567 1257 594 declarare
1273 574 1302 593 se
1318 570 1496 592 contemnere
1507 566 1650 599 justitiam,
1668 574 1702 592 ne
1718 566 1794 592 colo-

1013 621 1071 641 rem
1092 618 1147 639 tum
1164 613 1284 646 quidem,
1303 619 1348 638 seu
1366 611 1548 637 velamentum
1570 612 1632 638 belli
1651 612 1794 638 hom-stum

1011 661 1203 695 qua-siverunt,
1223 660 1270 685 sed
1292 663 1320 685 ut
1339 666 1380 684 me
1401 665 1511 692 quoquo
1534 658 1614 684 modo
1629 658 1793 692 jugularent,

1011 705 1313 738 ardens-itnperatricis
1339 704 1447 730 tuendae.
1475 703 1595 730 studium
1626 703 1794 735 simulantes,

1010 753 1099 780 edicta
1115 752 1327 784 circumquaque
1344 757 1392 784 per
1406 750 1488 776 urbes
1503 749 1682 779 missitarunt,
1697 749 1796 782 quibus

1010 803 1037 826 et
1060 804 1205 824 commune
1222 796 1322 823 bellum
1338 795 1535 829 signiﬁcarent,
1559 799 1585 821 et
1609 795 1683 821 otnni
1698 795 1730 820 atl
1751 802 1796 821 eas

1011 845 1085 872 aditu
1108 844 1175 871 milii
1199 843 1403 870 interdicerent.
1426 841 1521 876 Neque
1539 841 1610 868 intra
1626 841 1676 868 bos
1696 840 1796 867 limites

1011 899 1041 918 se
1065 890 1201 917 continuit.
1224 896 1319 916 eorum
1347 888 1531 922 improbitas:
1549 887 1614 921 quin
1643 886 1723 913 etiam
1749 886 1796 913 bic

1012 935 1230 972 (Didymotichi)
1253 933 1375 962 versanti
1404 933 1470 959 mihi
1495 931 1674 966 imperarunt,
1689 938 1723 957 ne
1747 938 1795 965 pc-

1010 984 1071 1010 detn
1089 987 1166 1022 extra
1179 986 1283 1016 portam
1297 979 1372 1007 urbis
1386 979 1524 1010 eﬂerrem,
1538 979 1584 1006 sed
1599 978 1672 1006 domi
1685 977 1793 1010 sedens,

1009 1029 1173 1055 sententiam
1191 1027 1334 1062 capitalem
1362 1030 1562 1061 exspectarem.
1590 1024 1659 1057 Quid
1680 1024 1739 1058 (per
1755 1024 1795 1057 ip-

1010 1083 1067 1103 sam
1087 1074 1228 1102 veritatem
1247 1080 1338 1107 quaeso
1353 1074 1414 1107 vos)
1432 1072 1475 1099 hic
1491 1080 1533 1099 me
1545 1071 1635 1098 facere
1653 1070 1795 1104 oportuit?

1010 1122 1080 1149 intra
1101 1121 1220 1155 parietes
1242 1120 1338 1150 latere,
1364 1123 1392 1145 et
1416 1125 1511 1145 necem
1534 1116 1712 1151 exspectare?
1727 1115 1793 1148 Quis

1010 1176 1121 1196 tne-non
1138 1168 1242 1195 fatuum
1254 1170 1421 1198 numeraret,
1437 1165 1458 1192 si
1475 1165 1525 1196 sic,
1540 1164 1613 1190 nulla
1628 1171 1689 1190 cum
1705 1162 1794 1193 laude,

1009 1216 1073 1251 quiti
1089 1214 1178 1250 potius
1193 1221 1255 1240 cum
1272 1212 1406 1238 dedecore
1422 1210 1568 1237 morerer?
1585 1209 1624 1235 An
1640 1208 1792 1243 perculsum

1011 1268 1064 1289 tam
1093 1259 1235 1295 repentina
1260 1265 1351 1285 rerum
1370 1256 1549 1284 conversione
1574 1254 1741 1285 illiberalem,
1764 1261 1795 1280 ac

1011 1307 1137 1336 servilem
1154 1313 1254 1341 gerere
1271 1303 1403 1335 anitnum,
1422 1302 1584 1336 tradereque
1606 1309 1648 1341 me
1664 1299 1792 1335 praefecto

1009 1353 1140 1383 cubiculi,
1153 1353 1197 1387 qui
1213 1353 1275 1387 jure
1290 1359 1340 1378 suo
1354 1349 1421 1376 mibi
1440 1349 1530 1376 facere
1555 1347 1625 1374 male
1640 1337 1740 1380 posset
1765 1350 1793 1372 et

1009 1400 1036 1426 in
1062 1406 1200 1426 carcerem
1219 1397 1338 1429 trudere,
1358 1400 1388 1423 ut
1412 1395 1463 1422 alia
1486 1394 1631 1428 mancipia,
1647 1399 1706 1426 qua:
1723 1392 1792 1418 ultro

1009 1453 1038 1472 se
1052 1445 1089 1471 illi
1105 1444 1287 1475 tradiderunt,
1304 1443 1419 1476 quorum
1438 1440 1548 1475 quidam
1564 1439 1641 1466 l.onis
1655 1439 1710 1465 suis
1728 1441 1791 1463 ante

1009 1491 1060 1518 sub
1075 1489 1207 1524 praeconis
1221 1496 1316 1515 vocem
1339 1487 1480 1521 subjectis,
1501 1490 1529 1512 et
1551 1484 1634 1511 variis
1659 1482 1791 1510 acerbita-

176 1526 289 1560 μεύσεις
307 1527 441 1561 πρότερον
457 1528 666 1563 ὑπομείναντες,
683 1531 729 1556 καὶ
746 1530 832 1557 ἄλλων
857 1532 956 1565 πεῖραν

1009 1537 1080 1564 tibus
1106 1530 1238 1567 allii'etali,
1255 1542 1380 1561 carceres
1405 1533 1539 1564 incolunt,
1560 1531 1606 1557 alii
1628 1537 1683 1556 non
1712 1535 1792 1556 secus

174 1572 313 1607 δυσχερῶν
327 1573 452 1600 πολλῶνο
471 1574 496 1600 ol
520 1574 543 1600 δ’
568 1575 599 1601 ὲν
624 1576 716 1609 Καρὸς
738 1575 818 1611 μοίρᾳ
843 1577 957 1610 ἄγονται

176 1619 222 1645 καὶ
237 1618 377 1653 φέρονται,
395 1620 449 1645 πᾶν
472 1619 503 1646 τδ
529 1621 764 1656 προσταττόμενον
790 1622 836 1648 ὑπ’
851 1623 955 1648 ἐκείνου

176 1666 262 1691 ποιεῖν
279 1665 387 1699 ἔχοντες
417 1659 551 1701 ἀνάγκην.
581 1668 636 1693 Καὶ
664 1667 750 1694 ποίων
772 1668 803 1694 οὺ
831 1669 955 1695 θανάτων

174 1711 288 1743 ἀντάξια
306 1712 412 1747 μυρίων
426 1713 530 1746 ταῦτα;
557 1714 572 1748 ἢ
601 1715 668 1741 πότε
684 1715 717 1741 ἂν
739 1716 752 1741 δ
776 1715 851 1750 ἥλιος
866 1717 956 1743 ἐπεῖδε

177 1758 290 1792 μείζονα
315 1758 362 1785 καὶ
383 1759 602 1794 παραδοξοτέραν
619 1760 745 1792 ἀτοπίαν,
768 1760 838 1787 ὥστε
861 1762 906 1788 τὸν
924 1763 956 1788 ὲκ

176 1805 304 1840 κοπρίας,
321 1805 334 1831 ’ό
349 1813 442 1840 φασιν,
456 1805 599 1840 ἄνθρωπον
617 1806 663 1832 ὑπ’
677 1807 744 1841 ἐμοῦ
760 1809 956 1843 γεγενημένον,

175 1851 224 1877 καὶ
239 1851 310 1885 μέγα
323 1851 535 1886 σεμνυνόμενον,
551 1852 584 1878 ἂν
595 1852 642 1878 καὶ
654 1852 810 1887 βλέμματος
824 1854 956 1889 ἐτύγχανε

176 1897 340 1932 προσηνοῦς,
364 1897 379 1932 ἢ
399 1897 480 1931 λόγου
502 1897 575 1929 τινὸς
593 1898 735 1930 δοκοῦντος
765 1900 887 1934 εὐμενῶς
916 1901 956 1926 εί-

178 1944 288 1979 ρῆσθαι,
306 1944 401 1971 τοῦτον
412 1945 534 1979 ὑϐρίζειν
556 1946 629 1980 ἔχειν
646 1946 686 1977 είς
705 1946 766 1978 ἐμὲ,
788 1947 835 1973 καὶ
859 1949 892 1982 τῇ
909 1947 957 1973 αὑ-

175 1989 279 2026 θαδείᾳ,
297 1990 344 2016 καὶ
360 1990 531 2025 κακοτροπίᾳ
554 1991 743 2025 χρῆσθαι;Δι¹
768 1992 786 2019 ἃ
808 1992 852 2027 δὴ·
866 1994 956 2020 πάντα

176 2036 272 2068 σώζειν
288 2036 408 2071 ἐμαυτὸν
431 2036 556 2071 εἱλόμην,
572 2037 618 2063 καὶ
633 2037 696 2068 τοὺς
712 2038 852 2070 συνόντας·
869 2040 917 2065 καὶ
941 2039 955 2065 δ

176 2083 306 2113 πολλάκις
332 2083 346 2110 ὁ
376 2082 510 2117 μακάριος
539 2082 578 2117 τῷ
604 2082 662 2109 ὄντι
691 2082 819 2118 βασιλεὺς
852 2086 956 2119 ἐκεῖνος

173 2130 312 2165 ἠνάγκαζε
328 2130 424 2162 ποιεῖν,
443 2129 538 2164 ὥσπερ
552 2131 654 2162 πάντες
671 2129 744 2157 ίσασι
760 2131 865 2165 σαφῶς,
882 2134 956 2160 τοῦτ’

175 2176 310 2211 ἔπραττον
328 2176 374 2202 ὑπ’
390 2175 502 2202 ἐκείνων
518 2176 636 2210 μάλιστα
663 2176 704 2208 εἰς
727 2178 857 2213 τοιαύτην
873 2180 956 2214 ἀνάγ-

175 2229 228 2256 κην
244 2221 487 2255 συνενηνεγμένος,
500 2222 549 2255 τῆς
560 2221 651 2255 κοινῆς
665 2221 785 2255 ἐμαυτοῦ
796 2231 824 2249 τε
841 2224 886 2249 καὶ
900 2224 955 2251 τῶν

175 2267 244 2293 ὅλων
261 2267 399 2301 σωτηρίας
428 2265 519 2294 ἕνεκα.
546 2267 602 2293 Καὶ
630 2267 659 2300 ἐξ
687 2267 791 2294 ἐκείνου
818 2269 882 2304 ἄχρι
909 2270 956 2298 νῦν

174 2312 302 2339 οὐδέποτε
321 2313 484 2348 ἐπαυσάμην
501 2312 566 2348 περὶ
585 2313 698 2348 εἰρήνης
710 2313 835 2348 δεόμενος
852 2315 953 2342 αὐτῶν.

180 2359 250 2385 Ἀλλ’
266 2358 411 2392 ἀνθέρικον
437 2358 508 2384 δοκῶ
532 2358 660 2393 θερίζειν·
688 2359 776 2385 πάντα
794 2360 847 2394 γὰρ
864 2361 955 2391 αὐτοῖς

175 2402 275 2436 μᾶλλον
287 2401 304 2436 ἢ
320 2402 336 2435 ἠ
354 2402 448 2436 εἰρήνη
467 2403 577 2430 ἀνεκτά.
600 2403 770 2437 Σκεψώμεθα
781 2404 812 2440 δὴ
840 2406 955 2440 πότερος

174 2448 274 2475 ἀδικῶν
289 2447 414 2481 φαίνεται
428 2448 476 2474 καὶ
487 2449 624 2481 ἐπιορκῶν
650 2457 657 2464 ·
667 2450 681 2476 ό
694 2451 744 2486 τήν
753 2459 783 2477 τε
798 2451 886 2486 ἀρχὴν
901 2454 956 2480 τοῖς

173 2493 266 2527 ὅρκοις
277 2492 423 2527 ἐπιμείνας
434 2492 512 2527 ἄχρις
523 2488 553 2518 οῦ
569 2494 640 2520 κατὰ
651 2494 752 2528 κράτος
766 2497 955 2532 κατελύθησαν

175 2537 227 2564 ὐπὺ
243 2537 297 2564 τῶν
314 2537 516 2571 πολεμούντων,
530 2538 578 2564 καὶ
590 2539 672 2573 μέχρι
685 2540 733 2567 νῦν
750 2541 877 2575 δεόμενος
891 2543 956 2578 περὶ

174 2583 299 2619 εἰρήνης,
325 2584 374 2610 καὶ
388 2584 435 2610 τὸν
453 2583 572 2619 πόλεμον
587 2584 687 2613 ἐθέλων
708 2587 887 2620 καταθέσθαι,
908 2589 925 2624 ἤ
941 2591 955 2616 ὁ

1008 1591 1088 1619 quam
1115 1583 1198 1610 Cares
1226 1586 1355 1615 aguntur.
1377 1585 1572 1614 raptanturth
1597 1583 1710 1604 necesse
1742 1576 1792 1602 ha-

1008 1630 1103 1657 bentes
1116 1629 1227 1663 exsequi
1250 1627 1431 1662 quodcunque
1442 1625 1484 1651 illc
1496 1623 1675 1651 mandaverit.
1689 1621 1720 1648 Et
1732 1621 1793 1655 qui-

1007 1675 1058 1702 bus
1073 1674 1193 1703 tandem.
1219 1681 1249 1699 ac
1273 1672 1345 1698 mille
1370 1671 1505 1698 mortibus
1530 1669 1586 1696 Ι)ωο
1600 1666 1791 1702 :equiparanda

1007 1729 1062 1748 non
1091 1720 1173 1747 sunt?
1202 1719 1284 1753 608
1307 1722 1355 1744 aut
1379 1716 1488 1751 quando
1514 1715 1553 1742 sol
1576 1715 1628 1741 hac
1647 1713 1790 1740 insolentia

1007 1767 1155 1802 quidquam
1172 1766 1215 1791 vid
1231 1770 1239 1792 ι
1257 1764 1418 1791 insolentius
1431 1766 1513 1796 atque
1530 1760 1695 1791 inusitatius,
1711 1763 1741 1785 ut
1758 1767 1789 1785 ex

1007 1817 1139 1843 stercore,
1153 1810 1224 1845 quod
1241 1811 1329 1842 aiunt,
1346 1809 1426 1835 homo
1440 1814 1535 1834 servus
1556 1813 1644 1838 meus,
1661 1805 1706 1839 qui
1723 1805 1791 1830 mul-

1008 1863 1065 1885 tum
1085 1857 1257 1891 gloriaretur,
1274 1855 1296 1882 si
1318 1862 1332 1880 a
1356 1861 1399 1880 me
1420 1852 1526 1887 placido
1551 1851 1628 1878 vultu
1656 1851 1789 1885 dignatus,

1007 1907 1055 1930 aut
1070 1902 1154 1930 verbo
1169 1901 1299 1928 amiciore
1312 1899 1464 1934 appellatus
1479 1903 1562 1929 esset,
1577 1903 1650 1924 nunc
1667 1895 1790 1930 petulan-

1008 1953 1049 1976 ter
1068 1949 1094 1976 in
1116 1955 1160 1975 tne
1188 1946 1330 1976 insultare.
1349 1953 1482 1979 suuntque
1509 1944 1607 1970 fastum
1622 1949 1648 1969 et
1668 1941 1790 1976 maligni-

1008 1999 1090 2023 tatem
1115 2000 1273 2028 expromere
1302 1991 1406 2026 possit?
1434 1990 1475 2017 Ob
1500 1990 1581 2017 liasce
1606 1995 1704 2015 causas
1734 1994 1788 2018 me,

1008 2047 1139 2074 meosque
1172 2045 1281 2065 servare
1322 2036 1395 2063 volui
1417 2043 1424 2061 :
1445 2040 1473 2062 et
1504 2034 1575 2068 quod
1604 2039 1790 2066 sa-penumcro

1007 2095 1070 2114 vere
1087 2087 1183 2113 beatus
1200 2084 1244 2111 ille
1271 2084 1420 2117 imperator
1440 2081 1563 2116 urgebat,
1589 2079 1714 2114 quodque
1731 2085 1788 2103 om-

1008 2140 1058 2160 nes
1082 2135 1192 2161 norunt,
1216 2129 1334 2156 inimicis
1371 2128 1545 2162 potissimum
1563 2133 1596 2152 co
1617 2124 1789 2152 necessitatis

1009 2187 1051 2206 me
1066 2177 1247 2212 adigentibus,
1262 2175 1362 2206 facere,
1372 2179 1399 2200 et
1412 2174 1445 2201 ita
1462 2180 1549 2200 meam
1568 2172 1698 2206 privatatn
1714 2171 1789 2196 inco-

1006 2225 1155 2252 lumitatem
1170 2230 1231 2249 cum
1258 2222 1342 2249 totius
1363 2220 1519 2255 reipublica:
1533 2219 1620 2246 salute
1641 2215 1787 2244 incolutni‘

1006 2275 1114 2304 tateqne
1131 2268 1308 2303 conjungere.
1329 2267 1419 2301 Atque
1433 2274 1465 2293 ex
1481 2266 1527 2292 illo
1548 2272 1633 2298 usque
1651 2270 1723 2290 nunc
1741 2270 1789 2297 pa-

1004 2324 1062 2345 cem
1086 2324 1133 2343 eos
1153 2322 1265 2350 poscere
1282 2320 1418 2347 nunquam
1432 2312 1534 2339 destiti.
1551 2311 1604 2338 Sed
1617 2310 1786 2337 antliericum

1004 2367 1108 2390 metere
1125 2361 1217 2387 videor
1238 2360 1293 2395 (37)
1310 2369 1316 2385 :
1333 2359 1423 2386 omnia
1447 2358 1519 2384 cnim
1538 2357 1591 2383 illis
1606 2356 1693 2383 facilia
1712 2359 1786 2385 sunt,

1005 2407 1123 2441 ferrique
1149 2410 1276 2440 possunt,
1303 2411 1398 2438 paccut
1415 2403 1499 2430 solam
1516 2403 1572 2437 pati
1592 2410 1645 2428 non
1662 2405 1786 2436 possunt.

1004 2452 1227 2487 lntrospiciamus
1242 2451 1325 2486 igitur
1342 2456 1402 2477 uter
1419 2450 1522 2476 laesisse
1544 2456 1576 2476 ac
1591 2448 1728 2482 pejerasse
1747 2447 1787 2473 vi-

1004 2499 1121 2531 deatur;
1153 2497 1211 2524 isne
1245 2496 1292 2531 qui
1321 2505 1335 2523 a
1362 2496 1496 2531 principio
1523 2495 1613 2529 jurata
1647 2492 1785 2525 servavit,

1004 2544 1090 2571 donec
1110 2544 1202 2570 hostes
1230 2550 1279 2577 per
1306 2543 1360 2570 vim
1389 2542 1467 2570 [idem
1487 2542 1637 2577 fregerunt,
1653 2545 1679 2567 et
1699 2540 1787 2566 adhuc

1003 2597 1096 2625 pacem
1117 2589 1195 2624 petit,
1215 2594 1326 2624 paratus
1341 2597 1415 2616 arma
1439 2596 1561 2624 ponere;
1581 2595 1614 2614 an
1641 2594 1721 2621 quem
1739 2592 1788 2612 nec

785 2660 893 2691 Jacobi
914 2661 1044 2691 Pontaui
1063 2663 1156 2691 notua.

212 2714 266 2750 (57)
283 2715 470 2756 Proverbium,
486 2715 530 2756 Ide
545 2723 578 2756 eo
598 2718 671 2756 quod
696 2719 754 2756 fieri
777 2728 831 2748 non
849 2726 950 2756 potest,

174 2759 222 2779 seu
241 2751 313 2784 quod
340 2751 467 2784 inaniter,
486 2751 617 2786 inutiliter
634 2753 673 2786 ﬁt,
692 2755 725 2781 de
747 2755 839 2783 labore
850 2751 951 2784 'stertli;

177 2785 333 2826 Ἀνρέρικον
364 2786 472 2820 quidam
491 2785 607 2826 fructum
625 2789 781 2826 __asphodeli
798 2811 806 2823 ,
841 2791 950 2826 quidam

173 2820 276 2849 caulem
294 2825 397 2849 tantum
420 2828 480 2849 esse
503 2822 607 2850 scribit.
624 2820 774 2860 Hesychius
799 2820 947 2862 ’ἀνθέρικον

1005 2726 1032 2750 et
1047 2722 1185 2757 asphodeli
1214 2723 1344 2753 fructum.
1368 2727 1393 2751 et
1418 2722 1510 2750 herba}
1538 2721 1673 2754 quoddam
1699 2728 1786 2755 genus

1004 2765 1066 2786 esse
1090 2758 1156 2790 vult,
1175 2758 1291 2785 fortasse
1315 2758 1390 2789 illud,
1405 2758 1475 2793 quod
1498 2757 1574 2784 aiunt
1588 2756 1698 2793 quidam
1723 2757 1786 2783 lllt‘li

1004 2801 1060 2819 non
1082 2800 1170 2826 posse,
1194 2794 1240 2820 sed
1257 2798 1284 2820 ut
1301 2793 1396 2822 linunt.
1414 2791 1538 2819 inanibus
1552 2792 1612 2818 velli
1629 2791 1739 2824 debere,
1759 2797 1788 2819 ct

1003 2829 1067 2855 hinc
1082 2828 1185 2855 factum
1201 2829 1376 2863 proverbiutn
1390 2828 1533 2863 ἀνθέρικον
1550 2826 1678 2861 θερίζειν.
