1915 3086
146 182 214 214 1173

709 174 982 207 ιῘιζἸὈΒΙΛῐίυΜ
1004 174 1120 204 LIBER
1140 174 1197 204 ΙΙΙ.

1657 186 1659 189 ·
1693 169 1762 202 1Πί

141 240 194 267 ὑπὸ
207 238 304 273 Βρὰνῳ
322 234 368 272 ἦν,
393 236 440 262 καὶ
469 236 524 266 τοῖς
544 234 694 270 πράττουσι
722 234 756 260 τὰ
781 231 925 267 βασιλίδος.

986 237 1035 256 non
1064 230 1152 256 solum
1179 237 1289 264 propter
1316 229 1523 257 frustrationem
1549 228 1684 256 civitatis.
1717 231 1764 256 sed

84 308 90 315 ,
140 284 196 311 Καὶ
209 283 379 316 Ἀττὸκαυχον
399 282 445 307 τὴν
460 279 534 314 σφῶν
550 280 668 314 ἄρχοντα
681 278 840 313 πέμψαντες
855 278 925 312 ἠγα-

140 338 190 363 γον
205 329 237 354 ὲκ
250 327 396 354 Βουκέλου.
410 325 543 356 Βασιλεὺς
559 325 588 351 δὲ
618 325 678 351 ἐπεὶ
698 323 813 350 ἐπύθετο
832 323 865 350 τὰ
880 331 925 357 γε·

140 374 290 409 γενημένα,
301 373 332 400 οὺ
349 371 465 407 μετρίως
473 370 587 406 ἧχθετο,
603 371 633 396 οὐ
658 370 738 405 μόνον
755 369 804 404 τῆς
820 368 924 399 πόλεως

141 418 298 453 ἀποτυχὼν,
316 417 385 444 ἀλλά
401 417 447 443 καὶ
479 416 534 442 τῶν
562 416 648 450 φίλων
673 415 867 450 ἀπολλυμένων
894 415 926 440 ἐκ

139 465 190 499 τῆς
211 463 349 495 ἀϐουλίας,
366 463 536 499 ᾋπόκαυχος
557 462 585 488 δὲ
600 461 727 496 Μανουὴλ
743 462 756 487 ὀ
771 461 818 487 τοῦ
842 461 927 496 μεγά-

141 510 189 537 λοῦ
201 510 296 541 δουκδς
311 509 378 542 υίὸς,
395 508 461 544 πρὸς
479 508 592 543 βασιλέα
604 507 697 542 κρύφα
714 507 836 542 πέμψας,
851 507 927 542 πρῶ-

142 566 188 584 τον
202 556 250 591 μὲν
264 556 367 590 ἔφασκε
385 556 431 581 καὶ
454 554 535 582 αὑτὸν
559 554 692 581 ἀκούοντι
722 554 797 589 παρά
825 562 855 580 τε
873 554 928 581 τῶν

141 600 231 629 ἄλλων
247 600 294 627 καὶ
310 599 358 626 τοῦ
375 600 477 634 πατρὸς
492 599 574 626 αὐτοῦ
596 599 681 626 πολλὰ
704 600 752 626 καὶ
771 599 847 626 δεινὰ
861 608 928 626 κατ-

141 646 334 682 ηγορούντων,
360 645 501 672 πείῠεσοαι
535 646 582 671 καὶ
609 645 711 678 αὑτὸν,
737 645 784 672 καὶ
809 645 930 680 νομίζειν

143 693 265 724 ἐκείνους
275 691 428 727 ἀληθεύειν·
443 692 532 727 χρόνῳ
546 691 574 718 δὲ
588 692 720 727 πρότερον
733 691 834 727 πολλῷ,
851 693 930 727 ἀκρι-

142 738 198 769 ϐῶς
213 739 267 764 τῶν
282 738 432 772 γινομένων
446 738 495 769 τᾲς
512 737 600 769 αἰτίας
625 737 799 771 ἐξετάζοντα,
835 738 930 765 τοῦτον

143 783 195 818 μὲν
209 783 308 814 ἀδίκως
327 783 527 818 πολεμούμενον
539 783 676 818 εὑρίσκειν
692 805 700 816 ,
716 783 838 816 ἐκείνους
854 783 882 810 δὲ
897 785 931 810 τὰ

143 829 246 863 ἔσχατα
256 829 420 867 ,ἀδικοῦντας
431 829 480 855 οὐκ
494 829 576 855 αὑτὸν
594 829 685 863 μόνον,
699 829 768 855 ἀλλὰ
791 830 838 856 καὶ
859 829 930 864 σύμ-

144 883 249 905 παντας
269 873 420 909 Ῥωμαίους
437 874 522 906 οὕτως
555 874 865 909 ὲξανδραποδιζομένους
884 876 932 901 καὶ

143 921 346 955 ἀπολλυμένους
363 921 448 957 ἄρδην
461 922 504 947 διὰ
519 922 570 957 τὴν
587 922 700 948 ἐκείνων
714 922 861 957 φιλαρχίαν
883 922 929 948 καὶ

145 967 342 1003 ἀγνωμοσύνην
358 976 364 983 ·
394 968 455 995 ὅθεν
480 969 526 994 καὶ
551 968 715 1001 ἀγανακτεῖν
734 968 784 994 οὐκ
811 969 932 999 ἀνεκτῶς

146 1015 215 1049 πρὸς
230 1015 284 1040 τῶν
303 1014 498 1049 πραττομένων
526 1014 575 1048 τὴν
595 1014 719 1041 ἀτοπίαν.
753 1013 886 1046 Ἐλπίζων
902 1014 931 1040 δέ

149 1069 211 1086 τινα
227 1060 334 1095 ταχέως
348 1060 426 1087 λύσιν
439 1060 492 1086 τῶν
516 1061 610 1087 κακῶν
637 1060 813 1095 γενήσεσθαι,
839 1060 934 1095 φέρειν

145 1107 196 1141 τὴν
215 1106 274 1141 μετ’
291 1105 403 1132 ἐκείνων
428 1106 580 1141 διατριϐήν.
605 1106 673 1132 Νυνὶ
690 1106 719 1132 δὲ
744 1106 857 1132 ἐκείνων
884 1107 933 1140 μὲν

145 1153 250 1188 ἐρῶντα
266 1152 314 1186 τὴν
331 1152 469 1184 ἀπόνοιαν,
486 1152 534 1178 καὶ
557 1152 594 1183 ὡς
610 1151 669 1178 οὐδὲ
698 1152 753 1178 τῶν
777 1152 870 1178 κακῶν
883 1153 935 1187 ἤδη

149 1193 337 1233 περιστάντων
351 1198 384 1224 τὰ
400 1198 494 1224 δέοντα
507 1198 570 1233 περί
581 1206 610 1224 τε
629 1198 704 1232 σφῶν
717 1197 806 1223 αὐτῶν
819 1198 866 1223 καὶ
880 1198 934 1223 τῶν

150 1246 239 1272 ἄλλων
260 1245 382 1279 ἔγνωσαν
404 1244 589 1279 βουλεύεσθαι,
616 1244 673 1271 ἀλλ’
686 1244 858 1271 ἀπωθοῦνται
886 1243 935 1280 τὴν

149 1291 272 1324 εἰρήνην,
288 1290 405 1324 μάλιστα
419 1289 464 1316 ὑπ’
475 1290 557 1316 αὑτοῦ
578 1291 818 1325 παρακαλούμενοι
833 1290 878 1317 τοῦ
894 1299 937 1317 το-

147 1337 233 1362 σαῦτα
263 1336 311 1363 καὶ⁵
337 1336 470 1372 πρότερον
493 1337 540 1363 καὶ
568 1337 648 1371 μέχρι
673 1337 720 1363 νῦν
744 1337 935 1372 ἀδικουμένου,

147 1382 196 1408 καὶ
210 1382 263 1408 τῶν
277 1382 316 1413 τίς
331 1382 410 1408 αὑτὸν
424 1381 562 1408 τοσούτων
592 1383 640 1409 καὶ
658 1383 826 1417 τηλικούτων
841 1384 936 1410 δεινῶν

146 1428 339 1463 γεγενημένων
358 1429 548 1463 παρεχομένου
563 1429 734 1465 ἀμνηστίαν,
750 1430 801 1464 τήν
815 1438 845 1456 τι
865 1430 937 1456 ἑκεί-

145 1484 202 1501 νων
213 1475 409 1510 βδελυξάμενον
420 1475 630 1509 ἀγνωμοσύνην,
643 1476 689 1502 καὶ
700 1475 750 1511 τὴν
770 1476 854 1503 αὑτοῦ
871 1477 937 1503 θαυ-

146 1522 273 1556 μάσαντα
286 1520 487 1555 μεγαλοψυχίαν
496 1519 542 1548 καὶ
554 1521 801 1556 καρτερίαν,καὶ1τδ
810 1521 880 1549 οὕτω
887 1523 938 1557 τῆς

978 275 1060 302 etiam
1076 279 1189 309 propter
1203 275 1307 302 amicos
1320 274 1499 309 ipsorummct
1512 273 1627 301 stultitia
1642 273 1764 307 perditos

977 327 1152 354 summopere
1173 319 1271 347 doluit.
1297 319 1336 346 Ad
1359 327 1440 354 quem
1457 319 1564 346 blanuel
1581 318 1766 353 Apoeauchns

978 364 1062 396 misit,
1077 364 1124 398 qui
1150 363 1174 390 ei
1197 365 1255 391 suis
1278 365 1370 391 verbis
1393 364 1506 395 diceret.
1532 371 1561 391 se
1577 371 1688 398 quoque
1709 368 1766 389 tum

978 415 1083 445 patrem
1108 411 1207 445 ipsum.
1223 415 1279 437 tum
1295 410 1364 437 alios
1378 410 1493 437 multum
1508 413 1536 436 et
1551 410 1671 444 graviter
1686 408 1761 435 illum

979 459 1140 482 accusantes
1173 456 1332 482 audientem
1361 455 1524 488 credidissc,
1551 462 1584 481 ac
1615 461 1678 481 vera
1706 453 1768 479 illos

979 499 1054 535 loqui
1072 499 1221 535 putavisse.
1239 499 1374 528 Caeterum
1391 500 1552 535 jampridem
1567 500 1658 526 causis
1675 506 1767 526 rerum

980 551 1110 574 accurate
1122 546 1266 578 discussis,
1283 546 1421 573 invenisse
1433 546 1521 580 ipsum
1536 545 1609 572 nulla
1625 552 1672 572 sua
1687 544 1768 578 culpa

980 591 1053 619 bello
1078 590 1177 618 lacessi
1193 599 1199 617 :
1215 591 1275 618 illos
1294 594 1385 617 autem
1406 590 1484 625 longe
1510 589 1708 624 iniquissimos.
1732 589 1767 615 ob

981 645 1102 664 antorem
1129 636 1300 667 dominandi,
1320 640 1348 664 et
1374 636 1576 672 improbitatem
1602 644 1678 663 suam
1712 643 1767 662 non

982 683 1070 718 ipsum
1096 683 1188 715 modo,
1205 683 1254 710 sed
1281 683 1421 710 Romanos
1441 690 1537 709 omnes
1556 682 1582 708 in
1609 681 1767 709 servitutem

984 735 1011 757 et
1035 735 1189 757 extremum
1209 730 1321 757 exitium
1339 729 1432 757 conari
1453 728 1634 764 praecipitare.
1654 727 1693 755 Ex
1715 736 1770 762 qtto

985 781 1039 803 tam
1054 775 1161 803 nefario
1178 783 1273 802 eorum
1294 780 1393 802 conatu
1409 775 1458 802 sibi
1477 774 1649 801 stomachum
1667 773 1770 800 moveri

986 819 1236 847 vehementissime.
1254 819 1337 855 624
1353 819 1422 852 Quia
1438 826 1504 846 vero
1525 819 1695 851 coutidisset,
1717 819 1770 846 cito

986 865 1063 892 malis
1089 866 1168 892 tinent
1197 864 1330 898 futurum,
1352 865 1378 891 in
1401 872 1496 892 eorutn
1527 864 1652 892 sodalitio
1676 872 1770 899 perse-

950 901 969 927 Β
990 917 1111 938 verasse.
1138 909 1216 937 Nunc
1236 911 1297 945 quia
1319 917 1414 937 eorum
1443 909 1594 936 vecordiam
1613 909 1770 944 perspiciat.

982 956 1029 991 qui
1047 963 1137 991 neque
1162 956 1239 983 malis
1256 956 1311 991 jam
1337 962 1418 990 supra
1443 960 1525 990 caput
1549 955 1703 983 astantibus
1719 956 1770 982 sibi

982 1002 1097 1036 aliisque
1122 1001 1321 1029 consulendum
1342 1002 1507 1035 statuerint,
1525 1002 1572 1029 sed
1601 1009 1695 1034 pacem
1721 1010 1770 1028 re—

985 1047 1109 1082 pudient,
1124 1047 1158 1074 ab
1173 1056 1206 1075 eo
1222 1047 1394 1083 potissitnum
1409 1048 1526 1080 invitati,
1541 1047 1587 1082 qui
1605 1052 1659 1074 tam
1672 1047 1770 1074 multas

984 1099 1011 1121 et
1034 1102 1130 1130 graves
1154 1094 1268 1129 injurias
1296 1095 1435 1129 hucusque
1463 1094 1512 1121 sibi
1537 1092 1676 1129 impositas
1710 1101 1771 1128 per-

986 1145 1067 1175 petua
1094 1140 1233 1168 oblivione
1255 1140 1410 1168 deletorum
1433 1140 1585 1175 promittat,
1616 1145 1644 1167 et
1676 1147 1771 1167 eorum

985 1186 1075 1213 scelus
1099 1190 1281 1217 exsecratum,
1304 1191 1332 1213 et
1355 1187 1415 1221 ejus
1438 1186 1576 1213 excelsum
1600 1186 1721 1213 animum
1739 1194 1771 1212 ae

987 1231 1159 1258 tolerantiam
1184 1232 1358 1264 admiratum,
1385 1236 1413 1259 et
1437 1231 1509 1266 qttod
1533 1231 1597 1258 boni
1618 1233 1772 1259 communis

981 1277 1072 1312 gratia
1088 1284 1132 1304 res
1143 1284 1207 1305 suas
1219 1277 1287 1304 adeo
1301 1285 1354 1304 non
1369 1277 1453 1304 invite
1468 1277 1604 1312 projiciat,
1622 1285 1677 1303 non
1693 1285 1773 1312 posse

986 1321 1021 1348 de
1040 1326 1139 1349 caetero
1159 1321 1325 1356 imperatrici
1342 1321 1434 1348 favere
1448 1342 1456 1353 ,
1473 1322 1521 1349 sed
1536 1321 1594 1356 ejus
1610 1327 1701 1359 partes
1716 1329 1774 1348 am—

987 1367 1097 1401 plexum
1113 1367 1214 1402 potius,
1230 1367 1263 1394 ah
1279 1367 1329 1394 hac
1346 1368 1406 1402 ipsa
1426 1368 1493 1395 hora
1511 1367 1547 1394 illi
1564 1375 1647 1403 opera
1661 1367 1773 1395 inservi-

992 1424 1093 1452 turum,
1109 1426 1212 1453 proque
1237 1418 1286 1446 illo
1306 1423 1334 1446 et
1359 1419 1467 1454 justitia
1490 1418 1596 1445 nullum
1623 1419 1772 1446 discrimen

988 1469 1188 1491 recusaturum.
1212 1463 1276 1491 Haec
1295 1463 1340 1491 ille
1364 1463 1529 1492 clanculum.
1553 1464 1601 1491 Cui
1624 1465 1773 1499 imperator

987 1515 1015 1536 et
1037 1509 1071 1536 de
1096 1513 1199 1535 mutato
1224 1508 1339 1536 consilio
1361 1508 1469 1536 laudem
1498 1509 1656 1544 impertivit,
1686 1514 1713 1536 ct
1738 1509 1773 1537 de

147 1554 239 1601 κοινῆς
255 1554 387 1601 ὠέοελείας
397 1554 477 1592 ἕνεκα
486 1568 519 1593 τὰ
535 1554 597 1593 καθί
612 1554 707 1593 ἑαυτὸν
717 1554 861 1603 προΐεσθαι
870 1554 934 1595 ἑτοί-

990 1555 1083 1582 animo
1098 1562 1161 1589 erga
1184 1561 1214 1581 se
1230 1559 1284 1582 tam
1309 1554 1418 1590 egregio
1441 1555 1541 1589 gratias
1569 1555 1635 1590 egit,
1657 1559 1685 1582 et
1701 1556 1772 1590 quod

148 1622 217 1647 μως,
235 1613 273 1647 μὴ
285 1613 402 1644 ἐκείνοις
418 1612 552 1639 ὲπιπλέον
570 1613 843 1640 δύνασθαισυνεῖναι·
872 1615 940 1642 ἀλλὰ

146 1661 181 1685 τὰ
194 1659 274 1685 αὺτοῦ
284 1658 401 1694 ᾑρῆσθαι
412 1659 522 1694 μᾶλλον,
531 1658 578 1686 καὶ
586 1659 615 1692 ἐξ
623 1660 707 1695 αὐτῆς
717 1660 751 1687 τὰ
760 1660 841 1688 αὐτοῦ
853 1663 941 1697 πράτ-

147 1714 214 1736 τειν,
227 1706 591 1740 καὶπροκινδυνεὺειναύτοῠ
608 1707 723 1740 μάλιστα
739 1707 881 1742 βούλεσθαι
893 1709 940 1735 καὶ

148 1750 195 1776 τιιῦ
221 1751 336 1777 δικαίου.
354 1750 473 1777 Τοιαῦτα
487 1751 537 1785 μὲν
554 1751 720 1786 Ἀπόκαυχος
736 1753 749 1778 6
762 1752 808 1778 τοῦ
819 1754 938 1787 μεγάλου

148 1796 241 1827 δουκδέ
258 1797 314 1828 υἱδς
326 1796 393 1832 πρὸς
406 1796 518 1831 βασιλέα
531 1797 624 1832 κρύφα
635 1798 781 1832 διελέγετο.
806 1798 939 1830 Βασιλεὺς

148 1842 176 1868 δὲ
191 1842 290 1877 ὁμοίως
303 1843 397 1877 ἐπῄνει
417 1852 446 1869 τε
464 1843 514 1878 τῆς
534 1844 665 1878 αἱρέσεως
681 1844 728 1871 τοῦ
753 1845 858 1879 ἀγαθοῦ
871 1866 878 1877 ,
892 1846 940 1872 καὶ

150 1889 265 1924 χάριτας
279 1889 329 1923 τῆς
344 1890 383 1920 είς
400 1889 482 1915 αὐτὸν
495 1889 603 1921 εὐνοίας
620 1890 765 1925 ὡμολόγει,
789 1892 835 1918 καὶ
854 1892 939 1925 ἀφορ-

153 1936 206 1970 μὰς
219 1935 364 1970 παρείχετο
381 1935 428 1962 τοῦ
445 1935 575 1971 πράττειν
591 1936 605 1962 ὅ
622 1945 649 1963 τι
676 1937 785 1964 δύναιτο
798 1937 870 1972 ὑπὲρ
894 1938 939 1964 αὺ-

150 1980 199 2007 τοῦ
219 1981 378 2016 προθύμως.
396 1981 504 2008 Μειόὑ
530 1982 631 2014 πολλὰς
664 1982 692 2009 δὲ
718 1982 837 2018 ἡμέρας,
863 1984 939 2010 ἀπο-

151 2026 252 2053 στάντα
266 2028 333 2062 πρδς
351 2027 444 2061 αὐτὸν,
471 2027 534 2054 ἐπεὶ
549 2028 588 2063 μὴ
604 2030 652 2056 καὶ
665 2028 716 2064 τὴν
732 2029 811 2056 πόλιν
823 2029 938 2064 ὴδύνατο

152 2073 314 2108 προσάγειν,
328 2073 392 2105 τοὺς
417 2074 631 2108 συναιρομένους
656 2075 708 2101 οὐκ
731 2075 801 2110 ἔχων
826 2076 895 2111 πρὸς
909 2075 939 2102 τὸ

152 2119 244 2155 ἔργον,
274 2120 409 2155 πρότερον
426 2120 481 2155 γὰρ
502 2120 586 2156 ὀλίγῳ
611 2121 733 2152 ἅπαντες
759 2123 783 2148 οί
804 2121 938 2155 βασιλέως

153 2165 225 2200 φίλοι
239 2165 284 2191 ὑπ’
301 2166 393 2196 ἀνοίας
408 2165 608 2200 διεφθάρησαν,
636 2167 763 2202 ἀσμένως
784 2175 814 2193 τε
830 2168 938 2201 ἐδέξατο

151 2211 166 2236 ὁ
179 2210 317 2245 βασιλεὺς,
339 2212 385 2238 καὶ
401 2211 484 2246 τιμῆς
499 2211 599 2247 ἠξίωσε
623 2213 670 2239 καὶ
692 2213 836 2248 εὐμενείας
862 2215 936 2241 πλεί-
953 2231 973 2259 D

152 2263 228 2291 στης.
246 2256 323 2282 Μεεὰ
339 2256 419 2283 τοῦτο
431 2256 460 2283 δὲ
481 2258 543 2284 ἐπεὶ
559 2258 575 2293 ἡ
590 2256 734 2293 Ἀδριανοῦ
758 2259 936 2295 ἀνεπιχείρη-

151 2301 316 2336 τος,έόόκει,
338 2302 422 2339 Βιζύῃ
450 2303 669 2339 ἐπεστράτευσεν
695 2305 708 2330 ὁ
725 2303 861 2339 βασιλεὺς,
891 2307 938 2332 καὶ

152 2347 265 2382 ἐπόρθει
280 2350 330 2383 τὴν
347 2348 450 2383 χώραν·
467 2350 616 2384 πρεσϐείαν
641 2350 668 2377 δὲ
682 2350 790 2385 ἔπεμπε
809 2352 876 2385 πρὸς
889 2351 951 2386 τὴνί

154 2393 243 2426 πόλιν,
262 2394 406 2428 παραινῶν
426 2395 500 2430 αὑτῷ
517 2396 706 2431 παραδιδόναι,
723 2398 779 2424 οιαὶ
795 2397 832 2432 μὴ
856 2397 938 2430 κενῆς

154 2440 261 2471 ἐλπίδος
279 2439 360 2466 ἕνεκα
378 2440 512 2476 τοσαύτην
530 2441 630 2476 ζημίαν
660 2442 807 2476 ὑπομένειν
819 2442 939 2476 διαφοει-

154 2485 276 2519 ρομένων
287 2484 342 2510 τῶν
356 2485 459 2520 ἀγρῶν·
478 2486 548 2520 μετὰ
563 2487 618 2521 γὰρ
632 2487 687 2512 τῶν
704 2488 797 2514 κακῶν
809 2489 858 2522 τὴν
878 2489 939 2514 ἑπι-

153 2530 472 2566 φορὰν,παραδὼσουσιν
499 2532 606 2568 ἀνάγκη
631 2533 803 2566 πιεσθέντες.
836 2535 939 2567 Βιζύῖοι

153 2577 193 2610 δὲ,
208 2576 269 2604 οὔτε
283 2578 486 2612 ἐπηγγέλλοντο
511 2579 583 2613 σφᾶς
598 2579 696 2611 αὐτοὺς
727 2582 774 2608 καὶ
787 2582 836 2615 τὴν
862 2581 939 2608 πόλιν

155 2622 342 2658 παραδιδόναι,
360 2623 422 2650 οὕτε
444 2624 512 2659 πρὸς
527 2624 576 2660 τὴν
592 2625 719 2652 είωθυίαν
746 2628 940 2662 ἀναισχυντίαν

156 2668 310 2704 ἐτράποντο
325 2669 373 2696 καὶ
390 2671 438 2701 τὰς
456 2670 561 2705 ὕϐρεις·
592 2671 650 2698 ἀλλ’
663 2672 792 2706 εὐφήμως
813 2674 861 2700 καὶ
887 2683 939 2702 σω-

992 1606 1083 1636 pesset
1095 1609 1144 1637 pro
1160 1609 1190 1629 se
1204 1601 1320 1636 impigre
1334 1600 1451 1628 faciendi
1474 1601 1645 1628 occasionem
1665 1601 1773 1636 prtesti-

991 1648 1033 1676 tit.
1053 1648 1153 1676 Diebus
1167 1647 1271 1682 aliquot
1286 1647 1462 1679 intermissis,
1481 1655 1541 1674 eum
1557 1647 1590 1674 ad
1604 1654 1665 1674 eum
1682 1652 1772 1674 trans-

991 1693 1054 1725 iret,
1078 1693 1159 1719 simul
1184 1696 1276 1719 autcm
1300 1692 1393 1719 urbem
1415 1691 1523 1718 tradere
1540 1692 1677 1726 nequiret,
1701 1692 1773 1726 quod

991 1737 1159 1765 administris
1184 1738 1265 1772 hujus
1288 1737 1378 1771 Operis
1401 1742 1507 1765 careret
1522 1738 1621 1772 (nuper
1640 1738 1774 1771 siquidem

990 1791 1086 1810 Omnes
1106 1783 1278 1818 imperatoris
1292 1783 1371 1810 amici
1390 1791 1438 1817 per
1461 1783 1645 1817 insipientiam
1663 1783 1775 1809 interie-

991 1829 1073 1864 rant),
1095 1828 1212 1856 libenter
1231 1829 1306 1856 illum
1326 1828 1611 1862 aeeepit,summouue
1626 1829 1730 1855 h0u0re
1747 1832 1776 1855 et

989 1881 1072 1916 gtatia
1094 1881 1220 1916 dignatus
1237 1885 1288 1908 est.
1313 1880 1416 1907 Deinde
1436 1880 1565 1914 quoniam
1581 1875 1774 1916 Adrianopolis

989 1926 1140 1953 invadenda
1157 1932 1213 1953 non
1237 1925 1389 1958 videbatur,
1415 1925 1523 1960 Bizyam
1551 1925 1645 1958 movit,
1664 1934 1776 1961 agrum.

989 1980 1042 2007 que
1071 1971 1198 2000 vastavit.
1229 1971 1377 2006 Legatione
1405 1979 1487 2007 porro
1515 1971 1550 1999 ad
1574 1972 1647 1999 cives
1680 1972 1774 2005 inissa,

990 2019 1115 2046 hortatus
1139 2023 1181 2045 est
1200 2025 1259 2050 eos.
1276 2019 1313 2046 uti
1333 2025 1392 2045 sese
1417 2017 1559 2050 dederent,
1580 2025 1649 2046 neve
1664 2023 1775 2053 propter

990 2065 1096 2092 inanem
1114 2072 1190 2100 spem
1212 2068 1286 2091 tanta
1310 2064 1382 2098 agris
1397 2063 1562 2092 detrimenta
1579 2063 1673 2090 inferri
1689 2063 1775 2091 susti-

989 2114 1089 2137 nerent
1106 2118 1113 2136 :
1130 2117 1163 2137 eo
1190 2110 1263 2138 enim
1287 2109 1458 2144 compulsum
1481 2108 1525 2142 iri,
1551 2113 1579 2135 ut
1601 2109 1683 2136 etiam
1712 2114 1776 2145 post

989 2155 1168 2184 vastationem
1189 2162 1219 2182 se
1242 2154 1384 2182 dederent.
1404 2153 1549 2189 Bizyenses
1573 2162 1662 2189 neque
1682 2162 1711 2182 se
1728 2163 1775 2182 ur-

989 2201 1051 2228 bcm
1079 2201 1222 2228 dedituros
1250 2199 1405 2235 spondere,
1441 2207 1529 2234 neque
1556 2200 1590 2228 ad
1625 2201 1776 2228 solemnem

988 2245 1182 2281 impudentiam
1201 2249 1229 2273 et
1247 2244 1424 2272 contumelias
1437 2243 1584 2279 confugere
1604 2264 1611 2276 ,
1634 2244 1682 2271 scd
1702 2244 1776 2280 lega-

989 2294 1090 2319 tionem
1105 2291 1221 2318 honeste
1246 2290 1422 2325 modesteque
1437 2290 1561 2323 reiicerc.
1584 2289 1669 2317 Ralus
1683 2295 1775 2317 autent

988 2338 1137 2371 imperator
1170 2336 1336 2372 agnitionem
1361 2336 1486 2364 beneﬁcii
1510 2337 1673 2372 principium
1701 2336 1776 2363 dedi-

989 2384 1070 2416 tionis
1098 2388 1156 2415 fore
1171 2389 1345 2423 (observabat
1362 2389 1435 2415 enirn
1455 2393 1566 2423 propter
1583 2389 1775 2416 aSsiduitatcm

989 2435 1176 2462 incursionum
1192 2435 1421 2469 vexationumque
1452 2435 1580 2470 paulatim
1596 2443 1644 2463 eos
1660 2435 1695 2462 de
1713 2443 1775 2470 pcr-

989 2480 1088 2508 tinacia
1107 2480 1245 2507 remittere
1264 2487 1296 2506 ac
1318 2480 1598 2513 cedere).exercitutn
1621 2488 1702 2515 quam
1721 2488 1770 2507 ce—

989 2527 1097 2553 lcrrime
1127 2524 1327 2552 removendum
1358 2526 1487 2557 censuit,
1521 2530 1551 2553 ut
1580 2533 1669 2560 neque
1700 2527 1776 2559 regio

988 2576 1152 2604 vastaretur,
1168 2572 1249 2606 paulo
1265 2576 1326 2607 post
1344 2571 1370 2598 in
1394 2579 1470 2599 suam
1484 2572 1613 2599 ditionem
1639 2576 1753 2598 ventura
1767 2592 1774 2602 ,

989 2623 1018 2644 ct
1046 2617 1097 2652 ipsi
1123 2617 1298 2644 sccuritatetn
1317 2617 1419 2652 adepti,
1444 2617 1563 2645 salubria
1588 2617 1639 2644 sibi
1660 2617 1775 2644 medita-

992 2669 1097 2696 rentur,
1113 2668 1139 2690 et
1158 2663 1247 2698 Apros
1267 2665 1388 2691 revertit.

156 2714 265 2750 φρόνως
286 2714 440 2742 ἀπείπαντο
461 2716 509 2751 τὴν
532 2716 690 2752 πρεσϐείαν.
722 2718 848 2753 Νομίσας
866 2720 895 2747 δὲ
924 2723 938 2749 ὁ
959 2720 1086 2758 pani-sit:
1102 2719 1190 2755 ἀρχὴν
1225 2720 1448 2755 προσχωρήσεως
1469 2717 1600 2754 εἶναιτὴν
1635 2719 1775 2754 εὐγνωμο-
1804 2754 1814 2763 _

158 2763 256 2797 σύνην,
281 2760 406 2797 συνεώρα
443 2763 498 2799 γὰρ
518 2763 707 2796 amatum;
738 2764 807 2800 πρὶς
842 2768 893 2799 τὰς
930 2769 1054 2803 συνεχεῖς
1083 2767 1195 2801 ἐφόδους
1223 2768 1272 2794 καὶ
1309 2767 1358 2802 τὴν
1390 2767 1523 2798 κάκωσιν,
1548 2766 1618 2800 ἔγνω
1643 2766 1698 2793 δεῖν
1724 2768 1773 2802 τὴν

158 2808 288 2844 στρατιὰν
299 2808 415 2843 ἀπάγειν
442 2809 491 2845 τὴν
515 2811 657 2846 ταχίστην,
676 2811 719 2838 ἵνα
741 2812 809 2846 μήτε
829 2813 845 2848 ὴ
862 2813 939 2849 χώρα
958 2814 1151 2848 διαφθείροιτο,
1163 2813 1297 2848 μέλλουσα
1313 2812 1435 2847 γίνεσθαι
1467 2812 1526 2846 μετ’
1541 2811 1630 2845 ὀλίγον
1650 2811 1696 2838 ὑπ’
1724 2814 1759 2842 αὑ

158 2858 216 2889 τὸν,
234 2856 312 2885 αὐτοί
330 2865 360 2884 τε
391 2858 519 2894 τυχόντες
544 2857 645 2891 ἀδείας,
674 2859 708 2886 τὰ
722 2858 816 2886 δέοντα
833 2860 1023 2893 βουλεύσαιντο
1045 2861 1109 2895 περὶ
1127 2860 1211 2895 σφῶν,
1226 2861 1273 2886 καὶ
1283 2859 1449 2894 ἀνέστρεφεν
1465 2860 1503 2889 εἰς
1524 2857 1650 2893 ’Δπρῶνη
