1915 3086
212 165 284 200 11ε3

802 166 964 197 JOANNIS
985 166 1248 196 CANTACUZENI

1772 163 1842 196 118$

203 225 300 252 multis
316 231 377 251 vera
388 229 448 251 esse
467 222 572 250 audivit
598 222 678 258 (clam
694 222 827 257 siquidem
843 230 857 249 a
877 222 994 249 consciis

1048 221 1118 254 σθαι,
1140 222 1156 255 ἢ
1185 220 1353 255 ἀφίστασθαι
1377 219 1538 248 διανοεῖσθαι
1566 219 1635 255 πρὸς
1662 221 1783 248 ἐκεῖνον.
1807 221 1840 247 Ἦ

205 270 296 305 magni
323 269 413 300 ducis,
440 275 475 296 eo
499 268 525 295 id
544 273 679 300 struente.
695 269 723 295 ln
742 269 841 295 multo:
858 274 993 296 secretum

203 315 411 343 d‘sseminatum
436 314 652 348 literat),aeerbe
676 314 746 347 tulit,
767 313 994 349 manifestamque

203 361 385 388 defectionem
404 364 474 391 rata,
489 357 553 395 quid
568 368 710 394 pmnarum
723 361 751 387 in
773 368 834 387 eum
851 364 993 392 statueret,

203 405 386 433 deliberabat.
399 405 468 432 Cum
484 405 590 432 insidiae
610 405 820 440 processissent,
835 409 862 432 et
879 413 994 441 magnus

205 450 339 485 logotheta
355 450 473 478 Gabalas
496 449 672 477 facultatibus
696 450 757 477 alibi
772 450 902 485 depositis
917 450 993 478 sede-

202 502 254 529 rel,
271 503 463 531 careeremque
474 500 655 531 exspectaret,
668 500 696 523 et
709 496 828 531 Augusta
844 500 873 522 ut
889 495 992 531 perﬁdo

205 543 382 573 irasceretur,
397 549 514 575 magnus
537 542 590 569 dux
607 541 731 569 simulata
749 542 910 569 necessitate
926 549 993 576 qua-

203 586 267 613 dam
291 587 412 621 publica,
429 586 552 619 llierum,
568 586 639 621 quod
661 591 705 614 est
719 587 849 622 oppidum
869 588 902 614 ad
922 587 991 615 ostia

204 631 294 663 l’ouli,
319 631 401 667 630
423 632 528 659 triremi
556 639 706 660 conscensa
727 633 875 668 navigavit,
891 633 992 668 quique

204 678 322 712 primum
350 677 494 712 logothetaz
524 678 590 705 iram
618 678 799 713 imperatrieis
827 678 990 711 indicarant,

204 730 252 749 eos
262 722 294 749 ad
311 722 391 749 linem
408 723 516 758 negotio
528 723 722 758 imponendum
740 724 859 758 reliquit.
872 723 990 751 Rursum

206 769 287 803 igitur
308 768 470 795 accedentes
501 768 550 799 illi,
568 769 726 803 perfusique
749 769 885 804 lacrymis,
902 774 929 797 et
943 769 992 796 de-

204 814 285 847 jectis
302 813 376 839 humi
395 813 525 844 vultibus,
550 813 693 841 certiorem
721 814 834 845 faciunt,
852 814 896 841 illa
912 820 991 842 nocte

206 859 234 886 in
249 847 356 886 sumina
375 859 533 886 discriminc
552 859 685 890 futurum,
699 860 873 895 imperalrice
887 861 992 888 scilicet

206 904 347 931 iracundia
376 905 571 932 eﬂ'crveseente
598 912 606 932 :
633 909 660 932 et
686 905 841 939 hortantur,
872 911 901 934 ut
939 907 993 935 sibi

205 949 357 984 prmidcat.
375 949 564 977 Subornarant
590 950 699 978 interim
725 958 758 978 ex
776 951 828 978 alia
852 952 994 986 conspira-

204 994 289 1027 tione,
304 995 349 1029 qui
373 995 469 1022 eadem
490 995 554 1022 hora
569 995 602 1023 ad
628 996 688 1030 ελσε
704 996 777 1024 aedes
813 997 951 1029 venirent,
968 1001 996 1024 et

204 1041 264 1068 sine
281 1041 402 1073 nomine,
417 1049 481 1068 num
509 1041 568 1075 ipse
582 1046 653 1069 esset
681 1041 755 1069 intus
780 1042 995 1074 sciscitarentur,

203 1087 279 1112 velut
297 1086 340 1112 his
356 1086 593 1114 verbis‘horribile
608 1086 738 1121 quiddam
761 1086 997 1122 prasigniﬂcanti-

205 1132 273 1165 bus;
302 1140 357 1159 non
387 1133 461 1160 enim
482 1132 549 1160 alias
573 1132 612 1160 sic
635 1137 752 1160 tractare
775 1133 851 1160 illum
870 1133 995 1166 Romani,

204 1177 253 1205 Sed
279 1178 363 1205 multa
389 1185 450 1205 cum
476 1178 649 1205 observantia
670 1183 699 1205 et
721 1178 904 1205 assentatione
932 1186 997 1206 cou-

206 1228 364 1250 suci-erant.
379 1223 496 1250 Gabalas
519 1223 647 1250 omnibus
661 1223 770 1251 indiciis
789 1231 885 1251 necem
901 1224 954 1251 libi
968 1225 996 1252 in

205 1269 310 1296 forihus
321 1277 381 1296 esse
394 1269 558 1303 eonjiciens.
571 1274 598 1296 et
614 1269 765 1297 formidans
777 1277 812 1297 ne
827 1269 994 1304 quibusdam

198 1306 239 1341 'ex
254 1314 316 1341 ndio
338 1314 365 1341 in
382 1322 412 1342 se
440 1314 609 1342 irruentibus
633 1315 703 1342 tnale
729 1316 840 1350 periret.
857 1323 920 1342 cum
941 1320 997 1343 tre-

206 1367 281 1387 more
301 1367 334 1387 ac
361 1367 462 1395 pavore
485 1368 584 1396 magno
601 1361 629 1388 in
648 1361 778 1396 templum
800 1361 921 1396 Sophim,
938 1366 998 1388 tan-

205 1413 285 1440 quam
304 1406 337 1433 ad
362 1407 465 1441 asylum
488 1407 558 1434 facta
583 1407 655 1442 iuga,
671 1407 800 1440 quoniam
824 1415 859 1435 ne
878 1407 919 1435 sic
937 1408 998 1442 qui-

206 1451 268 1478 dem
285 1459 314 1478 se
338 1452 443 1479 salvum
462 1451 522 1492 fore.
534 1453 674 1485 credebat,
691 1459 719 1480 et
742 1454 894 1488 producere
913 1454 997 1481 vitam

207 1505 259 1524 non
273 1497 447 1525 mediocriter
462 1498 600 1533 cupiebat,
613 1499 740 1526 monachi
755 1500 877 1527 habitum
896 1500 995 1534 induit,

1046 266 1151 302 βασιλὶς
1162 266 1190 292 δὲ
1206 266 1240 292 τὶ
1251 267 1315 300 περὶ
1335 266 1451 301 μεγάλου
1467 266 1608 300 λογοθέτου
1623 267 1761 301 εἰρημένα
1778 267 1838 299 ἒξε-

1045 313 1174 345 τάζουσα,
1193 312 1230 344 ὡς
1245 312 1411 339 ιπυνθάνετο
1433 313 1508 346 παρὰ
1523 312 1630 339 πολλῶν
1647 310 1719 339 εἶναι
1737 312 1838 347 ἀληθῆ,

1045 359 1138 393 κρύφα
1166 360 1220 394 γὰρ
1250 359 1326 393 παρὰ
1354 358 1409 385 τῶν
1436 358 1594 385 συνειδότων
1622 358 1691 393 πρὸς
1720 358 1841 388 πολλοὺς

1043 404 1147 439 διεδόθη
1162 404 1193 430 τὸ
1207 405 1373 440 ἀπόρρητον,
1386 404 1435 430 τοῦ
1454 403 1573 438 μεγάλου
1590 403 1684 434 δουκδς
1700 403 1776 431 οὕτω
1793 411 1840 433 σν-

1043 449 1237 481 σχιευάσαντος,
1247 448 1409 483 ἠγανάκτει,
1431 450 1476 475 καὶ
1490 449 1662 476 ἀποστασίαν
1675 446 1751 474 εἶναι
1767 447 1838 483 ᾧετο

1043 495 1073 522 τὸ
1088 496 1204 530 πρᾶγμα
1217 494 1359 529 φανερῶςο
1383 495 1431 521 καὶ
1446 494 1603 521 ἐϐουλεύετο
1630 495 1644 520 ὃ
1659 503 1686 521 τι
1698 494 1755 520 δέοι
1767 495 1838 528 χρῆ-

1044 542 1105 569 σθαι
1115 543 1154 577 τῷ
1172 542 1282 577 μεγάλῳ
1296 541 1436 577 λογοθέτῃ.
1457 540 1535 566 Ἐπεὶ
1548 540 1577 567 δὲ
1590 540 1641 574 ἠδη
1658 540 1749 574 πέρας
1761 537 1839 574 εἶχεν

1041 587 1058 622 ἡ
1071 587 1212 621 ἐπιϐουλὴ,
1228 587 1275 613 καὶ
1292 586 1438 620 λογοθέτης
1460 594 1489 612 τε
1505 586 1519 612 ό
1536 584 1623 620 μέγας
1646 587 1743 612 πᾶσαν
1755 585 1839 611 ἐκθέ-

1044 641 1123 668 μενος
1136 633 1186 667 τὴν
1203 632 1309 664 οὐσίαν,
1324 631 1441 667 ἐκάθητο
1457 631 1646 665 δεσμωτήριον
1662 630 1837 664 περιμένων,

1044 678 1119 713 καὶὴ
1143 677 1248 713 βασιλὶς
1260 678 1394 712 ὠργίζετο
1416 677 1484 712 πρὸς
1503 678 1552 711 τὴν
1569 677 1753 707 ἀποστασίαν,
1770 675 1840 702 121:1-

1044 724 1159 758 σάμενος
1170 724 1183 749 ό
1200 724 1285 759 μέγας
1297 724 1358 757 δούξ
1377 732 1438 750 τινα
1453 723 1508 749 τῶν
1522 723 1660 757 δημοσίων
1673 723 1785 757 χρείαν,
1799 722 1840 752 είς

1049 767 1132 803 Ὶερδν
1144 768 1175 794 τὸ
1186 769 1252 802 πρὸς
1270 768 1389 802 ἐμϐολὰς
1401 767 1447 793 τοῦ
1462 767 1563 794 Πόντου
1575 765 1697 793 ἀπέπλεε
1713 766 1839 800 τριήρει,

1041 813 1104 844 τοὺς
1119 813 1152 847 δὴ
1166 813 1274 847 πρῶτον
1285 812 1334 848 τὴν
1346 811 1480 847 βασιλίδος
1495 812 1576 846 δῆθεν
1589 811 1675 847 ὀργὴν
1693 811 1838 846 μηνύσαν-

1041 866 1102 890 τας,
1121 857 1159 892 τῷ
1178 858 1288 893 μεγάλῳ
1300 857 1432 894 λογοθέτῃ
1445 858 1590 884 κατέλιπεν
1606 857 1745 883 ἐπιθεῖναι
1758 856 1837 887 τέλος

1044 905 1077 939 τῇ
1091 903 1240 939 ἐπιϐουλῇ·
1257 904 1450 940 προσελθόντες
1473 903 1528 938 γὰρ
1554 904 1654 929 ἐκεῖνοι
1668 903 1750 934 αὖθις
1763 903 1839 929 δεδα-

1046 951 1176 985 κρυμένοι
1192 952 1238 977 καὶ
1251 951 1393 985 κατηφεῖς,
1414 950 1531 985 ἐμήνυον
1552 950 1589 981 ὡς
1604 950 1696 985 ἐκείνῃ
1712 951 1747 984 τῇ
1761 949 1841 976 νυκτὶ

1045 996 1114 1031 πρὸς
1127 996 1241 1031 ἔσχατον
1252 996 1374 1023 κινδύνου
1386 995 1445 1031 ἥξει
1454 1015 1462 1028 ,
1477 995 1613 1031 βασιλίδος
1627 995 1747 1030 μάλιστα
1759 995 1842 1029 ἐξωρο

1045 1042 1190 1076 γισμένης,
1206 1041 1253 1068 καὶ
1273 1040 1401 1075 πρόνοιάν
1417 1049 1479 1067 τινα
1501 1040 1584 1066 αὑτοῦ
1603 1041 1730 1067 ἐκέλευον
1750 1041 1839 1066 ποιεῖ-

1047 1086 1108 1112 σθαι
1119 1094 1125 1101 ·
1145 1086 1195 1121 τῆς
1207 1086 1291 1119 αὐτῆς
1305 1086 1332 1112 δὲ
1348 1085 1422 1120 ὥρας
1436 1086 1480 1112 καὶ
1495 1085 1605 1120 ἁτέρους
1618 1086 1649 1111 ὲκ
1665 1085 1840 1119 συνθήματος

1049 1132 1257 1167 παρεσκεύαζον
1271 1132 1489 1167 ἀφικνουμένους
1517 1132 1593 1167 παρὰ
1608 1128 1658 1167 τὴν
1674 1132 1767 1158 οίκίαν
1792 1132 1842 1165 τὴν

1047 1178 1167 1211 ἐκείνου,
1183 1178 1331 1213 ἁνωνύμως
1353 1178 1440 1210 οὕτως
1452 1179 1476 1205 εί
1496 1177 1577 1209 αὐτὸς
1591 1178 1687 1204 αὐτόθι
1707 1179 1750 1213 εἴη
1767 1178 1839 1213 ἐρω-

1047 1223 1154 1258 τᾷν,ὧς
1167 1232 1193 1250 τι
1206 1223 1292 1250 δεινὸν
1307 1223 1352 1250 τοῦ
1368 1223 1448 1258 λόγου
1464 1224 1712 1259 προσημαίνοντος.
1731 1223 1769 1250 Οὖ
1783 1224 1837 1258 γὰρ

1047 1269 1178 1295 εἰώθεσαν
1194 1269 1289 1304 ἐκείνῳ
1310 1269 1442 1305 πρότερον
1456 1269 1526 1296 οὕτω
1540 1269 1748 1305 προσφέρεσθαι
1768 1268 1838 1295 Ῥω-

1026 1331 1034 1339 ρ
1048 1316 1133 1349 μαῑοι,
1150 1314 1216 1341 ἀλλᾶ
1228 1315 1330 1349 πολλὴν
1343 1315 1391 1350 τὴν
1403 1315 1551 1350 θεραπείαν
1563 1316 1704 1349 προσῆγον
1720 1315 1770 1341 καὶ
1788 1314 1838 1349 τὴν

1048 1360 1204 1387 κολακείαν,
1220 1360 1344 1392 Γαϐαλᾱς
1369 1360 1397 1387 δὲ
1413 1361 1464 1396 ἠδη
1481 1361 1526 1387 τὸν
1551 1360 1663 1395 ὀλεθρον
1677 1361 1711 1386 ἐκ
1727 1360 1838 1387 πάντων

1046 1405 1274 1441 τεκμαιρόμενος,
1292 1406 1338 1432 καὶ
1350 1406 1441 1442 δείσας
1461 1406 1499 1440 μὴ
1516 1407 1563 1432 καὶ
1578 1406 1782 1440 παραπόλοιτο,
1797 1413 1837 1431 τις

1047 1451 1100 1477 νῶν
1109 1452 1176 1484 προς
1189 1451 1288 1486 ἔχθραν
1298 1451 1475 1484 ἐπελθόντων,
1487 1451 1641 1486 ὑπότρομος
1649 1452 1696 1477 καὶ
1708 1450 1838 1486 περιδεὴς

1047 1497 1086 1527 εὶς
1101 1497 1145 1523 τδν
1159 1497 1209 1531 τῆς
1229 1497 1298 1523 Θεοῦ
1312 1497 1411 1531 Σοφίας
1428 1497 1571 1531 γενῧμενος
1588 1497 1667 1528 νεὼν,
1693 1496 1751 1522 οὐδ’
1767 1497 1837 1523 οὕτω

205 1542 250 1568 vix
271 1542 352 1569 etiam
377 1542 428 1569 hac
454 1544 559 1570 ratione
586 1551 616 1570 se
636 1549 776 1572 servatum
803 1545 836 1572 lri
863 1553 995 1580 sperans;

1049 1541 1182 1572 σώζεσθαι
1210 1541 1350 1568 ἐπείθετο·
1380 1541 1447 1568 ἀλλὰ
1478 1541 1633 1576 φιλοψυχῶν
1657 1541 1758 1573 πολλὰ,
1791 1540 1838 1574 τὴν

207 1587 274 1613 adeo
296 1587 376 1613 minis
395 1587 528 1614 attonitus
541 1591 569 1613 et
584 1593 734 1615 concussus
756 1593 814 1615 erat
830 1590 999 1618 medullitus.

210 1632 320 1667 Magnus
332 1632 386 1659 dux
403 1636 488 1659 totum
502 1632 664 1660 maleﬁcium
679 1641 711 1660 ex
722 1634 857 1661 sententia
874 1636 999 1663 evenisse

208 1684 350 1713 pstquam
376 1679 522 1711 intellexit,
548 1678 630 1707 lliero
662 1688 798 1713 reversus,
819 1681 892 1708 ilicet
913 1683 998 1710 mdem

209 1725 317 1760 Sophia:
337 1725 415 1760 petit,
431 1719 597 1760 inventoqué
614 1725 651 1753 ibi
667 1726 804 1762 logotheta
818 1735 879 1754 eum
898 1729 998 1756 vestitu

209 1770 372 1801 mouastico,
387 1770 490 1805 plangit
502 1770 601 1798 mirum
618 1772 645 1798 in
662 1771 785 1804 modum,
797 1776 825 1799 et
837 1773 998 1800 viduitatem

209 1815 269 1842 hlim
287 1815 448 1842 lamentatur
465 1815 533 1850 (46),
557 1816 684 1851 doletque
709 1816 828 1844 dolorem
846 1817 1000 1845 inconsola-

209 1861 303 1888 bilem.
322 1860 471 1896 Logotheta
489 1862 550 1896 ejus
568 1862 668 1889 luctum
688 1862 778 1889 levare
802 1863 894 1890 multis
909 1864 999 1892 verbis

208 1907 317 1938 nititur,
341 1907 443 1942 aitque,
459 1907 529 1934 nihil
555 1908 704 1943 contigisse
727 1908 801 1941 novi,
822 1909 845 1937 si
863 1909 999 1937 .humanis

209 1948 292 1980 rebus
306 1961 416 1988 semper
436 1953 516 1980 aliter
532 1957 560 1980 et
576 1954 655 1981 aliter
673 1955 844 1982 volventibus
858 1960 886 1982 et
904 1955 999 1983 incon-

209 1999 358 2032 stantibus,
374 2007 447 2027 nunc
461 2000 570 2034 quidem
592 2001 715 2033 meliora,
732 2008 803 2028 nunc
820 2001 956 2028 deteriora
972 2006 999 2028 et

211 2047 269 2080 ipse
285 2051 414 2080 expertus
438 2051 522 2073 esset.
541 2047 573 2073 Et
589 2046 736 2081 apparebat
755 2048 948 2082 Apocauchum
965 2047 998 2074 ad

211 2092 270 2118 hare
294 2092 462 2126 aliquantum
487 2093 671 2126 acquiescere.
696 2092 779 2119 l’aulo
805 2097 867 2128 post
885 2100 999 2128 magnus

211 2138 349 2172 lngotheta
374 2138 555 2172 itnpcratricis
574 2138 652 2173 jussu
674 2138 707 2164 ad
723 2138 917 2166 monasterium
940 2146 1002 2165 san-

211 2183 341 2210 ctissima:
368 2183 486 2217 Virginis
511 2183 587 2210 abiit.
617 2183 646 2209 ln
678 2182 738 2217 fuga
764 2187 864 2215 autem,
893 2183 1000 2217 abjecto

1050 1587 1151 1620 ἐσθῆτα
1165 1587 1277 1619 ἀποδὺς,
1292 1587 1385 1622 σχῆμα
1402 1587 1527 1622 μοναχῶν
1543 1586 1734 1621 περιεϐάλετο,
1748 1585 1835 1618 οὕτως

1050 1632 1172 1665 οἰόμενος
1203 1633 1279 1667 μόλις
1305 1633 1395 1667 ἑαυτῷ
1421 1633 1470 1666 τὴν
1496 1632 1632 1666 σωτηρίαν
1658 1633 1837 1666 ὲκπορίσειν·

1050 1677 1176 1703 τοσοῦτον
1191 1677 1379 1712 ἐξεπέπληκτο
1397 1679 1457 1709 ταῖς
1469 1678 1593 1709 ἀπειλαῖς
1607 1678 1653 1704 καὶ
1667 1678 1717 1709 τὰς
1738 1679 1837 1712 φρένας

1050 1724 1225 1759 κατεσείσθη.
1258 1725 1286 1751 '0
1303 1725 1390 1759 μέγας
1404 1724 1432 1751 δὲ
1449 1724 1511 1756 δοῦξ
1530 1723 1591 1750 ἐπεὶ
1609 1723 1725 1750 πύθοιτο
1747 1724 1842 1765 πᾶσαν.

1050 1771 1120 1796 κατὰ
1146 1770 1208 1797 νοῦν
1236 1770 1405 1805 κακουργίαν
1435 1771 1588 1802 ἀποϐᾶσαν,
1618 1771 1650 1796 ὲκ
1669 1769 1719 1796 τοῦ
1751 1769 1834 1804 Ἱεροῦ

1050 1816 1216 1849 ἐπανελθὼν,
1243 1817 1342 1844 αὐτίκα
1367 1817 1434 1852 πρὸς
1449 1817 1499 1851 τῆς
1519 1817 1566 1843 τοῦ
1593 1816 1661 1843 Θεοῦ
1676 1816 1781 1850 Σοφίας
1794 1816 1836 1842 τὶν

1049 1861 1116 1888 νεὼν
1127 1863 1236 1896 ἀφῖκτο,
1256 1862 1304 1888 καὶ
1316 1861 1362 1888 τὸν
1379 1861 1467 1897 μέγαν
1490 1861 1638 1896 λογοθὲτην
1651 1860 1780 1896 εὑρηκὼς
1804 1860 1835 1886 τὰ

1051 1907 1176 1942 μοναχῶν
1202 1908 1399 1943 ἠμφιεσμένον,
1424 1907 1555 1934 ὲκόπτετο
1582 1907 1679 1938 πολλὰ,
1707 1907 1757 1933 καὶ
1785 1906 1830 1941 τὴν

1049 1954 1161 1988 χηρείαν
1172 1953 1330 1988 ἀπωδύρετο
1345 1954 1394 1988 τῆς
1423 1953 1567 1989 θυγατρος,
1584 1953 1632 1979 καὶ
1655 1951 1836 1987 ἀπαραμύθη-

1049 2006 1083 2024 τα
1098 1997 1215 2025 ἐπένθει.
1234 1998 1386 2033 Λογοθέτης
1403 1997 1431 2024 δὲ
1450 1998 1464 2024 ὁ
1479 1999 1564 2033 μέγας
1582 1997 1691 2028 πολλοῖς
1707 2005 1831 2032 παρεμυ-

1050 2044 1122 2070 θεῖτο
1137 2043 1238 2077 λόγοις,
1265 2043 1341 2070 οὐδὲν
1368 2044 1461 2070 καινὸν
1483 2044 1687 2079 συμϐεϐηκέναι
1713 2045 1832 2077 φάσκων,

1053 2091 1079 2116 εί
1111 2090 1165 2116 τῶν
1192 2090 1369 2125 ἀνθρωπίνων
1401 2091 1445 2116 ἀεὶ
1474 2090 1644 2125 πραγμάτων
1673 2090 1769 2116 ἄλλοτε
1792 2088 1833 2116 ἆλ-

1049 2136 1104 2167 λως
1134 2138 1296 2172 φερομένων
1323 2136 1371 2162 καὶ
1404 2136 1604 2168 ἁστατούντων,
1637 2135 1687 2161 νῦν
1719 2136 1769 2168 μὲν
1781 2135 1834 2169 βελ-

1050 2182 1157 2214 τιόνων,
1185 2181 1233 2208 νῦν
1257 2182 1285 2207 δὲ
1301 2180 1430 2217 χειρόνων
1455 2181 1589 2217 ἐπειράθη
1609 2182 1657 2207 καὶ
1668 2181 1768 2212 αὑτός·
1793 2181 1835 2206 καὶ

214 2227 340 2254 monachi
361 2228 446 2258 cultu,
461 2227 619 2255 adornanda
645 2227 845 2262 deprehensus,
863 2227 890 2254 in
907 2233 996 2255 carce-

1052 2229 1139 2255 ἑδὸκει
1168 2229 1199 2254 τὸ
1219 2228 1286 2254 πολὺ
1312 2229 1361 2263 τῆς
1385 2228 1472 2263 λύπης
1497 2228 1542 2254 διὰ
1556 2228 1605 2261 τὴν
1626 2227 1734 2254 ἐκείνου
1751 2235 1833 2261 πειρα-

213 2281 270 2300 rem
288 2273 377 2300 datur.
394 2272 441 2300 Sic
468 2273 550 2307 igitur
576 2277 603 2300 et
629 2273 700 2300 hunc
726 2279 758 2300 ex
780 2273 871 2300 medio
888 2282 1000 2310 magnus

213 2319 266 2345 dux
282 2319 408 2350 removit,
423 2318 468 2353 qui
483 2318 583 2345 bellum
599 2322 691 2345 contra
709 2311 930 2346 Caniaeuzenum
945 2327 1001 2346 non

213 2365 364 2399 vulgariter
378 2367 572 2400 promoverat:
594 2365 755 2400 condignam
777 2366 907 2392 nimirum
931 2373 1003 2393 mer-

212 2411 307 2437 cedem
338 2419 388 2445 pro
414 2411 549 2446 pestiferis
566 2410 687 2438 cladibus
705 2419 737 2438 eo
753 2411 825 2439 bello
844 2411 960 2439 invectis
975 2411 1001 2439 ei

215 2457 376 2491 rependens.

1052 2273 1150 2308 μυθίαν
1168 2274 1358 2301 ἀποτίθεσθαι.
1378 2274 1511 2307 Ὕστερον
1538 2274 1567 2300 δὲ
1591 2272 1675 2308 ὀλίγῳ
1701 2275 1771 2308 προς
1787 2273 1833 2307 τὴν

1050 2319 1101 2353 τῆς
1115 2319 1352 2354 ¹ιήμμακαρίστου
1368 2319 1451 2354 μονὴν
1465 2321 1478 2345 ὁ
1497 2320 1584 2352 μέγας
1604 2320 1707 2353 ἀφῖκτο
1732 2320 1835 2352 λογοθὲ-

1050 2373 1112 2399 της,
1123 2365 1170 2398 τῆς
1181 2365 1314 2400 βασιλίδος
1324 2365 1486 2400 κελευούσης
1497 2373 1504 2380 ·
1515 2365 1652 2400 φωραθεὶς
1661 2365 1690 2391 δὲ
1705 2365 1835 2400 διαδιδρᾶ-

1051 2421 1128 2438 σκειν
1146 2413 1261 2446 μέλλων,
1273 2413 1320 2439 καὶ
1333 2415 1368 2439 τὰ
1389 2413 1513 2448 μοναχῶν
1528 2413 1787 2447 ἀπαμφιέννυςθαι,
1802 2414 1835 2442 εἰς

1052 2458 1240 2492 δεσμωτήριον
1266 2458 1408 2494 ἐνεϐλήθη.
1438 2458 1517 2485 Οὕτω
1543 2459 1592 2492 μὲν
1609 2456 1656 2484 οὖν
1682 2458 1734 2484 καὶ
1748 2458 1835 2484 τοῦτον

214 2503 422 2529 ἀπεσκευάσατο
437 2503 452 2528 ό
469 2503 555 2538 μέγας
579 2502 654 2535 δοὺξ.
673 2502 780 2538 μεγάλα
802 2503 850 2537 μὲν
865 2502 934 2538 πρὸς
951 2502 998 2529 τὸν
1018 2503 1246 2538 Καντακουζηνοῦ
1261 2506 1449 2539 συναράμενον
1480 2505 1528 2531 τοῦ
1547 2505 1682 2539 βασιλέως
1713 2505 1836 2539 πόλεμον,

213 2551 298 2584 ἀξίων
320 2551 348 2578 δὲ
368 2551 574 2578 ἀπολελαυκότα
597 2552 662 2587 παρ’
681 2551 786 2577 ἐκείνου
812 2551 945 2586 ἀμοιϐὦν,
967 2547 999 2587 ἧς
1019 2551 1159 2586 ἐπήγαγεν
1178 2552 1318 2588 ἀμυθήτου
1331 2552 1432 2587 φθορᾶς
1444 2554 1458 2579 ό
1473 2553 1589 2588 πόλεμος
1609 2553 1773 2588 Ῥωμαίοις.
1816 2554 1822 2561 ”

849 2620 960 2651 Jacobi
971 2621 1103 2652 Pontani
1128 2625 1222 2653 nota}.

253 2682 307 2717 (ιϐ)
327 2683 382 2709 Cur
399 2681 566 2714 viduitatem,
584 2689 645 2709 cum
662 2690 717 2709 non
733 2686 806 2710 esset
822 2682 923 2710 vidua?
947 2691 997 2710 nec

214 2719 290 2745 enim
305 2726 365 2744 cum
380 2725 516 2752 quoquam
542 2722 626 2752 nupta
642 2717 736 2745 fuerat.
754 2718 806 2744 Sed
821 2718 998 2751 iureconsulti

215 2754 298 2780 etiam
325 2754 444 2781 nondum
474 2757 584 2787 nuptam
606 2753 743 2788 appellare
765 2753 854 2780 solent
877 2754 996 2780 viduam.

1046 2683 1182 2716 Quoniam
1196 2683 1300 2712 scilicet
1315 2685 1396 2712 vidua
1408 2684 1479 2712 dicta
1494 2685 1529 2712 sit
1544 2689 1573 2711 ut
1589 2686 1697 2715 νοσοῖ-ε,
1714 2692 1827 2712 vesanus

1047 2719 1181 2781 guitsline
1203 2719 1297 2753 corde,
1320 2721 1379 2748 sine
1404 2720 1520 2748 sanitate
1544 2725 1640 2748 esset:
1657 2725 1686 2748 et
1715 2721 1762 2748 illa
1782 2720 1834 2748 siue

1069 2761 1094 2780 ω
1110 2762 1124 2781 a
1138 2762 1163 2782 e.
