1915 3086
146 138 217 174 1189

715 139 987 170 HISTORIARUM
1009 139 1126 170 LIBER
1146 139 1205 169 ΙΠ-

1697 142 1762 176 1190

141 203 183 222 νοι
192 194 365 229 ἀνέστρεφον.
379 194 507 226 Βασιλεὺς
518 195 545 221 δὲ
560 195 620 221 ἐπεὶ
634 196 697 230 περὶ
708 195 821 231 δείληνὴ
838 196 920 231 ἡμέρα

980 199 1052 221 ctum
1069 195 1211 228 atl‘erebat,
1224 195 1271 223 sed
1285 195 1441 231 imperatori
1457 205 1577 232 quoque,
1594 203 1620 226 et
1632 199 1762 227 Romanis

136 239 191 275 ’ἤδη
205 237 249 275 ἦν,
268 239 344 274 παρὰ
357 240 405 275 τὴν
418 240 467 274 τῆς
478 240 608 274 Καμήλου
621 241 792 275 καλουμένην
803 241 925 275 γέφυραν

141 286 408 318 ἐστρατοπεδεύσατο
420 286 514 317 ἐλθὼν,
533 286 579 312 καὶ
592 287 631 317 εἰς
640 286 690 321 τὴν
707 286 854 321 ὑστεραίαν
871 285 925 311 ὀλί-

141 338 184 363 γοι
199 330 249 365 μὲν
263 331 301 362 εἰς
323 331 353 356 τὸ
369 331 548 364 στρατόπεδον
570 331 639 366 μετὰ
667 331 800 366 βασιλέως
816 330 925 357 ὑπελεί-

142 383 239 401 ποντο·
261 375 291 401 τὸ
304 376 369 402 πολὺ
383 376 411 401 δὲ
425 376 474 410 τῆς
492 377 622 410 στρατιᾶς
642 376 689 402 καὶ
708 376 862 411 Ῥωμαίων,
879 376 926 402 καὶ

140 420 252 454 Περσῶν
263 422 411 455 ἐτράποντο
423 422 470 448 ἐπὶ
485 422 640 457 λεηλασίας.
654 422 709 449 Καὶ
727 422 857 456 Ῥωμαῖοι
874 423 926 457 μὲν

976 241 1114 268 universis
1131 249 1235 275 magnae
1250 242 1420 274 miserationi
1435 247 1504 275 erat,
1519 251 1574 270 sua:
1591 245 1680 278 gentis
1691 253 1763 272 mor-

976 286 1044 313 tales
1059 286 1102 313 his
1115 287 1225 314 casibus
1239 293 1386 321 oppressos
1407 287 1540 322 aspicere.
1565 288 1616 316 Sed
1633 297 1694 316 cum
1711 290 1763 325 By-

975 332 1076 359 zantini
1105 339 1199 366 pacem
1234 340 1472 367 aspernarentur,
1498 334 1634 362 licentiam
1664 336 1763 363 milita-

977 385 1035 404 rem
1059 377 1087 404 in
1103 378 1229 405 hostibus
1256 379 1405 407 necessitas
1421 381 1614 415 extorquebat,
1644 390 1697 408 non
1715 390 1762 409 vo-

977 423 1082 449 luntas.

141 466 300 502 βοσκήματα
325 470 373 496 καὶ
391 470 473 504 ἄλλην
489 470 565 496 λείαν
591 470 708 504 ἤλαυνον
719 478 725 486 ·
742 469 772 495 τὸ
788 469 920 502 Περσικὸν
938 469 967 496 δὲ
982 470 1176 504 ἡνδραπόδιζον
1189 471 1234 497 καὶ
1248 472 1309 502 τοῦς
1322 471 1493 506 ἀνθρώπους.
1507 474 1561 500 Καὶ
1573 462 1609 508 ἦν
1641 474 1672 500 οὗ
1705 476 1762 505 τοῖς

140 514 275 548 πάσχουσι
289 515 370 549 μόνον
386 516 416 542 τὸ
427 515 510 542 κακὸν
534 515 768 550 ἀπαραμύθητον·
792 515 859 541 ἀλλὰ
874 516 921 540 καὶ
940 514 1064 549 βασιλεῖ,
1091 516 1138 542 καὶ
1159 517 1215 547 τοῖς
1238 516 1365 542 συνοῦσιν
1386 517 1472 544 ἄπεισι
1509 519 1658 552 Ῥωμαίοις
1687 520 1762 550 ἔλεος

140 559 227 591 δεινὸς
243 560 342 595 εἰσῄει,
361 561 473 588 τοιαῦτα
492 561 546 588 τῶν
560 561 702 595 ὁμοφύλων
722 559 934 595 δυστυχούντων.
960 559 1129 593 Ἀναγκαίως
1146 560 1173 587 δὲ
1187 561 1233 588 τοῦ
1272 562 1391 596 πολέμου
1414 563 1529 598 εῐχοντο.
1547 565 1680 600 Πράττειν
1708 565 1762 604 γὰρ

141 607 240 642 ἑτέρως
265 608 315 633 οὐκ
328 607 401 642 ἐνῆν,
416 608 470 634 τῶν
487 609 516 634 ἐν
531 608 671 643 Βυζαντίῳ
684 607 733 642 τὴν
756 607 868 642 εἰρήνην
889 607 919 633 οὐ
940 608 1180 642 παραδεχομένων.

808 676 920 704 CAPUT
941 676 1072 704 LXXXII.

140 724 243 753 Galatae
256 726 386 760 cupientes
399 725 432 752 de
458 729 564 751 auctore
589 724 650 752 belli
666 728 691 751 et
718 732 802 751 (ausu
820 732 982 760 cognouere.
1009 723 1107 759 lego/os
1133 725 1166 751 ad
1187 725 1400 753 Cantacuzenum
1424 726 1582 753 sciscitatum
1599 728 1717 755 mittunt.
1738 729 1762 754 Ii

174 765 235 786 sunt
261 760 312 797 duo
333 761 592 797 monachitquorum
615 759 686 786 alter
711 761 796 797 Amne
824 759 1162 797 imperatl'iciglcognatus.
1183 760 1354 797 Respondens
1379 761 1525 797 imperator
1549 770 1604 788 rem
1633 771 1648 789 a
1674 763 1777 797 capile'

175 795 293 826 arcessit,
320 800 344 822 et
358 803 438 830 quam
464 793 571 830 indigna
599 801 736 830 perpessus
762 795 796 830 εει
824 793 908 820 docet.
926 793 965 819 De
984 794 1070 830 Persis
1085 795 1164 821 etiam
1184 793 1317 822 advocatis
1341 803 1369 822 se
1394 793 1518 830 defendit,
1545 802 1569 822 et
1597 793 1761 824 adversarios

173 837 264 856 eorum
280 837 354 864 opem
364 827 471 864 '[rustra
485 827 742 862 implorasse'docet.
761 827 897 861 Quantum
910 829 1033 863 tempori:
1055 829 1083 855 in
1100 832 1146 856 hoc
1161 829 1291 865 cotloquto
1306 827 1490 865 consumptum
1504 831 1596 865 fuerit.

176 899 208 924 Oi
223 898 251 923 ἐν
263 898 373 933 Γαλατᾷ
381 898 410 924 δὲ
426 897 465 932 τῷ
479 897 601 934 φρομρίῳ
615 897 690 929 ὄντες
705 897 826 929 Λατῖνοι,
839 896 920 931 ὁρῶν·

1011 895 1112 924 Verum
1144 897 1217 924 enim
1244 905 1311 924 vero
1335 898 1361 924 in
1397 898 1497 933 oppido
1533 885 1627 926 Galata
1649 898 1760 933 Latinif,

138 952 183 975 τες
203 943 251 978 μὲν
268 944 317 979 τὴν
331 944 383 970 ὑπὸ
397 944 444 970 τοῦ
465 944 596 978 ἐμφυλίου
623 943 743 979 πολέμου
770 945 826 975 τοῖς
854 943 922 969 Ῥω-

141 990 230 1025 μαίοις
250 990 428 1026 ἐγγινομένην
441 990 580 1026 ἀμύθητον
593 991 707 1025 φθορὰν,
719 989 879 1024 ἀγνοοῦντες
894 989 922 1015 δὲ

139 1037 163 1062 εἰ
181 1036 280 1071 μᾶλλον
297 1037 321 1062 oi
334 1037 362 1063 ἐν
379 1036 530 1071 Βυζαντίῳ,
546 1036 561 1071 ἢ
577 1036 800 1069 Καντακουζηνὺς
816 1036 830 1061 ὁ
844 1035 923 1070 βασι-

137 1081 201 1112 λεὺς
217 1081 366 1115 παρέχεται
389 1082 437 1112 τὰς
460 1081 549 1111 αἰτίας
568 1080 615 1107 τοῦ
640 1081 778 1116 πολέμου,
796 1082 843 1107 καὶ
866 1082 922 1112 τοῖς

140 1127 190 1161 μὲν
202 1127 230 1153 ἐν
241 1127 380 1161 Βυξαντίῳ
392 1127 518 1159 συνόντες
529 1127 674 1162 ὁσημέραι,
687 1128 732 1154 καὶ
747 1127 832 1154 πολλὰ
847 1128 922 1154 Καν-

139 1173 306 1208 ταχουζηνοῦ
323 1173 368 1200 τοῦ
384 1173 515 1207 βασιλέως
530 1173 675 1204 ἀκούοντες
686 1172 920 1208 κατηγορούντων,

139 1219 181 1245 ὅτι
199 1218 350 1253 βασιλεύειν
365 1218 536 1254 ἐπιθυμήσας
547 1219 604 1250 τοῖς
619 1219 752 1253 βασιλέως
763 1218 922 1245 ἐπιϐουλεύ-

141 1274 198 1292 σειε
213 1266 302 1299 παισὶ,
317 1266 490 1301 πατριάρχης
510 1266 538 1292 δέ
558 1267 625 1300 μετὰ
640 1266 694 1292 τῶν
709 1266 857 1292 ἐπιλοίπων
873 1267 920 1292 ἁν-

141 1311 248 1347 τισταίη
272 1311 321 1338 καὶ
353 1312 484 1338 κωλύσειε
511 1311 548 1346 μὴ
573 1312 619 1338 τὸν
644 1311 727 1338 παῖδα
753 1311 921 1347 διαφθείρειν

142 1358 310 1392 πολεμήσας,
330 1357 346 1392 ἢ
363 1357 438 1383 οὐδὲν
455 1356 488 1384 ἃν
510 1358 613 1384 ἐκεῖνον
633 1357 737 1384 ἐκώλυε
760 1358 842 1384 πάλαι
865 1358 921 1384 διε-

141 1404 272 1439 φθάρθαι,
289 1402 512 1436 Καντακουζηνοῦ
533 1403 561 1429 δέ
575 1403 622 1429 τοῦ
643 1403 772 1438 βασιλέως
785 1403 814 1429 οὺ
840 1403 921 1438 μόνον

140 1450 189 1485 τὴν
203 1450 270 1484 πρὸς
286 1449 397 1484 βασιλέα
420 1449 465 1475 τὸν
487 1448 655 1483 Ἀνδρόνικον
682 1448 836 1486 ἐννοοῦντες
850 1449 919 1483 σύμ-

141 1505 245 1528 πνοιαν,
274 1496 342 1522 ἀλλὰ
367 1495 414 1522 καὶ
443 1496 492 1530 τὴν
515 1494 668 1530 προσοῦσαν
696 1495 846 1522 ἐπιείκειαν
873 1494 921 1521 καὶ

139 1542 307 1577 ἡμερότητα,
318 1541 364 1568 καὶ
379 1541 408 1567 τὸ
421 1541 503 1568 πᾶσιν
518 1541 613 1568 ἑαυτὸν
629 1541 794 1576 παρέχεσθαι
811 1540 875 1576 ἡδύν
890 1548 920 1566 τε

139 1589 168 1614 ἐν
183 1588 301 1623 ὁμιλίαις
319 1590 365 1614 καὶ
382 1586 522 1621 φιλότιμον
539 1586 606 1621 πρὸς
625 1587 673 1618 τὰς
689 1587 856 1622 εὐεργεσίας,
872 1586 919 1613 καὶ

138 1633 189 1668 τῆς
205 1635 243 1664 εἰς
268 1632 348 1658 αὐτὸν
374 1632 481 1663 εὐνοίας
506 1632 560 1659 τῶν
583 1632 666 1666 φίλων
691 1632 918 1668 μνημονευτικδν,

140 1681 187 1705 καὶ
205 1678 370 1714 νομίζοντες,
388 1678 439 1704 οὐκ
461 1677 494 1704 ἂν
510 1677 581 1704 οὕτω
600 1677 698 1713 ῥᾳδίως
721 1679 785 1713 περὶ
807 1678 920 1713 βασιλέα

140 1725 185 1750 τοι
204 1724 281 1758 φίλον
294 1723 528 1758 ὴγνωμονηκέναι,
553 1724 692 1749 πιστεύειν
710 1723 759 1758 μὲν
773 1723 823 1750 οὐκ
847 1721 920 1758 εἶχον

139 1772 195 1803 τοῖς
211 1769 293 1797 αὐτοῦ
309 1769 491 1804 κατηγοροῦσι
512 1770 547 1796 τὰ
562 1769 686 1801 τοιαῦτα,
707 1770 768 1796 οὔτε
783 1771 835 1806 μὴν
852 1779 919 1797 παν-

139 1818 257 1844 τάπασιν
283 1817 409 1843 ἀπιστεῖν
432 1817 488 1847 τοίς
515 1815 724 1851 θρυλλουμένοις
749 1816 835 1850 οὕτως
868 1817 919 1844 ὑπὸ

141 1865 256 1891 πολλῶν.
278 1864 328 1890 Διὰ
349 1863 379 1898 δὴ
395 1863 482 1890 ταῦτα
497 1863 561 1897 περὶ
577 1863 704 1890 πλείστου
723 1863 857 1897 τιθέμενοι
872 1873 920 1889 αα-

140 1911 189 1945 φές
202 1919 228 1937 τι
243 1910 306 1945 περὶ
325 1909 370 1935 τοῦ
390 1909 463 1943 παρὰ
485 1909 630 1944 Ῥωμαίοις
647 1902 825 1944 κεὶιινημὲνου
842 1909 920 1936 πολέ-

141 1965 192 1990 μου
206 1955 318 1990 γνῶναι,
332 1955 387 1981 δεῖν
410 1954 543 1987 ἔγνωσαν,
558 1954 618 1980 ἐπεὶ
635 1955 717 1988 ἐγγὺς
742 1952 775 1990 ἦν
791 1955 915 1991 ἐστρατο-

140 2001 316 2036 πεδευμένος,
336 2001 456 2034 πέμπειν
479 2000 547 2034 πρὸς
563 1999 644 2026 αὐτόν
660 2008 744 2032 τινας,
759 1999 783 2027 οἳ
804 2000 920 2032 διαλεξᾲ

142 2052 222 2082 μενοι·
234 2048 282 2077 τὰς
307 2045 395 2076 αἰτίας
408 2045 526 2071 εἴσονται
552 2045 659 2079 σαφῶς,
675 2045 704 2078 ἐξ
720 2041 756 2071 ὧν
774 2046 788 2072 ὁ
802 2047 920 2080 πόλεμος

140 2093 277 2127 κεκίνητο.
294 2091 348 2118 Καὶ
364 2091 503 2126 πέμπουσι
519 2091 566 2117 δύο
584 2091 660 2121 τινὰς
676 2091 725 2125 τῆς
745 2091 799 2117 τῶν
827 2099 921 2126 μενου-

140 2137 205 2173 ρίων
219 2137 321 2169 τάξεως
339 2135 481 2172 μοναχοὺς,
498 2137 625 2167 συνετοὺς
644 2136 693 2170 μὲν
714 2136 761 2162 καὶ
773 2135 870 2168 ἄλλως,
889 2136 919 2162 ού

142 2184 195 2219 μὴν
209 2183 279 2210 ἀλλὰ
293 2183 339 2209 καὶ
355 2183 450 2216 σοφίας
463 2182 513 2217 τῆς
527 2182 603 2216 παρὰ
621 2180 766 2216 Ῥωμαίοις
783 2181 822 2213 εἰς
837 2183 920 2216 ἀκρον

976 950 1038 969 cum
1058 942 1111 969 hoc
1124 943 1195 970 civili
1214 943 1285 970 bello
1300 943 1438 971 Romanos
1459 944 1633 973 incredibiles
1648 945 1761 973 calami-

960 992 1044 1020 _tates
1061 989 1208 1023 pertulisse
1223 994 1379 1021 cernerent,
1395 994 1423 1016 et
1439 990 1612 1024 ignorarent,
1637 991 1760 1026 magisne

974 1041 990 1061 a
1005 1033 1174 1072 Byzantinis,
1199 1043 1232 1061 an
1251 1043 1264 1061 a
1281 1035 1473 1062 Cantacuzeno
1490 1037 1583 1062 datum
1609 1040 1684 1063 esset
1709 1036 1759 1063 ini.

976 1079 1043 1106 tium
1064 1089 1071 1107 :
1091 1084 1120 1107 et
1137 1080 1294 1114 quotidiana
1313 1088 1373 1108 cum
1390 1081 1445 1108 illis
1467 1082 1630 1108 commercia
1658 1081 1761 1109 haben.

976 1128 1027 1157 tes,
1047 1131 1094 1152 eos
1109 1125 1330 1153 Cantacuzenum
1349 1127 1443 1153 multis
1459 1131 1618 1154 accusantes
1633 1127 1760 1154 audirent

975 1168 1057 1203 (quod
1075 1170 1203 1196 nimirum
1220 1170 1352 1204 regnandi
1365 1170 1514 1204 cupiditate
1532 1170 1626 1197 liberis
1640 1170 1756 1204 impera-

975 1214 1043 1242 toris
1060 1214 1239 1242 insidiaretur
1255 1223 1262 1242 :
1281 1215 1465 1249 patriarcham
1487 1223 1547 1243 cum
1564 1215 1670 1243 ca-teris
1685 1216 1759 1243 obsi-

974 1265 1058 1294 stt-re,
1077 1268 1113 1288 ne
1134 1269 1250 1296 puerum
1278 1262 1350 1289 bello
1369 1262 1455 1289 victor
1475 1261 1632 1295 occideret,
1657 1261 1758 1296 alioqui

974 1306 1079 1340 pridem
1094 1306 1213 1334 occisum
1231 1307 1340 1342 fuisse),
1351 1312 1483 1342 praeterea
1496 1315 1557 1334 cum
1574 1306 1758 1334 Cantacuzeni

974 1352 1134 1382 nontsolum
1162 1360 1224 1380 cum
1253 1352 1382 1381 defuncto
1412 1353 1576 1393 imperatore
1600 1353 1758 1380 Andr0nico

973 1398 1144 1425 voluntatum
1176 1398 1382 1433 studiorumque
1402 1406 1577 1431 consensum,
1593 1399 1641 1426 sed
1656 1403 1684 1425 et
1700 1406 1759 1426 mo-

973 1451 1018 1471 res
1033 1444 1233 1479 placidissimos
1252 1449 1425 1479 reputarent,
1450 1449 1476 1472 et
1496 1444 1632 1479 quomodo
1653 1451 1682 1470 se
1699 1451 1758 1470 om-

974 1490 1055 1517 nibus
1071 1489 1098 1516 in
1116 1497 1265 1525 congressu
1282 1498 1407 1522 suavem,
1425 1498 1456 1518 ac
1472 1490 1660 1518 benefaciendi
1677 1490 1757 1524 cupi-

974 1535 1049 1567 dum,
1065 1535 1318 1570 benevolentiaque
1337 1534 1487 1562 amicorum
1505 1541 1568 1570 erga
1602 1541 1631 1561 sc
1651 1541 1755 1561 mento-

972 1588 1028 1608 rem
1043 1580 1198 1615 praeberet;
1214 1580 1413 1608 arbitrarentur
1430 1581 1511 1608 etiam
1536 1587 1590 1607 non
1609 1584 1662 1606 tam
1677 1579 1756 1606 facile

970 1627 998 1653 in
1016 1626 1210 1661 imperatorem
1245 1625 1381 1660 ingratum
1405 1631 1487 1660 atque
1506 1624 1659 1660 improbum
1677 1631 1756 1659 repe-

971 1671 1018 1699 riri
1035 1672 1158 1706 potuisse
1173 1680 1179 1698 :
1193 1679 1255 1698 cum
1284 1671 1353 1704 haec,
1377 1671 1498 1706 inquam.
1515 1672 1679 1706 cogitarent,
1704 1679 1755 1698 nec

970 1717 1050 1744 ﬁdem
1065 1716 1273 1745 accusatoribus
1288 1717 1447 1752 atljungere,
1467 1724 1516 1744 nec
1530 1724 1643 1751 prorsus
1660 1717 1754 1744 detra-

970 1764 1037 1790 here
1055 1767 1189 1798 poterant.
1207 1763 1279 1797 quod
1301 1763 1368 1790 adeo
1384 1770 1399 1789 a
1418 1762 1510 1789 multis
1525 1763 1752 1796 pradicarentur.

970 1808 1102 1840 Quocirca
1119 1812 1224 1835 eertum
1253 1808 1354 1842 aliquid
1381 1808 1414 1834 de
1442 1808 1505 1834 belli
1527 1815 1609 1834 causa
1626 1812 1653 1834 et.
1669 1807 1755 1835 initiis

970 1860 1136 1887 cognoscere
1152 1853 1304 1886 nimiopere
1320 1852 1471 1887 cupientes,
1486 1852 1704 1886 quandoquidem
1731 1853 1754 1880 is

970 1906 1053 1933 prope
1066 1905 1156 1925 castra
1169 1898 1290 1929 haberet.
1305 1898 1438 1932 quosdam
1456 1905 1519 1924 cum
1544 1902 1750 1932 percunctatum

970 1944 1119 1971 mittendos
1135 1948 1301 1976 statuerunt,
1319 1948 1348 1970 ut
1371 1943 1443 1977 quod
1461 1943 1600 1974 volebant,
1615 1944 1754 1978 explorate

970 1990 1118 2018 discerent.
1135 1989 1245 2017 Mittunt
1275 1989 1358 2025 igitur
1387 1989 1455 2016 duos
1474 1989 1611 2016 Minorum
1636 1989 1753 2017 instituti

972 2036 1130 2069 monachos,
1148 2035 1296 2070 ca-teroqui
1311 2035 1469 2070 prudentes,
1487 2040 1514 2063 et
1536 2034 1640 2062 Latinis
1656 2035 1754 2062 litteris

970 2082 1180 2113 excultissimos.
1193 2081 1275 2117 634
1291 2086 1319 2108 et
1339 2081 1365 2116 in
1391 2080 1556 2108 Aristotelea
1578 2081 1753 2116 philosophia

972 2128 1225 2156 exercitatissimos.
1246 2127 1348 2154 Horum
1369 2134 1440 2154 unus
1457 2130 1517 2154 erat
1540 2127 1691 2159 Sabaudus,
1706 2134 1753 2161 pa-

973 2179 1049 2202 terna
1066 2173 1227 2209 cognatione
1250 2174 1335 2200 Annte
1354 2173 1521 2207 imperatrici
1548 2173 1671 2208 junctus,
1689 2177 1750 2201 mo—

139 2229 370 2265 ἐληλακόταςικαὶ
382 2229 417 2255 τὰ
430 2227 631 2263 Ἀριστοτέλους
653 2227 783 2254 κάλλιστα
800 2227 919 2262 ἐξησκη-

973 2221 1121 2250 nachorum
1142 2221 1279 2248 minorum
1307 2220 1434 2247 antistes.
1459 2220 1632 2255 Quapropter
1648 2225 1676 2248 et
1686 2225 1752 2251 \tum

141 2276 248 2310 μένους.
261 2274 315 2301 'llv
330 2275 358 2301 δὲ
372 2274 386 2300 ὁ
404 2274 453 2309 μὲν
477 2274 570 2308 ἔτερος
587 2273 677 2300 αὐτῶν
694 2273 725 2299 ἐκ
737 2273 861 2304 Σαὸωἳας
873 2273 920 2308 τῆς

141 2321 271 2356 πατρῴας
288 2321 376 2352 οἰκίας
393 2321 478 2357 ’Δννῃ
495 2321 528 2356 τῇ
555 2319 682 2354 βασιλίδι,
698 2320 752 2346 τῶν
769 2319 921 2354 μενουρίων

141 2367 319 2403 ήγούμενους.
336 2366 380 2393 Διὸ
396 2366 444 2393 καὶ
465 2366 525 2392 τότε
551 2366 619 2401 πρὸς
638 2365 751 2401 βασιλέα
768 2366 843 2401 παρὰ
865 2365 920 2391 τῶν

141 2408 285 2448 ὁμοφύλων
300 2412 438 2447 ἐπέμφθη,
459 2413 492 2438 ἵν’
508 2412 544 2443 ὡς
563 2413 678 2447 μάλιστα
694 2413 741 2444 τὰς
756 2412 845 2443 αἰτίας
863 2412 920 2444 ἐξε-

140 2460 210 2495 τάσῃ
235 2458 283 2485 τοῦ
308 2458 439 2492 πολέμου,
456 2459 488 2493 τῇ
516 2458 583 2492 πρὸς
609 2457 732 2493 βασιλίδα
755 2458 803 2493 τὴν
821 2458 920 2484 Ἅνναν

140 2505 332 2540 οίκειότητιοὺ
354 2505 434 2539 μόνον
455 2504 560 2539 βασιλεί
582 2505 620 2539 μὴ
643 2505 833 2540 χαριζόμενος,
851 2505 919 2532 ἁλλὰ

140 2553 188 2579 καὶ
205 2552 354 2585 ἀντιλέγων
376 2552 422 2578 καὶ
443 2551 612 2585 ἀπελέγχων,
637 2551 688 2578 ὅσα
704 2551 813 2578 δυνατά.
838 2551 866 2578 '0
890 2552 918 2578 δέ

138 2595 232 2630 λοῖπὺς
255 2599 310 2624 τῶν
321 2597 520 2631 ἐξεταζομένων
532 2597 668 2632 ἀκροατὴς
695 2598 822 2632 ἐσόμενος
838 2599 918 2633 μόνον

137 2645 212 2679 ἧκεν
229 2644 273 2670 ῐνα
289 2643 325 2679 μὴ
340 2644 442 2673 ἐκεῖνος
454 2641 531 2673 αὖθις
545 2643 724 2677 χαριζόμενος
739 2643 838 2678 ἐαυτῷ,
851 2644 918 2670 ἀπο-

138 2690 269 2725 κρύπτειν
284 2689 400 2724 ἐθελήσῃ
413 2688 673 2722 τάληϐἧ.ἘλΘόντες
688 2689 715 2714 δὲ
732 2689 772 2720 εἰς
792 2689 822 2715 τὸ
836 2698 917 2725 στρα-

137 2735 258 2767 τόπεδον,
274 2736 321 2761 καὶ
336 2734 447 2768 βασιλέα
469 2733 754 2768 προσαγορεύσαντες,
770 2735 849 2770 ἥκειν
866 2735 914 2770 μὲν

138 2781 240 2814 ἔφασαν
256 2781 302 2807 καὶ
316 2779 423 2815 ὁμιλίας
445 2780 526 2807 ἕνεκα
543 2780 591 2806 καὶ
614 2780 759 2814 συντυχίας
783 2781 831 2815 τῆς
845 2781 914 2816 πρός

136 2826 227 2859 αὑτὸν,
244 2825 330 2857 οὕτως
346 2826 427 2860 ἐγγὺς
441 2825 731 2862 ἐστρατοπεδευμένοι
744 2827 780 2852 Τὸ
794 2827 911 2861 μάλιστα

972 2267 1006 2294 ab
1022 2266 1198 2300 homophylis
1210 2265 1244 2293 ad
1263 2265 1454 2299 imperatorem
1471 2265 1571 2293 missus
1581 2271 1634 2298 cst,
1655 2270 1685 2292 ut
1696 2266 1753 2293 ori-

972 2313 1060 2348 ginem
1080 2312 1141 2339 belli
1157 2316 1284 2339 accurate
1299 2311 1450 2346 indagaret,
1475 2316 1503 2338 et
1520 2311 1623 2339 ratione
1643 2312 1753 2346 propin-

971 2357 1085 2392 quitatis
1109 2365 1170 2384 cum
1201 2356 1387 2391 imperatrice,
1414 2363 1467 2384 non
1487 2357 1568 2384 modo
1593 2357 1751 2391 imperatori

971 2404 1040 2431 nihil
1068 2401 1240 2434 concederet,
1255 2402 1301 2429 sed
1324 2402 1406 2429 etiam
1423 2402 1633 2434 contradiceret,
1660 2411 1750 2437 quan‘

972 2454 1083 2483 tumque
1107 2453 1211 2483 posset,
1243 2455 1303 2473 cum
1330 2446 1479 2475 refelleret.
1506 2448 1582 2475 Alter
1599 2453 1703 2476 tantum
1719 2453 1748 2476 ut

970 2494 1051 2529 hujus
1068 2493 1247 2529 indagationis
1276 2493 1444 2520 auscultator
1458 2500 1489 2521 ac
1506 2494 1583 2521 testis
1611 2495 1747 2527 veniebat,

970 2548 1002 2567 lle
1021 2546 1114 2575 postea
1127 2539 1220 2567 socius
1236 2539 1395 2573 imperatori
1413 2539 1589 2573 gratiﬁcatus,
1604 2541 1747 2568 veritatem

969 2587 1082 2614 celaret.
1098 2586 1214 2621 ingressi
1231 2586 1438 2620 igitur~castrn,
1453 2593 1482 2612 se
1495 2586 1554 2621 ejus
1567 2588 1749 2614 conveniendi

968 2639 994 2660 et
1011 2632 1167 2666 alloquendi
1183 2638 1276 2663 causa,
1292 2631 1402 2665 quando
1430 2636 1495 2657 tam
1508 2639 1592 2666 prope
1617 2633 1751 2665 tenderet,

968 2677 1116 2705 advenisse
1130 2677 1267 2703 dixerunt.
1287 2676 1461 2703 Potissimum
1475 2676 1564 2704 autem
1588 2678 1689 2705 idcirco
1704 2687 1751 2707 ve-

967 2724 1052 2755 nisse,
1067 2722 1139 2757 quod
1157 2722 1203 2748 diu
1225 2722 1280 2757 jam
1299 2722 1370 2749 bello
1385 2723 1436 2748 hoc
1453 2723 1523 2749 inter
1543 2722 1681 2751 Romanos
1698 2724 1750 2751 du-

968 2773 1059 2800 rante,
1089 2772 1117 2795 et
1141 2767 1256 2794 vastatis
1281 2768 1403 2802 quotidie
1418 2768 1530 2795 urbibus
1546 2769 1616 2795 inter
1630 2776 1659 2796 se
1673 2769 1751 2797 dissi-

968 2814 1287 2848 dentibus,rreliquaque
1300 2814 1411 2849 regione
1427 2821 1441 2841 a
1457 2814 1587 2842 Romanis
1601 2819 1629 2842 et
1648 2814 1750 2851 barba-
