1915 3086
156 136 225 173 ιιθι

747 131 911 163 JDANNIS
930 130 1196 162 CANTACUZENl

1715 128 1787 161 129!

155 196 194 223 ris
209 191 418 229 praedatoribus,
435 189 481 224 qui
505 187 632 223 pluribus
661 191 688 214 et
715 186 943 222 irreparabilibus

1005 186 1022 211 is
1039 186 1138 212 πεῖσαν
1154 183 1224 210 εἷναι
1249 183 1410 218 ἀφικέσθαι,
1435 185 1475 211 ὅτι
1501 185 1596 219 χρᾶνον
1608 185 1659 221 ἤδη
1683 191 1787 220 συχνὸν

159 248 219 269 eam
249 236 423 266 detrimentis
453 233 626 265 aﬂ'ecissent,
659 231 806 266 multisque
832 231 954 268 assidue,

157 286 244 320 captis
260 289 288 312 et
305 281 474 315 interemptis
487 278 580 306 nullus
609 277 698 305 adhuc
724 277 858 304 malorum
881 276 943 303 [luis

158 335 287 366 appareat
305 339 309 356 :
326 334 414 361 neque
439 325 491 352 hoc
509 323 604 351 saltent
621 330 685 350 vere
712 328 880 357 cognoscere
911 320 944 347 ll-

160 365 230 407 ceat.
249 375 320 402 unde
349 373 451 400 bellum
470 371 588 406 primum
617 369 742 403 cmperit,
759 372 787 394 et
812 374 882 401 quas
907 365 944 393 ob

158 429 255 450 causas
270 427 355 454 usque
374 419 454 445 hodie
474 416 564 444 sedari
580 415 746 450 nequiverit,
764 413 811 441 sed
828 421 882 440 non
899 420 944 440 se-

159 476 208 495 cus
225 474 305 502 quam
332 465 426 492 furens
445 463 555 490 flamma
581 461 673 488 omnia
691 459 822 494 pervadat
844 463 872 485 et
898 458 946 486 ab«

160 517 262 541 sumat.
288 511 489 545 thnanquam
508 515 540 535 ex
562 507 624 534 aliis
639 506 733 550 multis
749 505 828 531 aliter
853 504 945 531 audie-

160 561 226 590 rint,
238 563 268 584 ut
284 557 402 591 quisque
417 559 464 581 aut
480 554 549 581 bene
562 557 608 579 aut
623 551 693 578 ntale
714 551 739 577 in
752 551 944 584 imperatorem

161 605 297 631 animatus
311 607 363 633 est,
380 607 471 628 tamen
490 600 522 626 iis
537 598 703 625 credendum
721 603 774 622 non
786 595 943 622 censuisse:

161 650 218 685 qui,
235 647 373 683 quomodo
389 646 441 680 ipsi
454 652 550 672 sensus
563 648 591 670 et
607 643 785 678 cogitationes
806 649 870 668 suas
886 649 943 667 mu.

167 701 236 725 tant.
251 695 291 722 sic
305 694 386 721 etiam
405 700 448 719 res
457 691 554 722 mutari
573 690 673 716 debere
687 688 843 723 opinantur.
856 686 946 719 Quare

163 750 192 769 se
207 747 300 774 rogare
318 745 482 774 magnopere
503 741 531 763 ut
558 735 616 770 ipse
635 738 769 761 memoret
788 741 843 767 quo
867 737 946 767 pacto

164 787 270 822 sirgnla
286 793 315 812 se
333 784 489 814 habuerint,
515 782 559 816 qni
579 788 611 807 ea
627 787 684 814 prae
699 779 828 806 omnibus
850 779 947 805 certis-

161 834 233 862 simo
261 831 343 862 norit,
361 834 389 857 et
410 830 553 856 veritatem
571 826 711 853 occultare
741 825 826 855 nolet,
852 827 947 858 utpote

993 229 1042 256 τοῦ
1059 229 1127 263 πρὸς
1146 229 1280 263 ἀλλήλους
1302 228 1450 262 Ῥωμαίοις
1471 229 1591 264 πολέμου
1611 230 1721 257 τουτουῖ
1739 240 1788 257 κε-

993 283 1055 308 κινη
1061 275 1154 309 μένου.
1168 274 1215 300 καὶ
1226 274 1456 308 διαφθειρομένων
1467 275 1602 310 ὁσημέραι
1616 275 1669 302 τῶν
1679 276 1788 302 πόλεων

995 320 1041 348 ὑπ’
1057 320 1181 355 ἀλλήλων
1205 320 1419 353 στασιαζόντων,
1446 321 1493 347 καὶ
1512 321 1561 356 τῆς
1582 322 1665 356 ἄλλης
1693 322 1788 358 χώρας

997 367 1049 394 ὑπὸ
1076 366 1220 401 Ῥωμαίων
1236 366 1284 392 καὶ
1308 365 1456 401 βαρϐάρων
1478 367 1532 392 τῶν
1547 370 1786 403 κατατρεχόντων,

995 412 1043 438 καὶ
1058 412 1192 439 πλείστων
1203 411 1249 438 καὶ
1259 411 1416 446 ἀνηκέστων
1425 411 1605 446 τελουμένων,
1619 413 1665 439 καὶ
1679 413 1788 440 πολλῶν

996 459 1058 485 καθ’
1074 459 1183 493 ἡμέραν
1200 457 1384 492 κτεινομένων
1401 459 1449 484 καὶ
1466 458 1786 494 ἐξανδραποδιζομένιιιν,

997 503 1060 530 οὒτε
1084 503 1161 534 λύσις
1175 502 1232 529 τῶν
1253 503 1347 528 κακῶν
1372 503 1485 538 οὐδεμία
1507 503 1707 538 ἐξευρίσκεται,
1729 504 1789 531 οὐδ’

997 550 1063 575 αὐτὸ
1088 549 1168 575 τοῦτο
1192 548 1279 581 ἔξεστι
1293 549 1408 583 τάληθὲς
1422 549 1527 583 μαθεῖν,
1541 550 1602 576 ὅθεν
1615 558 1644 576 τε
1656 549 1761 584 ἦρξατο
1775 551 1791 576 ὁ

997 594 1113 629 πόλεμος
1121 595 1153 620 τὺ
1165 594 1284 627 πρῶτον,
1294 595 1347 620 κὰκ
1357 594 1438 620 τίνων
1449 594 1504 620 τῶν
1513 595 1606 622 αἰτίων
1616 594 1646 620 οῦ
1652 604 1693 621 πω
1703 597 1790 629 μέχρι

998 638 1047 665 νῦν
1066 639 1250 674 καταλυθῆναι
1267 638 1400 674 ἠδυνήθη,
1414 639 1471 666 ἀλλ’
1479 640 1564 671 οὕτως
1584 641 1672 667 ἔπεισι
1684 642 1787 672 πάντα,

997 683 1091 717 ὥσπερ
1121 683 1186 718 φλὸξ
1215 684 1432 712 καταναλίσκων.
1449 685 1557 720 ίΚαίτοι
1587 694 1618 719 γε
1636 687 1788 721 ἀκηκοέναι

1002 731 1033 756 ὲκ
1051 729 1165 760 πολλῶν,
1192 729 1280 756 ἄλλων
1298 729 1386 761 ἄλλως
1403 730 1440 762 ὡς
1465 730 1580 762 ἕκαστος
1602 731 1753 766 ἀπεχθείας
1767 732 1785 766 ἢ

999 775 1105 806 εὐνοίας
1122 775 1189 811 πρὸς
1204 776 1276 810 ὑμᾶς
1299 775 1362 807 τοὺς
1379 776 1508 810 βασιλέας
1523 778 1617 812 ἔχουσι
1631 777 1768 813 διηγουμέ

1000 830 1062 848 νων·
1080 818 1119 853 οἷς
1134 821 1163 848 οὐ
1187 821 1290 848 δίκαιον
1307 821 1448 848 πιστεύειν
1463 823 1622 858 κεκρικέναι
1644 824 1700 855 τοῖς
1715 831 1788 857 σφε-

163 879 285 915 ejusdem
309 876 373 904 inde
386 883 401 902 a
416 881 514 910 puero,
545 873 617 900 sicut
633 871 802 905 acceperint.
828 870 948 897 tenacis-

1005 867 1092 902 :épatc
1104 867 1194 894 αὐτῶν
1211 868 1310 895 πάθεσι
1320 856 1599 902 συμμεταϐάλλ-εσθαι
1611 868 1719 900 ἀξιοῦσι
1736 856 1788 896 καὶ

161 926 250 953 simus
265 932 273 952 :
289 923 370 958 idque
386 929 418 949 eo
435 921 536 950 tniuus,
556 918 628 953 quod
647 921 754 944 exstent
772 915 882 951 p!urimi
900 914 947 950 qui

165 978 231 998 vera
264 969 446 998 subticentem
474 966 579 1000 possint
605 965 777 998 redarguere.
799 962 949 996 Imperator

165 1025 222 1044 non
243 1016 276 1044 de
292 1015 411 1042 adventu
427 1010 628 1043 tantummodo,
655 1009 702 1036 sed
721 1009 804 1036 etiam
822 1008 857 1035 de
882 1008 949 1042 peti-

165 1065 241 1091 tione
268 1069 315 1088 eos
329 1059 433 1091 laudat,
460 1057 616 1093 gratiasque
646 1063 757 1090 magnas
784 1055 849 1090 agit,
877 1055 950 1082 atIir-

165 1116 244 1138 mans
259 1107 362 1142 pridem
382 1109 493 1140 optasse
509 1104 575 1131 tales
592 1103 643 1130 sibi
658 1102 828 1136 contingere,
847 1102 893 1136 qui
914 1101 949 1128 ad

167 1154 322 1183 veritatem,
350 1157 405 1177 non
423 1149 456 1175 ad
474 1148 549 1175 litem
573 1151 600 1174 cl.
627 1146 834 1174 altercationem
855 1145 950 1173 audire

167 1199 277 1226 vellent.
293 1197 394 1224 Przcter
409 1194 464 1221 alia
478 1194 580 1227 quippe
599 1192 669 1218 mala
687 1199 748 1225 qua:
774 1191 827 1218 sibi
847 1191 949 1218 bellum

167 1245 220 1272 hoc
246 1241 390 1272 inﬂuxerit,
411 1244 440 1266 et
455 1238 508 1265 hoc
534 1237 681 1264 molestum
710 1236 852 1268 accidisse,
877 1235 950 1270 quod

168 1288 288 1317 nondum
307 1287 381 1313 viros
395 1285 500 1318 aliquos
521 1282 674 1317 prudentes
685 1281 831 1313 invenerit,
847 1288 892 1314 qtn
908 1281 949 1315 ju-

168 1340 238 1363 stam
268 1333 302 1360 de
329 1331 414 1358 armis
442 1329 502 1356 istis
532 1328 697 1356 sententiam
727 1327 950 1362 pronuntiarent.

167 1381 246 1409 Nunc
261 1378 327 1413 ipsis
349 1375 497 1410 improviso
512 1373 721 1401 advenientibus
735 1377 762 1400 et
782 1381 837 1400 rem
851 1372 951 1407 exponi

170 1425 340 1461 rogantibus,
356 1429 425 1457 quos
439 1421 497 1455 ipse
517 1420 638 1447 nancisci
656 1419 726 1446 votis
741 1419 855 1446 summis
872 1424 951 1454 opta-

168 1472 249 1502 verit.
266 1475 294 1498 et
308 1470 354 1504 qui
381 1469 493 1502 ittsuper
511 1467 583 1500 apud
603 1473 632 1492 se
647 1473 702 1492 non
723 1465 810 1492 solum
837 1465 873 1492 ob
888 1472 952 1492 eru-

174 1517 307 1545 ditionem
350 1518 432 1548 atque
480 1511 651 1547 prudentiam
683 1511 806 1545 iudicum
853 1518 954 1538 munus

169 1563 245 1597 fungi
265 1559 385 1595 possint,
400 1557 447 1585 sed
458 1557 493 1584 ob
506 1557 532 1584 id
552 1557 642 1591 ipsum
654 1556 792 1588 vonerint,
804 1560 834 1583 ut
846 1564 879 1583 ex
894 1556 954 1591 ejus

168 1607 374 1636 mveritatem
401 1603 436 1630 de
459 1602 540 1638 635
557 1602 609 1629 hoc
639 1602 712 1629 bello
725 1602 908 1637 perciperent,
921 1602 954 1630 li-

171 1650 334 1680 beatissimo
368 1648 461 1675 omnia
489 1647 687 1681 explicaturum
704 1666 713 1677 ,
741 1651 769 1673 et
795 1646 954 1681 petitionem

171 1697 243 1724 hanc
257 1697 285 1722 in
303 1693 436 1722 memoria
454 1693 623 1720 habiturum.
637 1691 738 1719 Orabat
752 1692 844 1724 simul,
869 1699 903 1720 ne
927 1699 958 1720 se

172 1741 374 1778 reprehendere
398 1743 575 1770 vererentur,
599 1738 622 1765 si
638 1745 668 1765 se
685 1742 732 1765 aut
746 1737 894 1772 peierasse.
910 1742 957 1765 aut

173 1788 303 1823 injurium
326 1786 422 1815 fuisse,
440 1788 488 1811 aut
504 1784 683 1818 imperatoris
701 1784 781 1810 amici
804 1783 868 1811 ﬁliis
888 1784 956 1810 insi-

173 1834 232 1862 dias
245 1832 444 1867 composuisse.
474 1834 522 1857 aut
539 1830 611 1857 bello
623 1834 760 1858 commoto
785 1830 955 1857 calamitates

173 1878 383 1914 inexplicabiles
411 1878 548 1904 invexisse
571 1876 822 1910 deprehenderent.
840 1875 958 1903 Exorsus

172 1924 254 1959 igitur
270 1931 284 1949 a
302 1922 447 1957 principio.
464 1921 563 1948 ordine
578 1920 684 1956 singula
702 1920 858 1952 recensuit,
875 1927 956 1954 quam

171 1967 294 2003 perfecte
312 1967 369 2002 ipse
396 1971 423 1994 et
443 1966 618 1993 Andronicus
636 1966 708 1992 inter
721 1972 750 1992 se
772 1965 932 1993 dilexissem
949 1974 955 1992 :

172 2018 200 2040 et
216 2012 353 2047 quomodo
367 2020 400 2039 eo
412 2016 520 2039 mortuo
532 2019 587 2038 non
604 2011 681 2038 liberi
693 2011 792 2042 solum,
808 2015 835 2038 et
845 2011 957 2044 coniux,

172 2063 201 2087 et
229 2059 386 2094 respublica
412 2062 495 2086 tanta:
519 2058 571 2085 sibi
593 2066 665 2086 curas
680 2057 792 2090 fuerint,
817 2063 848 2086 ut
863 2067 958 2086 eorum

173 2112 256 2132 causa
287 2112 343 2131 non
370 2104 450 2131 modo
472 2104 628 2138 pecuniam,
646 2104 704 2136 sed,
735 2103 756 2131 si
783 2111 852 2138 opus
876 2104 956 2138 foret,

173 2152 257 2177 vitam
274 2158 383 2184 quoque
400 2149 561 2184 impendere
578 2154 689 2184 paratus
704 2153 777 2177 esset
794 2158 800 2176 :
821 2150 958 2184 quomodo

1001 912 1035 939 τὰ
1053 913 1215 948 πράγματα.
1232 913 1279 940 Διὸ
1296 914 1342 940 καὶ
1356 914 1461 940 δεῖσθαι
1476 915 1593 949 μάλιστα
1605 915 1688 941 αὐτοῦ
1702 915 1790 942 αὑτὸν

1001 960 1201 996 ιξηγήσασθαι,
1213 961 1251 992 ὼς
1268 961 1347 995 ἐσμεν
1362 962 1466 987 ἕκαστα
1482 961 1638 996 σαφέστατά
1652 970 1682 988 τε
1695 962 1790 988 εἰδότα

1002 1008 1056 1034 τῶν
1068 1008 1164 1043 ίάλλων
1182 1007 1294 1042 μᾶλλον.
1320 1009 1367 1034 καὶ
1388 1008 1504 1043 τάληθὲς
1527 1008 1558 1034 οὐ
1585 1008 1789 1043 βουλησόμενον

1002 1052 1205 1088 ἀποκρύπτειν,
1221 1051 1264 1079 οἶα
1290 1053 1322 1087 δὴ
1344 1053 1473 1088 ἀληθείας
1488 1062 1518 1080 τε
1532 1054 1671 1089 ἐχόμενον,
1690 1054 1790 1089 ὥσπερ

1003 1098 1139 1133 ἀκούομεν
1155 1099 1285 1134 ἑξαρχῆς,
1302 1099 1389 1131 ἄλλως
1404 1108 1434 1125 τε
1449 1100 1497 1126 καὶ
1513 1099 1617 1126 πολλῶν
1632 1100 1718 1126 ὄντων
1733 1100 1790 1126 τῶν

1003 1144 1193 1179 δυνησομένων
1219 1145 1397 1179 ἀπελέγχειν,
1415 1144 1449 1172 ἂν
1472 1146 1601 1180 φαίνηται
1630 1146 1667 1179 μὴ
1697 1145 1791 1177 λέγειν

1004 1190 1142 1225 ᾑρημένος
1157 1191 1272 1225 τάληθῇ.
1293 1191 1424 1221 Βασιλεὺς
1447 1191 1488 1222 δὲ,
1502 1191 1533 1217 οὐ
1554 1190 1601 1226 τοῦ
1617 1191 1682 1226 παρ’
1706 1191 1790 1216 αὐτᾶν

1007 1237 1121 1270 ἀφῖχθαι
1138 1236 1229 1270 μόνον,
1243 1236 1311 1263 ἀλλὰ
1332 1236 1378 1263 καὶ
1394 1237 1442 1271 τῆς
1466 1225 1602 1271 αἰτήσεως
1615 1235 1724 1271 ἐπῄνει,
1742 1237 1790 1263 καὶ

1004 1282 1121 1316 χάριτας
1133 1282 1162 1308 οὐ
1173 1282 1222 1313 τὰς
1237 1281 1371 1316 τυχούσας
1383 1281 1530 1316 ὡμολόγει,
1549 1282 1637 1308 Πάλαι
1653 1282 1706 1317 γὰρ
1720 1282 1789 1316 ἑφα-

1006 1336 1070 1353 σκεν
1089 1327 1234 1362 ἐπιθυμεῖν
1259 1328 1313 1353 τῶν
1333 1328 1402 1362 πρὸς
1420 1328 1562 1363 ἀλήθειαν,
1585 1328 1643 1355 ἀλλ’
1663 1329 1695 1355 οὐ
1720 1329 1792 1361 πρὸς

1005 1371 1063 1406 ἔριν
1084 1375 1132 1398 καὶ
1154 1372 1323 1406 φιλονεικίαν
1344 1373 1456 1400 ἀκούειν
1481 1373 1702 1409 βουλησομένων.
1718 1374 1793 1410 IIch

1006 1418 1061 1453 γὰρ
1075 1419 1129 1448 τοῖς
1148 1418 1238 1449 ἄλλοις
1255 1417 1296 1450 οἷς
1314 1419 1468 1453 ἐπήνεγκεν
1483 1421 1497 1445 ό
1519 1419 1637 1454 πόλεμος
1650 1420 1726 1454 αὐτῷ
1742 1429 1793 1446 κα-
1843 1435 1847 1440 -

1006 1464 1075 1496 κοῖς,
1091 1464 1231 1490 καὶτοῦτο
1246 1464 1300 1490 τῶν
1314 1464 1442 1500 ἐπαχθῶν
1456 1466 1596 1499 ἡγεῖσθαι,
1606 1466 1636 1492 τὸ
1652 1467 1793 1501 μηδέποτε

966 1529 990 1561 c
1008 1509 1127 1535 συνετῶν
1140 1517 1220 1535 τινων
1234 1509 1380 1543 ἀκροατῶν
1393 1511 1485 1545 τυχεῖν
1499 1510 1525 1536 οἳ
1538 1511 1695 1537 δικάσουσιν
1715 1511 1794 1545 αύτῷ

1007 1554 1072 1589 περὶ
1087 1554 1163 1581 τοῦδε
1176 1554 1223 1581 τοῦ
1241 1555 1373 1590 πολέμου.
1388 1555 1457 1582 Νυνὶ
1469 1556 1498 1582 δὲ
1512 1556 1606 1588 αὐτοῖς
1622 1557 1693 1583 κατά
1704 1556 1794 1592 τύχην

1008 1600 1183 1635 ἀφιγμένοις,
1200 1601 1371 1637 παρέχεσθαι
1385 1610 1415 1628 τε
1434 1601 1582 1636 δεομένοις,
1597 1599 1635 1630 ὧν
1649 1603 1732 1636 αὐτὸς
1745 1613 1795 1630 τυ-

1006 1647 1064 1681 χεῖν
1096 1647 1125 1673 ἐν
1148 1647 1281 1684 μεγίστης
1304 1648 1387 1683 εὐχῆς
1401 1645 1453 1684 ἦγε
1478 1649 1568 1684 μέρει,
1584 1649 1671 1681 άλλως
1692 1658 1724 1676 τε
1746 1651 1794 1677 καὶ

1007 1693 1168 1728 δυναμένοις
1185 1694 1268 1720 τόπον
1283 1693 1419 1720 δικαστῶν
1437 1695 1562 1730 κατέχειν
1576 1696 1640 1731 παρ’
1655 1696 1744 1730 αὐτῷ,
1762 1698 1794 1722 οὐ

1010 1739 1090 1773 μόνον
1104 1738 1147 1765 διὰ
1160 1738 1209 1774 τὴν
1224 1739 1321 1773 σοφίαν
1334 1741 1382 1766 καὶ
1394 1739 1445 1773 τὴν
1472 1741 1594 1773 σύνεσιν,
1615 1740 1672 1767 ἀλλ’
1688 1742 1730 1768 ὅτι
1746 1744 1795 1768 καὶ

1008 1783 1052 1810 ἐπ’
1075 1784 1148 1820 αὐτῷ
1163 1783 1251 1820 τούτῳ
1271 1785 1376 1819 ἥκοιεν,
1394 1785 1427 1812 ἵν’
1448 1786 1479 1812 ἐκ
1496 1786 1551 1812 τῶν
1567 1786 1726 1821 λεγομένων
1739 1788 1794 1814 τά-

1008 1829 1078 1864 ληθῆ
1092 1830 1156 1865 περὶ
1183 1829 1230 1856 τοῦ
1255 1830 1375 1865 πολέμου
1401 1832 1500 1865 γνοῖεν,
1517 1832 1655 1866 ἥκιστάτε
1682 1833 1795 1859 ᾶπαντα

1008 1875 1090 1902 αὐτὸν
1115 1875 1291 1910 ὲκθήσεσθαι,
1306 1877 1352 1902 καὶ
1365 1876 1445 1911 χάριν
1455 1877 1572 1912 είδήσειν
1586 1878 1635 1913 τῆς
1647 1879 1792 1914 αἰτήσεως.

1014 1921 1115 1946 Ἐδεῖτὸ
1127 1929 1156 1959 τε
1169 1921 1259 1948 αὐτῶν
1276 1920 1360 1955 μηδὲν
1377 1921 1623 1956 ὑποστειλαμένους
1640 1922 1795 1959 ἐξελέγχειν

1009 1966 1042 1993 ειν
1058 1958 1187 2002 φαίνηται
1200 1966 1338 2000 ἐπιορκῶν
1355 1967 1403 1992 καὶ
1420 1968 1532 2001 ἀδικῶν,
1549 1969 1594 1995 καὶ
1609 1968 1626 2003 ἢ
1644 1970 1700 1999 τοῖς
1717 1958 1795 2003 βασι-

1008 2012 1076 2044 λέως
1093 2014 1173 2039 παισὶ
1192 2012 1239 2039 τοῦ
1255 2013 1332 2047 φίλου
1348 2013 1544 2045 ἐπιϐουλεύων,
1567 2014 1583 2048 ἢ
1608 2014 1656 2041 τοῦ
1673 2016 1794 2050 πολέμου

1008 2059 1106 2091 αἴτιος,
1125 2060 1173 2085 καὶ
1187 2059 1236 2094 τῆς
1258 2059 1402 2094 Ῥωμαίων
1427 2059 1570 2095 ἀμυθήτου
1594 2060 1698 2095 φθορᾶς
1717 2069 1794 2095 γεγε-

1009 2105 1157 2139 νημένους.
1178 2104 1347 2140 Ἀρξάμενός
1361 2113 1390 2131 τε
1408 2106 1455 2131 ἀπ’
1472 2105 1558 2140 ἀρχῆς
1576 2105 1659 2137 εὐθὺς
1674 2106 1794 2141 διηγεῖτο

1009 2149 1121 2181 ἕκαστα,
1137 2150 1186 2184 τήν
1199 2158 1229 2175 τε
1243 2149 1325 2176 αὑτοῦ
1348 2151 1395 2177 καὶ
1409 2149 1540 2184 βασιλέως
1563 2150 1734 2185 Ἀνδρονίκου
1748 2151 1793 2177 εὖ·

174 2198 240 2224 itcm
259 2196 385 2231 praefecti
403 2195 523 2223 cubiculi
554 2196 667 2226 insidias
688 2195 831 2223 immerito
846 2204 952 2231 perpes-

1009 2203 1083 2221 νοιαν
1097 2195 1144 2221 καὶ
1153 2195 1245 2229 φιλίαν
1261 2195 1329 2230 πρὸς
1343 2196 1474 2231 ἀλλήλους
1489 2195 1602 2231 ἀκριϐῆ,
1616 2196 1663 2222 καὶ
1673 2196 1711 2227 ὡς
1726 2198 1794 2231 μετὰ

174 2251 221 2270 sus
236 2243 282 2273 sit,
301 2242 347 2276 qui
361 2249 396 2268 ex
416 2241 519 2268 invidia
536 2249 630 2268 necem
647 2241 699 2268 sibi
717 2249 815 2276 parare
838 2243 956 2277 quaesie-

175 2289 222 2320 rit,
247 2293 276 2315 ut
303 2288 361 2322 ipse
390 2295 482 2314 rerum
512 2287 698 2322 principatum
720 2287 875 2320 obtineret;
905 2296 959 2322 quo

173 2335 254 2360 etiam
270 2337 350 2366 pacto
365 2331 528 2359 commentis
555 2338 586 2358 ac
613 2331 798 2366 sycophantiis
814 2333 880 2365 suis,
906 2333 959 2359 im-

175 2377 302 2413 ponendo
329 2377 391 2409 sibi,
407 2376 480 2411 quod
509 2384 649 2411 nunquam
674 2378 820 2412 cogitarat,
838 2379 957 2412 patriar-

175 2424 256 2450 cham
273 2422 394 2456 aliosque
409 2422 550 2457 deceperit
572 2431 578 2449 :
599 2430 652 2456 qua
673 2423 778 2450 ratione
796 2423 847 2455 illi,
863 2431 959 2458 quam-

176 2470 219 2495 vis
238 2475 266 2495 se
286 2467 394 2494 mentiri
420 2472 448 2494 ct
461 2467 624 2495 calumniari
652 2468 755 2495 scirent
770 2469 960 2496 monile-stim-

178 2522 231 2547 me,
252 2514 335 2541 verbo
354 2521 408 2548 pro
437 2514 614 2548 impcratriec
637 2519 665 2541 et
687 2514 750 2541 ﬁliis
781 2515 851 2549 ejus,
870 2515 959 2550 reipsa

176 2568 226 2595 pro
243 2559 394 2588 commodis
409 2559 466 2586 suis
480 2560 521 2592 (ut
534 2560 678 2594 putabant)
698 2560 783 2587 multa
798 2568 860 2587 cum
878 2561 957 2588 falla-

176 2607 218 2633 cia
235 2605 335 2633 bellum
358 2605 524 2632 concitarint
541 2613 547 2631 ε
566 2613 702 2640 quamque
737 2607 852 2641 improbi
873 2612 900 2634 et
917 2609 960 2634 in-

175 2650 286 2677 humani
299 2657 359 2677 cum
378 2651 403 2677 in
423 2658 463 2682 se,
481 2655 537 2677 tum
561 2651 587 2676 in
608 2655 719 2678 matrem
746 2659 824 2678 suam
848 2657 876 2679 et
895 2661 960 2687 pro-

176 2697 293 2730 pinquos
310 2696 481 2728 exstiterint,
510 2696 617 2731 injuriis
629 2704 677 2724 eos
697 2698 855 2729 insolenter,
874 2698 960 2725 illibe-

176 2741 270 2768 raliter
286 2746 314 2768 et
341 2741 448 2768 nefarie
473 2743 692 2777 cxagitantes,et
709 2734 817 2770 divitias
835 2752 898 2770 suas
907 2752 960 2778 per

178 2789 285 2815 ultimas
308 2783 404 2815 mundi
428 2793 524 2824 gentes
549 2789 668 2822 auditas,
694 2790 726 2816 ad
745 2790 848 2816 nullum
868 2798 960 2824 operm.

175 2833 293 2866 pretium
324 2837 480 2867 tcmcreque
508 2835 748 2868 consumpserint:
766 2835 812 2862 sed
835 2839 862 2862 et
890 2836 955 2861 ami-

1009 2239 1057 2274 τὴν
1075 2240 1179 2266 ἐκείνου
1193 2240 1334 2275 τελευτὴν.
1353 2241 1455 2275 πολλὴν
1470 2242 1600 2276 πρόνοιαν
1615 2243 1697 2273 αὐτὸς
1716 2244 1792 2278 ποιή-

1010 2293 1098 2318 σαιτο,
1114 2285 1145 2311 οὐ
1159 2286 1213 2311 τῶν
1228 2286 1360 2320 βασιλέως
1384 2286 1464 2320 μόνον
1481 2287 1584 2313 παίδων
1601 2289 1648 2314 καὶ
1664 2291 1792 2322 γυναικὸς

1008 2331 1057 2366 τῆς
1074 2331 1221 2365 βασιλίδος,
1237 2331 1305 2357 ἀλλὰ
1330 2331 1377 2357 καὶ
1402 2332 1453 2366 τῆς
1475 2332 1631 2368 ,Ῥωμαίων
1645 2334 1790 2368 ὠφελείας·

1009 2377 1039 2403 οὐ
1056 2377 1186 2411 χρήματα
1204 2377 1285 2412 μόνον
1300 2377 1407 2413 ἕτοιμος
1427 2378 1496 2413 ὑπὲρ
1510 2379 1621 2405 ἐκείνων
1635 2380 1792 2407 ἀναλίσκειν

1009 2423 1058 2457 ὢν,
1076 2423 1143 2450 ἀλλὰ
1160 2425 1207 2449 καὶ
1224 2423 1296 2457 ζωὴν
1311 2426 1360 2458 τὴν
1371 2425 1464 2460 φίλην,
1484 2426 1508 2451 εἰ
1524 2426 1618 2460 καιρὸς
1633 2427 1731 2461 καλοίη
1749 2429 1793 2462 ῥᾷ-

1011 2478 1061 2495 στα
1088 2471 1286 2505 προησόμενος,
1313 2472 1386 2502 ὅπως
1409 2480 1439 2497 τε
1465 2472 1517 2498 ὑπὸ
1544 2475 1792 2507 παρακοιμωμένολ

1010 2514 1215 2549 ἐπιϐουλευθείη
1232 2517 1360 2550 οὐδεμιᾶς
1387 2517 1477 2549 αἰτίας
1496 2518 1588 2550 ἕνεκα,
1604 2519 1621 2554 ἢ
1644 2519 1794 2555 φθονήσαν-

1010 2568 1054 2592 τος
1073 2561 1148 2596 αὐτῷ
1163 2563 1210 2588 καὶ
1225 2562 1347 2596 φθείρειν
1363 2563 1560 2597 διανοηθέντος,
1577 2564 1611 2590 ἵν’
1625 2565 1707 2596 αὐτὸς
1723 2566 1793 2600 ἄρχῃ

1009 2607 1064 2632 τῶν
1084 2608 1264 2642 πραγμάτων·
1283 2609 1329 2634 καὶ
1350 2609 1386 2640 ὡς
1408 2609 1582 2644 πατριάρχην
1603 2612 1651 2636 καὶ
1670 2612 1736 2642 τους
1751 2612 1795 2637 ἀλ-

1011 2652 1073 2682 λους
1089 2652 1281 2686 ἐξαπατήσειε,
1296 2654 1382 2689 ψεύδη
1396 2654 1584 2688 πλασαμένους
1597 2655 1645 2680 καὶ
1662 2663 1784 2689 συκοφαν

1010 2698 1082 2728 τίας.
1097 2697 1115 2724 ἃ
1138 2698 1198 2724 οὐδὲ
1216 2698 1384 2733 ἐνεθυμήθη,
1403 2700 1450 2724 καὶ
1465 2700 1503 2730 ὡς
1527 2700 1628 2726 ἐκεῖνοι
1646 2700 1703 2726 τῶν
1723 2700 1794 2726 ἰδίων

1009 2741 1103 2773 ἕνεκα,
1125 2743 1162 2774 ὡς
1176 2743 1262 2778 ᾤοντο
1281 2744 1418 2779 διαφορῶν
1442 2745 1601 2778 σαφέστατα
1621 2745 1736 2779 ειδότες,
1755 2747 1793 2772 ὅτι

1011 2788 1155 2822 ψεύδονται
1179 2791 1225 2815 καὶ
1256 2789 1482 2824 συκοφαντοῦσιν,
1505 2790 1576 2825 ὑπὲρ
1593 2791 1731 2825 βασιλίδος
1752 2793 1795 2827 δῆ-

1011 2835 1056 2861 θεν
1074 2835 1120 2861 καὶ
1135 2836 1188 2862 τῶν
1206 2837 1307 2863 παίδων
1325 2837 1369 2863 τὶν
1387 2837 1505 2872 πόλεμον
1520 2839 1620 2865 κινοῖεν
1634 2838 1720 2866 πολλὰ
1735 2839 1792 2871 ἐξα-
