1915 3086
191 149 260 183 1ί97

756 148 1027 180 HISTORIARUM
1045 151 1160 182 LIBER
1179 152 1233 184 ΙΠ.

1744 157 1829 191 ii98‘

187 219 256 247 Νυνὶ
269 218 297 245 δέ
316 225 363 253 μοι
377 216 533 244 τούναντίον
547 216 619 243 ἆπαν
641 216 783 250 περιέστη.
801 217 864 247 Τοῖς
878 225 908 242 τε
920 217 965 252 γὰρ

1027 219 1089 246 dicii
1107 221 1251 255 exprobro.
1268 221 1301 249 Et
1319 223 1375 256 jam
1400 223 1569 255 immutatus.
1599 233 1630 253 ex
1656 226 1768 254 inimico
1784 232 1812 255 et

187 263 409 298 ἐγκωμιάζουσιν
424 263 539 294 ἐκείνοις
554 262 604 288 οὐκ
619 261 697 295 ὀλίγα
718 262 873 296 μέμφομαι,
888 263 926 294 ὡς
943 263 973 289 τὸ

187 310 255 336 πολὺ
273 309 480 343 συγκρύπτουσι
505 308 560 334 τῶν
578 307 700 341 ἀγαθῶν,
719 307 766 333 καὶ
793 308 905 342 ἐμαυτῷ
922 307 972 342 τῆς

187 355 322 391 ἀκρισίας.
343 355 398 381 Καὶ
415 354 447 389 δὴ
457 353 626 388 μεταϐαλὼν
640 353 700 380 ἀντὶ
716 353 812 388 ἐχθροῦ
827 354 873 380 καὶ
889 362 972 388 κατη-

187 401 279 436 γόρου,
305 400 359 426 τῶν
375 408 405 425 τε
430 400 548 434 μάλιστα
571 398 724 433 γεγένημαι
743 398 903 433 φιλούντων,
925 399 972 424 καὶ

187 447 294 474 πολλῶν
309 447 355 472 καὶ
372 445 533 479 θαυμασίων
550 445 604 471 τῶν
622 445 741 471 ἐπαίνων
760 444 862 479 κρίνων
885 445 971 477 ἄξιον,

186 493 217 518 οὐ
234 491 311 525 παρὰ
331 490 477 524 Ῥωμαίοις
496 489 655 525 διατρίϐων,
671 489 739 516 ἀλλὰ
755 490 802 515 καὶ
827 489 972 524 γενόμενος

187 538 226 568 είς
249 537 375 568 Ἰταλίαν,
390 536 483 570 ὥσπερ
501 544 550 570 μετ
559 536 565 545 ¹
575 535 664 568 ὀλίγον
681 535 783 569 οἴομαι,
796 535 844 569 τὴν
856 535 972 569 προσοῦ-

188 591 237 609 σαν
254 582 449 616 μεγαλοφυῖαν,
465 581 512 608 καὶ
538 581 586 619 τὴν
609 579 834 613 εὐγνωμοσύνην,
852 580 900 606 καὶ
921 579 971 613 τὴν

187 627 393 661 ἐπιτηδειότητα
406 626 473 660 πρὸς
491 626 525 651 τὰ
543 625 615 651 καλὰ
627 625 738 660 κηρύξω
753 626 819 651 πᾶσι
835 625 969 658 φανερῶς.

187 674 254 707 Περὶ
273 672 323 706 μὲν
339 672 385 698 οὖν
421 671 459 697 ὦν
486 671 556 697 κατὰ
586 671 631 697 τὸν
659 671 775 705 πόλεμον
794 671 919 697 ἁπάντων
934 670 971 700 ώ;

186 719 266 748 εἱθὺς
283 717 312 749 ἐξ
327 717 414 751 ἀρχῆς
429 717 493 751 ἄχρι
508 716 555 742 νῦν
582 716 711 750 οὶδεμίαν
733 716 871 750 πρόφασιν
891 715 971 745 αὐτὸς

186 763 335 798 παρέσχες,
349 762 407 790 ἀλλ’
421 763 494 789 ἄκων
508 762 555 787 ἐπὶ
569 761 655 788 ταῦτα
668 761 736 796 πρὸς
751 762 805 788 τῶν
823 761 971 796 πολεμούν-

184 817 238 835 των
253 809 374 842 συνωοῇ,
391 807 542 841 πέπεισμαι
558 815 585 832 τε
606 806 740 841 ἀκριϐῶς,
767 807 813 833 καὶ
834 806 900 841 πρὶς
926 806 973 832 ἄλ·

184 854 247 885 λους
268 853 337 888 ὑπὲρ
357 853 403 878 σοῦ
429 852 600 887 διαλεχθείην
626 852 658 878 ἂν
677 852 768 883 αὐτός,
792 851 869 878 Ἐπεὶ
883 852 905 877 δ’
923 853 971 878 αῖ-

1026 271 1186 293 accusatore
1207 268 1281 295 evasi
1305 269 1498 302 amicissimus,
1517 277 1598 307 teque
1620 273 1756 307 praclaris
1770 274 1812 300 di-

1025 319 1107 345 gnum
1119 311 1244 340 laudibus
1259 313 1351 348 judico
1370 324 1376 342 :
1397 323 1449 342 nec
1474 318 1561 344 solum
1592 319 1712 352 quandiu
1739 318 1812 352 apud

1027 356 1165 385 Romanos
1176 367 1247 392 sum,
1260 360 1306 386 sed
1329 361 1355 387 in
1376 361 1452 388 Italia
1468 370 1586 397 quoque,
1604 371 1658 398 quo
1674 363 1751 391 brevi
1767 371 1811 391 me

1026 402 1211 436 profecturqu
1250 406 1370 439 opinor,
1402 407 1572 434 altitudinem
1603 412 1629 435 et
1655 409 1811 442 aequitatem

1026 447 1109 474 animi
1135 449 1183 480 tui,
1218 455 1245 476 et
1262 452 1295 477 ad
1322 459 1367 486 pes
1397 454 1517 488 egregias
1537 459 1661 481 naturam
1687 455 1810 482 idoneam

1025 493 1096 527 apud
1111 501 1205 521 omnes
1237 496 1323 530 palam
1355 498 1553 531 deprazdicabo.
1579 501 1654 533 Quod
1682 500 1762 536 igitur
1776 502 1809 527 ad

1027 539 1125 566 bellum
1142 540 1249 573 attinet,
1260 550 1275 568 a
1285 543 1419 578 principio
1436 546 1574 579 hucusque
1587 547 1688 573 nullam
1701 547 1811 581 penitus

1025 592 1133 612 causam
1150 586 1208 620 ipse
1224 589 1362 621 praebuisti
1381 609 1388 620 ,
1404 591 1487 625 638
1498 593 1544 618 sed
1557 594 1657 620 invitus
1674 594 1708 620 ab
1722 594 1810 620 hosti-

1025 629 1076 657 bus
1091 632 1124 658 ad
1140 640 1216 659 arma
1229 635 1385 668 compulsus
1400 644 1446 667 es;
1476 637 1547 669 quod
1563 639 1629 665 mihi
1645 640 1725 673 plane
1754 648 1812 673 pcr-

1025 675 1137 706 suadeo,
1155 680 1182 702 et
1200 677 1225 703 id
1239 678 1310 711 apud
1329 679 1397 706 alios
1411 687 1460 713 pro
1479 685 1504 707 te
1519 683 1641 709 conﬁteri
1661 691 1715 710 non
1729 684 1811 710 dubi-

1025 720 1096 749 tabo.
1109 720 1176 753 Quia
1192 730 1257 749 vero
1292 724 1325 750 de
1355 725 1481 752 omnibus
1501 734 1564 759 ante
1582 728 1714 755 vellemus
1726 729 1811 755 libere

1025 766 1185 801 interrogari
1200 768 1420 804 tejussisti,quis
1435 776 1487 803 est,
1499 780 1602 806 quaeso,
1616 778 1677 801 tuus
1689 782 1762 801 nune
1776 775 1812 803 de

1024 820 1090 847 pace
1106 815 1223 841 sensus?
1236 823 1269 841 an
1284 816 1307 842 si
1319 816 1358 842 illi
1378 825 1484 851 aequum
1506 820 1700 852 respondeant,
1718 829 1811 856 prom-

1025 864 1069 892 pte
1086 867 1145 886 eam
1160 861 1250 887 coles?
1267 869 1301 888 an
1326 870 1419 888 eorum
1443 863 1605 898 improbitas
1621 866 1695 897 facit,
1714 872 1742 893 ut.
1763 876 1812 901 pa-

183 900 229 930 τὺς
246 899 391 929 ἐκέλευσας
409 898 471 932 περὶ
488 898 607 927 πάντων,
623 894 659 923 ὧν
674 897 707 924 ἂν
728 897 854 932 θέλοιμεν
870 898 965 924 πυνθά-

1022 904 1183 932 ciiicationis
1202 913 1276 940 spem
1293 913 1403 934 omnem
1429 909 1574 943 repudies?
1600 911 1750 945 Imperator
1776 913 1810 939 li-

184 945 278 973 νεσοαί
293 953 340 971 σου
358 945 454 976 ἀδεῶς,
468 944 494 970 τί
510 944 575 979 περὶ
594 944 642 978 τῆς
658 945 771 978 εἰρήνης
793 944 841 969 νῦν
855 944 946 979 διανοῇ
961 953 969 978 ;

184 989 228 1026 ἆρ’
242 991 358 1024 ἑτοίμως
385 990 456 1024 ἔχεις
482 990 549 1024 πρὸς
567 990 664 1024 αὐτὴν,
691 990 717 1015 εί
739 998 812 1021 τινος
833 990 970 1020 ἐπιεικοῦς

184 1037 330 1070 ἀπολογίας
345 1036 475 1070 τύχοις,ἢ
493 1035 561 1070 πρὸς
577 1035 625 1070 τὴν
641 1036 752 1061 ἐκείνων
771 1035 970 1070 ἀγνωμοσύνην

184 1081 360 1108 παντάπασιν
376 1081 501 1114 ἀπέγνως
519 1082 587 1115 πρὸς
603 1081 652 1111 τὰς
668 1081 805 1111 διαλύσεις
819 1081 865 1107 καὶ
877 1082 968 1112 αὺτὸςς

184 1126 316 1156 Βασιλεὺς
330 1127 357 1152 δὲ
373 1127 454 1152 αὐτὸν
469 1127 517 1158 τῆς
533 1135 562 1151 τε
582 1126 737 1161 παρρησίας
753 1127 912 1157 ἐπαινέσας,
924 1126 970 1152 καὶ

183 1173 232 1208 τῆς
247 1173 311 1207 περὶ
325 1174 357 1197 τα
374 1173 524 1210 πράγματα
549 1173 644 1198 ἀδόλου
662 1172 767 1207 διαίτης
784 1173 830 1198 καὶ
847 1173 967 1204 δικαίας,

183 1219 230 1244 καὶ
245 1219 392 1252 ἀντιφιλεῖν
408 1219 488 1244 αὑτὸν
505 1218 551 1243 καὶ
567 1218 648 1249 αὐτὸς
664 1218 750 1244 εἰπὼν
759 1218 802 1244 διὰ
816 1219 865 1252 τὴν
884 1226 966 1252 πρισ-

182 1264 267 1291 οῧσαν
292 1264 398 1289 σύνεσιν
423 1264 469 1291 καὶ
494 1263 542 1298 τὴν
561 1264 676 1297 εὐφυΐαν
691 1263 739 1298 τὴν
756 1264 824 1297 πρὸς
839 1264 873 1289 τὰ
887 1264 967 1296 καλὰ,

182 1308 242 1337 εἶτα
255 1309 424 1343 ἁπεκρίνατο
446 1309 494 1335 καὶ
513 1310 576 1344 περὶ
592 1310 640 1344 τῆς
656 1310 777 1344 εἰρήνης,
792 1310 829 1341 ὡς
844 1311 887 1336 ἐπ’
899 1311 969 1336 ὲκεί-

183 1365 239 1388 νοις
254 1357 297 1389 εἴη
311 1356 368 1386 τοῖς
384 1355 535 1390 πολεμοῦσι
552 1356 599 1382 καὶ
613 1357 629 1390 ἡ
647 1356 693 1382 τοῦ
714 1356 834 1391 ποῖέμου
857 1357 903 1383 καὶ
919 1357 968 1390 τῆς

183 1403 296 1436 εἰρήνης
319 1402 434 1436 αἵρεσις.
453 1401 539 1427 Αὐτόν
554 1410 584 1427 τε
605 1403 659 1435 γὰρ
681 1400 862 1436 συνθήσεσθαι
880 1403 968 1436 ῥᾷστα

183 1448 251 1483 πρὸς
266 1448 314 1479 τὰς
329 1448 467 1478 διαλύσεις
486 1447 519 1474 ἂν
544 1447 672 1473 ἐθέλωσιν
696 1448 806 1479 ὲκεῖτοι,
826 1448 872 1472 καὶ
888 1448 967 1473 πολε-

182 1494 281 1529 μήσειν
293 1494 363 1519 κατὰ
374 1492 500 1527 δύναμιν,
510 1492 542 1519 ἂν
556 1494 654 1519 ἐκεῖνοι
665 1493 700 1519 τὰ
714 1493 805 1518 δίκαια
819 1493 855 1527 μὴ
868 1492 966 1518 Οέλωσι

182 1539 281 1566 ποιεῖν.
303 1538 419 1564 Ἐκεῖνοι
439 1537 493 1571 γὰρ
510 1537 640 1572 πρότεροι
667 1537 785 1571 πολέμου
803 1535 890 1572 ἧρξαν
907 1538 966 1563 δια-

181 1584 310 1615 ϐαλόντες
325 1585 372 1609 καὶ
395 1583 662 1618 συκοφαντήσαντες,
679 1584 726 1609 καὶ
741 1584 790 1618 τήν
811 1592 841 1609 τε
859 1583 964 1618 μητέρα

181 1630 272 1663 ὀλίγου
291 1629 346 1656 δεῖν
366 1630 530 1655 ἀπέκτειναν
544 1629 716 1665 αὐτοχειρίᾳ,
735 1630 764 1655 ὲν
785 1629 965 1664 δεσμωτηρίῳ

181 1675 315 1702 νοσοῦσαν
340 1675 470 1710 προνοίας
495 1675 661 1707 ἀξιώσαντες
688 1676 837 1711 μηδεμιᾶς,
858 1676 905 1702 καὶ
921 1676 966 1702 τὸν

181 1721 238 1746 υἱὸν
254 1720 331 1747 οὔπω
355 1720 459 1747 δώδεκα
483 1721 530 1755 ἒίη
548 1723 690 1754 γεγονότα,
701 1722 749 1748 καὶ
766 1721 850 1755 μηδὲν
867 1722 965 1752 αὐτοὺς

180 1766 342 1802 ἠδικηκότα,
357 1766 401 1793 διὰ
415 1766 463 1800 τὴν
478 1765 546 1800 πρὸς
559 1766 608 1801 εμὲ
620 1767 781 1801 ἀπέχθειαν,
793 1767 844 1792 ὑπὸ
856 1767 965 1800 δεσμοῖς

180 1813 351 1846 κατέστησαν
362 1811 487 1837 τοσοῦτον
499 1811 603 1845 χρόνον,
614 1811 729 1841 καὶτοὺς
738 1810 830 1844 φίλους
844 1812 964 1842 ἅπαντας

179 1857 336 1891 διέφθειραν
362 1858 409 1883 καὶ
431 1858 494 1888 τοὺς
517 1857 652 1888 οίκείου;’
669 1858 715 1883 καὶ
737 1856 814 1883 οὐδὲν
831 1857 965 1882 ἀπέλιπον

181 1904 324 1938 παροινίας
343 1902 402 1928 οὐδὲ
417 1902 533 1937 ὖῦρεως.
556 1902 609 1928 Ἐὦ
626 1904 680 1937 γὰρ
695 1903 784 1935 λέγειν
799 1902 849 1937 τὴν
867 1901 963 1928 τοσού-

179 1958 227 1976 του
245 1949 359 1975 πλούτου
372 1948 527 1983 διαρπαγὴν
541 1947 607 1982 ἐμοῦ
624 1956 654 1973 τε
671 1950 720 1973 καὶ
739 1946 793 1973 τῶν
812 1946 963 1980 συγγενῶν,

181 1994 228 2026 οὒς
251 1995 305 2021 ἔδει
321 1995 455 2027 τοσαύτην
480 1993 578 2019 κακίαν
602 1992 759 2024 συνειδότας
785 1993 901 2024 ἑαυτοῖς,
917 1993 965 2018 καὶ

180 2040 219 2070 ὡς
233 2039 282 2074 τῆς
293 2038 434 2071 ἀμυθήτου
444 2038 545 2072 φθορᾶς
560 2037 704 2071 Ῥωμαίων
719 2036 873 2063 αἰτιώτατοι
885 2037 964 2071 γεγέ-

180 2095 286 2120 νηνται,
294 2087 367 2112 ἔλεον
374 2086 426 2111 τῶν
440 2086 574 2119 ὁσημέραι
586 2084 630 2111 διὰ
638 2084 687 2119 τὴν
703 2084 793 2110 αὐτῶν
802 2084 903 2111 κακίαν
917 2084 964 2110 καὶ

182 2131 334 2168 μοχθηρίαν
343 2131 475 2161 Ruﬁ-ivra;
485 2131 676 2164 κτεινομένων,
689 2131 813 2165 πρώτους
824 2131 856 2166 τῇ
868 2128 963 2166 εἰρήνῃ

182 2178 377 2212 προσδραμεῖν,
402 2178 449 2204 καὶ
475 2177 520 2202 τὸν
544 2176 663 2210 πόλεμον
691 2176 852 2208 σπουδάζειν
878 2185 962 2203 κατα·

1023 949 1155 976 hertatem
1179 950 1241 981 viri,
1268 952 1458 987 integrumque
1487 961 1518 981 ac
1547 963 1640 982 verum
1666 957 1699 983 de
1728 958 1809 984 rebus

1019 994 1152 1028 judicium
1173 995 1296 1028 laudatis,
1315 1001 1343 1023 et
1356 1005 1385 1023 se
1403 1001 1512 1032 propter
1537 1000 1708 1033 prudentiam
1728 1007 1754 1029 et
1768 1002 1810 1028 in-

1021 1040 1130 1074 genium
1145 1041 1178 1068 ad
1196 1042 1324 1068 virtutem
1341 1048 1434 1070 natum
1462 1044 1602 1073 redamare
1622 1046 1698 1073 illum
1715 1049 1810 1075 testili-

1021 1091 1098 1116 cans,
1115 1087 1274 1120 respondet,
1292 1087 1355 1114 belli
1378 1093 1407 1115 et
1425 1090 1500 1122 pacis
1516 1087 1680 1118 electione.
1697 1093 1724 1119 in
1737 1094 1809 1121 aihi-

1022 1130 1074 1157 trio
1087 1131 1246 1158 bellantium
1259 1133 1419 1160 consistere.
1433 1133 1501 1161 Nam
1516 1143 1544 1162 se
1560 1137 1668 1171 quidem
1681 1138 1809 1166 facillime

1021 1175 1053 1202 ad
1069 1177 1297 1211 compositionem
1322 1187 1533 1212 consensurum,
1560 1183 1582 1209 si
1618 1184 1684 1218 ipsis
1701 1185 1781 1212 libeat
1798 1206 1806 1218 ,

1022 1225 1050 1248 et
1072 1227 1255 1256 pugnaturum
1286 1232 1337 1258 pro
1357 1226 1469 1259 viribus,
1495 1228 1516 1253 si
1536 1228 1617 1255 iidem
1641 1230 1686 1263 jus
1713 1231 1808 1266 fasque

1019 1269 1244 1301 contempserint.
1259 1269 1334 1303 lpsos
1349 1271 1461 1305 quippe,
1481 1273 1625 1301 calumniis
1649 1280 1676 1302 et
1696 1277 1806 1303 utenda-

1021 1313 1072 1339 ciis
1088 1312 1271 1347 indulgentes,
1286 1315 1387 1342 bellum
1401 1325 1488 1347 orsos.
1506 1325 1672 1355 matremque
1691 1329 1767 1348 suam
1780 1323 1807 1349 in

1020 1366 1132 1385 carcere
1149 1364 1327 1394 :egrotantem
1356 1362 1429 1390 nulla
1453 1371 1518 1391 cura
1545 1365 1681 1400 dignatas,
1700 1373 1805 1395 tantum

1020 1411 1072 1430 non
1087 1410 1193 1432 suamet
1207 1414 1288 1433 manu
1301 1408 1435 1435 occidisse
1451 1417 1458 1435 :
1476 1416 1503 1437 et
1520 1411 1602 1438 tilium
1619 1413 1804 1446 iluodi-nnem.

1020 1449 1064 1482 qui
1083 1450 1151 1476 nihil
1165 1451 1197 1477 .in
1217 1459 1264 1478 eos
1289 1460 1460 1488 peccaverat,
1479 1457 1543 1483 odio
1567 1459 1652 1492 patris
1668 1461 1761 1487 tandiu
1778 1463 1803 1487 in

1019 1495 1136 1522 vinculis
1149 1497 1296 1525 retinuisse
1312 1507 1318 1525 :
1330 1504 1357 1526 et
1373 1500 1475 1528 amicos
1490 1510 1520 1528 ar
1531 1504 1697 1539 propinquos
1709 1513 1805 1534 omnes

981 1563 1001 1589 Ε
1018 1541 1181 1575 ευειυῐὶεμο,
1204 1551 1340 1579 quamque
1369 1547 1518 1579 potuerint,
1544 1550 1757 1582 letulantissime
1774 1556 1804 1579 et

1018 1588 1289 1617 contumeliosissime
1305 1599 1334 1618 se
1350 1593 1477 1626 gessisse.
1491 1593 1580 1622 Taceo
1600 1597 1686 1629 enim,
1701 1597 1800 1632 inquit,

1018 1635 1152 1659 tantarum
1169 1641 1261 1669 opum,
1280 1641 1308 1663 et
1327 1645 1460 1670 mearum,
1476 1644 1502 1666 et
1522 1645 1700 1676 cognatorum
1711 1643 1803 1679 direp-

1018 1678 1131 1706 tionem.
1148 1679 1222 1712 Quos
1249 1683 1394 1716 oportebat
1420 1689 1555 1713 tantorum
1577 1688 1710 1716 scelerum
1734 1698 1802 1717 con-

1017 1725 1131 1752 scientia
1145 1726 1308 1761 stimulatos,
1325 1734 1352 1756 et
1366 1729 1502 1759 Romanos
1516 1734 1551 1759 ob
1573 1734 1743 1763 calamitates
1759 1736 1802 1764 in-

1016 1770 1170 1803 credibiles,
1200 1781 1293 1799 eorum
1320 1782 1402 1809 op.-ra
1431 1777 1517 1804 illatas
1536 1783 1657 1813 (propter
1685 1789 1800 1816 quorum

1016 1816 1166 1850 nequitiam
1188 1822 1215 1844 et
1245 1819 1445 1853 improbitatem
1462 1828 1527 1854 quot
1539 1824 1581 1851 die
1609 1826 1801 1860 trucidantur).

1016 1861 1168 1894 miseratus,
1187 1863 1288 1896 primos
1299 1872 1391 1897 pacem
1406 1868 1543 1901 amplecti,
1562 1874 1589 1896 et
1605 1871 1716 1899 studere
1741 1873 1800 1900 bel-

1017 1907 1071 1934 lum
1086 1907 1222 1942 (lisjicere.
1238 1909 1370 1942 Quoniam
1394 1917 1485 1939 autem
1502 1914 1572 1942 aliud
1589 1923 1643 1944 non
1670 1922 1801 1953 cogitant,

1016 1961 1097 1988 quam
1112 1955 1203 1981 utsoli
1222 1962 1312 1982 rerum
1334 1956 1509 1985 dominentur
1534 1961 1566 1989 (si
1593 1965 1673 1990 modo
1699 1965 1799 1999 aliquid

1017 2006 1106 2026 rerum
1121 2000 1245 2027 relictum
1259 2002 1510 2038 est),subditosqce
1525 2006 1599 2033 tmllo
1612 2007 1672 2036 loco
1686 2010 1799 2041 ducunt.

1015 2051 1065 2079 ego
1079 2045 1307 2079 quemadmodum
1323 2048 1386 2075 inde
1396 2056 1410 2075 a
1422 2050 1612 2083 primordioad
1626 2061 1798 2083 communem

1015 2090 1129 2116 salutem
1144 2098 1224 2117 omne
1233 2099 1321 2118 meum
1337 2093 1457 2122 studium
1477 2095 1651 2133 laboremque
1677 2101 1798 2128 contuli:

1016 2136 1054 2163 sic
1067 2140 1094 2163 et
1108 2144 1179 2163 nunc
1188 2145 1247 2171 qua:
1261 2139 1389 2166 omnibus
1401 2141 1539 2173 profutura
1550 2143 1615 2177 sint,
1632 2147 1721 2173 omnia
1741 2148 1800 2175 edi-

1015 2189 1084 2208 cam.
1097 2182 1116 2208 E
1126 2183 1224 2216 quibus
1234 2183 1329 2211 licebit
1341 2184 1393 2212 illis
1401 2191 1448 2213 aut
1458 2187 1567 2216 meliora
1579 2190 1689 2225 eligere,
1701 2193 1722 2220 si
1740 2194 1800 2221 uui-

179 2224 265 2251 λύειν.
286 2223 362 2250 Ἐπεὶ
374 2223 397 2249 δ’
411 2222 526 2254 ἐκείνοις
546 2222 651 2253 οὐδενὸς
667 2222 761 2256 ἑτέρου
777 2223 863 2258 μέλει,
877 2223 958 2270 ἣᾼτοῦ

1019 2226 1134 2254 versitati
1146 2227 1299 2254 consultum
1310 2229 1401 2264 velint,
1414 2236 1461 2263 aut
1472 2232 1571 2261 bellum
1585 2222 1719 2270 accipere,
1735 2238 1758 2265 si
1772 2239 1800 2266 id

178 2270 232 2296 τῶν
246 2269 417 2303 πραγμάτων
432 2268 519 2303 μόνων
530 2268 619 2302 ἀρχὴν
630 2267 662 2293 ἄν
677 2275 738 2293 τινα
750 2267 958 2302 περιλειφθῶσι,

178 2315 234 2341 τῶν
261 2314 283 2340 δ’
311 2314 472 2349 ἀρχομένων
495 2313 625 2348 οὐδεμίαν
650 2313 781 2348 πρόνοιαν
810 2313 962 2346 ποιοῦνται,

179 2359 273 2393 ὥσπερ
288 2359 405 2393 ὲξαρχῆς
429 2358 511 2389 αὐτὸς
536 2358 606 2392 ὑπὲρ
630 2360 679 2392 τῆς
704 2359 798 2393 κοινῆς
823 2359 961 2393 σωτηρίας

180 2404 271 2431 πάντα
284 2403 554 2439 ἐπραγματευόμην,
569 2403 640 2430 οὕτω
655 2404 702 2430 καὶ
714 2403 762 2429 νῦν
783 2403 801 2430 a
816 2405 882 2430 πᾶσι
899 2404 962 2438 μέλ-

179 2449 219 2475 λει
233 2449 309 2483 κοινῇ
329 2448 462 2474 συνοίσειν
477 2447 567 2474 πάντα
582 2448 647 2483 ἐρῶ.
666 2448 789 2480 Ἐξέσται
812 2448 840 2475 δὲ
857 2450 960 2484 αὐτοῖς,

179 2496 196 2530 η
217 2494 354 2530 αἱρεῖσθαι
379 2494 413 2520 τὰ
434 2493 531 2529 βελτίω
545 2494 579 2521 ἂν
597 2488 725 2528 πρόνοιάν
741 2504 802 2522 τινα
826 2495 960 2522 ποιῶνται

177 2540 225 2566 τοῦ
242 2539 342 2571 κοινοῦ,
353 2539 370 2574 ἦ
384 2541 429 2566 τὸν
444 2539 562 2574 πόλεμον
576 2540 747 2572 ἀσπάζεσθαι
761 2540 794 2567 ἂν
805 2541 859 2568 τῶν
872 2541 960 2569 ἄλλων

180 2587 289 2612 πάντων
302 2586 320 2612 δ,
336 2586 492 2622 νομίζουσιν
520 2587 610 2618 αὐτοῖς
633 2587 686 2621 ἰδίᾳ
708 2587 847 2621 διαφέρειν
865 2596 960 2623 upon-

181 2629 263 2664 μῶσι.
280 2630 353 2664 Φημὶ
368 2630 469 2659 τοίνυν,
486 2629 523 2660 ὡς
548 2631 594 2656 ἐὰν
615 2631 664 2665 μὲν
679 2630 830 2665 ἐθελήσωσι
847 2631 961 2666 βασιλέα

178 2675 313 2708 δέχεσῠαι,
329 2675 376 2700 καὶ
390 2676 445 2706 τοῖς
460 2678 537 2700 παισί
556 2676 726 2710 συνάρχοντα
749 2676 892 2711 βασιλέως,
906 2678 960 2704 οὐδ’

180 2718 262 2744 αὐτὸν
278 2719 556 2753 πολυπραγμονήςειν
582 2721 664 2754 μηδὲν
684 2721 748 2755 περὶ
762 2722 815 2746 τῶν
830 2724 900 2748 κατὰ
915 2723 960 2748 τὸν

178 2764 297 2798 πόλεμον
315 2765 526 2798 γεγενημένων·
553 2765 610 2792 ἀλλ’
634 2767 785 2802 ἀμνηστίαν
811 2776 840 2793 τε
868 2769 959 2800 αὐτοῖς

178 2810 305 2845 παρέξειν
321 2810 374 2836 τῶν
391 2810 494 2842 κακῶν,
513 2813 559 2838 καὶ
579 2811 631 2838 τῶν
644 2814 827 2847 ἡρπασμένων
846 2815 959 2848 μηδενὸς

179 2856 391 2890 ἀποστερήσειν,
403 2855 435 2883 ἄν
450 2864 480 2882 τε
495 2857 548 2883 τῶν
559 2858 668 2884 οἰκείων
679 2855 744 2885 ὦσιν
759 2858 774 2893 ἢ
791 2858 845 2886 τῶν
862 2859 959 2893 φίλων,

1016 2272 1128 2306 privatis
1153 2273 1314 2301 utilitatibus
1339 2275 1396 2302 suis
1426 2278 1553 2307 omnibus
1579 2285 1797 2316 anteponendum

1013 2316 1145 2344 sentiunt.
1157 2317 1208 2344 Aio
1222 2317 1322 2352 itaque.
1333 2321 1355 2346 si
1366 2321 1500 2349 voluerint
1510 2331 1553 2350 me
1565 2324 1754 2360 imperatorem
1774 2341 1778 2353 ι
1790 2337 1800 2357 t

1013 2361 1128 2388 ﬁliorum
1143 2362 1260 2390 tleluucti
1270 2364 1400 2398 collegam
1411 2366 1476 2400 pati,
1488 2375 1542 2395 non
1558 2370 1671 2399 sollicite
1683 2373 1798 2408 inquisi-

1013 2411 1102 2434 turum
1113 2408 1140 2435 in
1153 2416 1194 2440 ea,
1206 2416 1265 2443 quae
1276 2409 1345 2437 bello
1361 2413 1497 2445 putei-ito
1510 2417 1653 2445 commissa
1665 2425 1738 2452 sunt,
1748 2421 1798 2448 sud

1013 2454 1127 2489 injurias
1143 2454 1277 2482 oblivione
1290 2457 1453 2490 sempiterna
1470 2459 1634 2499 di-leturum.
1658 2469 1686 2490 et
1705 2466 1798 2499 spoliis

1013 2501 1071 2527 suis
1085 2507 1116 2527 ac
1127 2500 1218 2534 prteda
1236 2499 1337 2528 nullum
1358 2502 1536 2537 privatarum,
1557 2497 1616 2534 sive
1637 2515 1668 2535 ea
1685 2497 1798 2537 familia-

1014 2546 1094 2578 rium,
1107 2548 1162 2573 sive
1171 2545 1329 2578 amicorum,
1342 2547 1399 2575 sive
1416 2556 1589 2585 cognatorum
1606 2553 1694 2587 fuerit;
1709 2563 1798 2589 neque

1013 2589 1176 2621 ablaturum,
1189 2597 1249 2622 qua
1265 2589 1331 2622 ipsis
1342 2591 1411 2619 bello
1427 2595 1662 2631 ardenteAugusta
1679 2598 1797 2627 donave-

1012 2634 1058 2664 rit,
1071 2634 1112 2660 vel
1128 2635 1253 2665 honores,
1272 2635 1294 2660 si
1311 2642 1408 2668 pnctcr
1427 2639 1586 2674 dignitatem
1609 2651 1640 2668 ac
1669 2645 1794 2672 meritum

1013 2679 1100 2707 collati
1133 2680 1275 2707 vidcantur
1293 2702 1300 2714 ,
1324 2684 1365 2710 vel
1393 2686 1587 2718 possessiones.
1620 2688 1701 2723 639
1738 2691 1796 2718 she

1014 2726 1064 2752 illm
1080 2725 1192 2760 publica;
1206 2732 1293 2758 erant,
1319 2730 1375 2756 sive
1385 2731 1417 2756 ad
1451 2738 1493 2757 me
1523 2733 1649 2766 privatim
1675 2735 1793 2767 pertine~

1015 2769 1078 2796 bunt
1094 2779 1101 2796 :
1118 2777 1210 2797 verum
1222 2773 1291 2806 αξιίυί
1313 2774 1431 2809 bonique
1458 2775 1591 2804 facturum
1611 2780 1703 2806 omnia
1718 2800 1724 2811 ,
1746 2789 1795 2809 ne-

1013 2823 1065 2848 que
1081 2823 1197 2849 unquam
1211 2825 1272 2843 curn
1284 2825 1376 2846 eorum
1391 2820 1489 2847 damno
1505 2822 1613 2850 bellicas
1627 2823 1793 2853 offensiones

1016 2861 1227 2889 \tndicaturum.
1252 2863 1353 2896 Quodst
1369 2865 1419 2892 hoc
1444 2874 1493 2894 nec
1509 2867 1607 2900 it.slum
1630 2878 1680 2898 nec
1706 2871 1793 2899 feren-
