1915 3086
142 136 210 170 1199

729 137 889 170 JUANNIS
908 139 1169 173 CANTACUZENI

1692 146 1761 180 12ΰῦ

138 196 204 224 dum
223 194 390 227 censuerint,
409 199 494 222 totum
510 194 646 230 negotium
657 194 758 230 judicio
769 197 916 231 permissu-

973 199 988 234 ἧ
1006 200 1059 226 τῶν
1080 203 1228 236 συγγενῶν.
1249 204 1309 230 Ἕτι
1325 212 1352 230 τε
1372 203 1426 230 οὐδ’
1448 201 1485 230 ὧν
1508 204 1600 236 αὐτοῖς
1617 205 1633 239 ἡ
1657 205 1761 240 βασιλὶς

138 249 210 268 rum.
227 239 368 268 Iudicibus
383 244 473 266 autem
487 239 547 267 aliis
563 247 616 266 non
628 244 697 272 utar,
721 241 771 268 nisi
799 241 856 276 ipsa
871 242 922 268 im-

139 288 281 322 peratriee,
298 286 458 321 patriarcha.
475 286 614 313 monachis
642 292 669 313 et
684 287 798 314 delectis
813 287 922 322 cpisco-

138 332 189 367 pis,
205 337 232 359 et
245 331 382 363 Romanis,
393 331 416 358 si
429 331 474 365 qui
486 336 642 365 supersunt,
660 332 836 366 optimatibus
849 342 854 357 ε
867 332 923 360 imo

137 385 202 405 vero
221 377 302 404 etiam
324 377 512 411 cujuscunque
536 377 693 411 reipublica:
712 377 777 404 viris
801 379 922 412 pruden-

138 424 249 451 tioribus
272 423 334 450 Etsi
350 422 458 456 quidem
472 422 583 456 iniqttus
594 443 601 454 ,
627 423 754 457 periurus
770 428 797 450 et
811 424 922 450 insidia-

138 472 180 494 tor
193 468 355 501 comperiar.
372 467 443 501 quod
462 467 506 494 isti
521 466 657 497 dictitant.
675 467 825 494 sceleribus
852 469 918 494 meis

136 520 190 540 non
205 513 277 540 aliud
293 513 455 548 supplicium
468 533 475 545 ,
492 520 574 547 quam
602 517 717 539 mortem
738 513 880 548 ingloriam
895 518 922 540 et

136 558 263 585 infantem
280 558 391 592 irrogari
410 558 482 585 volt.
499 559 527 585 Si
542 558 611 585 hanc
627 558 829 586 damnationem
842 566 920 586 aver-

135 609 239 636 santur,
262 605 370 631 crudele
381 604 524 637 ducentes,
546 604 572 631 in
595 604 732 631 hominem
758 605 920 632 sententiam

135 653 278 687 capitalem
295 652 382 679 ferre:
408 657 435 679 at
456 659 504 687 ego
530 652 587 686 ipse
599 656 663 678 ante
682 651 812 686 judicium
831 657 920 679 atrum

136 698 266 725 adversus
283 705 324 724 me
349 697 482 724 calculum
515 697 596 729 dabo,
623 701 653 723 ιιι
675 697 747 732 ipsi,
775 703 919 732 postquam

135 745 275 773 convictus
290 744 376 777 fuero,
388 744 511 778 supplicii
537 743 616 776 huius
632 743 847 778 reprehensione
872 752 904 771 va
914 759 920 764 -

135 795 207 817 cen'.
235 789 281 816 Sin
308 793 398 816 autem
420 788 508 822 potius
535 787 586 814 alia
617 788 709 814 omnia
735 788 919 822 constiterint,

135 843 189 862 non
206 843 248 862 me
266 834 345 869 sinth
357 834 426 861 citcr
441 841 472 860 ac
489 838 589 861 temere
601 833 770 867 aflirtnante,
787 834 834 862 sed
848 834 918 862 dicta

136 889 194 908 mea
207 880 379 908 evidentibus
395 879 560 907 testimoniis
578 880 768 912 eonﬁrmante,
788 888 842 907 non
854 881 918 915 qui-

134 927 195 954 dem
211 926 302 961 petitis
322 934 335 952 a
361 933 481 953 mearum
504 926 621 960 partium
639 924 768 955 s'tndiosis
791 928 837 960 (ne
855 926 920 954 mihi

134 971 279 1007 gratiﬁcari
299 972 511 1005 existimentur),
527 979 620 999 verum
634 973 668 999 ab
684 972 747 1005 illis,
773 980 842 1008 quos
867 973 919 1007 ipsi

134 1023 191 1046 toto
202 1018 273 1045 bello
294 1018 433 1053 adjutores
451 1018 607 1045 habtterunt
621 1038 628 1048 .
650 1018 705 1045 imo
723 1026 788 1045 vero
809 1019 843 1045 ab
860 1019 918 1053 ipsa

134 1063 307 1099 impetatticc
333 1067 357 1090 et
375 1063 537 1098 patriarcha,
565 1063 610 1097 qni
632 1071 692 1090 cum
709 1063 832 1097 plttribus
848 1063 914 1091 mihi

135 1072 264 1099 unpetatr
277 1072 307 1091 cc
333 1072 357 1090 et
375 1072 537 1098 patriarcna,
565 1072 610 1097 qui
632 1072 692 1090 cum
709 1072 832 1097 ptnrtous
848 1072 914 1091 mini

135 1114 217 1137 testes
231 1072 313 1137 erént
325 1109 391 1144 (non
406 1109 479 1135 cuitu
499 1117 598 1143 negare
613 1114 751 1144 poterunt,
770 1118 830 1144 quae
850 1110 916 1136 mihi

134 1157 275 1191 perspicue
292 1155 563 1188 commandarerint),
576 1154 688 1189 justilize
703 1161 916 1182 consentaneum

133 1203 195 1235 erit,
214 1207 243 1229 ut
257 1202 302 1236 qui
321 1200 556 1228 criminationibus
580 1204 608 1227 et
623 1200 730 1228 insidiis
754 1201 856 1228 nefarie
874 1209 917 1228 me

133 1249 330 1283 appetiverunt,
345 1246 454 1273 easdem
472 1253 567 1280 pinnas
591 1246 751 1280 suscipiant.
768 1245 916 1273 Verumta-

134 1301 255 1328 tncnego
272 1292 500 1327 quemadmodum
513 1292 540 1318 in
557 1292 627 1324 aliis,
644 1292 683 1320 sic
700 1291 727 1318 in
745 1292 788 1320 his
809 1292 916 1319 deside-

134 1341 175 1368 rio
198 1340 315 1376 quodam
341 1339 433 1374 gloria:
450 1347 495 1366 me
523 1339 635 1374 quidem
656 1347 738 1366 causa
773 1340 915 1366 cadentem

135 1392 221 1414 morte
243 1386 408 1413 multandum
430 1385 601 1420 pronuntio:
628 1385 669 1411 sin
692 1385 742 1420 ipsi
757 1386 830 1412 litem
856 1394 918 1421 per-

134 1432 264 1464 diderint,
280 1431 346 1458 nihil
357 1439 404 1458 eos
420 1431 563 1458 molestum
581 1431 636 1465 pati
658 1431 764 1465 postulo
779 1452 786 1463 ,
801 1431 853 1458 nisi
867 1431 917 1458 hoc

134 1486 228 1510 unum,
247 1482 275 1504 ut
290 1477 464 1512 Sycophantzc
491 1481 518 1503 et
545 1475 734 1503 criminatores
750 1483 917 1510 cognoscan-

136 1529 201 1554 tur,
219 1527 302 1550 etme
328 1521 494 1552 absolntutn,
516 1520 720 1555 imperatorem,
746 1521 916 1556 filiorumque

133 1567 253 1595 defuncti
270 1566 400 1601 collegam
427 1573 441 1592 a
468 1564 598 1592 Romanis
631 1565 718 1599 palam
742 1565 912 1599 proclamari.

131 1613 179 1640 Sin
196 1617 287 1640 autem
302 1612 342 1639 vel
357 1619 418 1638 cum
432 1615 506 1637 veste
532 1610 706 1645 imperatoria
726 1610 758 1636 ad
782 1610 913 1644 judicium

132 1665 310 1685 occursurum
329 1660 464 1687 metuunt,
487 1655 527 1681 vel
541 1663 602 1693 cum
616 1656 735 1682 exercitu
751 1654 910 1690 Byzantium

132 1704 316 1738 ingressurum
340 1701 514 1734 suspicantur
527 1720 533 1732 ,
551 1707 601 1734 ego
615 1699 674 1727 illos
702 1700 752 1727 hoc
767 1708 868 1735 angore
885 1701 916 1727 li-

133 1751 246 1777 berabo.
269 1748 335 1775 Nam
363 1747 460 1782 positis
486 1746 637 1781 insignibus
656 1746 847 1780 imperatoriis,
872 1755 917 1774 or-

133 1799 199 1822 natu
213 1794 332 1829 privati,
358 1793 435 1819 denis
463 1793 593 1818 duntaxat
622 1791 767 1818 comitibus
796 1791 914 1819 intrabo.

131 1840 290 1869 Communis
303 1839 376 1866 enim
394 1838 455 1864 boni
484 1845 564 1865 causa
577 1857 584 1869 ,
613 1841 640 1864 et
654 1842 684 1864 ut
699 1836 843 1870 Romanos,
870 1839 915 1872 qui

132 1886 199 1913 mihi
214 1889 278 1912 sunt
293 1883 458 1914 charissimi,
485 1890 499 1909 a
519 1882 580 1909 belli
597 1882 767 1909 detrimentis
781 1883 914 1910 vindicent

133 1934 297 1966 (quanquam
321 1930 493 1965 sycophanta:
508 1929 550 1955 isti
572 1934 599 1955 et
625 1929 669 1955 ltic
681 1928 850 1962 obtrecteut,
873 1929 911 1956 di-

132 1983 248 2012 camque
273 1985 316 2003 me
342 1976 461 2010 ipsorum
481 1975 585 2001 hostem
603 1979 630 2000 et
655 1974 819 2008 perditorem
829 1975 914 2008 esse),

131 2031 186 2050 non
203 2023 265 2049 talia
285 2021 377 2051 modo,
395 2020 442 2047 sed
456 2020 534 2054 longe
554 2018 636 2046 etiam
658 2019 791 2046 odiosiora
817 2020 915 2046 alacri-

134 2074 174 2096 ter
201 2067 308 2094 decrevi
328 2065 481 2092 snstincre:
501 2064 652 2098 prtesertim
676 2071 736 2090 cum
761 2063 788 2090 id
801 2065 916 2091 celebri-

133 2113 182 2140 tati
206 2120 272 2139 metc
297 2119 348 2138 nec
371 2110 506 2137 tantillttnt
542 2109 694 2135 nociturum
720 2108 861 2144 sinam)
886 2109 914 2135 Si

133 2158 205 2185 enim
222 2157 324 2192 judicio
343 2155 429 2183 victus
442 2155 562 2186 occidar,
576 2154 648 2180 ttulla
665 2154 697 2180 ad
715 2162 755 2180 me
774 2162 805 2181 ex
833 2154 916 2188 impe-

133 2203 235 2230 ratorio
254 2202 392 2228 schemate
415 2200 512 2227 redibit
529 2200 640 2226 utilitas.
672 2199 719 2226 Sin
741 2203 914 2226 accusatores

968 2210 1000 2236 τά
1023 2218 1052 2235 τε
1079 2210 1205 2244 βασιλικὰ
1231 2199 1353 2245 ἐπίσημα
1381 2199 1568 2246 ἀποθέμενος,

132 2256 241 2284 pessum
263 2248 374 2280 dedero,
408 2246 473 2273 ttibil
494 2246 568 2272 triste
593 2246 654 2277 erit,
683 2253 743 2272 eum
773 2245 805 2272 ad
834 2246 914 2272 breve

133 2301 240 2328 tempus
256 2293 422 2327 deposuisse,
437 2298 516 2326 quem
532 2298 594 2317 mox
605 2298 707 2324 majore
721 2298 782 2317 cum
800 2290 913 2322 honore,

132 2346 158 2366 et
173 2339 312 2373 applansu,
325 2337 502 2370 omniumque
524 2335 660 2370 suffragiis
675 2340 834 2369 recepturus
851 2336 914 2362 sim.

131 2385 224 2419 Neque
246 2385 317 2411 enitn
350 2382 475 2410 noctibus
503 2382 627 2417 singulis,
660 2381 767 2415 quando
792 2381 914 2408 cubitum

132 2431 264 2460 concedo.
290 2438 322 2457 ex
337 2429 395 2464 ejus
410 2429 580 2463 depositione
591 2432 638 2454 aut
653 2428 790 2455 tristitiam
807 2432 854 2455 aut
868 2428 915 2455 de-

133 2479 215 2504 decus
230 2475 338 2509 aliquod
351 2475 450 2501 sentio.
467 2471 570 2501 Idcirco
586 2481 636 2500 nec
653 2473 732 2500 modo
748 2480 830 2508 super
844 2473 914 2500 ami-

132 2528 176 2549 ttu
198 2522 275 2556 plura
290 2521 395 2556 loquar,
413 2525 522 2555 paratus
539 2521 626 2547 facere
639 2520 710 2554 quod
740 2520 791 2547 illis
804 2520 914 2555 placue-

131 2569 176 2595 rit.
191 2567 269 2599 Quod
283 2568 305 2594 si
326 2567 409 2593 semel
432 2566 531 2593 invidia
550 2571 577 2592 et
592 2566 653 2592 odio
681 2566 733 2592 mci
762 2566 912 2600 praepediti,

131 2614 227 2641 horutn
246 2613 314 2640 nihil
330 2617 426 2648 putant
445 2612 578 2643 sufﬁcere,
594 2619 683 2645 neque
698 2612 750 2638 ulla
767 2613 913 2646 sponsione

130 2658 318 2685 conditioneve
332 2665 374 2684 me
389 2657 582 2691 imperatorem
602 2663 663 2683 esse
677 2656 780 2688 sinunt,
800 2657 847 2683 sed
869 2664 912 2684 se-

131 2705 184 2731 mel
204 2707 356 2730 statuerunt
378 2710 421 2730 me
458 2702 583 2736 rejicere,
612 2702 778 2736 perdt-reque
811 2704 911 2735 omnia,

130 2757 211 2784 quam
238 2751 303 2777 mihi
322 2749 435 2776 subesse
456 2748 582 2775 malunt:
608 2749 657 2775 etsi
687 2749 724 2775 ita
748 2749 914 2777 insanientes

132 2799 306 2822 contemnere
322 2793 475 2828 oportebat,
491 2798 580 2820 tatnen
603 2801 636 2820 ne
653 2795 823 2822 communem
846 2796 914 2822 salu-

133 2843 188 2866 tem
206 2840 295 2867 studio
320 2841 382 2866 vitae
399 2846 464 2866 mete
479 2839 618 2866 servanda:
632 2840 782 2878 neglexisse
808 2842 910 2874 videar,

975 246 1127 281 παρέσχετο
1144 249 1215 275 κατὰ
1233 250 1277 276 τὸν
1294 249 1340 276 τοῦ
1358 250 1478 284 πολέμου
1497 250 1604 285 χρόνον,
1626 250 1689 276 οὕτε
1705 251 1760 278 τῶν

973 292 1060 325 τιμῶν
1079 293 1113 320 ἃν
1135 294 1235 320 δοκῶσι
1262 295 1327 330 παρ’
1350 295 1440 327 ἀξίαν,
1464 295 1527 322 οὔτε
1550 295 1604 322 τῶν
1623 297 1760 331 κτήσεων,

973 337 1028 365 εἴτε
1042 340 1073 366 ὲκ
1089 340 1143 366 τῶν
1156 340 1294 375 δημοσίων
1314 338 1394 376 ἦσαν,
1411 341 1427 376 ἢ
1443 341 1497 368 τῶν
1518 341 1581 375 ἐμοὶ
1604 349 1761 376 προσηκου-

973 384 1046 411 σῶν
1061 385 1131 411 ἀλλὰ
1147 386 1235 412 πάντα
1264 387 1402 422 στέργειν,
1427 387 1475 413 καὶ
1506 387 1643 422 μηδεμίαν
1667 388 1759 418 αὐτοῖς

975 430 1110 465 μηδέποτε
1141 431 1244 465 βλάϐην
1275 422 1401 465 ἓπάγειν,
1422 432 1593 467 ἀμυνόμενον
1610 434 1663 460 τῶν
1687 435 1759 460 κατὰ

973 476 1019 501 τὸν
1036 476 1155 510 πόλεμον
1165 477 1271 505 κακῶν.
1285 478 1313 504 El
1332 478 1360 504 δὲ
1376 477 1448 504 τοῦτ’
1464 478 1556 510 αὐτοῖς
1571 479 1640 514 μήτε
1653 479 1759 506 δίκαιον

973 519 1044 547 εἶναι
1064 522 1201 555 φαίνεται,
1226 522 1294 557 μήτε
1318 523 1442 554 ἀνεκτὸν,
1464 524 1554 550 πάντα
1575 525 1759 559 ἐπιτρέψομεν

972 568 1004 601 τῇ
1020 566 1093 602 δίκῃ.
1109 567 1255 602 Χρήσομαι
1271 568 1299 594 δι
1314 569 1363 603 οὐχ
1390 569 1495 604 ἑτέροις
1510 569 1654 601 δικασταῖς
1673 578 1758 602 τισιν,

972 613 1029 638 ἀλλ’
1042 613 1108 648 αὐτῇ
1127 613 1242 648 βασιλίδι
1257 615 1304 641 καὶ
1323 616 1494 651 πατριάρχῃ.
1511 616 1558 642 καὶ
1574 616 1629 642 τῶν
1652 625 1681 642 τε
1708 624 1758 650 μο-

972 659 1063 694 ναχῶν
1089 661 1137 687 καὶ
1159 661 1319 687 ἐπισκόπων
1343 662 1400 692 τοῖς
1425 661 1532 694 λογάσι,
1549 662 1597 688 καὶ
1616 661 1670 688 τῶν
1692 661 1759 688 Ῥωσ

973 705 1071 739 μαίων,
1097 706 1124 732 ετ
1147 715 1218 738 τινες
1236 706 1276 733 ἔτι
1300 707 1530 742 κατελείφθησαν,
1549 708 1606 739 τοῖς
1623 707 1757 742 ἀρίστοις,

970 751 1000 777 οὐ
1023 751 1075 786 μὴν
1099 751 1167 778 ἀλλὰ
1199 753 1245 778 καὶ
1271 753 1326 778 τῶν
1350 752 1503 787 ἑκασταχοῦ
1530 752 1675 779 πολιτειῶν
1698 754 1756 783 τοῖς

972 798 1177 832 συνετωτέροις.
1189 797 1248 824 Κᾶν
1264 798 1314 832 μὲν
1332 799 1413 830 αὐτὸς
1428 798 1529 825 ἀδικῶν
1546 799 1594 825 καὶ
1606 799 1757 832 ἐπιορκῶν,

971 843 1018 868 καὶ
1042 841 1173 876 βασιλέως
1198 843 1254 873 τοῖς
1290 843 1370 868 παισὶ
1396 842 1536 876 φαίνωμαι
1558 841 1755 872 ὲπιδουλεύων,

969 887 1063 921 ὥσπερ
1086 884 1158 913 οὗτοι
1185 886 1389 922 κατηγόρησαν,
1419 886 1556 921 μηδεμίαν
1577 886 1661 921 ἄλλην
1684 884 1758 912 εἶναι

969 932 1020 967 τῆς
1034 932 1141 963 ἀδικίας
1155 931 1301 967 τιμωρίαν,
1315 931 1331 966 ἢ
1351 931 1465 958 θάνατον
1480 932 1577 966 ἄτιμον
1593 932 1640 958 καὶ
1656 932 1756 959 ἀκλεᾶ.

971 977 1001 1004 Et
1014 977 1037 1003 δ’
1051 977 1127 1004 αὐτοὶ
1149 977 1196 1012 τὴν
1221 977 1349 1011 τοιαύτην
1374 977 1525 1012 καταδίκην
1543 977 1756 1012 παραιτοῦνται,

969 1022 1071 1058 ἀπηνὲς
1086 1020 1157 1048 εἶναι
1172 1021 1329 1055 νομίζοντες
1341 1021 1486 1057 ἀνθρώπου
1500 1022 1616 1049 θάνατον
1630 1023 1757 1057 καταψη-

969 1067 1106 1101 φίζεσθαι,
1119 1067 1178 1093 ἀλλ’
1193 1067 1275 1098 αὐτὸς
1291 1067 1351 1093 κατ’
1373 1067 1494 1101 ἐμαυτοῦ
1522 1068 1569 1093 καὶ
1595 1068 1660 1102 πρὶν
1677 1069 1756 1102 γενέ-

969 1113 1029 1140 σθαι
1043 1114 1090 1148 τὴν
1105 1113 1195 1148 δίκην,
1213 1113 1330 1148 κυρώσω
1343 1112 1391 1147 τὴν
1407 1113 1511 1148 ψῆφον,
1526 1113 1561 1138 ἵν’
1580 1113 1659 1140 αὐτοὶ
1684 1116 1756 1148 μετά

967 1160 998 1186 τι
1019 1161 1074 1190 sol;
1097 1160 1262 1194 ἀδικήμασιν
1286 1160 1397 1191 ἁλῶναι,
1414 1160 1550 1195 μηδεμίαν
1571 1161 1636 1195 περὶ
1649 1160 1701 1195 τῆς
1715 1170 1758 1186 τι·

969 1206 1074 1240 μωρίας
1088 1207 1191 1241 μέμψιν
1205 1206 1314 1241 ἔχωσιν.
1334 1207 1384 1232 Ἂν
1396 1207 1418 1234 δ’
1431 1207 1508 1233 αὐτοὶ
1521 1207 1650 1233 τάναντία
1665 1207 1756 1233 πάντα

969 1252 1129 1285 φαίνωνται,
1144 1253 1193 1287 οὐχ
1209 1252 1300 1284 ἁπλῶς
1314 1253 1374 1278 οὐδὲ
1391 1253 1464 1287 εικῆ,
1479 1253 1547 1279 ἀλλὰ
1564 1253 1619 1279 τῶν
1641 1252 1757 1287 λεγομέ-

967 1305 1020 1323 νων
1037 1298 1190 1332 μαρτυρίας
1203 1299 1327 1332 ὲναργεῖς
1341 1299 1408 1333 ἐμοῦ
1423 1299 1605 1334 παράγοντος,
1625 1300 1655 1325 οὺ
1679 1300 1757 1334 παρὰ
1791 1300 1795 1305 “

967 1343 1022 1369 τῶν
1035 1345 1183 1379 ᾑρημένων
1199 1345 1232 1371 τὰ
1248 1345 1380 1379 ἡμέτερα,
1397 1345 1441 1371 ἵνα
1459 1345 1496 1379 μὴ
1513 1344 1674 1379 χαρίζεσθαι
1693 1346 1756 1379 ἐμοὶ

966 1389 1090 1421 δοκῶσιν,
1105 1389 1162 1416 ἀλλ’
1185 1387 1225 1420 οἷς
1249 1390 1327 1416 αὐτοὶ
1345 1390 1486 1424 συνεργοῖς
1502 1389 1578 1424 παρὰ
1601 1390 1692 1416 πάντα
1708 1389 1755 1416 τὸν

966 1436 1084 1469 πολεμον
1107 1435 1236 1470 ἐχρῶντο,
1271 1435 1371 1469 μᾶλλον
1395 1435 1423 1461 δὲ
1446 1435 1531 1470 αὐτῆς
1555 1435 1691 1470 βασιλίδος
1707 1437 1756 1462 καὶ

967 1483 1139 1517 πατριάρχου
1162 1483 1219 1512 τοῖς
1243 1481 1364 1508 πλείοσιν
1384 1481 1447 1516 ἐμοὶ
1470 1482 1753 1516 συμμαρτυρούντων.

967 1528 1003 1554 0-5
1023 1528 1075 1562 γὰρ
1096 1527 1128 1554 ἂν
1149 1527 1273 1553 δύναιντο
1296 1527 1402 1562 ἔξαρνοι
1426 1527 1549 1560 γίνεσθαι
1566 1529 1633 1563 πρὸς
1653 1528 1671 1554 ἃ.
1689 1529 1755 1563 ἐμοὶ

969 1574 1093 1600 συνίσασι
1118 1572 1221 1606 σαφῶς,
1239 1573 1344 1600 δίκαιον
1363 1574 1412 1607 μὲν
1434 1573 1496 1604 τοὺς
1515 1575 1757 1607 σεσυκοφαντηκὰ

968 1628 1016 1651 τις
1032 1620 1078 1645 καὶ
1099 1619 1346 1651 ἐπιδουλεύσιιντας
1364 1620 1475 1650 ἀδίκως,
1492 1621 1538 1646 καὶ
1552 1621 1688 1646 τοσούτων
1704 1629 1756 1646 κα-

969 1666 1023 1691 κῶν
1039 1666 1138 1696 αἰτίους
1157 1665 1304 1700 Ῥωμαίοις
1326 1666 1500 1700 γενομένους,
1514 1666 1547 1692 τὰ
1568 1667 1613 1693 ῐσα
1634 1666 1755 1701 πάσχειν

969 1710 1001 1736 ἂν
1023 1711 1170 1744 ἡττῶνται.
1199 1711 1269 1744 Ἐγὼ
1290 1710 1318 1737 δὲ
1344 1710 1437 1745 ὥσπερ
1456 1713 1483 1737 ὲν
1505 1712 1561 1742 τοῖς
1585 1711 1674 1744 ἄλλοις
1701 1713 1755 1739 κάν

967 1755 1071 1786 τούτοις
1099 1755 1256 1790 φιλοτιμίαν
1280 1757 1342 1782 τινὰ
1366 1755 1599 1791 ἐπιδεικνύμενος,
1621 1757 1673 1791 ἐμὲ
1700 1759 1754 1789 μὲν

968 1799 1124 1835 ἡττώμενον
1143 1801 1266 1835 τιμῶμαι
1283 1801 1464 1836 ἀποθνήσκειν
1480 1811 1486 1817 -
1506 1802 1539 1828 ἂν
1555 1802 1577 1829 δ’
1591 1802 1668 1828 αὐτοὶ
1695 1803 1755 1829 Elt-

970 1850 1088 1871 σκωνται
1101 1865 1108 1875 ,
1127 1846 1209 1880 μηδὲν
1231 1846 1378 1880 ὑπομένειν
1394 1847 1474 1881 ἀηδές
1487 1854 1493 1860 ·
1513 1847 1570 1873 ἀλλ’
1587 1847 1654 1874 αὐτὸ
1671 1847 1754 1874 τοῦτο

969 1892 1049 1925 μόνον
1068 1891 1248 1926 συκοφάνταις
1266 1892 1488 1924 ἀποδείκνυσθαι,
1502 1893 1553 1928 ἐμὲ
1571 1893 1599 1919 δὲ
1617 1894 1687 1928 μετά
1702 1894 1753 1926 τὴν

967 1937 1173 1972 νίκην,βασιλέα
1187 1939 1264 1973 κοινῇ
1277 1939 1511 1974 ἀνακηρύττεσθαι
1524 1940 1577 1966 ὑπὸ
1592 1940 1751 1975 Ῥωμαίων,

966 1983 1014 2009 καὶ
1030 1983 1197 2018 συνάρχοντα
1217 1984 1350 2018 βασιλέως
1365 1985 1420 2015 τοῖς
1443 1985 1547 2012 παισίν.
1564 1985 1594 2011 El
1615 1986 1643 2012 δὲ
1656 1986 1686 2012 τὸ
1702 1987 1753 2021 βα-

968 2028 1072 2063 σιλικὴν
1089 2030 1189 2063 ἐσθῆτα
1215 2029 1310 2062 ἔχοντα
1347 2029 1481 2055 δεδοίκασι
1508 2031 1576 2064 πρὸς
1600 2030 1650 2065 τὴν
1672 2031 1753 2066 δίκην

966 2074 1133 2109 ὸπαντᾷδ,ἦ
1157 2074 1186 2099 τὸ
1211 2074 1341 2108 στρατιὰν
1368 2074 1464 2108 ἔχοντα
1491 2077 1691 2103 ὑποπτεύουσιν
1714 2079 1753 2108 είς

966 2119 1113 2150 Βιζάντιον
1128 2119 1226 2151 ελοιῖν,
1242 2120 1296 2152 ἐγὼ
1313 2122 1359 2148 καὶ
1372 2121 1471 2152 ταύτας
1489 2123 1598 2157 ἰάσομαι
1614 2124 1663 2154 τὰς
1681 2125 1752 2150 ἀπο⁴

968 2165 1039 2198 ρίας.
1056 2165 1092 2190 Οὐ
1111 2165 1220 2196 πλείους
1237 2166 1289 2199 γὰρ
1306 2166 1376 2201 ἔχων
1391 2167 1580 2201 εἰσελεύσομαι
1593 2169 1648 2194 τῶν
1671 2169 1749 2202 δέκα,

1612 2215 1750 2250 ἰδιωτικὴν

968 2256 1193 2290 μεταμφιάσομαι
1216 2257 1327 2290 σκευήν.
1344 2256 1396 2283 Τοῦ
1420 2260 1495 2293 κοινῇ
1511 2261 1564 2293 γαρ
1578 2258 1659 2286 ἕνεκα
1676 2261 1751 2287 λυσι-

965 2301 1116 2332 τελοῦντος,
1136 2302 1181 2327 καὶ
1198 2302 1244 2328 τοῦ
1269 2302 1421 2336 Ῥωμαίους
1437 2304 1492 2329 τῶν
1507 2305 1539 2331 ὲκ
1562 2304 1609 2331 τοῦ
1630 2306 1751 2341 πολέμου

966 2347 1061 2372 δεινῶν
1077 2347 1281 2382 ἀπαλλαγῆναι,
1294 2348 1337 2379 οὓς
1354 2349 1409 2382 ἐγὼ
1425 2349 1540 2384 μάλιστα
1556 2351 1639 2384 φιλῶ,
1654 2353 1707 2378 κᾶν
1728 2354 1753 2378 οἱ

967 2393 1133 2426 συκοφάνται
1149 2390 1221 2420 οὗτοι
1239 2395 1287 2419 καὶ
1309 2396 1376 2427 προς
1399 2395 1479 2422 τοῦτο
1495 2397 1682 2429 διαὸάλλουσι,
1705 2408 1751 2432 μι-

967 2439 1024 2464 σεῖν
1035 2439 1187 2472 φάσκοντες
1204 2440 1251 2465 καὶ
1266 2439 1396 2474 πολεμεῖν
1410 2442 1501 2473 αὐτοῖς
1516 2443 1751 2478 καιδιαφθείρειν,
1783 2452 1785 2454 '

967 2484 996 2508 οὺ
1021 2484 1101 2517 μόνον
1121 2483 1234 2510 τοιαῦτα
1257 2485 1302 2511 καὶ
1325 2485 1515 2521 ὲπαχθέστερα
1532 2487 1560 2514 δὲ
1577 2489 1668 2523 πολλῷ
1684 2498 1754 2523 πριι-

966 2528 1059 2562 θύμως
1081 2530 1226 2563 ὑπομένειν
1248 2530 1356 2564 ἔγνωκα
1369 2539 1376 2546 ·
1392 2531 1479 2563 ἄλλως
1497 2532 1521 2558 0’
1540 2533 1580 2559 ὅτι
1604 2535 1665 2560 οὐδὲ
1681 2538 1752 2570 πρὸς

965 2574 1014 2607 τὴν
1030 2574 1150 2605 εὐδοξίαν
1166 2575 1228 2608 ἐμοὶ
1242 2576 1322 2601 τοῦτο
1338 2576 1392 2602 οὐδ’
1405 2577 1484 2610 ὀλίγα
1505 2577 1675 2611 λυμανεῖται.
1701 2581 1753 2606 ’Ἂν

967 2619 1016 2653 μὲν
1029 2619 1083 2654 γὰρ
1097 2620 1252 2654 ἡττώμενος
1276 2622 1453 2656 ἀποθνήσκω,
1474 2623 1588 2657 οὐδεμία
1606 2624 1701 2658 ὗνησις
1719 2629 1753 2652 ἐκ

965 2664 1010 2691 τοῦ
1030 2665 1173 2701 βασιλικὴν
1199 2666 1300 2702 ἐσθῆτα
1323 2667 1395 2702 ἔχειν
1416 2669 1558 2703 περιέσται
1571 2676 1579 2684 ·
1599 2669 1632 2696 ἂν
1650 2670 1680 2697 δὲ
1696 2673 1753 2698 τῶν

965 2711 1190 2745 κατηγορούντων
1202 2713 1333 2746 κρείττων
1344 2714 1492 2748 φαίνωμαι,
1507 2715 1582 2741 οὐδὲν
1594 2717 1712 2752 λυπήσει
1722 2719 1754 2743 τὸ

966 2755 1117 2783 ἀποθέσθαι
1131 2758 1198 2792 πρὸς
1213 2759 1311 2793 βραχὺ,
1326 2760 1458 2793 μέλλοντα
1473 2760 1557 2794 ὀλίγῳ
1572 2761 1686 2796 ὕστερον
1699 2761 1753 2789 αὖ·

966 2801 1007 2832 θις
1022 2801 1224 2836 ἀναλαμὸάνειν
1239 2804 1308 2838 μετὰ
1324 2805 1445 2836 πλείονος
1467 2805 1516 2840 τῆς
1528 2805 1617 2840 δόξης,
1632 2808 1680 2834 καὶ
1702 2808 1753 2840 τῆς

966 2846 1112 2882 εὐφημίας,
1127 2848 1173 2874 καὶ
1190 2849 1239 2884 τῆς
1255 2850 1346 2884 ψήφου
1364 2851 1411 2885 τῆς
1422 2851 1527 2886 κοινῆς.
1540 2852 1607 2878 Οὐδὲ
1621 2852 1675 2886 γὰρ
1688 2853 1753 2880 οὐδὲ
