1915 3086
115 173 185 209 1209

682 173 951 203 HISTORIARUM
973 173 1088 204 LIBER
1109 175 1168 205 IlI.

1665 172 1732 206 1210

147 229 409 268 ejmdeivt_praposito
421 230 447 268 in
459 231 569 268 imperio
583 230 728 268 retinendo.
748 229 906 268 Juranrenlo
918 230 997 263 ﬁdem
1020 231 1148 268 obligant.
1175 231 1298 268 Prwfecti
1314 237 1366 260 tres
1384 232 1503 268 quamvis
1526 231 1674 259 discedendi
1692 240 1737 265 po-

146 270 240 292 testate
258 264 403 291 liberaliter
418 264 500 299 facta,
514 265 594 298 ﬁdem
609 265 751 300 eijurant,
772 274 821 299 pm
831 265 997 300 frctnrasque
1020 264 1162 301 recipiunt.

151 323 197 350 Ἐν
215 319 236 356 ᾧ
247 322 275 349 δὲ
289 322 377 349 ταῦτα
389 323 518 355 ἐτελεῖτο,
533 323 580 349 καὶ
595 323 608 348 ὁ
622 323 708 357 μέγας
722 322 785 354 δοὺξ
800 322 892 357 ἐστρά-

984 323 1089 350 lnterea
1113 332 1227 359 magnus
1246 325 1298 352 dux
1317 324 1458 352 castellum
1486 324 1643 359 Empyriten
1656 323 1737 351 iuva-

112 377 192 395 τευσε
208 369 281 395 κατὰ
301 368 468 403 Ἐμπυρίτου
483 368 528 395 τοῦ
551 369 695 404 φρουρίου,
718 369 765 395 καὶ
784 369 895 402 πολιορ-

111 415 200 448 κήσας
225 415 255 440 ἐν
282 414 373 448 τρισὶν
402 415 530 448 ἡμέραις,
551 416 599 441 καὶ
625 415 817 450 ἁποπειρόισας
840 415 895 440 τῶν

109 459 218 494 τειχῶν,
235 461 298 486 ἐπεὶ
314 460 397 494 μηδὲν
411 460 486 495 ἤνυε,
499 461 552 486 τῶν
570 461 645 487 ἔνδον
667 461 813 496 εὐρώστως
827 461 896 494 ἀμυ-

111 505 244 539 νομένων,
262 503 340 536 αὖθις
355 506 395 536 είς
407 505 555 537 Βυζάντιον
570 506 673 540 ἀπῆρε.
694 506 748 532 Καὶ
769 506 835 540 πρὸς
858 505 896 540 τῷ

115 551 193 586 Ἱερῷ
205 551 350 584 γενόμενος
371 552 440 578 κατὰ
454 552 484 578 τὺ
499 552 586 586 στόμα
606 553 652 578 τοῦ
666 553 764 579 πόντου
780 552 896 587 κειμένῃ

111 597 201 628 πόλει,
213 597 362 632 ἐπεχείρει,
371 597 466 632 ὥσπερ
481 598 594 632 ἔφασκε,
604 599 668 628 τοὺς
684 600 744 624 κατ’
759 597 896 632 ἐμπορίαν

111 643 246 674 πλέοντας
269 644 311 669 ἐπὶ
343 643 390 670 τὸν
406 643 503 670 πόντον
522 645 626 675 πάντας
640 644 740 678 φόρους
755 645 894 670 ἀπαιτεῖν.

110 689 197 716 Τοῦτο
208 689 235 715 δὲ
244 687 277 724 ἦν
290 689 419 716 ἀδύνατον
429 690 465 724 μὴ
477 690 758 725 ϐαλασσοκρατυῦντα.
774 690 894 720 Ἐκεῖνος

108 735 137 762 δὲ
149 736 198 770 ἤδη
214 735 343 770 συνορῶν,
355 735 393 766 ὡς
409 735 457 766 τὰς
468 736 517 769 μὲν
535 737 604 762 κατὰ
616 736 664 770 τὴν
674 736 787 771 ἤπειρον
805 736 894 765 πασας

111 782 204 811 πόλεις
218 781 404 815 ὑπεποιήσατο
419 781 488 815 πλὴν
500 782 599 815 ὀλίγων
616 783 629 807 ό
647 782 783 816 βασιλεὺς.
798 781 894 816 ἔμελλε

109 827 138 853 δὲ
158 827 227 862 μετᾶ
242 827 340 861 μικρὸν
353 827 492 858 κάκείνας.
509 830 556 854 καὶ
574 828 720 858 Βυζάντιον
735 828 894 861 πολιορκοίη

109 874 172 903 ταῖς
190 873 302 906 συχναῖς
320 872 437 906 ἑτεόδοις,
461 875 508 900 καὶ
529 873 656 904 δεδοικὼς
683 874 719 907 μὴ
743 873 849 907 βασιλίς
865 881 894 898 τε

109 918 159 943 καὶ
171 917 196 943 οἱ
212 917 287 944 ἄλλοι
297 917 346 951 τὴν
364 918 488 952 ἀνάγκην
509 917 670 949 συνιδόντες,
687 917 723 949 ὡς
736 917 796 943 οὗτε
807 915 895 952 λστρα-

107 964 171 993 sti;
185 961 303 988 δύναιντ’
325 961 358 987 ἂν
381 963 421 988 ἔτι
447 964 582 997 εὐπορεῖν,
601 963 662 989 οὗτε
685 963 836 998 χρημάτων
853 961 893 994 οἷς

107 1007 247 1043 χρώμενοι
265 1008 410 1041 πολεμοῖεν
435 1008 548 1043 βασιλεῖ,
577 1008 723 1043 τρέψονται
751 1009 819 1043 πρὸς
845 1009 894 1043 τὴν
911 997 931 1024 Β

108 1052 234 1086 εἰρήνην,
264 1053 401 1087 ἐσκέψατο
418 1053 556 1087 ἐξαπατᾷν
584 1053 631 1079 καὶ
647 1053 814 1087 φενακίζειν.
841 1055 895 1080 Καὶ

107 1095 262 1129 ἀναφανδὸν
281 1096 461 1132 ἐδημηγόρει,
475 1097 513 1128 ὡς
539 1098 622 1132 πόρον
636 1100 789 1133 χρημάτων
818 1099 895 1133 μέγι-

109 1149 174 1167 στον
199 1140 305 1176 ἐξεύροι
325 1143 355 1174 ἐξ
370 1139 407 1169 ὧν
422 1143 453 1169 οὑ
473 1143 691 1178 Καντακουζηνῷ
715 1144 806 1178 μόνον,
827 1145 895 1171 ἀλλὰ

107 1187 156 1212 καὶ
181 1187 246 1213 πᾶσι
271 1188 408 1222 πολεμίοις
450 1189 629 1221 ἀντιτάξαιτο.
661 1191 730 1216 Πᾶσι
756 1191 810 1225 γὰρ
841 1193 895 1222 τοῖς

106 1231 286 1267 ὁθενδήποϐεν
301 1235 431 1268 ἐμπόροις
461 1236 560 1270 φόρους
576 1237 716 1270 ἐπιθήσειν
734 1237 801 1272 πρὸς
813 1238 895 1271 ἀνάγ-

108 1286 172 1312 κην,
193 1278 222 1309 ἐξ
237 1276 274 1305 ὧν
289 1279 395 1306 ἔσονται
424 1280 569 1315 Ῥωμαίοις
594 1282 719 1317 πρόσοδοι
735 1283 895 1310 πολλαπλα-

110 1324 186 1355 σίους
217 1324 272 1350 τῶν
297 1327 406 1351 πώποτε
423 1326 522 1354 οὐσῶν.
556 1327 611 1353 Καὶ
640 1328 806 1362 ἀφικόμενος
825 1330 895 1364 πρὸς

114 1367 209 1403 Ἱερὸν,
231 1368 274 1395 ἵνα
300 1369 440 1396 διατελέειν
458 1371 553 1406 μηδενὶ
582 1372 642 1406 ἐξῇ,
659 1372 691 1399 ἂν
720 1373 757 1408 μὴ
786 1375 895 1410 παρέχῃ

108 1413 250 1449 χρήματα,
262 1415 364 1442 ὁλκάδα
383 1417 550 1451 μυρ;οφόρον
567 1418 610 1444 ἐπ’
626 1419 756 1453 ἀγκυρῶν
766 1420 894 1454 ὁρμίσας,

109 1459 180 1485 κατὰ
193 1459 275 1493 μέσον
291 1460 322 1486 τὸ
336 1461 424 1495 ῥεῦμα
440 1462 554 1493 ὁπλίτας
569 1464 751 1498 ὲγκαΟίδρυσε
768 1464 894 1498 πολλοὺς,

108 1504 157 1531 καὶ
167 1504 276 1531 ἐκέλευε
289 1506 419 1540 χρήματα
431 1507 581 1541 λαμϐάνε.ν
592 1509 667 1543 παρὰ
680 1509 733 1535 τῶν
756 1510 894 1544 ἐμπόρων.

109 1551 142 1577 οι
157 1550 180 1576 δ’
194 1551 270 1577 οὐδὲν
285 1552 387 1586 μᾶλλον
410 1554 425 1587 ἢ
442 1553 573 1589 πρότερον
595 1555 758 1590 ἐλάμϐανον.
778 1556 895 1582 Ἀναλω-

111 1596 204 1630 μάτων
226 1598 280 1631 γὰρ
297 1598 431 1632 πρότερον
455 1599 561 1626 πολλῶν
577 1601 624 1627 καὶ
643 1602 779 1635 τριήρεων
801 1602 816 1636 ἠ
833 1603 894 1628 ἑπι-

946 369 992 400 sit,
1018 370 1090 404 quod
1119 371 1166 397 ubi
1192 371 1280 398 triduo
1306 371 1422 401 obsedit,
1446 378 1640 404 murorumque
1663 370 1735 396 facto

946 415 1066 449 periculo
1087 416 1152 442 nihil
1167 416 1289 450 proiecit,
1306 416 1411 443 fortiter
1422 416 1466 450 qui
1482 416 1556 442 intus
1575 419 1651 442 erant
1668 423 1734 449 ιιι-(ις

947 461 1140 496 pugnantibus,
1165 462 1320 496 Byzantium
1343 462 1436 493 rediit,
1459 465 1486 488 et
1506 460 1597 492 lliero,
1614 460 1683 487 urbe
1699 459 1733 486 ad

947 507 1044 534 ostium
1061 507 1134 541 politi
1153 507 1214 538 sita,
1233 515 1376 542 aggressus
1394 511 1446 538 est,
1463 511 1492 533 ut
1509 507 1609 537 aiebat.
1625 506 1659 533 ab
1674 513 1733 532 omo

947 552 1026 579 nibus
1053 553 1254 579 mercatoribus
1278 558 1391 587 pomum
1416 552 1585 579 sulcantibus
1612 550 1732 585 portoria

945 597 1075 632 exigere:
1099 597 1124 624 id
1144 597 1227 630 quod.
1246 597 1295 623 nisi
1314 604 1388 623 mare
1403 601 1519 628 teneret,
1539 596 1594 622 fieri
1610 603 1663 621 non
1682 603 1731 629 po-

947 648 1026 669 terat.
1046 642 1145 669 Vide-ns
1159 643 1231 669 enim
1249 642 1439 676 imperatorem
1459 641 1626 668 continentis
1640 641 1733 672 urbes,

945 692 1042 722 praeter
1070 696 1186 722 paucas,
1210 697 1304 715 omnes
1329 688 1478 721 subegisse,
1503 692 1529 714 et
1547 687 1606 713 illas
1627 693 1734 720 quoque

946 734 1026 767 paulo
1049 738 1110 768 post
1132 734 1307 760 subacturum
1326 741 1398 766 esse,
1425 738 1452 760 et
1472 732 1630 768 Byzantium
1644 732 1678 759 ab
1689 740 1734 758 en-

946 779 1007 804 dem
1033 778 1138 805 crebris
1161 778 1359 813 irruptiouibus
1371 778 1574 812 quodammodo
1590 777 1709 804 obsideri
1726 785 1734 801 ι

946 823 1114 857 timensque,
1134 831 1168 850 ne
1187 823 1344 858 imperatrix
1365 828 1391 849 et
1408 823 1551 850 consilium
1567 823 1734 849 necessitate

946 874 1099 903 perspecta,
1124 869 1196 903 quod
1217 877 1306 903 neque
1322 869 1414 903 capias
1434 869 1534 895 habere
1551 873 1674 903 possent,
1687 876 1735 894 ne-

945 923 998 949 que
1024 915 1162 949 pecunias,
1185 915 1284 949 quibus
1306 915 1437 942 adversus
1452 922 1514 941 eum
1530 918 1682 945 uterentur,
1700 914 1734 940 ad

945 967 1040 994 pacem
1070 960 1251 991 inclinarent,
1277 960 1385 987 modum
1410 964 1580 986 commentus
1599 964 1657 992 est,
1680 967 1734 994 quo

946 1012 993 1032 eos
1009 1005 1227 1031 circumduceret
1257 1013 1288 1032 ac
1303 1006 1465 1032 luditimrel.
1484 1005 1550 1032 Nam
1567 1005 1653 1039 palam
1667 1013 1734 1031 con-

945 1051 1124 1082 cionabntur,
1153 1051 1285 1078 rationem
1310 1051 1433 1086 pecuniae
1460 1051 1637 1078 conﬁcienda:
1660 1058 1733 1077 com-

945 1096 1131 1123 modissimam
1159 1103 1187 1123 se
1212 1096 1360 1126 invenisse,
1383 1104 1435 1130 qua
1460 1103 1514 1122 non
1542 1095 1734 1122 Cantacuzeuo

945 1143 1044 1175 solum,
1068 1142 1115 1169 sed
1131 1142 1265 1168 universis
1280 1141 1403 1168 bostibus
1417 1141 1586 1168 resisterent.
1601 1140 1734 1168 Omnibus

945 1188 1018 1215 enim
1048 1187 1227 1221 undecunque
1246 1187 1445 1213 mercatoribus
1459 1187 1560 1213 tributa
1578 1186 1734 1213 necessaria

945 1234 1149 1268 impositurum.
1175 1233 1210 1259 Ex
1233 1240 1287 1267 quo
1309 1233 1446 1259 Romanos
1460 1232 1598 1266 vectigalia
1618 1233 1732 1265 majora.

945 1287 1026 1315 quant
1048 1287 1164 1314 unquam
1187 1280 1303 1306 antehac
1321 1284 1497 1313 percepturos
1515 1287 1521 1304 :
1540 1278 1734 1312 profectusque

947 1328 1074 1357 llierum,
1094 1330 1123 1352 ut
1140 1325 1241 1351 nemini
1261 1325 1312 1351 nisi
1334 1325 1486 1358 portorium
1503 1323 1619 1350 solventi
1639 1323 1734 1349 liceret

946 1372 1093 1407 trajicere,
1123 1371 1276 1398 onerariam
1307 1370 1438 1405 grandeur
1479 1373 1506 1396 et
1546 1371 1574 1395 in
1606 1368 1734 1396 anchoris

946 1422 1076 1449 stantem,
1100 1417 1194 1443 multis
1219 1416 1244 1443 ei
1264 1415 1354 1450 gravis
1371 1419 1516 1442 armaturze
1533 1414 1665 1441 militibus
1681 1413 1734 1440 im-

947 1462 1052 1496 positis,
1068 1462 1094 1488 in
1113 1462 1216 1488 medios
1232 1462 1330 1488 lluctus
1348 1461 1481 1495 provexit,
1497 1459 1635 1494 jussitquc
1653 1467 1668 1485 a
1687 1467 1734 1486 ne-

946 1507 1126 1542 gotiatoribus
1158 1507 1301 1541 pecuniam
1343 1513 1478 1540 accipere.
1510 1504 1608 1532 Vcrum
1647 1505 1733 1531 nihilo

946 1553 1032 1587 magis
1049 1561 1129 1587 quam
1148 1558 1212 1579 ante
1246 1551 1427 1586 accipiebant.
1447 1550 1563 1585 Sumptu
1581 1558 1679 1585 magno
1705 1554 1732 1576 et

947 1599 1102 1625 triremibus
1127 1598 1220 1625 multis
1243 1605 1312 1632 opus
1337 1597 1407 1629 erat,
1433 1602 1462 1623 ut
1477 1596 1580 1624 domini
1597 1597 1678 1623 maris
1705 1601 1732 1622 et

109 1642 234 1677 ιείρησις
257 1643 354 1674 ἐδεῖτο,
380 1643 451 1670 ὥστε
469 1644 563 1680 ἄρχειν
582 1646 630 1679 τῆς
657 1647 795 1682 θαλάσσης
824 1648 892 1683 μέγα

947 1643 1114 1678 potentiores
1142 1644 1175 1671 iis
1201 1648 1294 1670 essent
1324 1643 1369 1678 qui
1394 1643 1561 1677 navigarent.
1587 1641 1627 1668 Ob
1654 1641 1733 1676 cujus

109 1687 281 1722 δυνηθέντας,
294 1689 340 1714 καὶ
351 1689 492 1724 κρείττους
503 1692 666 1725 γενομένους
677 1693 732 1719 τῶν
743 1693 893 1721 πλεόντων·

110 1731 150 1767 μὴ
178 1732 272 1767 ῥᾳδίας
286 1733 314 1759 δὲ
329 1732 412 1768 οὔσης
430 1734 497 1768 πρὸς
513 1735 600 1761 ταῦτα
626 1737 675 1770 τῆς
699 1739 891 1772 παρασκευῆς,

109 1778 157 1804 καὶ
166 1778 191 1804 οἱ
206 1777 358 1812 θαυμαστοὶ
372 1780 471 1805 ἐκεῖνοι
487 1780 574 1814 πόροι,
589 1781 635 1807 καὶ
650 1783 679 1807 αἱ
696 1783 822 1816 πρόσοδοι
837 1784 891 1810 ἀπ-

107 1822 237 1850 ώλλυντο.
261 1823 321 1849 Τῶν
345 1824 537 1858 συγκλητικῶν
552 1825 579 1850 δὲ
612 1827 636 1852 οι
654 1826 747 1852 πολλοὶ
771 1827 829 1854 ὅσοι
855 1828 893 1863 μὴ

107 1868 153 1894 διὰ
167 1869 198 1895 τὸ
211 1869 279 1903 πρός
297 1869 409 1903 βασιλέα
425 1870 502 1905 ἔχθος
534 1869 628 1904 ὥσπερ
643 1872 671 1897 ὲν
691 1872 806 1906 ὀνείροις
820 1873 892 1898 ἐπεί-

108 1913 187 1940 θοντο
205 1914 341 1945 πλουτεῖν,
362 1915 461 1947 εἰδότες
475 1916 513 1946 ὡς
527 1916 670 1949 ἀνηνύτοις
683 1917 828 1952 ἐπιχειρεῖ,
843 1918 893 1953 τὴν

108 1960 298 1995 μεγαλοφυῖαν
317 1961 471 1995 ἐθαύμαζον
499 1959 568 1996 πρὸς
588 1963 732 1997 εἰρωνείαν
747 1970 754 1977 ⁸
771 1965 819 1990 καὶ
839 1965 893 1991 τῶν

107 2005 195 2032 πάλαι
215 2005 349 2040 βασιλέων
377 2007 581 2041 κατεγίνωσκον
606 2008 707 2043 πολλὴν
724 2009 890 2044 κουφότητα,

105 2052 149 2078 ὃτι
165 2052 293 2078 τοσοῦτον
309 2054 337 2078 ὲν
353 2055 433 2087 χερσὶ
448 2053 563 2080 πλοῦτον
577 2053 684 2089 ἔχοντες
700 2055 827 2089 ἠγνόουν.
841 2055 893 2082 Βα-

106 2096 198 2128 σιλεὺς
213 2096 242 2123 δὲ
255 2096 269 2121 ὁ
286 2097 514 2132 Καντακουζηνδς
535 2099 586 2124 οὐκ
600 2100 695 2132 ὀλίγας
713 2099 892 2134 διατρίψαντα

106 2143 213 2183 ὴμέρας
226 2142 291 2177 παρ’
302 2142 388 2177 αὐτῷ,
404 2143 520 2178 ’Δρῆγον
533 2143 609 2175 αὖθις
619 2145 711 2171 οἴκαδε
722 2147 870 2181 ἀπέπεμπε
883 2168 890 2180 ,

108 2187 244 2217 κελεύσας
256 2187 452 2220 ἀποκρίνεσθαι
464 2188 547 2222 μηδὲν
557 2190 614 2221 τοῖς
625 2189 757 2224 πέμψασι·
770 2191 851 2224 μόνον
863 2192 891 2218 δὲ

106 2231 146 2266 τῷ
161 2232 272 2267 μεγάλῳ
287 2232 363 2258 δουκὶ
375 2233 475 2265 εἰπεῖν,
484 2233 525 2264 -ὼς
539 2233 599 2260 οὔτε
614 2235 757 2270 πρότερον,
769 2235 832 2263 οὔτε
845 2237 892 2264 νῦν

107 2274 264 2302 ἐπιλάθοιτο
278 2277 329 2312 τῆς
346 2277 427 2311 φίλης
447 2277 565 2312 ἀπάτης,
583 2279 629 2305 καὶ
649 2281 827 2314 πανουργίας,
843 2283 890 2308 καὶ

945 1695 1092 1725 apparatus
1116 1690 1300 1717 diliicultatem
1325 1689 1497 1716 admirabiles
1517 1688 1555 1715 illi
1579 1689 1682 1715 reditus
1705 1693 1733 1714 et

945 1736 1086 1770 vectigalia
1100 1736 1312 1763 evaneseebant.
1325 1735 1486 1770 Complures
1499 1742 1582 1768 porro
1594 1741 1731 1768 proceres,

945 1782 990 1816 qui
1014 1789 1066 1808 non
1083 1782 1246 1813 credebant,
1265 1786 1375 1815 propter
1389 1781 1482 1808 odium
1498 1781 1526 1806 in
1538 1779 1731 1814 imperatorem

945 1827 1018 1854 velut
1044 1827 1072 1853 in
1098 1827 1208 1860 somnis
1229 1827 1253 1854 ei
1279 1826 1388 1853 divitias
1414 1826 1574 1856 aﬂlttxuras.
1594 1833 1656 1853 cum
1676 1826 1725 1852 sci-

946 1877 1005 1899 rent
1030 1877 1144 1898 conatus
1167 1863 1225 1898 (ονε
1250 1872 1353 1904 irritos,
1376 1880 1422 1905 per
1443 1871 1645 1898 simulationem
1670 1871 1731 1904 ejus

945 1917 1028 1943 animi
1054 1917 1270 1951 magnitudinem
1295 1916 1501 1943 admirabantur
1527 1925 1533 1942 :
1556 1915 1638 1951 646
1656 1921 1731 1943 vete-

944 1970 1044 1997 resque
1067 1962 1244 1996 imperatores
1274 1962 1391 1989 levitatis
1419 1966 1446 1989 et
1469 1961 1654 1996 incogitantia;
1675 1970 1731 1989 non

945 2018 1035 2046 parvae
1058 2010 1255 2045 coarguebant,
1270 2010 1316 2045 qui
1330 2018 1358 2037 se
1371 2015 1460 2038 tantos
1474 2010 1618 2037 thesauros
1631 2010 1659 2036 in
1674 2000 1743 2037 ma—I

943 2056 1025 2083 nibus
1051 2055 1151 2083 habere
1171 2056 1361 2082 nescivissent.
1382 2056 1590 2082 Cantacuzenus
1612 2056 1729 2090 Aregum

943 2109 998 2128 non
1025 2101 1120 2136 paucis
1147 2101 1244 2128 diebus
1271 2102 1343 2136 apud
1364 2109 1393 2128 se
1420 2101 1586 2129 diversatum
1613 2101 1728 2134 dimisit,

943 2153 1005 2172 eum
1026 2146 1164 2178 mandato,
1181 2151 1211 2173 ut
1229 2147 1271 2178 iis,
1291 2155 1305 2173 a
1321 2147 1421 2181 quibus
1436 2146 1567 2178 veniSSet,
1584 2146 1654 2173 nihil
1686 2154 1729 2173 re-

944 2192 1091 2226 sponderet
1116 2201 1122 2218 :
1151 2192 1237 2219 solum
1261 2199 1358 2226 magno
1369 2192 1430 2219 duci
1449 2191 1568 2224 diceret,
1585 2193 1661 2219 illum
1679 2199 1730 2219 nec

943 2243 1033 2271 antea,
1058 2245 1109 2265 nec
1123 2239 1202 2264 modo
1222 2237 1364 2266 fantiliaris
1379 2238 1430 2265 sibi
1446 2238 1613 2273 imposturaa,
1625 2238 1731 2265 callidi-

943 2284 1008 2311 tatis
1043 2291 1075 2310 ac
1108 2284 1249 2318 pravitatis
1276 2283 1400 2311 oblivisci
1439 2292 1542 2318 posse,
1578 2288 1730 2318 putarequc

107 2320 300 2356 στρεϐλότητος
310 2328 318 2336 '
329 2323 397 2350 ἀλλὰ
407 2322 445 2358 τῷ
457 2323 578 2357 περιόντι
590 2325 640 2358 τῆς
657 2327 720 2361 περὶ
731 2326 817 2353 ταῦτα
830 2328 891 2362 σχέ-

944 2336 1054 2366 propter
1068 2338 1143 2357 suam
1160 2330 1186 2356 in
1201 2331 1244 2357 his
1255 2331 1443 2358 excellentiam
1458 2331 1540 2358 etiam
1554 2332 1605 2366 ipsi
1619 2331 1675 2357 Deo
1687 2339 1731 2358 sc-

107 2372 186 2402 αεως.
198 2366 244 2392 καὶ
258 2366 325 2393 Θεὸν
338 2367 442 2402 νομίζοι
458 2367 588 2395 δύνασθαι
602 2369 750 2405 ὲξαπατᾷν.
767 2371 822 2397 Καὶ
838 2372 892 2407 γὰρ

107 2410 198 2437 πάντα
212 2411 312 2444 μᾶλλον
324 2413 522 2447 διανοούμενος.
534 2414 550 2449 ἢ
564 2415 597 2441 ὲκ
612 2416 791 2450 παρατάξεως
808 2417 892 2452 μάχε-

108 2457 170 2483 σθαι
182 2458 251 2492 πρὸς
265 2459 357 2492 αὑτὸν,
373 2459 480 2490 ἱκεσίας
491 2460 537 2486 καὶ
548 2461 676 2496 ίλασμοὺς
686 2464 892 2497 παραγγέλλειν

105 2505 175 2538 πρὸς
186 2503 252 2530 Θεὸν
262 2506 318 2536 τοῖς
327 2505 446 2539 ἱερεῦσιν
454 2505 524 2540 ὑπὲρ
532 2506 625 2539 αὑτοῦ,
634 2507 671 2538 ὡς
681 2508 823 2542 μέλλοντος
837 2518 875 2543 μα
882 2526 890 2531 -

105 2549 221 2584 χεῖσθαι.
242 2551 312 2577 Ἀλλ’
324 2552 422 2578 ειδέναι
438 2552 532 2585 σαφῶς
551 2553 588 2584 ὼς
603 2552 666 2580 οὗτε
681 2554 758 2596 Gem.
771 2555 790 2581 ἃ
803 2555 889 2590 πράτ-

103 2603 147 2621 ττι
165 2596 213 2622 καὶ
239 2596 386 2624 διανοεῖται
413 2599 515 2632 ἀγνοεῖ,
534 2599 581 2625 καὶ
600 2601 623 2625 οἱ
641 2600 782 2634 ἄνθρωποι
806 2601 845 2633 δὲ,
865 2602 888 2628 εί

85 2645 89 2648 ’
106 2641 145 2676 μὴ
164 2642 308 2676 πρότερον,
328 2643 386 2669 ἀλλ’
412 2643 526 2679 ὕστερόν
543 2653 574 2678 γε
598 2645 649 2676 τὰς
673 2646 780 2677 ἀπάτας
805 2647 888 2673 αὐτοῦ

105 2686 155 2711 καὶ
168 2685 219 2717 τὰς
234 2687 404 2722 πανουργίας
419 2687 510 2719 πάσας
526 2689 669 2725 συνορῶσι.
687 2690 719 2716 Τί
732 2691 785 2726 γὰρ
800 2692 837 2726 μὴ
854 2694 886 2728 τῇ

106 2731 258 2766 προτεραίᾳ
275 2731 325 2766 τὴν
341 2733 472 2766 στρατιὰν
505 2734 586 2768 ὲξῆγε
615 2736 684 2770 πρὸς
709 2736 758 2771 τὴν
785 2738 886 2772 μάχην,

104 2775 172 2803 ἀλλὰ
189 2778 259 2810 μετὰ
276 2778 306 2804 τὸ
322 2779 456 2805 πυθέσθαι
468 2779 549 2808 αὑτὸν
569 2782 710 2815 ἀπάγοντα
732 2782 781 2818 τὴν
806 2791 889 2818 στρα-

103 2821 186 2854 τιάνς
202 2822 268 2849 Τότε
286 2824 337 2858 μὲν
351 2824 397 2851 οὖν
411 2824 596 2860 λελυπηκέναι
613 2826 690 2854 εἶπεν
703 2828 785 2855 αὐτὸν
805 2838 889 2863 φυγο-

104 2871 232 2906 μαχήσας
248 2872 299 2899 οὐκ
327 2873 406 2907 ὀλίγα
419 2881 425 2889 ·
458 2873 500 2900 ἵνα
517 2874 545 2901 δὲ
569 2874 607 2909 μὴ
626 2875 754 2904 ὲπιπλὲον
771 2877 814 2904 διὰ
838 2877 887 2913 τὴν

942 2384 972 2404 se
995 2376 1086 2403 fucum
1112 2376 1257 2403 facturum.
1283 2376 1350 2403 Nam
1373 2385 1434 2404 cum
1459 2377 1567 2411 quidvis
1589 2377 1618 2404 in
1639 2378 1729 2404 animo

941 2423 1055 2450 haberet
1068 2423 1168 2457 potius,
1185 2431 1265 2457 quam
1279 2425 1339 2450 acie
1352 2423 1476 2458 opposita
1486 2430 1579 2450 secum
1588 2423 1727 2459 congredi,

941 2473 1031 2496 tamen
1054 2468 1268 2503 supplicationes
1301 2473 1329 2496 et
1352 2469 1504 2504 placamina
1536 2469 1727 2506 sacerdotibus

941 2523 991 2550 pro
1014 2523 1062 2547 se,
1083 2520 1112 2542 ut
1135 2519 1299 2550 pugnaturo,
1319 2516 1458 2543 indixisse.
1476 2516 1589 2543 [nterim
1611 2524 1642 2544 se
1653 2521 1728 2544 certo

939 2561 1009 2588 scire
1020 2581 1027 2593 ,
1051 2569 1140 2595 neque
1169 2561 1254 2589 Deum
1270 2562 1364 2594 latere,
1382 2562 1448 2597 quid
1461 2563 1518 2597 ipse
1534 2567 1595 2597 agat
1608 2569 1637 2590 et
1652 2563 1729 2597 cogi-

938 2609 993 2637 tet,
1010 2610 1038 2632 et
1058 2605 1184 2634 homines
1198 2607 1220 2633 si
1238 2615 1292 2633 non
1308 2611 1382 2639 ante,
1396 2612 1424 2634 at
1438 2613 1512 2634 certe
1523 2613 1596 2641 post,
1615 2607 1726 2635 fraudes

937 2651 996 2686 ejus
1022 2651 1209 2686 versutiasque
1224 2659 1321 2679 omnes
1344 2652 1577 2686 cognituros.Cur
1588 2653 1727 2679 enimnon

939 2696 1039 2730 pridie,
1054 2696 1101 2723 sed
1115 2702 1257 2731 postquam
1271 2698 1431 2726 discessisse
1445 2698 1629 2725 adversarium
1645 2705 1727 2724 exer-

945 2741 1030 2768 citum
1055 2742 1188 2775 audierit,
1205 2744 1297 2777 copias
1315 2751 1379 2771 suas
1395 2744 1428 2771 ad
1443 2743 1565 2778 praelium
1583 2741 1731 2771 eduxerit?

937 2787 1013 2814 ATum
1035 2795 1064 2814 sc
1086 2788 1137 2815 ista
1158 2788 1219 2824 fuga
1236 2789 1425 2817 contrislatum
1446 2789 1558 2821 dixisse,
1574 2797 1635 2817 cum
1653 2789 1728 2823 ipse-

944 2838 998 2860 met
1016 2842 1132 2869 pugnam
1148 2835 1326 2863 vehementcr
1340 2835 1457 2871 fugeret.
1471 2835 1511 2862 Ne
1527 2843 1609 2870 porro
1623 2835 1729 2863 diutius

943 2879 1001 2913 ejus
1024 2880 1085 2915 iuga
1108 2880 1217 2913 doleat,
1246 2881 1334 2916 primo
1356 2889 1463 2917 quoque
1484 2886 1606 2916 tempore
1630 2886 1728 2914 rursus
