1915 3086
189 149 258 182 12ῦό

699 165 701 167 ι
744 151 1018 183 lllSTORIARUM
1037 152 1151 182 LIBER
1171 151 1229 183 III.

1732 151 1798 186 1270

184 209 217 243 δὴ
232 210 280 244 τῆς
297 208 400 240 πόλεως
417 209 539 242 Λατίνοις
551 210 752 246 προσηκούσης.
765 211 806 238 ὅτι
816 211 863 237 ὑπ’
879 210 969 241 αὐτοῖς

1028 209 1136 241 .inente,
1153 211 1215 244 quia
1233 209 1284 237 sub
1300 209 1364 245 ipsis
1380 208 1525 243 aliquando
1543 208 1593 236 fuit
1605 207 1674 245 [62])
1694 208 1799 236 duode-

187 253 296 296 ἐγένετο
313 263 388 286 ποτε,
406 254 465 289 ἅμα
489 255 649 282 δυοκαίδεκα
665 256 814 291 τριήρεσιν,
833 254 913 291 ἦλθον
926 256 966 285 είς

186 298 325 334 Σμύρνην,
343 299 390 326 καὶ
407 300 538 335 πρότερον
567 301 619 327 ὑπὸ
635 301 690 327 τῶν
712 301 835 327 Λατίνων
855 309 967 336 κατεχο-

189 344 282 378 μένην.
297 344 455 380 Πατριάρχῃ
464 345 493 372 δὲ
507 345 594 372 ἐδόκει
607 346 662 373 δεῖν
677 347 717 377 εἰς
728 347 773 372 τὸν
786 346 857 373 κατὰ
874 338 976 381 Σμύρί

186 397 234 414 ναν
247 388 388 421 ἐξελθόντα
402 390 466 416 ναδν
489 391 518 416 ὲν
538 386 560 424 ᾧ
576 390 659 417 πάλαι
687 391 704 425 ἡ
732 390 899 426 μητρόπολις
920 389 965 426 ἦν,

186 432 235 467 τὴν
249 433 323 460 θείαν
345 434 541 468 μυσταγωγίαν
555 435 708 467 ἐκτελέσαι,
729 435 777 461 καὶ
794 435 903 462 ἐκέλευε
918 435 967 471 τὴν

188 477 317 512 στρατιὰν
324 478 509 514 όπλισαμένην
524 479 648 506 ἕπεσθαι.
661 480 797 514 Μαρτῖνος
810 481 837 506 δὲ
854 480 967 514 ἐκώλυε,

189 523 235 548 καὶ
250 524 273 549 οἱ
284 523 359 550 ἄλλοι
380 523 436 550 τῶν
449 525 602 559 ναυάρχων,
613 525 887 560 διακεκινδυνευμένα
907 526 968 553 τολ-

189 569 244 602 μᾷν
269 569 478 604 ίσχυριςόμενοι.
502 571 580 598 Ἐπεὶ
597 572 625 598 δὲ
639 573 688 598 οὐκ
713 573 845 604 ἐπείθετο,
862 574 969 601 εἵποντο

188 614 305 650 ἀνάγκῃ,
322 615 376 641 Καὶ
391 616 528 651 γενομένῳ
547 617 615 651 πρὸς
638 618 684 644 τὸν
708 619 771 645 νειὸν
787 620 834 645 καὶ
850 619 899 654 τὴν
920 629 970 654 μυ-

189 659 345 693 σταγωγίαν
363 661 414 695 τὴν
441 660 516 688 θείαν
542 662 708 695 ὲκτελοῠντι,
729 664 845 699 ἐπῆλθεν
868 665 970 701 Ἀμοὺρ

190 704 257 737 μετὰ
270 705 318 738 τῆς
334 707 474 740 στρατιᾶς.
487 707 542 733 Καὶ
558 707 589 734 τδ
605 708 653 743 μὲν
668 709 732 743 ἄλλο
748 710 906 744 στράτευμα
917 711 970 738 τῶν

190 747 311 774 Λατίνων
330 748 446 784 διεσώθη
467 750 649 786 ἀναχωρῆσαν
671 755 737 788 πρὸς
756 755 786 780 τὸ
801 755 941 790 φρούριον,
956 756 971 782 ὃ

188 794 323 828 κατεῖχον,
350 794 411 820 ἐπεὶ
440 796 503 828 τοὺς
528 797 637 832 Πέρσας
665 796 735 826 εἶδον
757 800 898 832 ὲπιόντας’
916 810 970 829 πα-

187 836 320 872 τριάρχης
335 838 362 865 δὲ
378 839 426 874 τὴν
444 840 520 873 ἱερὰν
536 841 632 876 στολὴν
648 842 833 877 ἐνδεδυμένος,
848 844 972 878 ἀπεσφά-

188 890 223 916 γη
240 882 292 909 ὑπδ
313 883 368 910 τῶν
388 885 511 920 Περσῶν,
537 887 585 913 καὶ
603 887 749 922 Μαρτῖνος,
766 890 813 915 καὶ
828 889 903 916 ἄλλοι
917 890 971 917 τῶν

190 929 332 963 ἐπιφανῶν
355 930 516 972 ὀλίγοιηἙν
539 932 567 959 δὲ
592 934 649 965 τοῖς
664 933 770 968 χρόνοις
795 934 908 969 τούτοις,
924 937 971 963 καὶ

188 972 244 999 τῶν
259 974 289 1000 ὲν
308 974 425 1011 Γεννούᾳ
447 976 564 1010 εὐγενῶν
580 986 655 1009 τινες
684 978 732 1005 δύο
752 980 799 1005 καὶ
822 980 971 1015 τριάκοντα

190 1018 384 1053 πληρώσαντες
411 1021 523 1052 οἰκείοις
541 1022 702 1057 ἀναλώματι
734 1025 876 1060 τριήρεις,
908 1026 972 1052 επέ-

191 1065 310 1092 πλευσαν
340 1067 373 1101 τῇ
402 1066 469 1101 Χίῳ,
501 1067 547 1094 καὶ
575 1068 777 1104 ἐπολιόρκησαν
803 1070 897 1105 χρόνον
923 1071 973 1098 οὐκ

190 1110 289 1144 ὀλίγον,
307 1111 354 1137 καὶ
377 1112 552 1148 τειχομαχίας
577 1122 606 1140 τε
622 1114 721 1146 πολλὰς
739 1116 901 1150 ἐποιήσαντο
925 1118 973 1144 καὶ

191 1156 338 1191 καρτερὰς,
359 1158 405 1183 καὶ
435 1158 619 1193 μηχανήματα
646 1160 796 1194 προσῆγον.
818 1161 919 1189 ἸΙνυον
944 1162 974 1189 δὲ

192 1201 246 1228 ἀπὸ
268 1203 322 1229 τῶν
339 1202 467 1230 τοιούτων
482 1204 589 1239 ὀλίγαῆ
613 1204 700 1233 οὐδέν.
716 1205 749 1233 Ol
765 1206 821 1242 γὰρ
834 1207 894 1235 Χῖοι
903 1208 974 1243 ἠμύ-

191 1255 267 1273 νοντο
280 1247 343 1279 τοὺς
353 1248 485 1280 Λατίνους
504 1251 655 1285 καρτερῶς,
669 1251 758 1287 ἐνδείᾳ
773 1253 801 1279 δὲ
816 1255 974 1287 πιεσθέντες

192 1291 239 1317 καὶ¹
251 1292 431 1326 λιμώξαντες,
445 1294 505 1320 ἐπεὶ
517 1295 678 1329 ἐπικουρίας
687 1295 815 1331 οὐδεμιᾶς
827 1297 974 1334 ἐτύγχανον

193 1336 269 1371 παρὰ
289 1337 442 1372 Ῥωμαίων,
469 1339 660 1376 προσεχώρουν
675 1341 731 1372 τοῖς
763 1342 897 1376 Λατίνοις,
928 1345 975 1371 καὶ

194 1381 346 1415 παρέδοσαν
367 1382 416 1417 τὴν
433 1383 510 1410 πόλιν
537 1385 583 1410 ὑπ’
606 1385 738 1421 ἀνάγκης.
760 1387 791 1413 Ἡ
804 1387 917 1421 ,βασιλὶς
946 1390 974 1416 δὲ

193 1426 286 1459 ἠνιᾶτο
300 1427 350 1461 μὲν
370 1427 464 1459 δεινῶς
490 1428 540 1462 τῆς
563 1429 629 1455 Χίου
647 1429 889 1466 πολιορκουμένης,
913 1433 975 1468 βοη-

195 1470 250 1496 θεῖν
266 1471 294 1496 δὲ
310 1472 359 1497 οἰκ
385 1469 460 1506 εἷχε·
477 1472 628 1507 χρημάτων
653 1482 683 1500 τε
706 1475 760 1510 γὰρ
793 1476 843 1502 οὐκ
865 1478 975 1512 εὐπόρει

197 1516 262 1550 πρὸς
289 1517 422 1551 τοσαύτην
441 1517 565 1553 δύναμιν,
590 1519 660 1546 ὥστε
688 1521 781 1548 στόλον
810 1524 975 1559 ἀντίρροπον
990 1536 1009 1563 (ι

194 1561 233 1595 τῷ
242 1562 364 1588 Λατίνων
378 1562 535 1598 ἐξαρτύειν·
552 1566 656 1591 καὶτὸν
681 1566 855 1602 διοικήσοντα
873 1557 974 1601 καλῶς
990 1557 1011 1566 υ

196 1608 242 1633 καὶ
258 1607 296 1638 ὡς
305 1608 427 1642 προσῆκε
440 1608 474 1635 τὰ
488 1609 639 1644 πράγματα
657 1612 705 1638 οὐκ
717 1611 774 1648 εἶχε
785 1621 792 1628 ·
808 1614 908 1646 πάντες
922 1615 975 1650 γὰρ

196 1653 252 1679 ὅσοι
266 1651 336 1688 ἦσαν
347 1654 639 1690 ἀξιόλογοιῬωμοιίων,
660 1658 688 1683 ὲν
705 1658 900 1694 δεσμωτηρίοις
911 1669 977 1688 κατ-

197 1697 344 1724 εκλείοντο.
375 1699 469 1733 Ὅμως
496 1700 571 1731 τινὰς
595 1702 701 1735 ὀλίγους
729 1704 922 1736 ὲφοπλίσαντες
953 1706 976 1732 οἱ

196 1742 325 1776 ἄρχοντες
353 1744 487 1778 τριήρεις,
513 1746 692 1773 Φακεωλάεον
717 1747 846 1782 ἔπεμψαν
875 1750 976 1784 συνάρ-

198 1795 280 1822 χοντα
298 1789 359 1814 τότε
371 1789 426 1820 τοῖς
441 1790 541 1821 ἄλλοις.
572 1789 616 1826 (ἦν
631 1791 685 1826 γὰρ
713 1792 852 1827 Κιννάμου
866 1794 913 1820 τοῦ
930 1803 980 1828 μυ-

200 1832 292 1859 στικοῦ
324 1835 455 1862 συνοικῶν
479 1836 580 1870 ἀδελφῇ
606 1836 654 1870 τῆς
673 1837 812 1871 γυναικὸς)
839 1838 887 1872 οὐχ
908 1838 980 1865 disse

199 1880 405 1906 ἀντιτάττεσθαι
420 1881 561 1913 Λατίνοις·
579 1883 629 1908 οὐκ
639 1881 730 1916 ὀλίγον
741 1882 795 1917 γὰρ
803 1883 860 1917 ἅπῄ
868 1886 899 1909 “ει
914 1885 981 1918 πρδς

199 1923 249 1958 τὴν
267 1923 379 1951 ἐκείνων
390 1925 506 1960 δύναμιν
516 1935 523 1942 ·
543 1926 601 1952 ἀλλ’
615 1927 640 1953 εί
655 1926 762 1953 δύναιτο
773 1927 867 1962 τρόπῳ
885 1928 916 1964 δή
929 1937 982 1955 τινι

200 1971 273 1996 σῖτον
299 1970 420 2004 είσάγειν
443 1971 483 2001 είς
506 1970 555 2005 τὴν
572 1971 648 1997 Χίον.
675 1971 854 2003 Φακεωλάτος
869 1973 896 1999 δὲ
921 1975 983 2000 ἐπεὶ

201 2015 360 2042 καταπλέων
376 2015 491 2042 ἐπύθετο
510 2017 558 2051 τὴν
574 2016 640 2042 Χίον
667 2016 831 2050 ἑαλωκυῖαν,
854 2019 982 2053 ἀνέστρε-

201 2070 252 2095 φεν
265 2061 359 2092 εὐθύς·
377 2062 423 2089 καὶ
435 2062 528 2089 ὁλκάδι
551 2063 584 2088 ἐκ
607 2063 740 2094 Γεννούας
767 2064 920 2098 περιτυχὼν
938 2074 985 2099 με-

201 2107 281 2143 γάλῃ,
302 2108 438 2142 ἐκράτησε
453 2108 543 2144 μάχῃ,
567 2110 615 2134 καὶ
629 2109 791 2135 ἀπέκτεινεν
812 2110 861 2135 οὐκ
876 2111 984 2144 ὀλίγους

202 2153 255 2180 τῶν
269 2154 392 2180 Λατίνων
403 2155 583 2189 μαχομένους,
599 2155 645 2181 καὶ
652 2155 786 2189 διήρπασε
800 2154 831 2181 τὰ
844 2156 984 2190 χρήματα.

1019 255 1072 281 cim
1091 255 1252 282 triremibus
1271 255 1414 290 Smyrnam
1441 254 1571 288 appulsus
1599 258 1650 286 est,
1670 261 1750 288 quam
1772 258 1797 280 et

1019 300 1095 335 prius
1122 300 1212 328 Latini
1236 301 1421 335 possederant.
1451 299 1617 327 Patriarchae
1642 300 1742 334 placuit
1771 300 1798 326 iu

1020 346 1186 380 Smyrnense
1212 347 1340 381 templum
1368 347 1442 380 (olim
1469 346 1724 380 metropolitanum)
1758 344 1800 372 in-

1019 391 1112 426 gredi,
1140 396 1167 418 et
1193 391 1249 419 illic
1271 392 1355 419 sacris
1381 392 1504 426 operari.
1529 392 1664 426 iussitque
1697 391 1800 417 milites

1020 441 1137 463 armatos
1161 437 1248 471 sequi.
1278 437 1410 465 Martinus
1433 442 1460 464 et
1475 437 1519 464 alii
1545 437 1673 464 navarchi
1697 436 1798 463 factum

1020 480 1082 513 hoc,
1102 486 1130 507 ut
1156 481 1276 516 periculo
1299 489 1355 508 non
1380 489 1477 510 carens
1498 482 1704 515 dissuadebam.
1733 481 1799 506 Dum

1021 526 1178 554 necessitati
1202 534 1297 560 parcre
1317 534 1370 554 nou
1387 528 1454 560 vult,
1469 530 1496 554 et
1519 527 1545 553 in
1562 527 1620 554 aede
1637 525 1799 553 sacriﬁcium

1021 571 1095 604 facit,
1112 571 1240 599 Amurius
1257 579 1319 599 cum
1339 572 1450 599 armatis
1465 572 1633 606 supervenit.
1651 572 1685 597 Et
1699 570 1800 597 milites

1020 617 1130 652 quidem
1151 618 1252 650 Latini,
1264 622 1409 644 cernentes
1425 618 1521 645 Persas
1545 617 1683 648 invadere,
1699 616 1732 643 ad
1754 623 1801 642 ca-

1020 661 1128 690 stellum
1166 669 1245 689 suum
1264 661 1476 697 confugientes,
1500 664 1614 688 mortem
1645 663 1800 692 evaserunt,

1021 709 1176 744 patriarcha
1193 717 1257 736 vero
1283 709 1367 736 sacris
1394 709 1504 736 indutus
1527 707 1647 735 restibus
1661 714 1715 734 una
1739 714 1800 733 cum

1021 754 1136 782 Martino
1158 755 1306 789 paucisque
1327 754 1465 782 nobilibus
1486 761 1501 781 a
1518 753 1609 781 Persis
1625 753 1802 780 obtruncatus

1022 805 1073 828 est.
1094 800 1145 827 Per
1167 800 1238 827 idem
1255 804 1363 834 tempus
1383 799 1542 827 Genuenses
1564 798 1690 825 nonnulli
1717 795 1803 824 nobili

1022 846 1082 874 loco
1104 846 1171 878 nati,
1188 845 1292 873 duabus
1311 850 1338 872 et
1363 844 1472 880 triginta
1501 845 1657 872 triremibus
1680 850 1728 870 sua
1753 843 1804 869 im-

1023 899 1107 927 pensa
1125 891 1277 923 instructis,
1302 890 1400 918 Chium
1416 891 1588 925 navigarunt,
1608 896 1723 924 eamque
1748 896 1802 915 non

1023 944 1117 972 parum
1140 936 1187 963 diu
1206 936 1382 968 obsederunt,
1407 939 1435 962 et
1459 942 1551 962 muros
1574 942 1656 968 saepe,
1686 932 1802 960 admotis

1022 982 1103 1009 etiam
1118 981 1251 1009 machinis
1262 1001 1270 1014 ,
1288 981 1376 1008 valide
1388 984 1588 1016 oppugnarunt.
1609 978 1802 1005 Verumtamen

1023 1028 1097 1056 Chiis
1118 1027 1225 1054 fortiter
1243 1034 1273 1054 se
1289 1027 1442 1057 tuentibus,
1454 1025 1522 1054 nihil
1538 1029 1584 1051 aut
1603 1032 1697 1059 parum
1714 1022 1802 1058 profe-

1024 1076 1129 1100 cerunt.
1156 1071 1224 1099 Cum
1247 1076 1338 1098 autem
1364 1070 1451 1097 victus
1479 1068 1570 1103 inopia
1604 1070 1802 1101 premerentur,

1024 1117 1182 1152 nullumque
1199 1124 1215 1144 ει
1236 1116 1368 1144 Romanis
1391 1115 1523 1142 auxilium
1545 1113 1716 1144 adventaret,
1730 1110 1806 1137 Lati-

1024 1170 1120 1190 norum
1149 1170 1178 1189 se
1212 1161 1342 1196 potestati
1373 1160 1568 1195 permittentes,
1596 1158 1691 1196 urbem
1717 1157 1804 1184 coacti

1025 1192 1392 1240 tradiderunt:lmperatri-x
1417 1211 1569 1239 quanquam
1596 1192 1679 1230 Chio,
1694 1202 1804 1228 obsessa

1025 1251 1139 1279 miriﬁce
1160 1255 1316 1286 angeretur,
1347 1250 1418 1277 ferre
1438 1254 1528 1277 tamen
1555 1255 1634 1282 opem
1654 1247 1803 1281 nequibat;

1025 1305 1088 1324 nam
1113 1304 1162 1324 nec
1177 1296 1291 1331 pecunia
1310 1300 1405 1322 contra
1427 1299 1516 1322 tanlas
1538 1294 1611 1320 vires
1628 1293 1654 1319 in
1678 1295 1805 1326 promptu

1026 1347 1096 1375 erat,
1109 1346 1139 1369 ut
1153 1342 1268 1369 classem
1284 1340 1442 1373 Latinorum
1457 1339 1534 1366 classi
1549 1337 1678 1373 aequalem
1695 1343 1807 1370 compa-

1028 1391 1117 1420 raret,
1144 1392 1171 1414 et
1196 1387 1296 1413 bonum
1319 1393 1350 1413 ac
1373 1386 1488 1420 peritum
1506 1385 1564 1419 ejus
1587 1384 1727 1409 ductorem
1754 1389 1806 1408 non

1028 1433 1161 1463 habebat;
1178 1439 1273 1459 omnes
1285 1431 1419 1465 siquidem
1436 1430 1481 1464 qui
1498 1430 1569 1455 inter
1587 1428 1724 1454 Romanos
1740 1427 1806 1453 emi—

1028 1478 1140 1509 nelvaul,
1152 1477 1309 1504 carceribus
1322 1476 1515 1502 attinebantur.
1529 1474 1611 1509 682
1626 1472 1808 1499 Nihilominus

1028 1523 1174 1550 archontes
1193 1522 1297 1557 aliquot
1313 1522 1439 1548 triremes
1465 1524 1601 1546 armantcs
1616 1518 1807 1545 Pbaecolatum

1028 1569 1161 1603 collegam
1175 1568 1230 1602 (qui
1246 1567 1371 1594 Cinnauli
1395 1565 1503 1601 mystici
1519 1564 1610 1591 uxoris
1625 1571 1746 1590 sororem
1762 1563 1809 1588 lia-

1028 1615 1110 1641 behat
1125 1614 1151 1641 in
1169 1612 1352 1647 matrimonio)
1367 1612 1400 1638 iis
1416 1611 1594 1646 praefecerunt
1609 1618 1615 1635 :
1632 1617 1685 1635 non
1702 1608 1809 1642 quidem

1029 1665 1060 1688 ut
1075 1667 1105 1686 se
1122 1659 1234 1692 Latinis,
1261 1658 1360 1693 quibus
1378 1658 1456 1692 longe
1476 1661 1549 1684 esset
1565 1654 1687 1685 inferior,
1707 1653 1809 1687 objicc-

1031 1710 1082 1736 ret,
1103 1705 1150 1732 sed
1175 1710 1204 1731 ut
1225 1708 1407 1731 connncatum
1424 1703 1450 1729 in
1471 1701 1597 1733 insulam,
1622 1699 1643 1726 si
1662 1707 1716 1734 quo
1731 1699 1811 1725 modo

1031 1753 1134 1783 posset,
1158 1749 1328 1782 importaret.
1349 1746 1530 1773 Phaceolatus
1545 1750 1574 1772 ut
1588 1745 1684 1771 Chium
1704 1748 1810 1777 captum

1032 1795 1149 1825 audivit.
1166 1793 1240 1820 illico
1255 1794 1308 1820 iter
1323 1792 1457 1826 relegens,
1473 1796 1501 1818 et
1521 1791 1652 1817 oneraria:
1675 1789 1811 1816 Gemit-nsi

1033 1846 1191 1870 occurrens,
1220 1838 1275 1864 acri
1303 1844 1391 1871 pugna
1416 1843 1475 1862 eam
1505 1835 1579 1866 vicit,
1608 1839 1634 1861 et
1660 1835 1813 1868 complures

1034 1883 1146 1910 Latinos
1170 1882 1279 1913 occidit,
1300 1881 1498 1915 pecuniamque
1521 1879 1644 1913 diripuit.
1663 1878 1744 1904 Fama
1762 1878 1814 1905 Ga-

1032 1929 1114 1956 latam
1141 1928 1174 1955 ad
1205 1926 1383 1961 liomopliylos
1409 1925 1530 1960 perlata,
1560 1925 1668 1959 publico
1703 1924 1814 1951 decreto
1840 1918 1841 1921 ¹

1033 1973 1225 2008 impunitatem
1244 1975 1457 2007 proposuerunt,
1475 1970 1497 1996 si
1509 1969 1570 2004 quis
1585 1976 1646 1995 eum
1660 1969 1813 2002 ubicunque

1032 2019 1180 2055 jugularet,
1207 2023 1235 2045 et
1252 2025 1336 2051 usque
1357 2016 1390 2043 ad
1411 2021 1524 2042 mortem
1542 2015 1601 2048 ejus
1620 2018 1746 2048 tanquam
1767 2014 1815 2040 ho-

1035 2071 1104 2093 stem
1120 2065 1249 2091 oderunt.
1265 2064 1385 2097 Augusta
1399 2067 1429 2089 ut
1450 2062 1533 2088 solam
1550 2059 1813 2094 Constantinopolim

1036 2111 1088 2139 sibi
1113 2110 1234 2137 relictam
1259 2108 1412 2138 v1dit(ali:e
1437 2114 1554 2141 namque
1571 2108 1652 2133 urbes
1675 2105 1761 2132 ferme
1783 2105 1814 2130 ad

1038 2163 1118 2182 unam
1135 2154 1161 2181 in
1176 2153 1356 2181 Cantacuzeni
1376 2151 1536 2178 auctoritate
1552 2151 1653 2182 erant),
1669 2157 1683 2176 a
1698 2149 1814 2183 quodam

204 2200 354 2235 Πυθόμενοι
369 2201 396 2227 δὲ
408 2201 431 2226 οἱ
441 2202 468 2226 ὲν
483 2201 589 2234 Γαλατᾷ
603 2201 747 2235 ὁμόφυλοι,
762 2201 977 2237 ψήφισμαφὲγρα-

1038 2200 1152 2234 Mpalice
1176 2198 1307 2226 Carbome
1333 2197 1457 2231 principe
1483 2203 1531 2230 per
1557 2195 1658 2229 legatos
1688 2193 1816 2220 auxilium

202 2246 256 2281 ψαν
279 2247 472 2273 ἀποκτιννύναι
489 2246 667 2273 Φακεωλάτον
726 2247 760 2272 ἄν
776 2255 818 2278 τις
847 2247 986 2282 συντύχοι,

205 2293 250 2318 καὶ
267 2292 367 2326 μηδένα
383 2292 487 2326 κρίνειν
511 2291 605 2326 φόνου,
633 2291 681 2317 καὶ
697 2290 831 2324 διέμεινεν
856 2291 947 2322 αὐτοῖς
970 2293 986 2326 ὴ

206 2338 274 2372 πρὸς
290 2339 393 2364 ἐκεῖνον
406 2339 490 2373 ἔχθρα
510 2339 574 2373 ἄχρι
597 2338 737 2372 τελευτῆς.
754 2338 865 2369 Βασιλὶς
883 2338 911 2363 δὲ
926 2339 989 2364 ἐπεὶ

206 2383 280 2418 ἑώρα
295 2385 378 2418 μόνην
391 2385 440 2418 τὴν
456 2385 662 2410 Κωνσταντίνου
674 2384 751 2410 πόλιν
776 2384 844 2418 αὐτῇ
863 2385 986 2418 περιλει-

207 2430 338 2464 πομένην·
353 2430 382 2456 αι
394 2430 447 2464 γὰρ
461 2429 541 2457 ἄλλαι
559 2430 652 2464 σχεδὸν
669 2431 755 2456 πᾶσαι
771 2429 989 2465 προσεχώρησαν

209 2474 311 2508 βασιλεῖ
332 2474 371 2509 τῷ
396 2474 633 2509 Καντακουζηνῷ·
661 2475 727 2509 πρὸς
751 2473 899 2501 Μπαλίκαν
928 2474 991 2500 τινὰ
1010 2474 1014 2480 ’

207 2521 254 2546 τοῦ
278 2520 414 2555 Καρὸωνᾶ
439 2520 556 2555 ἄρχοντα
578 2517 711 2554 πέμψασα
732 2519 882 2554 πρεσϐείαν
903 2520 990 2546 ἐδεῖτο

210 2564 328 2600 βοηθεῖν.
350 2564 380 2590 ὐ
394 2564 422 2590 δὲ
447 2564 573 2598 ἀσμένως
587 2572 617 2590 τε
637 2563 746 2596 ἐδέξατο
765 2563 815 2598 τὴν
831 2563 991 2599 πρεσϐείαν,

209 2610 256 2636 καὶ
271 2609 409 2642 Θεόδωρον
424 2611 470 2636 καὶ
482 2609 690 2644 Τομπροτίτζαν
706 2610 769 2640 τοὺς
784 2609 928 2643 ἀδελφοὺς,
946 2617 991 2644 χι-

209 2654 282 2686 λίους
296 2655 464 2689 στρατιώτας
481 2654 596 2688 ἄγοντας
613 2654 780 2686 ἐπιλέκτους,
794 2654 866 2683 κατὰ
882 2661 995 2688 συμμα-

212 2700 274 2734 χίαν
293 2700 401 2735 ἔπεμπε
416 2700 448 2735 τῇ
467 2699 582 2734 βασιλίδι
594 2707 601 2715 ⁸
623 2700 648 2726 οἳ
666 2699 713 2725 καὶ
729 2699 779 2731 τὰς
793 2699 863 2726 κατὰ
877 2699 921 2725 τὸν
935 2699 997 2725 πόν-

1036 2246 1114 2282 petit.
1128 2245 1154 2272 Is
1169 2244 1302 2279 legatione
1318 2243 1436 2277 benigne
1453 2241 1582 2272 admissa,
1601 2239 1776 2266 Theodorum
1791 2243 1819 2265 et

1037 2290 1250 2325 Tomprotitzam
1267 2289 1364 2315 fratres
1384 2295 1444 2315 cum
1468 2287 1542 2313 mille
1562 2285 1671 2312 selectis
1686 2284 1819 2318 militibus

1037 2335 1177 2370 suppetias
1208 2334 1292 2361 mittit
1315 2342 1321 2360 :
1341 2333 1388 2366 qui
1415 2336 1442 2359 et
1470 2331 1618 2357 maritimas
1644 2329 1678 2356 ad
1706 2332 1818 2362 pontum

1040 2382 1122 2408 urbes
1135 2385 1319 2410 transeuntes.
1335 2386 1382 2405 eas
1394 2378 1428 2404 ab
1443 2377 1607 2411 imperature
1619 2375 1654 2403 ad
1671 2374 1818 2408 Augustam

1039 2426 1150 2453 monitis
1177 2429 1205 2452 et
1236 2423 1355 2451 consiliis
1379 2422 1437 2449 suis
1466 2421 1650 2452 revocabant;
1674 2418 1821 2454 sperabant

1039 2472 1112 2499 enim
1136 2471 1197 2497 illos
1225 2469 1318 2496 nescio
1347 2467 1414 2503 quid
1436 2474 1564 2501 magnum
1590 2465 1662 2492 felici
1692 2471 1821 2491 successu

1040 2515 1221 2552 praestituros.
1244 2512 1405 2548 lmperatrix
1422 2519 1469 2539 eos
1485 2509 1630 2538 admodum
1649 2508 1778 2535 benevole
1795 2513 1823 2532 ct

1042 2563 1191 2589 honoriﬁce
1208 2561 1326 2594 excepit,
1351 2563 1378 2586 et
1395 2557 1554 2592 Apocauchi
1570 2555 1659 2590 magni
1676 2554 1753 2580 ducis
1771 2553 1822 2578 ﬁlia

1041 2605 1233 2640 Tumprotitza:
1257 2605 1285 2630 in
1308 2603 1465 2638 coniugium
1492 2600 1605 2631 sociata,
1634 2598 1731 2624 ducem
1759 2604 1821 2622 eum

1044 2651 1158 2678 Ronnaui
1181 2649 1319 2677 exercitus
1341 2648 1455 2677 creavit.
1482 2647 1529 2680 qui
1557 2651 1620 2670 suas
1646 2642 1737 2676 copias
1761 2649 1822 2667 cum

1044 2696 1174 2724 Romanis
1194 2695 1364 2729 coniunctas,
1386 2692 1549 2726 imperatore
1571 2686 1751 2723 Didymotichi
1777 2688 1823 2712 de-

844 2777 952 2809 Jacobi
968 2779 1099 2808 Pontum
1116 2780 1208 2807 noue.

259 2839 316 2875 (62)
338 2840 394 2868 Sub
407 2840 504 2876 quibus
520 2841 633 2874 Latinis,
648 2845 674 2868 et
690 2839 809 2876 quandiu
827 2839 1143 2874 fueritConstaminopol
1155 2846 1179 2870 ε,
1191 2839 1335 2872 doluimus
1351 2836 1423 2863 Notis
1438 2836 1464 2862 in
1479 2835 1524 2862 lib.
1543 2842 1571 2868 ιι,
1589 2840 1645 2868 cap.
1659 2833 1701 2860 55.
1748 2853 1751 2855 .
