1915 3086
155 194 225 227 i271

698 175 985 224 'utsrontAuUM
1009 191 1127 222 LIBER
1147 191 1207 222 nt.

1702 187 1771 219 1278

149 250 175 277 oi.
191 247 253 282 περὶ
269 246 349 273 αὐτὸν
378 246 478 279 πολλὰς
492 247 649 282 ὡμολόγουν
670 249 786 284 χάριτας
799 248 870 282 Θεῷ,
887 247 934 273 οὖ-

997 255 1048 274 ἰιιη
1077 252 1103 275 et
1129 247 1243 274 aliorqu
1278 245 1377 273 auxilia
1405 244 1472 272 nihil
1496 243 1668 280 profuerunt,
1693 245 1770 271 vidc«

150 302 205 325 τως
218 293 250 319 ἔκ
261 292 387 328 χαλεπῶν
397 292 529 320 κινδύνων
544 293 668 328 ρυομένῳ
683 293 806 329 βασιλέα.
823 293 933 324 Βασιλὶς

150 339 178 365 δὲ
190 339 207 373 ἡ
219 339 303 365 ’Δννα
316 338 364 364 καὶ
379 338 403 364 οι
430 338 495 373 περὶ
509 338 594 373 αὐτὴν
617 339 672 365 τῶν
696 338 870 373 πραγμάτων
885 337 935 371 ἆρ-

150 391 254 418 χοντες,
283 383 344 409 ἐπεὶ
373 382 448 417 παρά
461 391 490 409 τε
516 385 567 418 τῆς
590 383 691 410 Μυσῶν
708 383 866 418 συμμαχίας
887 383 934 408 καὶ

151 429 206 456 ’τῶν
232 428 321 455 ἄλλων
347 428 451 464 ὠνηντο
473 429 561 461 οὐδὲν,
590 429 724 464 Ὀρχάνην
750 437 778 455 τε
804 428 935 454 ἀδύνατον

152 477 247 511 ἑώρων
263 476 437 511 μεταπείθειν
465 477 532 511 πρδς
550 476 777 511 Καντακουζηνὸν
792 475 838 501 τὸν
857 475 934 510 βασι-

152 522 201 548 λέα
219 522 346 556 πολεμεῖν
361 521 404 549 διὰ
420 521 450 547 τὸ
461 521 707 556 κῆδος,έτράποντο
723 522 768 548 ἐπὶ
784 521 814 547 τὸ
832 521 937 547 πείθειν

152 567 245 602 ἕτερόν
262 575 322 593 τινα
335 567 390 593 τῶν
405 567 552 602 βαρϐάρων
577 569 735 602 συμμαχεῖν
750 568 851 597 αὐτοῖς.
883 566 938 592 Καὶ

153 609 311 644 πέμψαντες
328 610 450 645 Τάγαριν
464 611 600 645 Γεώργιον
620 612 666 638 τὶν
680 612 768 646 μέγαν
783 619 937 645 στρατοπε-

153 655 257 689 δᾶιρχην
286 655 356 690 πρὸς
379 656 522 691 Σαρχάνην
539 657 585 682 τὸν
598 657 700 687 Λυδίας
717 657 862 692 σατράπην
876 664 882 671 ’
905 653 939 690 ἧν

154 701 209 734 γὰρ
225 700 299 734 αὑτῷ
313 701 362 735 καὶ
377 702 497 736 συνήθης
522 702 656 736 πρότερον
682 702 729 728 ἐπὶ
744 701 940 736 Φιλαδέλφειαν

155 747 240 772 πολὺν
253 747 348 780 χρόνον
356 747 396 781 τῷ
408 748 492 782 πατρὶ
504 748 734 783 συνδιατρίψαντι·
745 748 850 774 ἐδέοντο
865 748 941 782 σφίσι

156 789 270 825 βοηθεῖν’
293 793 340 818 καὶ
359 792 479 826 πέμπειν
499 794 570 819 κατὰ
589 793 723 828 βασιλέως
744 793 887 828 στρατιάν.
910 793 939 819 '0

155 837 183 862 δὲ
197 837 297 863 αὐτίκα
312 845 342 863 τε
354 838 491 870 ἐπείθετο,
510 839 556 864 καὶ
573 839 761 873 συνεξέπεμπε
776 838 815 873 τῷ
832 839 940 873 Τάγαρι

156 881 205 916 τὴν
220 881 345 916 δύναμιν.
368 882 470 916 ’Λμοὺρ
494 883 522 909 δὲ
547 883 583 914 ὼς
606 883 721 909 ἐπύθετο
747 883 797 916 τὴν
813 883 939 917 Σαρχάνη

157 928 289 963 στρατιὰν
303 929 446 963 χωροῦσαν
461 929 532 956 κατὰ
552 929 694 964 βασιλέως,
717 930 792 956 δεινὰ
809 931 939 961 ιποιεῖτο,

158 976 204 999 καὶ
216 973 336 1000 ἐπίνοιαν
351 983 412 1000 τινα
433 975 580 1001 ἐσκέπτετο
592 975 624 1001 δι’
639 972 672 1010 ἧς
688 976 793 1007 ἐξέσται
816 976 855 1009 τῷ
872 973 942 1009 φίλῴ

159 1018 276 1053 βοηθεῖν.
293 1020 345 1045 Καὶ
361 1019 565 1054 ἀπολεξάμενος
581 1020 628 1046 δύο
642 1021 696 1046 τῶν
711 1021 776 1055 παρ’
792 1021 865 1054 αὐτῷ
881 1021 943 1046 ὲπι-

159 1064 262 1098 φανῶν,
282 1064 329 1095 οὓς
344 1065 402 1099 ᾔδει
419 1064 536 1099 μάλιστα
560 1066 594 1092 τὰ
610 1065 680 1092 κατὰ.
695 1067 807 1100 γνώμην
822 1066 941 1100 πράξον-

157 1116 218 1139 τας,
232 1109 368 1142 ἐξέπεμπε
387 1109 434 1135 καὶ
453 1109 600 1144 δισχιλίους
611 1109 782 1143 στρατιώτας
804 1109 943 1145 παρασχό-

160 1162 251 1188 μενος,
271 1154 306 1185 ὡς
323 1154 380 1188 ἅμα
393 1156 425 1189 τῇ
441 1155 568 1189 Σαρχάνη
583 1156 697 1190 στρατιᾷ
716 1155 943 1190 περαιωθησομέ-

159 1208 223 1232 ννιυς
249 1200 317 1236 πρὸς
349 1200 398 1235 τὴν
426 1201 547 1235 Θρᾴκην.
570 1201 651 1231 Ἔθος
680 1201 734 1236 γὰρ
754 1201 861 1232 τούτοις
886 1201 943 1232 τοῖς

161 1245 319 1280 βαρϐάροις,
346 1247 411 1272 ὅταν
425 1246 472 1272 ὲπὶ
496 1245 642 1280 λεηλασίαν
664 1246 750 1277 ἴωσιν,
772 1246 805 1272 ἄν
825 1254 898 1277 τινες
913 1246 943 1278 ἐξ

161 1291 255 1325 ἑτέρας
270 1291 436 1326 σατραπείας
449 1291 562 1318 ἐθέλωσι
579 1291 754 1323 συνέπεσθαι,
767 1291 804 1326 μὴ
816 1291 944 1323 κωλύειν,

161 1336 230 1362 ἀλλὰ
254 1336 301 1362 καὶ
326 1336 426 1362 ειδέναι
454 1337 533 1371 χάριν
548 1336 586 1368 ὡς
609 1337 696 1370 φίλοις
718 1337 765 1363 καὶ
778 1337 943 1372 συμμάχοις.

167 1381 291 1408 Ἐκέλευε
308 1381 336 1407 δὲ
360 1381 465 1416 Ἀμοὺρ
488 1383 543 1413 τοῖς
561 1384 626 1416 παρ’
656 1383 753 1409 ἑαυτοῦ
778 1383 944 1417 πεμφθεῖσιν

161 1426 301 1461 ἄρχουσιν,
317 1427 354 1458 ὼς
380 1426 413 1453 ἂν
439 1427 488 1461 μὲν
507 1427 693 1455 διαλλάττοιτο
713 1428 780 1462 πρὸς
797 1428 910 1462 βασιλέα
928 1429 945 1463 ἡ

164 1472 291 1507 Σαρχανη
320 1472 456 1506 στρατιά·
485 1471 590 1498 οἴεσθαι
621 1473 676 1507 γὰρ
704 1473 803 1504 αὐτοὺς
835 1474 948 1508 βασιλέα

163 1519 268 1544 πείσειν
292 1517 485 1546 κατατίθεσθαι
498 1518 545 1543 τὸν
559 1518 628 1552 πρὸς
642 1518 746 1544 ἐκεῖνον
762 1518 881 1552 πόλεμον
898 1518 946 1544 καὶ

987 299 1104 328 rumque
1122 300 1260 327 nunquam
1276 293 1344 324 fore,
1365 295 1395 318 ut
1418 290 1536 318 Orehani
1560 290 1632 317 aliud
1655 297 1767 324 persua-

985 339 1092 372 derent,
1106 340 1223 372 cuiuque
1239 338 1272 365 ad
1289 338 1508 365 Cantaeuzenum
1534 344 1659 363 socerum
1684 343 1769 370 oppu-

986 386 1121 420 gnandum
1146 385 1317 415 inducerent,
1338 383 1371 410 ad
1389 382 1458 410 alius
1483 382 1591 409 Barbari
1609 381 1767 408 societatem

987 429 1156 456 etauxiiium
1182 428 1380 463 implorandum
1407 434 1468 455 sese
1492 429 1695 454 converterunt.
1719 425 1772 452 Ita—

987 484 1039 510 que
1054 475 1198 510 Georgium
1213 474 1329 509 Tagarin
1340 494 1348 506 ,
1361 480 1488 508 magnum
1502 471 1764 506 stratopcdarcbam.

988 520 1020 547 ad
1031 520 1196 547 Sarehaucm
1208 519 1296 555 Lydiae
1306 524 1440 554 satrapam
1449 519 1472 546 ei
1485 518 1645 545 familiarem
1661 516 1771 551 (quippe

988 566 1034 601 qui
1049 573 1110 592 cttm
1131 570 1214 600 patre,
1229 565 1316 600 ipsius
1337 564 1485 591 Sarchhnis
1507 561 1702 596 Philadelphite
1724 561 1771 588 diu

990 615 1114 637 versatus
1134 609 1234 644 fuerat)
1252 609 1374 641 mittunt,
1392 612 1419 635 et
1436 615 1513 643 opem
1538 607 1668 635 adversus
1685 606 1774 639 impe-
1790 605 1794 609 '

989 661 1106 682 ratorem
1118 654 1248 689 ﬂagitant.
1263 654 1288 681 Is
1302 653 1446 681 confestim
1461 653 1556 685 flexus,
1569 651 1665 686 Tagari
1681 650 1775 684 copias

990 700 1081 728 tradit.
1096 700 1225 726 Amurius
1239 704 1270 726 ut
1286 699 1320 726 ad
1337 699 1397 733 ejus
1409 706 1490 725 aures
1506 697 1592 736 venit,
1607 697 1772 723 Sarchauem

990 751 1085 774 contra
1101 746 1292 781 imperatorem
1309 745 1417 771 mittere
1434 743 1561 775 militem,
1581 743 1672 776 iniqua
1684 746 1778 768 mente

991 793 1061 825 tulit,
1075 797 1102 819 et
1116 792 1245 826 quiddam
1262 796 1434 818 commentus
1445 796 1496 823 est,
1510 798 1564 825 quo
1578 791 1666 816 amico
1682 789 1773 824 opitu.

991 838 1103 865 iaretur.
1130 837 1250 864 Deiectis
1264 836 1337 863 enim
1355 837 1388 863 de
1408 836 1464 863 suis
1486 836 1594 863 duobus
1610 834 1776 867 illustribus,

993 891 1062 918 quos
1077 883 1128 909 sibi
1145 882 1172 908 in
1188 882 1283 916 primis
1297 882 1477 909 obsecuturos
1491 886 1580 914 norat,
1592 881 1681 915 iisque
1697 880 1776 906 attrir

992 930 1062 956 bulis
1069 928 1173 956 duobus
1179 928 1306 961 millibus,
1314 927 1391 954 simul
1399 935 1459 954 cum
1471 926 1505 953 Sa
1510 927 1615 954 rehanis
1623 926 1779 954 cohortibus

991 975 1019 1002 in
1033 974 1177 1001 Thraciam
1192 974 1355 1008 trajecturos
1371 973 1453 1000 misit.
1466 972 1530 998 Erat
1543 972 1615 999 enim
1633 971 1704 1007 apud
1711 971 1778 998 Bar-

992 1021 1071 1047 baros
1096 1020 1162 1047 istos
1185 1019 1316 1052 solemne,
1339 1026 1401 1045 eum
1422 1018 1578 1052 populatum
1602 1018 1682 1050 irent,
1697 1017 1720 1044 si
1745 1024 1778 1044 ex

993 1067 1045 1093 alia
1064 1066 1181 1101 satrapia
1199 1070 1292 1093 essent
1309 1065 1354 1099 qui
1377 1065 1454 1099 sequi
1472 1068 1616 1099 cuperent,
1638 1071 1672 1090 ne
1688 1063 1780 1098 prohi-

993 1113 1132 1145 berentur,
1148 1112 1214 1146 quin
1230 1116 1259 1138 et
1272 1111 1365 1146 gratia:
1379 1115 1408 1137 ut
1423 1110 1517 1137 amicis
1533 1114 1561 1136 et
1584 1109 1666 1136 sociis
1693 1109 1779 1136 habe-

994 1163 1098 1184 rentur.
1115 1157 1261 1192 lmperavit
1283 1160 1373 1183 autem
1388 1155 1502 1183 ducibus
1517 1155 1584 1194 suis,
1612 1159 1644 1181 ut
1667 1154 1690 1181 si
1713 1153 1780 1180 Sar-

994 1203 1090 1230 chauis
1103 1203 1188 1238 copia:
1206 1203 1367 1237 imperatori
1384 1203 1630 1229 reconciliarentur
1643 1202 1781 1236 (arbitrari

995 1249 1067 1275 enim
1083 1256 1122 1280 se,
1138 1256 1200 1275 eum
1214 1256 1246 1275 ex
1261 1248 1384 1275 hostibus
1411 1249 1460 1274 sibi
1476 1248 1578 1274 amicos
1593 1252 1619 1274 et
1634 1247 1779 1273 auxiliares

995 1294 1187 1327 redditurum),
1205 1300 1255 1319 nec
1283 1293 1334 1328 ipsi
1361 1301 1491 1319 arcanum
1520 1292 1706 1322 enuntiarent,
1735 1291 1781 1318 sed

997 1347 1060 1366 eum
1085 1339 1144 1366 aliis
1170 1339 1203 1365 ad
1230 1339 1424 1373 imperatorem
1446 1339 1604 1373 transirent.
1631 1337 1678 1364 Sin
1707 1337 1781 1364 illum

997 1385 1070 1412 serio
1081 1391 1239 1419 oppugnare
1255 1385 1364 1415 veilent,
1378 1385 1446 1411 ciam
1460 1384 1611 1416 mitterent,
1629 1388 1654 1410 ct
1671 1383 1705 1410 ad
1718 1383 1784 1409 Bar-

998 1431 1070 1458 baris
1097 1431 1280 1457 resistendum
1310 1431 1498 1457 hortarentur.
1525 1430 1679 1465 Dispertitis
1702 1437 1785 1463 porro

998 1477 1148 1509 ordiuihus,
1164 1477 1306 1515 ingruente
1320 1477 1375 1511 jam
1390 1476 1528 1509 conflictu,
1545 1477 1576 1502 ad
1592 1477 1784 1511 imperatorem

1001 1522 1211 1557 transfugerent,
1242 1527 1269 1549 ct
1297 1530 1358 1549 cum
1385 1514 1458 1548 illius
1476 1522 1582 1556 agmine
1602 1522 1629 1549 in
1651 1520 1786 1547 Barbaros

164 1565 330 1603 συμμαχεῖν
354 1564 415 1599 μηδ’
433 1564 531 1594 αὐτοὺς
548 1564 753 1600 ἀποκαλύπτειν
768 1565 799 1591 τὸ
825 1566 944 1601 ἀπόρρη-

1000 1569 1207 1604 impressionem
1241 1569 1374 1596 facerent.
1410 1568 1482 1595 Talia
1509 1569 1624 1595 ducibus
1656 1567 1787 1602 przeccpit

163 1619 219 1641 τον,
236 1610 304 1636 ἀλλὰ
325 1610 394 1644 μετὰ
409 1609 463 1636 τῶν
480 1610 567 1637 ἄλλων
578 1611 647 1646 πρὸς
662 1611 713 1637 τὸν
729 1610 840 1645 βασιλέα
855 1612 944 1647 ἥκειν.

166 1656 214 1682 Ἂν
228 1656 250 1684 δ’
262 1656 391 1683 ἐθέλωσιν
407 1657 505 1685 ἐκεῖνοι
522 1657 649 1692 πολεμεῖν
662 1658 699 1689 ὡς
716 1658 835 1693 ἁ).ηθὼ;,
854 1660 946 1694 κρύφα

165 1703 326 1736 πέμψαντας
345 1703 413 1737 προς
427 1704 546 1738 βασιλέα,
570 1707 715 1738 παραινεῖν
731 1706 805 1740 αὖτῷ
830 1707 946 1731 ἀντιχα-

165 1749 309 1785 θέστασθαι
326 1749 393 1783 πρὸς
414 1749 503 1783 μάχην
520 1751 576 1779 τοῖς
594 1750 752 1784 βαρϐάροις.
778 1751 903 1776 Ἐπειδὰν
919 1751 947 1776 δὲ

164 1791 214 1821 ὦσι
227 1793 525 1828 παρατεταγμένοι.καὶ
538 1795 588 1828 ἤδη
600 1795 717 1828 μέλλωσι
727 1796 946 1829 συμπλέκεσθαι,

168 1840 346 1875 μεθίστασθαι
374 1840 442 1873 πρὸς
458 1839 584 1874 βασιλέα,
614 1842 659 1866 καλ
688 1842 786 1875 χωρεῖν
801 1841 871 1867 κατὰ
894 1842 948 1867 τῶν

168 1885 313 1921 βαρϐάρων
328 1885 398 1920 μετὰ
417 1886 465 1920 τῆς
480 1886 585 1911 ἐκείνου
601 1887 742 1919 στρατιᾶς.
760 1887 822 1916 Τοῖς
840 1887 888 1920 μὲν
903 1885 948 1912 οὖν

166 1931 280 1965 ἄρχουσι
299 1931 349 1964 τῆς
370 1931 500 1965 στρατιᾶς
529 1931 601 1957 οὕτω
619 1932 802 1966 προσέταττεν
834 1931 947 1966 Ἀμοὺρ,

168 1976 282 2010 μηδενὸς
299 1976 389 2006 αὐτοῖς
402 1974 496 2011 ἐτέρου
515 1976 667 2008 συνειδότος
680 1977 709 2003 τὸ
719 1977 950 2013 ἁπάρῤητονἽοίς

167 2022 345 2058 στρατιώταις
361 2023 389 2049 δὲ
403 2023 512 2048 ἐκέλευε
524 2023 612 2049 πάντα
623 2023 763 2048 πείθεσθαι
775 2024 832 2054 τοῖς
844 2022 948 2057 ἄρχου-

169 2076 205 2100 σι,
224 2068 270 2095 καὶ
285 2067 384 2102 μηδένα
398 2068 647 2103 πολυπραγμονεῖν,
659 2069 696 2100 ὼς
708 2069 734 2095 cf
745 2077 784 2100 τις
799 2069 835 2103 μὴ
847 2069 950 2095 πείθοι-

167 2122 207 2145 το,
223 2113 306 2139 αὑτοῦ
321 2115 366 2139 καὶ
383 2113 477 2146 γένους
488 2114 756 2148 διαφθαρησομένου.
769 2114 886 2140 Τοιαῦτα
900 2114 950 2148 μὲν

166 2160 181 2186 ό
198 2160 299 2194 ’Λμοὺρ
310 2159 490 2192 συσκευάσας,
505 2160 571 2194 μετὰ
585 2160 639 2186 τῶν
659 2159 745 2186 ἄλλων
759 2160 949 2194 συνεξέπεμπε

167 2204 215 2239 τὴν
227 2205 367 2240 στρατιάν.
384 2205 506 2240 Τάγαρις
521 2205 548 2231 δὲ
571 2205 584 2231 ὁ
605 2205 691 2240 μέγας
709 2205 948 2240 στρατοπεδάρχης

167 2250 272 2281 πάντας
290 2250 360 2285 ἒχων
387 2251 472 2285 ὁμοῦ,
486 2250 647 2285 ἐπεραιοῦτο
668 2251 720 2284 τὸν1
741 2250 947 2285 Ἑλλήσποντον.

167 2297 221 2322 Καὶ
235 2297 248 2322 ὁ
266 2295 392 2330 βασιλεὺς
411 2296 472 2322 ἐπεὶ
486 2296 536 2331 τὴν
550 2296 680 2330 στρατιὰν
695 2295 809 2322 ἐπύθετο
829 2304 948 2333 περαιω-
979 2291 982 2294 ⁴

169 2342 271 2372 θεῖσαν,
292 2340 351 2375 ἅμα
367 2341 396 2367 δὲ
423 2341 460 2372 ὡς
480 2343 503 2368 οἱ
529 2341 633 2376 ταύτην
651 2342 765 2376 ἄγοντες
790 2343 952 2376 στρατηγοὶ,

166 2386 221 2412 τῶν
237 2386 323 2420 φίλων
347 2387 401 2412 εἰσὶ
423 2388 470 2413 καὶ
499 2387 553 2413 τῶν
573 2387 706 2422 συνήθων,
721 2388 766 2414 τὸν
789 2386 948 2422 Λοιδορίτην

168 2433 214 2458 καὶ
234 2432 360 2458 Ἀθιανδν
385 2431 495 2466 πέμψας
513 2432 582 2466 πρὸς
596 2432 705 2463 αὐτοὺς.
727 2431 847 2467 παρῄνει
867 2440 953 2458 κατα-

167 2478 291 2505 τίθεσθαι
303 2479 350 2504 τὸν
364 2478 484 2513 πόλεμον
502 2479 550 2505 τὸν
574 2479 643 2513 πρὸς
667 2479 749 2505 αὐτόν
763 2487 770 2494 ·
787 2479 834 2505 καὶ
863 2478 954 2506 πάντα

167 2527 251 2550 τόπον
267 2524 407 2559 ἐπεχείρει
425 2524 531 2551 πείθειν
544 2525 712 2559 ἀφίστασθαι
730 2524 778 2551 τοῦ
793 2524 853 2552 κατ’
868 2524 952 2551 αὑτοῦ

167 2570 278 2605 χωρεῖν.
293 2570 325 2596 Οῑ
343 2570 393 2605 μὲν
406 2569 452 2597 οὒν
472 2570 547 2597 ἄλλοι
571 2570 626 2597 τῶν
647 2570 793 2605 ἡγεμόνων
823 2570 873 2596 οὐκ
891 2569 955 2604 ἀφί-

170 2623 271 2642 σταντο
287 2616 335 2645 τοῦ
347 2616 481 2651 πράττειν
500 2616 533 2643 τὰ
550 2616 619 2644 κατὰ
636 2617 749 2652 γνώμην
767 2616 804 2651 τῷ
814 2616 889 2651 σφῶν
907 2624 954 2642 σα-

155 2657 273 2696 ’τράπῖγ
284 2661 393 2701 ᾄληθῶς
407 2662 462 2696 γὰρ
474 2661 656 2696 ἐπέμφθησαν
667 2662 729 2688 κατ’
745 2661 838 2688 αὐτοῦ.
855 2662 953 2696 Ὅμως

167 2707 197 2734 δι
218 2716 298 2739 τινας
317 2708 365 2735 καὶ
392 2708 581 2742 χρηστοτέρας
604 2707 767 2742 παρείχοντο
782 2708 903 2739 ἐλπίδας.
921 2707 953 2734 Οί

167 2754 216 2788 τῆς
246 2754 350 2789 ’Δμοὺρ
378 2754 405 2780 δὲ
430 2754 561 2789 στρατιᾶς
585 2753 734 2789 ἡγούμενοι
769 2754 889 2788 ἐμήνυον
922 2753 954 2779 τὺ

167 2800 323 2835 ἀπόρρητον
347 2799 386 2834 τῷ
413 2799 530 2834 βασιλεῖ,
559 2799 606 2826 καὶ
622 2800 759 2835 παρῄνουν
774 2807 804 2825 τε
829 2799 953 2834 θαρρεῖν,

168 2845 217 2871 καὶ
235 2845 499 2879 παρασκευάζεσθαι
516 2845 584 2879 πρὸς
606 2845 698 2880 μάχην
719 2845 752 2872 ἂν
769 2844 893 2871 ἐπίωσιν.
921 2844 952 2870 Οἰ

169 2891 220 2925 μὲν
233 2888 279 2918 οὖν
293 2891 423 2925 πρέσϐεις
436 2891 550 2926 τάχιστα
560 2891 764 2923 ἐπανελθόντες,
777 2890 952 2924 ἀπήγγελλον

998 1617 1139 1647 Amurius,
1165 1623 1226 1650 quae
1248 1615 1367 1649 reliquos
1393 1613 1520 1640 fallebant
1545 1620 1652 1640 omnes.
1687 1612 1787 1639 Milites

998 1669 1063 1689 vero
1075 1661 1176 1688 omissa
1193 1661 1353 1689 curiositate
1368 1660 1483 1688 ducibus
1500 1667 1547 1694 per
1567 1659 1658 1686 omnia
1681 1659 1788 1688 obtem-

999 1716 1093 1742 perare
1110 1707 1201 1742 jussit.
1217 1707 1267 1739 Qui
1283 1714 1364 1734 secus
1386 1706 1506 1737 fecisset,
1530 1713 1591 1732 cum
1606 1712 1706 1740 genere
1734 1711 1785 1731 suo

1000 1755 1163 1788 periturum.
1181 1753 1374 1788 Huiuscemodi
1391 1753 1481 1780 doimu
1503 1751 1677 1778 machinatus
1699 1749 1784 1776 Amu-

1000 1801 1068 1831 rius,
1084 1808 1145 1826 cum
1163 1799 1224 1825 aliis
1240 1806 1304 1825 suos
1322 1799 1419 1825 emisit.
1438 1797 1549 1832 Tagaris
1574 1805 1635 1823 cum
1658 1796 1786 1823 omnibus

999 1846 1090 1872 Persis
1105 1845 1307 1878 Hellespontum
1327 1843 1442 1876 trajecit.
1464 1836 1545 1876 68‘]
1571 1841 1720 1875 imperator
1738 1840 1782 1877 uhi

999 1890 1148 1917 exercitum
1161 1878 1395 1919 transvectuttt,.ct
1409 1887 1489 1914 simul
1503 1888 1630 1913 ductores
1641 1886 1743 1922 amicos
1758 1892 1790 1911 ac

999 1935 1143 1963 familiares
1151 1942 1212 1961 esse
1223 1933 1338 1967 accepit,
1353 1941 1400 1967 per
1416 1932 1462 1959 ιω
1473 1933 1577 1959 loritem
1597 1936 1624 1959 et
1640 1931 1788 1958 Athinnum

1000 1980 1115 2011 monuit,
1134 1981 1172 2006 uti
1194 1978 1266 2005 bello
1290 1983 1384 2004 contra
1407 1985 1444 2004 se.
1461 1977 1692 2011 supersederent;
1711 1976 1784 2011 quod

1000 2030 1030 2053 ut
1043 2026 1076 2052 ab
1099 2025 1153 2052 illis
1177 2025 1326 2055 oblitteret,
1353 2023 1475 2050 tentahat
1499 2022 1603 2049 omnia.
1628 2022 1680 2048 Alii
1708 2022 1793 2057 igitur

999 2071 1093 2103 duces,
1117 2077 1177 2104 qua:
1204 2076 1304 2103 cupere
1332 2073 1465 2102 satrapam
1491 2075 1570 2094 suum
1597 2072 1719 2100 nossent,
1735 2075 1792 2093 non

1007 2115 1261 2153 praetermittebat",
1276 2122 1340 2142 vere
1359 2114 1494 2148 siquidem
1510 2118 1604 2140 contra
1620 2113 1789 2140 Cautacuzc-

1000 2170 1065 2190 rum
1080 2162 1156 2189 missi
1184 2165 1272 2188 erant.
1302 2160 1496 2187 Verumtamen
1522 2167 1598 2194 spem
1626 2160 1726 2187 bonam
1742 2159 1791 2186 da-

1002 2209 1077 2235 bant.
1096 2207 1130 2234 At
1145 2207 1229 2233 duces
1244 2206 1384 2240 cupiarum
1405 2205 1509 2233 Auturii
1533 2211 1560 2232 ct
1584 2210 1719 2232 secretum
1736 2205 1790 2231 im-

1004 2254 1119 2290 peratori
1147 2252 1313 2285 rescrabant,
1342 2257 1369 2279 et
1401 2252 1423 2278 si
1443 2255 1590 2286 peteretur,
1612 2251 1646 2278 ad
1671 2259 1788 2287 pugnam

1004 2300 1123 2328 vicissim
1146 2299 1249 2333 accingi
1277 2298 1467 2325 hortabantur.
1481 2296 1575 2332 Legati
1591 2298 1725 2333 ocyssime
1748 2305 1791 2323 re-

1004 2345 1085 2377 versi,
1104 2349 1204 2372 statum
1222 2351 1313 2371 rerum
1338 2344 1409 2378 apud
1429 2343 1525 2370 Persas
1547 2348 1698 2378 exponunt.
1717 2343 1786 2370 Tum

1003 2391 1062 2426 ipse
1076 2397 1184 2425 quoque
1207 2389 1388 2420 dimicationi,
1410 2389 1432 2416 si
1457 2397 1526 2424 opus
1550 2389 1596 2420 sit.
1619 2396 1652 2416 se
1669 2389 1794 2420 instruit,

1003 2436 1071 2464 alios
1096 2435 1281 2470 ﬂoccipendit,
1309 2434 1468 2462 Amurianis
1496 2442 1527 2462 ex
1555 2434 1614 2469 ipsa
1628 2435 1686 2461 acie
1705 2434 1737 2461 ad
1761 2442 1796 2463 se.

1005 2482 1174 2510 transituris.
1192 2481 1276 2508 Paulo
1290 2485 1351 2515 post
1365 2484 1392 2508 et
1402 2480 1577 2508 Sarchaniani
1587 2480 1793 2515 conspirantes,

1004 2535 1174 2555 communem
1199 2526 1361 2561 legationem
1389 2526 1423 2553 ad
1449 2526 1641 2561 imperatorem
1668 2527 1790 2557 mittunt,

1004 2573 1075 2601 bono
1091 2573 1183 2599 animo
1202 2579 1263 2599 esse
1275 2572 1373 2607 jubent
1387 2580 1393 2597 :
1411 2579 1439 2599 se
1455 2571 1585 2607 deinceps
1612 2571 1701 2598 socios
1715 2570 1787 2597 illius

1005 2624 1032 2647 et
1046 2619 1149 2652 amicos
1167 2619 1235 2647 fore.
1251 2617 1392 2653 Rogabant
1407 2621 1507 2650 tamen,
1523 2625 1557 2644 ne
1580 2617 1606 2643 in
1622 2623 1742 2650 praesens
1756 2616 1792 2642 ad

1004 2673 1034 2692 se
1058 2664 1152 2692 venire
1182 2669 1300 2699 cogeret,
1319 2663 1366 2691 sed
1394 2663 1552 2698 Byzantium
1575 2661 1651 2689 abirc
1675 2662 1792 2693 sineret,

1006 2710 1061 2736 illic
1080 2709 1200 2744 acceptis
1230 2708 1308 2735 donis
1329 2712 1356 2734 et
1372 2707 1514 2742 promissis
1534 2710 1648 2740 satrapae
1674 2713 1724 2732 suo
1740 2713 1790 2740 pe-

1004 2754 1094 2782 cuniis
1123 2760 1292 2784 reversuros,
1328 2756 1355 2778 et
1377 2759 1436 2785 qua:
1460 2751 1619 2785 imperaret.
1645 2750 1791 2778 ellecturos

993 2796 1107 2826 omnia.
1129 2797 1187 2824 Tali
1214 2804 1298 2832 scopo
1325 2795 1435 2823 Barbari
1460 2795 1618 2831 Byzantium
1642 2799 1790 2827 venerunt,

1005 2843 1174 2879 ingressique
1185 2843 1219 2869 ad
1235 2841 1435 2876 imperatricetu
1451 2838 1543 2872 (luces,
1556 2848 1616 2867 eam
1629 2841 1790 2870 adorarunt.

1006 2890 1209 2922 ilotlttl‘ilimqtlu
1241 2888 1311 2914 dotm
1339 2893 1511 2921 acceperunt.
1539 2880 1674 2915 Convenit
1704 2893 1787 2923 porro
