1915 3086
169 190 236 221 1297

749 190 1015 221 lllSTQRIARU..l
1040 190 1154 222 LIBER
1176 189 1220 220 lll

1715 188 1785 220 1:298

163 255 192 272 τε
210 243 369 278 ἀνηκέστων
395 234 500 275 κακῶν,
517 244 564 271 καὶ
587 246 675 280 τούτῳ
703 246 837 280 μείζονος,
854 247 869 280 ἦ
888 246 938 273 καί)

1003 247 1069 280 ipsis
1083 247 1155 273 mala
1169 246 1333 279 deterrima,
1350 245 1534 281 maioremque
1561 244 1663 272 luctum
1674 265 1681 277 ,
1704 252 1784 279 quam

162 292 225 318 ὅσον
247 291 343 325 χρόνον
363 288 397 325 ἦν
417 290 534 324 πόλεμος
562 291 651 326 λύπης
683 292 774 318 αἰτίαν
802 293 948 326 ἐσομένην.

163 337 199 363 υῖ
211 345 240 362 τε
253 337 306 371 γὰρ
320 336 447 367 συνόντες
460 336 582 366 ἆπαντες
597 338 637 367 εἰς
659 336 764 363 πολλῶν
786 339 885 372 πεῖραν
899 337 948 363 ἀλα

162 381 261 415 γεινῶν
287 381 427 412 ἐλθόντες.
448 382 495 407 καὶ
519 382 545 407 οἰ
570 381 646 409 ἔνδον
671 383 773 416 ὁμοίως
798 383 946 415 Βυζαντίου

162 427 216 453 τῶν
233 427 429 462 δεσμωτηρίων
457 427 622 460 ἐξελθόντες,
644 429 692 455 καὶ
715 429 948 464 μνησικακοῦ·.τες

162 472 285 506 ἐσχάτως
304 473 364 504 τοῖς
391 472 502 498 συνοῦσι
521 473 647 506 βασιλίδι,
662 473 739 500 αὐτοί
762 482 791 499 τε
812 473 946 507 διεπρίον-

162 527 193 545 το
215 518 261 544 ὑπ’
281 517 380 553 ὀργῆς,
393 518 498 545 καὶτὸν
512 518 600 553 δῆμον
614 519 783 554 ἐξηρέθιζον,
801 520 849 546 καὶ
873 520 948 554 ἐνδη-

161 565 202 590 λοι
217 562 300 600 ἦσαν,
328 564 366 595 ὡς
385 565 431 590 καὶ
457 564 592 598 βασιλέως
615 564 730 595 ἄκοντος
753 565 947 599 ἐπιθησόμενοι

160 612 217 641 τοῖς
233 611 262 636 ὲν
275 609 435 644 βασιλείοις.
452 609 507 635 Καὶ
524 609 620 635 ἐδεδίει
642 609 679 643 μὴ
703 609 768 643 περί
785 617 815 635 τε
830 609 881 642 τὴν
897 609 946 644 βα-

162 657 250 682 σιλίδα
270 655 318 682 καὶ
337 655 400 686 τοὺς
414 654 512 686 παῖδας
529 654 680 689 ἀνήκεστόν
697 652 722 680 τι
748 650 882 689 τολμηθῇ,
899 655 947 680 καὶ

161 704 184 729 οἱ
205 703 331 732 συνόντες
355 701 456 733 πάντες
473 701 526 727 ὑπὸ
548 701 603 727 τῶν
622 700 819 735 ὲχθραινόντων
834 700 948 734 διαφθα-

162 748 262 781 ρῶσιν·
291 748 305 773 ὃ
319 748 401 782 ὀλίγῳ
423 747 536 782 ὕστερον
570 746 669 781 μικροῦ
692 746 788 781 ἐδέησε
807 746 946 780 γενέσθαι.

165 794 210 823 Ὠς
229 793 282 827 γὰρ
304 792 437 819 ἐπύθοντο
453 812 461 824 ,
481 793 523 819 ὅτι
545 792 582 826 μὴ
598 792 648 826 τὴν
671 791 821 826 πρεσϐείαν
841 791 946 826 δέχοιτο

160 839 175 873 ἡ
192 837 296 872 βασιλὶς
312 838 378 873 μηδὲ
395 838 498 873 χωροίη
513 838 582 873 πρὸς
602 838 765 872 συμϐάσεις,
783 838 813 864 τὸ
832 839 861 865 έν
878 837 947 864 Βλα-

160 884 270 919 χέρναις
287 885 428 920 φρούριον,
449 885 531 920 μέρος
552 885 598 911 καὶ
611 885 677 911 αὐτὸ
694 884 742 911 τοῦ
762 885 827 919 περὶ
842 885 876 912 τὰ
897 884 943 919 βα-

160 930 248 956 σίλεια
270 929 400 965 φρουρίου
426 928 466 961 ὃν,
490 928 634 956 καστέλιον
660 929 943 965 προσαγορευόμενον,

159 975 347 1010 ὲξεπόρίὶησάν
357 983 387 1001 τε
396 975 444 1001 καὶ
456 975 611 1010 διήρπασαν
623 974 756 1010 βασιλέως
768 976 946 1010 ἀγνοοῦντος,

158 1021 206 1048 καί
223 1022 263 1047 τοί
283 1029 315 1055 γε
336 1021 391 1047 τῶν
406 1020 480 1047 ἔνδον
496 1021 550 1048 ἀπὸ
572 1021 628 1048 τῶν
647 1022 747 1056 τειχῶν
762 1022 944 1057 ἀμυνομένων

159 1066 310 1101 κραταιῶς.
333 1066 387 1092 Καὶ
403 1067 427 1092 οἱ
443 1065 586 1098 δοκοῦντες
601 1066 629 1093 δὲ
644 1067 710 1102 περὶ
732 1066 857 1101 βασιλίδα
871 1066 943 1094 εὖνοι

158 1109 229 1139 εἶναι
247 1112 393 1148 πρότερον,
410 1113 457 1139 καὶ
481 1113 530 1147 τὴν
556 1112 681 1148 φυλακὴν
710 1113 766 1140 τῶν
798 1112 944 1148 βασιλείων

158 1158 401 1193 ἐπιτετραμμένοι,
416 1159 476 1185 ἐπεὶ
493 1158 539 1185 τδν
548 1159 670 1186 κίνδυνον
688 1158 879 1194 ἁπανταχόθεν
892 1169 942 1186 πε-

159 1204 332 1238 ριῑστάμενον
349 1204 453 1239 ἑώρων,
470 1204 593 1239 βασιλίδα
607 1204 634 1231 δὲ
651 1205 690 1240 μὴ
709 1205 852 1241 χωροῦσαν
874 1205 943 1241 πρὸς

159 1249 323 1284 συμϐάσεις,
339 1250 407 1276 ἀλλὰ
425 1251 527 1285 μᾶλλον
540 1250 708 1286 αίρουμένην
723 1251 811 1286 αὐτήν
826 1259 856 1278 τε
875 1253 943 1278 ἀπο-

158 1295 286 1330 θνήσκειν
298 1295 440 1327 χὰκείνους
455 1296 686 1328 συναπόλλυσθαι,
701 1297 854 1332 ὲσκέψαντο
865 1299 942 1334 κοινῇ

158 1342 207 1375 τῆς
225 1341 359 1376 σφετέρας
376 1342 515 1376 σωτηρίας
532 1342 615 1369 ἕνεκα
635 1343 853 1377 καταπροῖεσθαι
867 1343 943 1370 ὲκεί-

159 1395 233 1418 νους,
251 1387 297 1413 καὶ
325 1380 503 1422 παραδιδόναι
519 1387 627 1421 βασιλεῖ
643 1388 673 1414 τὸ
690 1389 829 1424 φρούριον,
844 1389 873 1416 οὐ
889 1388 942 1424 μὴν

158 1433 225 1459 ἀλλὰ
241 1433 286 1460 καὶ
303 1433 356 1460 τῶν
373 1434 401 1460 ὲν
416 1433 488 1468 λόγῳ
512 1433 631 1468 μάλιστά
645 1443 717 1466 τινες
737 1436 806 1470 πρὸς
829 1435 942 1469 βασιλέα

157 1478 325 1513 πέμψαντες,
343 1478 407 1513 περὶ
424 1478 570 1513 προδοσίας
588 1479 753 1512 διελέγοντο,
773 1480 820 1506 καὶ
836 1480 941 1515 δωρεὰς

156 1525 236 1559 ᾔτουν
252 1525 298 1551 καὶ
315 1526 408 1559 τιμὰς,
424 1526 449 1551 εἰ
475 1525 651 1560 παραδιδοῖεν
672 1525 707 1552 τὰ
721 1525 847 1560 βασίλεια
871 1527 940 1561 αὐτῇ

1002 297 1059 318 toto
1075 292 1138 319 belli
1168 297 1289 326 tempore
1301 291 1405 326 experti
1427 296 1529 324 essent,
1543 291 1701 325 parituram.
1717 289 1785 317 Nam

1000 342 1027 364 et
1042 337 1079 364 illi
1091 344 1196 368 omnes.
1207 336 1253 371 qui
1266 344 1328 363 cum
1343 336 1508 370 imperatore
1522 339 1611 369 erant,
1625 343 1686 362 cum
1700 335 1785 362 multa

999 383 1114 409 adversa
1138 383 1335 417 pertulissent,
1357 386 1385 408 et
1409 381 1534 409 similiter
1550 381 1594 415 qui
1613 380 1733 414 Byzantii
1758 381 1785 408 in

1000 428 1157 455 carceribus
1177 428 1299 459 fuerant,
1322 432 1444 454 extreme
1461 434 1491 454 se
1515 434 1529 453 a
1553 426 1711 461 proceribus
1729 426 1786 452 Au-

998 479 1085 508 gustze
1112 478 1221 501 \exatos
1241 473 1444 505 meminissent,
1462 473 1501 500 ira
1521 473 1681 504 astuabant,
1699 480 1787 507 popuv

999 521 1110 555 lumque
1131 521 1277 548 irritabant
1295 529 1303 547 :
1317 524 1345 547 et
1359 519 1517 555 apparebat,
1534 520 1577 547 vel
1592 519 1678 546 invito
1701 518 1787 553 impe-

999 573 1100 599 ratore,
1116 567 1142 594 in
1161 574 1208 594 eos
1222 566 1269 602 qui
1282 571 1377 594 eSsent
1393 565 1419 592 in
1434 566 1533 601 palatio
1551 566 1682 600 impetum
1697 565 1786 592 factu-
1811 579 1813 582 -

998 620 1054 640 ros.
1072 613 1223 640 Verebatur
1238 613 1361 648 insuper,
1387 621 1421 641 ne
1442 613 1608 649 imperatrici
1637 621 1669 640 ac
1691 613 1785 640 liberis

998 658 1098 692 aliquid
1115 658 1236 686 atrocius
1249 658 1336 690 fieret,
1354 659 1457 693 quique
1472 666 1532 686 cum
1551 666 1581 686 ea
1601 663 1785 691 versarentur,

997 709 1095 730 omnes
1123 703 1243 731 hostium
1269 703 1367 738 gladiis
1392 703 1595 732 conficerentur
1620 712 1626 730 ε
1654 703 1680 731 ld
1712 703 1785 738 quod

997 749 1080 783 paulo
1090 754 1155 784 post
1170 750 1368 784 propemodum
1385 749 1543 777 accidisset.
1564 749 1598 777 Ut
1611 750 1684 777 enim
1700 750 1786 776 intel—

997 793 1122 821 lexerunt
1150 801 1209 822 eam
1232 795 1335 829 legatos
1360 795 1490 829 reiecisse
1519 803 1552 822 ac
1581 803 1675 830 pacem
1692 795 1785 826 nolle.

997 839 1140 865 castellum
1162 840 1188 865 in
1202 839 1358 866 Blacllernis
1374 840 1538 874 appellatum
1552 861 1559 872 ,
1577 845 1682 874 partem
1700 840 1787 866 muni-

997 884 1080 911 ti0uis
1095 889 1120 911 et
1135 885 1399 919 propugnaculorum
1415 885 1515 919 quibus
1529 885 1659 920 palatium
1669 885 1786 912 circum-

996 930 1086 961 datur,
1096 930 1259 964 imperatore
1273 931 1411 957 nesciente
1421 935 1610 966 expugnarunt
1619 938 1650 958 ac
1663 930 1784 964 diripue-

994 980 1068 1008 runt,
1085 983 1146 1002 cum
1165 975 1210 1010 qui
1222 976 1296 1003 imus
1305 981 1383 1004 erant
1394 983 1409 1004 e
1425 977 1510 1004 muris
1525 976 1630 1003 fortiter
1645 983 1675 1003 se
1686 975 1780 1004 defen-

994 1022 1100 1048 derent.
1120 1022 1280 1057 Quifporro,
1299 1022 1414 1049 antehac
1432 1023 1560 1057 Augusta:
1587 1022 1657 1049 bene
1681 1029 1781 1056 cupere

994 1068 1169 1103 putabantur,
1185 1068 1339 1103 quibusque
1366 1068 1487 1095 custodia
1514 1067 1605 1102 palatii
1632 1068 1780 1095 commissa

993 1118 1062 1145 erat,
1077 1118 1217 1148 postquam
1236 1113 1357 1146 undique
1367 1113 1527 1148 periculum,
1539 1117 1567 1140 et
1579 1120 1637 1140 eam
1652 1121 1667 1140 ε
1683 1112 1780 1148 paciﬁ-

992 1160 1101 1187 catione
1113 1159 1302 1194 refugientem,
1323 1160 1391 1186 mori
1405 1159 1535 1195 ipsosque
1552 1167 1645 1187 secum
1661 1158 1778 1194 perdere

993 1205 1073 1232 malle
1085 1205 1220 1237 viderunt,
1239 1205 1359 1232 unanimi
1373 1212 1509 1232 consensu
1530 1204 1614 1239 ipsius
1635 1208 1663 1231 et
1681 1203 1782 1231 libero—

993 1258 1053 1277 rum
1065 1250 1250 1278 defensionem
1268 1250 1385 1285 pr0priaa
1398 1250 1479 1277 saluti
1501 1250 1556 1284 jam
1574 1254 1775 1284 postponeutes.

993 1296 1149 1331 imperatori
1177 1296 1306 1331 palatium
1333 1297 1439 1324 tradere
1464 1296 1676 1324 constituerunt.
1706 1295 1776 1328 Quin

992 1342 1075 1369 etiam
1090 1336 1313 1369 lionoratissimos
1323 1342 1454 1376 quosdam
1463 1342 1495 1369 ad
1504 1349 1566 1369 eum
1576 1340 1718 1372 mittendo.
1734 1340 1780 1368 do~

992 1394 1026 1414 na
1039 1391 1064 1414 et
1076 1387 1363 1422 lionoresquarebant,
1380 1388 1402 1414 si
1418 1387 1519 1422 regiam
1533 1394 1594 1414 eum
1609 1386 1780 1421 imperatrice

992 1436 1019 1459 et
1035 1432 1129 1459 liberis
1142 1433 1325 1461 dedidissent.
1338 1431 1411 1465 Quos
1426 1432 1576 1467 imperator
1593 1432 1706 1459 auribus
1725 1432 1775 1459 ista

997 1485 1132 1512 respuens
1156 1479 1270 1511 dimisit,
1293 1483 1421 1510 testatus,
1449 1486 1509 1506 cam
1526 1486 1587 1506 cum
1612 1478 1707 1505 liberis
1724 1485 1783 1505 sero

992 1528 1081 1550 vatam
1099 1525 1189 1559 potius
1212 1525 1281 1552 velle
1295 1524 1488 1559 maximopere.
1507 1524 1575 1551 Ecce
1590 1527 1680 1551 autem
1700 1523 1784 1559 impe-

157 1570 271 1604 βασιλίδι
293 1571 411 1602 καὶτοῖς
436 1571 555 1603 τέκνοις.
572 1571 706 1603 Βασιλεὺς
730 1572 752 1598 δ’
770 1572 825 1598 οὐδ’
844 1572 940 1607 ἄκροις

996 1574 1070 1596 rator
1084 1569 1205 1597 Joannes
1230 1575 1286 1597 tum
1305 1570 1461 1605 quindecim
1481 1575 1563 1597 natus
1584 1577 1683 1602 annos,
1700 1577 1782 1603 supra

155 1617 284 1652 ἠνέσχετο
296 1617 374 1650 ὠσὶν,
389 1618 447 1645 ἀλλ’
458 1618 608 1653 ἀπέπεμπε
621 1610 758 1649 σώζεσθαι
772 1618 874 1653 μᾶλλον
896 1618 943 1654 βα-

156 1663 244 1690 σιλίδα
260 1664 383 1695 καὶτοὺς
401 1665 499 1695 παῖδας
521 1663 609 1691 εἰπὼν
625 1664 762 1690 ποιεῖσθαι
784 1665 848 1698 περὶ
865 1665 942 1691 πλεί-

158 1714 229 1732 στου.
243 1706 375 1737 Βασιλεὺς
390 1707 418 1733 δὲ
445 1708 531 1739 όνέος
553 1709 682 1743 Ἰωάννης
710 1709 770 1740 ἔτος
794 1718 942 1737 πεντεκαι-

155 1752 269 1778 δέκατον
285 1753 347 1778 τὸτε
364 1752 413 1784 ὣν,
430 1754 524 1787 μεῖζον
538 1754 554 1788 ἢ
578 1755 650 1781 κατὰ
670 1755 721 1788 τὴν
737 1755 845 1789 ἡλικίαν
867 1757 945 1789 ἐφαί-

155 1806 215 1824 νετο
223 1798 342 1833 φρονῶν,
355 1798 447 1833 καὶτῷ
455 1799 544 1834 καιρῷ
555 1799 725 1834 προσήκοντα
735 1800 942 1834 βουλευόμενος.

162 1843 205 1875 Ὧς
218 1844 274 1880 γὰρ
284 1844 417 1879 ᾐσθάνετο
429 1845 644 1880 θορυεουμένους
660 1846 724 1877 τοὺς
737 1847 767 1872 ὲν
784 1846 942 1879 βασιλείοις,

156 1890 315 1921 στασιάζειν
333 1899 363 1916 τε
381 1891 431 1926 ἤδη
446 1891 628 1925 ἀρχομένους,
642 1893 690 1918 καὶ
707 1892 771 1926 περὶ
781 1892 873 1918 αὐτῶν
884 1893 945 1920 επι-

156 1938 228 1967 εικὲς
236 1937 313 1963 οὐδὲν
325 1936 550 1972 βουλευομένους,
563 1937 677 1972 δραμὼν
688 1937 756 1971 πρὶς
767 1938 815 1972 τὴν
825 1939 942 1974 μητέρα,

155 1982 200 2011 τόν
214 1990 244 2007 τε
262 1981 376 2016 θόρυϐον
392 1982 549 2018 ἀπήγγελλε
573 1983 620 2009 καὶ
633 1983 682 2018 τὴν
704 1982 864 2018 ἐπιϐουλήν.
889 1986 944 2012 Καὶ

155 2029 239 2054 ἐδεῖτο
252 2028 319 2063 πρὸς
333 2028 446 2063 βασιλέα
457 2029 572 2064 τάχιστα
587 2030 736 2064 πρεσϐείαν
752 2031 884 2064 πέμπειν,
897 2034 944 2059 καὶ

155 2073 278 2100 τίθεσθαι
296 2075 445 2109 συμῦάσεις
463 2075 527 2108 περὶ
543 2075 593 2109 τῆς
607 2076 735 2111 εἰρήνης’
756 2076 943 2112 μάλισταμὲν

155 2120 207 2153 γὰρ
221 2120 339 2153 ἔφασκεν
352 2121 455 2146 ἐκεῖνον
470 2120 548 2147 οὐδὲν
560 2121 626 2156 περὶ
640 2122 730 2148 αὐτῶν
743 2122 939 2157 βουλεύσεσθαι

153 2165 248 2192 δεινῦν.
266 2164 297 2191 Εί
310 2165 333 2191 δ’
349 2165 405 2201 ἄρα
419 2166 467 2192 καὶ
478 2166 512 2193 τὰ
530 2165 645 2202 δεύτερα
659 2167 758 2203 νικῴη,
775 2168 881 2204 βέλτιον
895 2170 942 2196 ὑπ’

154 2210 259 2237 ἐκείνου
289 2211 382 2243 κακῶς
399 2211 507 2244 παθεῖν,
533 2212 549 2247 ἢ
573 2213 671 2248 ἀλογίᾳ
687 2213 773 2249 δήμου
795 2215 842 2241 καὶ
861 2223 943 2250 στρα-

994 1620 1102 1642 aetatem
1117 1623 1223 1650 sapere,
1251 1621 1279 1644 et
1312 1616 1427 1651 tempori
1456 1621 1609 1650 opportuna
1640 1615 1784 1642 consulere.

995 1662 1069 1689 visus
1084 1667 1136 1690 est.
1157 1662 1191 1690 Ut
1210 1663 1282 1690 enim
1302 1663 1502 1690 tumultuantes
1519 1662 1614 1694 sensit.
1630 1662 1676 1696 qui
1695 1663 1721 1688 in
1739 1669 1785 1695 pa-

995 1708 1061 1734 latio
1083 1713 1178 1738 erant.
1197 1713 1220 1734 et
1242 1708 1298 1742 jam
1327 1708 1463 1735 dissidere
1496 1706 1668 1741 incipientes,
1695 1705 1783 1740 dequo

995 1758 1083 1780 matre
1108 1762 1169 1779 cum
1190 1754 1251 1780 ﬁliis
1266 1754 1335 1780 nihil
1350 1761 1457 1787 mquam
1473 1753 1574 1780 animis
1586 1752 1730 1788 agitantes.
1751 1751 1782 1777 ad

994 1803 1136 1833 parentem
1155 1806 1302 1826 accurrens
1315 1819 1322 1831 ,
1346 1798 1430 1833 699
1452 1798 1597 1825 tumultum
1626 1801 1654 1824 et
1671 1797 1784 1825 insidias

994 1844 1102 1870 nuntiat
1116 1852 1123 1876 ;
1136 1851 1219 1871 orans
1233 1844 1376 1871 celerrime
1392 1843 1424 1871 ad
1441 1844 1636 1878 imperatorem
1652 1843 1741 1875 mitti,
1757 1848 1784 1869 et

995 1897 1056 1917 cum
1081 1896 1113 1916 eo
1138 1889 1238 1923 decidi,
1260 1890 1453 1924 atfirrnansque
1470 1911 1478 1922 ,
1505 1888 1574 1916 nihil
1588 1888 1622 1915 ab
1645 1896 1677 1916 eo
1703 1896 1784 1923 grave

996 1937 1156 1964 timendum.
1177 1936 1223 1963 Sin
1236 1943 1316 1963 secus
1327 1943 1372 1962 res
1393 1940 1447 1967 eat,
1463 1940 1594 1970 przestare
1609 1934 1685 1961 illum
1699 1933 1783 1961 inele-

995 1987 1113 2009 mentem
1146 1983 1276 2016 cxperiri,
1292 1989 1372 2016 quam
1398 1982 1425 2008 in
1443 1980 1535 2015 populi
1559 1980 1723 2008 dementiam
1746 1988 1779 2006 ae.

994 2028 1113 2056 militum
1132 2028 1252 2054 furorem
1284 2027 1414 2054 incidere.
1442 2027 1519 2054 Illico
1536 2034 1668 2062 persuasa
1686 2030 1783 2060 mater,

993 2073 1181 2102 Andronicum
1201 2073 1322 2100 Asanem
1340 2073 1513 2108 imperatoris
1522 2080 1657 2105 socerum,
1672 2078 1701 2099 et
1717 2072 1783 2099 Gre—

994 2119 1102 2155 gorium
1127 2118 1264 2145 Palamam
1288 2119 1342 2147 illic
1367 2126 1476 2146 carcere
1503 2119 1627 2146 detentus
1643 2119 1681 2154 (6)
1699 2119 1732 2146 ad
1750 2127 1780 2145 se

994 2165 1095 2193 adduci
1122 2165 1206 2200 jussit
1225 2173 1232 2191 :
1249 2165 1412 2199 quibuscum
1431 2164 1467 2191 de
1483 2172 1548 2198 pace
1564 2164 1665 2197 locuta,
1682 2171 1729 2191 eos
1748 2165 1781 2191 nd

993 2210 1186 2245 imperatorem
1208 2209 1288 2245 legat.
1302 2209 1354 2242 Qui
1370 2210 1445 2236 illum
1463 2214 1566 2237 tumere
1589 2209 1741 2241 iracundia,
1756 2214 1782 2236 et

152 2257 257 2283 τιωτῶν
287 2258 360 2293 ὁρμῇ
389 2260 559 2292 περιπεσεῖν.
584 2259 690 2286 Δῠτικα
715 2268 746 2286 τε
772 2260 897 2288 ἐπείθετο
922 2262 938 2296 ἠ

994 2256 1026 2283 ad
1038 2255 1241 2291 persequendas
1263 2255 1332 2283 bello
1355 2260 1481 2289 acceptas
1515 2255 1632 2290 injurias
1657 2260 1779 2290 paratum

155 2305 257 2337 μήτηρ,
275 2304 321 2330 καὶ
345 2304 391 2330 τὸν
412 2305 581 2339 Ἀνδρόνικον
603 2305 720 2341 Ἀσάνην
744 2306 790 2334 τὸν
806 2306 939 2341 βασιλέως

152 2349 292 2383 πενθερὸν,
320 2349 367 2375 καὶ
395 2349 440 2376 τὸν
456 2350 588 2385 Παλαμᾶν
611 2351 762 2387 Γρηγόριον
786 2352 868 2379 αὑτοῦ
885 2360 937 2379 ¹ιτου

153 2394 435 2429 κατακεκλασμένους
449 2396 478 2422 ὲν
496 2395 694 2431 δεσμωτηρίοις
706 2397 780 2424 ἔνδον
793 2397 938 2432 βασιλείων

152 2440 265 2473 ἄγεσθαι
288 2441 398 2467 ἐκέλευε
423 2441 490 2475 πρὸς
510 2442 615 2477 αὑτήνο
635 2443 684 2471 καὶ
707 2445 771 2478 περὶ
795 2444 936 2479 τῆςβπρδς

153 2484 265 2518 βασιλέα
279 2485 450 2520 διαλεχθεῖσα
474 2486 540 2520 πρὸς
556 2487 654 2518 αὐτοὺς
681 2489 806 2524 εἰρήνης,
826 2488 934 2524 ἔπεμπε

152 2530 218 2564 πρὸς
233 2531 335 2556 ἐκεῖνον
351 2531 532 2567 πρεσϐευτάς.
552 2532 584 2558 Ol
600 2532 629 2559 δὲ
643 2533 804 2568 νομίσαντες
823 2528 935 2568 βασιλέα

153 2576 277 2603 οῑδαίνειν
289 2586 319 2603 τε
331 2577 370 2612 τῷ
385 2578 473 2613 θυμῷ,
486 2578 608 2612 καὶπρὸς
622 2578 728 2614 ἄμυναν
738 2588 792 2606 των
807 2581 878 2607 κατὰ
890 2581 937 2608 τὶν

154 2620 269 2655 πόλεμον
280 2622 472 2657 γεγενημένων
481 2624 738 2658 παρεσκευασμένον
747 2622 827 2656 εἶναι,
841 2627 936 2661 πρῶτα

154 2669 201 2702 μὲν
217 2669 262 2695 ἐπὶ
275 2669 382 2705 δεήσεις
398 2670 557 2704 ἐτράποντο.
570 2672 617 2698 καὶ
632 2671 736 2703 ἱκεσίας
753 2672 861 2707 ἀφεῖναι
887 2674 936 2708 τὴν

152 2714 236 2751 ὀργὴν
252 2715 309 2745 τοῖς
332 2715 517 2750 ἀμαρτήσασι,
534 2716 580 2741 καὶ
597 2716 680 2750 μηδὲν
695 2717 775 2742 πλέον
797 2718 936 2753 ἐπιζητεῖν

991 2309 1054 2330 esse
1070 2302 1226 2336 opinantes,
1254 2301 1370 2335 primum
1392 2308 1488 2335 preces
1513 2306 1541 2328 et
1567 2300 1781 2336 supplicationes

991 2347 1134 2378 adhibent,
1158 2351 1188 2373 ut
1200 2348 1256 2373 reis
1273 2346 1437 2380 placaretur,
1458 2352 1485 2373 et
1511 2346 1605 2373 hostes
1631 2346 1779 2375 domuisse.

992 2393 1158 2430 peuitusrlue
1175 2392 1325 2426 subiecisse
1344 2395 1488 2419 contentus
1508 2397 1602 2425 esset;
1625 2396 1652 2420 et
1682 2400 1780 2427 quem-

989 2439 1133 2465 admodum
1161 2445 1210 2464 eos
1232 2438 1315 2464 armis
1347 2437 1477 2469 vicisset,
1500 2437 1539 2465 sic
1564 2443 1590 2464 et
1620 2437 1780 2472 iniuriarum

988 2489 1145 2518 contemptu
1168 2487 1194 2510 et
1212 2482 1356 2511 altitudine
1375 2483 1458 2510 animi
1473 2490 1503 2511 se
1528 2483 1616 2518 ipsum
1632 2484 1754 2511 vinceret
1771 2493 1780 2511 :

992 2537 1054 2564 «luat
1096 2529 1225 2556 nimirum
1251 2529 1369 2556 niaxima
1397 2528 1491 2564 illique
1521 2530 1777 2560 convenientissim-

987 2575 1101 2606 victoria
1118 2579 1201 2603 esset.
1230 2573 1332 2601 Deinde
1353 2574 1518 2610 legationem
1545 2580 1713 2610 exponentes
1729 2583 1775 2610 pc-

987 2625 1059 2654 tunt,
1078 2625 1108 2648 ut
1136 2621 1266 2658 pietatem
1285 2628 1349 2656 erga
1368 2621 1492 2649 defuncti
1512 2621 1686 2655 imperatoris
1708 2621 1772 2648 libe-

987 2672 1044 2696 ros,
1059 2665 1220 2697 clementiae,
1238 2665 1350 2693 excelsa:
1364 2666 1462 2694 mentis
1476 2672 1508 2693 ac
1531 2665 1683 2700 prudentiae
1718 2673 1774 2692 suae

989 2716 1120 2738 :eternum
1149 2717 1356 2740 monumentum
1383 2713 1560 2747 relinqueret.
1585 2712 1704 2739 Atenirn
1729 2719 1778 2738 ne-

776 2796 881 2828 Jacobi
897 2798 1028 2830 Pontani
1052 2804 1143 2831 nota).

186 2865 241 2896 (65)
261 2865 350 2898 Quare
366 2866 390 2892 in
403 2873 538 2893 carcer-n1
552 2867 668 2893 traditus
682 2867 853 2895 Andronicus
866 2869 932 2895 Asa-

153 2908 211 2936 ucs,
229 2902 273 2936 qui
288 2906 376 2928 tamen
398 2910 497 2935 genero
514 2902 672 2929 adversatus
691 2903 797 2938 Ιγείιιιι·1
815 2905 927 2941 perinde

988 2878 1015 2897 ut,
1035 2873 1148 2898 cvtcri?
1169 2873 1287 2899 Sed-hoe
1305 2873 1486 2907 Apor‘aucllus
1507 2873 1588 2906 fcc’t;
1607 2882 1686 2901 causa
1704 2875 1778 2909 indi;

983 2914 1040 2937 cum
1058 2913 1099 2934 Cal
1114 2915 1210 2946 supra;

1799 2996 1908 3068 Α
