3978 6406
391 435 419 445 -
532 432 695 442 ...-
1132 427 1283 438 .......

170 418 3404 493 Mm
412 462 3287 487 ,ω

882 674 1388 841 DIVI
1508 672 2688 839 BBUNONIS

409 1188 1195 1356 OPERUM
1278 1184 1925 1349 TOMUS
2014 1184 2375 1345 SEU
2452 1185 2936 1346 PARS
3020 1189 3156 1345 Π

395 1766 410 1778 -
536 1682 1342 1845 lllPtlSI’l‘IoNES
1396 1682 1527 1842 IN
1582 1680 1953 1843 ours
2004 1680 2625 1843 uiuens
2675 1682 3034 1841 um

1222 1970 1710 2039 RECENSITUS
1756 1966 1857 2035 ET
1899 1972 2384 2035 EMENDATUS

166 2142 393 2209 Studio
419 2158 491 2205 ac
527 2142 742 2205 labore
773 2141 842 2201 P.
875 2138 1200 2202 Theodori
1236 2140 1513 2213 Parnm,
1554 2136 1951 2215 Campensis,
1984 2133 2394 2196 Coloniensis
2415 2131 2772 2196 Carthusim
2804 2132 3088 2207 alumni;
3129 2133 3325 2213 idque
3342 2137 3421 2199 de

619 2263 948 2326 voluntate
980 2259 1509 2324 reverendissimi
1540 2260 1744 2323 Patris
1776 2256 2121 2338 generalis,
2157 2255 2354 2318 totius
2390 2255 2638 2318 ordinis
2668 2254 2973 2317 ministri.

1694 2486 1805 2556 Ego
1836 2496 2009 2540 autem
2036 2486 2173 2538 sicut
2204 2475 2345 2539 oliva
2375 2483 2655 2553 fructifera
2687 2486 2741 2536 in
2773 2484 2928 2537 doma
2962 2481 3075 2535 Dei.

2251 2574 2419 2645 (Psal.
2445 2591 2518 2643 ιι,
2548 2590 2691 2631 vers.
2728 2570 2822 2661 f0.

1162 2936 1646 3004 VENERABILI
1692 2940 1773 3002 IN
1812 2940 2156 3003 CHRISTO
2199 2934 2438 3001 PATRI

1243 3088 1265 3149 ’ξ
1406 3090 1412 3095 ’
1682 3110 1928 3166 nomine

974 3270 1493 3380 HECTORI
1572 3280 2040 3407 HtENlO,
2115 3282 2646 3405 VITENSI,

410 3527 416 3531 ‹
498 3476 850 3542 Carthasim
885 3476 1269 3540 Trcuirensis
1297 3478 1538 3549 Priori,
1561 3495 1641 3536 ac
1658 3478 2008 3555 provinciae
2045 3475 2242 3537 Rheni
2281 3472 3157 3554 Visitotorfprudenttssimo.

252 3868 590 3940 Alphonsus,
612 3871 900 3942 Aragoniaa
928 3887 1045 3938 rex,
1074 3881 1135 3926 ut
1154 3872 1234 3926 vir
1263 3881 1380 3927 erat
1421 3872 1616 3927 litteris
1648 3877 1704 3926 et
1733 3880 1921 3927 earum
1958 3870 2261 3925 cultoribus
2301 3871 2546 3940 apprime
2590 3871 2836 3937 deditus,
2875 3886 2998 3927 cum
3044 3872 3338 3941 aliquando
3381 3874 3447 3928 de

186 3961 552 4029 pretiosarum
583 3975 770 4018 rerum
793 3963 1006 4033 jactura
1040 3975 1224 4019 sermo
1254 3964 1567 4029 haberetur,
1594 3963 1888 4018 admodum
1924 3961 2219 4016 reverenda
2243 3960 2295 4015 in
2329 3960 2553 4017 Christo
2592 3960 2787 4029 Pater,
2817 3970 3103 4033 persancte
3157 3962 3449 4021 affirmavit

187 4051 429 4108 mallese
454 4066 720 4123 gemmas,
758 4055 991 4110 uniones
1017 4069 1082 4110 ac
1100 4054 1447 4125 margaritas,
1469 4069 1607 4124 quas
1629 4052 1853 4125 quidem
1890 4052 2205 4122 possidebat
2244 4051 2298 4107 in
2335 4067 2553 4108 omnem
2599 4061 2868 4110 terrarum
2902 4055 3088 4109 orbem
3125 4055 3448 4113 din‘amatis-

189 4150 381 4217 simas,
416 4167 583 4221 quam
611 4152 781 4208 libros
801 4151 1210 4222 qualescunque
1230 4151 1480 4206 amittere
1504 4169 1519 4205 :
1546 4149 1806 4204 nimirum
1833 4148 2117 4219 judicabat
2142 4146 2315 4203 libros
2357 4163 2479 4204 esse
2507 4148 2858 4204 scientiarum
2890 4148 3113 4216 scrinia,
3143 4150 3451 4205 animorum

190 4254 415 4308 pascua,
446 4242 698 4298 divorum
726 4244 945 4298 oracula
970 4261 986 4310 ;
1021 4257 1121 4298 nec
1141 4242 1462 4298 damnosius
1483 4241 1763 4297 hominem
1787 4241 1856 4296 ab
1886 4242 1996 4296 ulla
2031 4255 2090 4295 re
2118 4254 2284 4310 quam
2312 4239 2464 4296 hisce
2505 4240 2731 4296 conchis
2756 4250 2812 4296 et
2844 4241 3128 4296 canalibus
3172 4240 3453 4311 sapientiae

191 4329 386 4386 abesse
421 4346 601 4401 posse.
637 4331 793 4400 Quod
823 4334 869 4390 si
904 4333 993 4389 ille
1015 4349 1116 4390 nec
1142 4333 1426 4390 immensis
1446 4333 1643 4403 opibus
1668 4333 1959 4406 aestimavit
1987 4346 2347 4402 quoscunque
2380 4331 2570 4398 libros,
2596 4332 2806 4388 nullum
2837 4333 3037 4404 quippe
3069 4333 3295 4389 rebatur
3318 4333 3454 4389 adeo

194 4420 465 4479 insulsum
498 4426 727 4495 reperiri
759 4427 892 4497 quin
918 4425 1119 4482 micam
1143 4427 1385 4497 aliquam
1410 4440 1557 4481 sanae
1578 4424 1840 4481 doctrinae
1864 4431 2107 4495 saperet;
2141 4434 2347 4495 quanto
2381 4423 2555 4494 pretio
2587 4425 2827 4495 pendant
2852 4434 3064 4497 oportet
3100 4423 3454 4480 Carthusiani

192 4514 417 4572 clientes
443 4517 778 4574 sanctissimi
806 4519 1134 4589 patriarcha
1164 4519 1250 4574 sui
1275 4517 1575 4583 volumina,
1604 4518 1808 4588 quibus
1834 4515 2103 4587 religiosa:
2129 4513 2479 4586 perfectionis
2510 4515 2747 4572 medulla
2794 4525 2850 4572 et
2890 4517 3167 4589 incognita
3210 4516 3299 4571 illa
3329 4515 3456 4570 tiliis

196 4607 379 4662 saeculi
410 4597 694 4664 dulcitudo
720 4610 1098 4665 concluditur?
1122 4607 1249 4665 Haec
1268 4607 1514 4679 profecto
1550 4608 1850 4679 spiritualis
1897 4606 2121 4677 penaria
2146 4608 2308 4673 sunt,
2354 4606 2422 4661 ad
2461 4607 2707 4662 omnium
2753 4608 3100 4663 alumnorum
3147 4616 3455 4663 vestrorum

197 4696 575 4752 necessitatem
599 4699 681 4754 sic
703 4698 989 4766 instructa,
1018 4707 1073 4755 et
1097 4709 1266 4754 sacrae
1285 4698 1774 4754 Carthusianorum
1807 4697 2027 4753 familia:
2067 4698 2316 4768 propria,
2354 4699 2534 4754 alieno
2569 4708 2629 4754 ut
2656 4694 2961 4755 commeatu
3000 4700 3137 4755 nihil
3173 4708 3358 4769 egeat,
3389 4698 3459 4751 iis

198 4799 327 4839 vero
344 4787 744 4871 deﬁcientibus,
773 4806 900 4845 mox
945 4799 1258 4845 exterarum
1292 4789 1546 4845 ordinum
1580 4790 1872 4860 implorare
1903 4788 2289 4844 abundantiam
2337 4798 2639 4860 cogeretur.
2681 4788 2807 4845 "me
2840 4792 3140 4845 domestica
3172 4789 3456 4851 viridaria,

196 4891 322 4945 qua:
348 4876 737 4936 saluberrimas
763 4880 923 4952 tegi-is
942 4881 1204 4950 sanisque
1225 4879 1424 4935 animis
1450 4879 1650 4936 herbas
1688 4894 1754 4934 ac
1790 4878 2003 4935 radices
2037 4881 2399 4949 suppeditant.
2437 4879 2563 4935 Haec
2594 4880 2822 4952 vestigia
2864 4881 3124 4951 angelicae
3170 4881 3456 4956 doctrinm,

199 4982 361 5036 quam
386 4978 451 5025 ut
476 4970 719 5026 bteredes
748 4970 833 5026 sui
856 4978 1235 5042 sequerentur,
1256 4970 1609 5026 beatissimus
1642 4969 1826 5023 Bruno
1854 4969 2028 5025 tribus
2056 4977 2178 5039 post
2212 4984 2271 5023 se
2304 4969 2674 5023 monumentis
2703 4968 3076 5037 consignatam
3109 4969 3346 5040 reliquit.

274 5051 632 5118 Ulterioribus
654 5062 1013 5133 supersedeo;
1039 5062 1153 5133 jam
1176 5061 1320 5117 enim
1368 5061 1727 5131 conspicaris,
1765 5060 2087 5116 venerabilis
2134 5061 2187 5114 in
2223 5058 2445 5114 Christo
2492 5057 2672 5122 Pater,
2703 5073 2864 5129 quem
2899 5059 2952 5112 in
2998 5075 3224 5130 scopum
3270 5062 3462 5131 hujus-

199 5148 347 5203 modi
383 5166 415 5204 a
439 5162 526 5206 me
551 5151 969 5207 commemorari
994 5160 1173 5222 empta
1194 5151 1323 5218 sint,
1349 5150 1598 5206 videlicet
1622 5160 1682 5205 ut
1708 5149 1843 5206 satis
1864 5151 1964 5205 tihi
1991 5149 2190 5205 factum
2227 5150 2438 5221 iudices
2465 5151 2716 5206 semestri
2761 5150 3030 5206 industria
3060 5166 3180 5207 mea
3198 5195 3213 5217 ,
3246 5154 3339 5223 qui
3368 5171 3464 5209 eu-

204 5252 299 5292 ras
322 5249 373 5294 et
405 5239 692 5297 facultates
713 5254 778 5297 eo
802 5241 1031 5308 contuli,
1060 5256 1172 5312 quo
1195 5241 1536 5298 haereditaria
1571 5241 1661 5296 illa
1688 5242 1963 5312 suppellex
1985 5257 2211 5311 operum
2235 5241 2344 5297 divi
2367 5243 2690 5312 patriarchae
2713 5229 2879 5299 vestri
2903 5259 2932 5298 a
2959 5244 3182 5314 pulvere
3201 5260 3263 5299 ac
3293 5262 3462 5316 squo--

204 5328 321 5383 lore
340 5344 591 5386 errorum
612 5332 829 5387 tandem
858 5332 1246 5404 detergeretur,
1276 5341 1332 5389 et
1347 5333 1598 5403 vestigia,
1619 5349 1742 5403 qius.
1774 5334 1908 5398 dixi,
1939 5333 2178 5388 ccclesiis
2223 5333 2483 5389 doctrinae
2504 5377 2517 5397 ,
2548 5351 2649 5389 usu
2698 5343 2751 5389 et
2797 5335 3060 5405 temporis
3105 5335 3465 5391 diuturnitate

202 5422 593 5491 propemodum
621 5422 816 5491 deleta,
848 5420 1224 5480 reformarem.
1249 5424 1425 5494 Atque
1458 5423 1575 5479 haec
1607 5425 1788 5478 omnia
1819 5424 1934 5477 zelo
1963 5422 2229 5479 excitatus
2263 5422 2326 5475 Β.
2351 5421 2411 5476 P.
2433 5423 2655 5493 V'.,qu:e
2688 5439 2716 5477 a
2740 5423 2997 5492 prasenti
3031 5418 3252 5480 interitu
3284 5424 3455 5478 vindi-

162 5538 165 5539 ν
204 5513 348 5567 cavit
373 5515 429 5567 in
459 5513 821 5597 Lotharingia
851 5514 1203 5572 Carthusiam
1231 5516 1541 5571 Rutilanam
1570 5533 1585 5581 ;
1617 5513 1992 5571 Trevirensem
2041 5530 2170 5569 vero
2217 5532 2280 5569 ea
2321 5517 2613 5586 vigilantia.
2649 5519 2932 5586 hucusque
2965 5505 3178 5597 tuetur,
3223 5518 3384 5571 citius
3405 5526 3461 5570 ut

207 5599 411 5673 Argum
440 5603 617 5671 fallas,
643 5593 892 5675 quam‘in
915 5606 1062 5661 illam
1091 5608 1209 5661 vitii
1235 5607 1425 5672 facies,
1457 5606 1767 5661 excubante
1787 5604 2014 5660 Hectore
2037 5603 2251 5671 Hmnio,
2279 5606 2495 5674 irrepat.

287 5692 409 5759 Quae
434 5711 561 5751 cum
596 5697 671 5751 ita
701 5697 829 5762 sint,
854 5698 997 5753 sicut
1025 5699 1273 5752 dubitare
1296 5699 1459 5755 nolim
1485 5698 1616 5766 quin
1643 5698 1963 5753 clarissimis
1994 5697 2406 5766 utilissimisqne
2438 5698 2641 5765 passim
2676 5697 3013 5752 facinoribus
3057 5698 3229 5752 iusius
3273 5712 3463 5753 omnes

528 5788 799 5847 Parnm.
833 5789 1040 5847 CLIII.
1221 5823 1225 5827 ο
1360 5822 1364 5827 -
3108 5794 3131 5835 t
