4018 6288
501 250 563 307 Η
1052 251 1110 305 S.
1151 251 1497 306 BRUNONIS
1535 248 2178 305 CAliTHUSIANORUM
2219 249 2696 308 INSTITUTORIS
2735 255 2884 312 OPI’.
2927 258 3107 317 PARS
3141 262 3207 318 Il.
3691 279 3759 329 η

499 360 630 415 noni
661 361 958 432 nimiopere
992 358 1320 426 afllciantur,
1354 361 1427 414 ita
1453 368 1508 415 et
1543 359 1841 415 secundum
1870 358 2018 413 hunc
2039 366 2251 413 tomum
2276 360 2484 430 prmfati
2511 362 2571 417 ι).
2599 363 2895 435 Brunonis,
2919 385 3080 440 quem
3107 374 3176 428 ad
3201 376 3440 433 universi
3466 377 3524 434 5.
3549 385 3759 440 ordinis

497 452 667 507 vestri
691 452 1119 508 emolumentum
1141 451 1348 516 recudi,
1379 459 1434 504 et
1459 448 1524 504 Β.
1557 448 1616 502 P.
1647 447 1712 501 V.
1744 448 2058 517 singulatim
2089 463 2405 518 nuncupare
2433 451 2611 508 visum
2643 463 2744 519 est,
2776 465 2990 526 gratum
3021 467 3376 534 optatumque
3407 465 3511 536 ipsi
3547 469 3757 527 olm“-

502 553 686 601 turum
719 545 954 602 conﬁdo.
989 541 1198 597 Valeat.

572 640 814 696 Coloniae
834 639 1080 709 Agripp.,
1117 637 1255 706 prid.
1289 633 1510 688 Kalend.
1541 631 1733 686 Octob.
1764 632 1920 686 1611.

1773 720 2118 778 Venerabilis
2151 741 2209 778 ιη
2239 725 2467 781 Christo
2547 767 2559 780 .
2605 740 2664 781 ν.

2014 812 2408 868 observantiss.

2300 902 2618 960 Bsnsannus
2652 906 2950 988 Gtmxrsat,
2992 914 3126 970 civis
3163 925 3216 972 et
3252 918 3538 990 bibliopola

2349 993 2358 996 ’
2585 999 2948 1059 Coloniensis.

515 1155 3748 1210 ιιι-ΞΜ

1415 1326 1828 1437 DIVI
1899 1328 2835 1448 BRUNONIS

787 1540 1632 1688 EXPOSITIO
1727 1561 1886 1686 IN
1979 1565 2837 1702 EPISTOLAS
2930 1574 3443 1709 PAULI.

1680 1813 1774 1901 S.
1846 1814 2549 1911 HIERONYMI

1415 2002 1458 2070 ι
1498 1999 1924 2060 ΡΒᾹΞἘᾹΤΙΟ
1968 2000 2050 2062 ΙΝ
2092 2001 2524 2066 EPISTOLAS
2565 2007 2819 2070 PAULI.

569 2343 808 2408 Primum
849 2335 1109 2408 quaeritur
1137 2348 1307 2400 quare
1331 2342 1454 2402 post
1475 2331 1921 2404 Evangelia,quaa
1941 2349 2071 2405 sup-
2100 2343 2146 2400 Α
2175 2341 2332 2409 quasi
2373 2340 2682 2396 destructor
2719 2340 2854 2413 legis
2891 2343 3024 2400 falsa
3074 2346 3389 2417 suspicione
3423 2351 3744 2423 habebatur,

493 2436 828 2507 plementum
860 2427 996 2502 legis
1029 2434 1177 2490 sunt,
1207 2434 1261 2480 et
1309 2424 1366 2478 in
1393 2424 1595 2494 quibus
1639 2425 1798 2480 nobis
1824 2427 2070 2496 exempla

493 2539 548 2584 et
574 2531 841 2598 praecepta
867 2519 1079 2574 vivendi
1103 2517 1422 2588 plenissime
1442 2517 1651 2588 digesta
1673 2525 1822 2584 sunt,
1837 2518 2072 2572 voluerit

495 2617 792 2689 Apostolus
822 2614 923 2668 has
953 2610 1222 2681 Epistolas
1243 2609 1309 2662 ad
1337 2607 1580 2678 singulas
1609 2606 1878 2662 Ecclesias
1902 2607 2070 2664 desti-

495 2723 646 2763 nare.
690 2705 798 2761 l'lac
821 2712 1004 2758 autem
1055 2716 1222 2757 causa
1270 2698 1472 2754 factum
1505 2698 1736 2763 videtur,
1764 2707 1824 2752 ut
1864 2699 2070 2754 scilicet

496 2800 651 2854 initia
673 2794 950 2852 nascentis
970 2791 1246 2856 Ecclesia,
1278 2789 1433 2844 novis
1463 2789 1647 2844 causis
1686 2789 2064 2855 existentibus,

493 2887 838 2960 prmveniret,
871 2894 926 2941 et
951 2892 1012 2938 ut
1040 2882 1328 2953 prtesentia
1355 2889 1518 2950 atque
1540 2879 1772 2934 orientia
1799 2889 2068 2936 resccaret

491 2980 654 3045 vitia;
681 2988 734 3034 et
775 2985 898 3046 post
927 2974 1140 3030 futuras
1167 2971 1479 3028 excluderet
1506 2971 1854 3041 quaastiones,
1879 2987 2066 3026 exem-

493 3075 586 3144 plo
625 3069 1037 3141 prophetarum,
1063 3065 1159 3136 qui
1205 3073 1328 3133 post
1357 3062 1558 3118 editam
1588 3063 1756 3132 legem
1789 3061 1980 3134 Moysi,
2013 3063 2066 3116 in

497 3174 606 3230 qua
656 3157 841 3212 omnia
882 3154 975 3208 Dei
1029 3153 1282 3207 mandata
1329 3151 1665 3222 legebantur,
1713 3150 2069 3206 nihilominus

500 3245 972 3304 tamen'doctrina
1017 3259 1115 3298 sua
1145 3242 1380 3298 rediviva
1425 3257 1639 3312 semper
1681 3241 1864 3311 populi
1919 3257 2069 3296 eom-

493 3354 745 3412 pressere
793 3345 1050 3408 peccata;
1102 3343 1156 3388 et
1204 3322 1424 3402 propter
1473 3333 1780 3402 exemplum
1825 3333 2066 3399 vivendi,

493 3429 662 3484 libros
685 3427 752 3482 ad
775 3433 1017 3480 nostram
1058 3423 1222 3478 etiam
1262 3421 1584 3477 memoriam
1628 3422 2064 3478 transmiserunt.

491 3516 696 3572 Deinde
721 3514 982 3586 quieritur
1011 3529 1110 3568 cur
1137 3529 1246 3567 non
1271 3511 1506 3582 amplius
1527 3528 1690 3581 quam
1719 3512 1904 3566 decem
1943 3511 2070 3582 Epi-

492 3608 663 3663 stolas
711 3607 780 3662 ad
819 3604 1090 3662 Ecclesias
1135 3603 1436 3674 scripserit.
1481 3603 1675 3658 Decem
1731 3611 1860 3658 sunt
1891 3603 2064 3668 enim,

2171 2430 2342 2484 voluit
2387 2431 2553 2486 tacito
2602 2433 2822 2490 nomine
2879 2435 2947 2490 de
2995 2437 3184 2508 figuris
3220 2439 3366 2511 'legis
3415 2451 3472 2497 et
3514 2447 3746 2504 veritate

2171 2519 2375 2577 Christi
2419 2523 2644 2579 reddere
2689 2526 2991 2592 rationem,
3043 2543 3112 2584 ne
3164 2529 3348 2586 odium
3399 2536 3640 2594 nominis
3686 2540 3742 2594 in

2171 2610 2349 2667 fronte
2401 2614 2744 2682 praetitulati,
2775 2615 3060 2672 utilitatem
3106 2619 3420 2677 excluderet
3468 2625 3738 2683 lectionis.

2169 2700 2288 2756 Non
2310 2713 2395 2758 est
2422 2719 2554 2759 sane
2581 2705 2782 2760 mirum
2811 2707 2857 2762 si
2887 2707 3227 2779 eloquentior
3261 2711 3510 2769 videatur
3535 2716 3590 2770 in
3620 2733 3745 2788 pro-

2169 2792 2309 2862 prio,
2347 2793 2400 2848 id
2429 2803 2514 2850 est
2554 2793 2800 2862 Ilebrzeo,
2828 2812 2994 2868 quam
3041 2799 3097 2854 in
3139 2803 3444 2872 peregrino,
3487 2803 3540 2859 id
3573 2815 3654 2861 est
3685 2807 3740 2861 in

2169 2879 2378 2946 Graeco,
2405 2897 2516 2952 quo
2546 2893 2754 2940 caetera:
2775 2885 3032 2956 Epistola:
3065 2899 3192 2946 sunt
3212 2891 3448 2962 scriptae,
3463 2909 3736 2951 sermone.

2171 2971 2346 3028 Movet
2365 2975 2528 3028 etiam
2567 2977 2835 3046 quosdam
2869 2993 3041 3049 quare
3077 2978 3448 3039 Romanorum
3498 2984 3740 3056 Epistola

2171 3064 2224 3117 in
2245 3065 2424 3134 primo
2457 3067 2529 3120 sit
2557 3068 2756 3137 posita,
2789 3083 2916 3137 eum
2952 3084 3072 3126 eam
3105 3087 3214 3127 non
3258 3074 3438 3144 primo
3479 3077 3739 3147 scriptam

2171 3155 2311 3209 ratio
2333 3155 2662 3212 manifestet.
2687 3157 2824 3214 Nam
2845 3159 2987 3216 hanc
3011 3175 3071 3216 se
3091 3162 3523 3232 proficiscentem
3549 3165 3741 3223 Hiero-

2171 3244 2431 3315 solymam
2461 3246 2748 3316 scripsisse
2769 3255 3020 3317 testatur,
3035 3265 3160 3306 cum
3183 3250 3496 3310 Corinthios
3522 3263 3576 3310 et
3601 3256 3740 3312 alios

2166 3334 2280 3404 jam
2329 3345 2474 3400 ante,
2516 3345 2577 3392 ut
2603 3337 2964 3394 ministerium
3003 3341 3150 3411 quod
3193 3357 3376 3398 secum
3421 3353 3740 3414 portaturus

2170 3433 2307 3490 erat,
2351 3427 2694 3496 colligerent,
2723 3429 2920 3484 litteris
2975 3431 3292 3488 adhortatus
3337 3433 3426 3490 sit.
3464 3433 3569 3491 Sed
3613 3437 3740 3492 inde

2171 3512 2398 3583 intelligi
2421 3515 2641 3584 quidam
2677 3517 2868 3570 volunt
2893 3518 2964 3572 ita
2996 3531 3186 3575 omnes
3207 3519 3480 3590 Epistolas
3517 3525 3739 3580 ordina-

2172 3609 2277 3666 tas,
2307 3609 2368 3654 ut
2414 3602 2586 3671 prima
2639 3614 2952 3672 poneretur,
3001 3609 3251 3676 quamvis
3276 3611 3544 3678 posterior
3573 3611 3738 3668 fuerit

493 3709 620 3754 cum
673 3712 738 3752 ea
792 3711 915 3766 qua:
961 3695 1164 3750 dicitur
1213 3695 1280 3750 ad
1336 3693 1620 3759 Hebraeos;
1672 3710 1798 3748 nam
1848 3695 2068 3764 reliquae
2098 3687 2140 3747 Β
2168 3693 2458 3758 destinata,
2505 3702 2565 3747 ut
2602 3709 2699 3764 per
2751 3695 2994 3766 singulas
3040 3696 3312 3767 Epistolas
3366 3701 3622 3770 gradibus
3665 3703 3736 3759 ad

492 3795 731 3858 quatuor
777 3786 846 3842 ad
875 3785 1174 3855 discipulos
1200 3783 1508 3854 specialiter
1534 3791 1663 3839 sunt
1690 3792 1968 3854 porrectae.
1994 3783 2066 3840 Ut

446 3876 452 3882 ’
488 3877 802 3934 ostenderet
845 3873 1057 3930 Novum
1087 3889 1198 3929 non
1240 3874 1553 3944 discrepare
1595 3889 1626 3927 a
1659 3871 1836 3928 Veteri
1877 3873 2066 3928 Testa-

494 3978 701 4034 mento,
730 3976 787 4022 et
835 3981 894 4022 se
937 3973 1125 4022 contra
1168 3965 1342 4035 legem
1383 3980 1490 4019 non
1543 3962 1721 4018 facere
1765 3963 1956 4034 Moysi,
1997 3965 2065 4018 ad

491 4073 783 4114 numerum
839 4056 1142 4126 primorum
1199 4054 1450 4124 Deealogi
1497 4055 1875 4110 mandatorum
1937 4071 2066 4112 suas

497 4148 774 4219 Epistolas
817 4145 1145 4213 destinavit;
1185 4154 1238 4200 et
1279 4153 1414 4216 quot
1445 4145 1534 4200 ille
1558 4144 1842 4215 przeceptis
1861 4161 1892 4200 a
1918 4144 2062 4200 Pha-

489 4254 662 4296 raone
717 4238 954 4294 instituit
1009 4237 1297 4301 liberatos,
1349 4235 1570 4308 totidem
1607 4236 1696 4291 hic
1734 4235 1988 4306 Epistolis
2032 4252 2063 4292 a

493 4327 696 4385 diaboli
715 4339 770 4384 et
782 4327 1100 4382 idololatriae
1115 4326 1374 4381 servitute
1395 4325 1585 4380 edocet
1596 4323 1913 4395 acquisitos.
1928 4322 2063 4379 Nam

492 4431 546 4476 et
578 4420 718 4476 duas
768 4419 982 4474 tabulas
1027 4417 1296 4488 lapideas,
1341 4415 1573 4471 duorum
1615 4424 2062 4471 testamentorum

493 4511 725 4582 figuram
751 4509 1008 4563 habuisse
1035 4507 1137 4562 viri
1166 4506 1519 4562 eruditissimi
1551 4505 1906 4561 tradiderunt.
1934 4505 2062 4576 Epi-

495 4605 695 4660 stolam
753 4618 886 4658 sane
929 4617 1052 4672 quae
1095 4601 1162 4656 ad
1211 4599 1465 4655 Hebrmos
1523 4599 1806 4674 scribitur,
1841 4601 2063 4670 quidam

494 4696 652 4752 Pauli
697 4709 806 4749 non
863 4708 989 4749 esse
1034 4691 1332 4758 allirmant,
1383 4707 1449 4746 eo
1477 4691 1622 4761 quod
1671 4707 1780 4746 non
1831 4691 1902 4747 sit
1944 4691 2064 4761 ejus

495 4785 716 4840 nomine
739 4783 972 4849 titulata,
996 4791 1050 4836 et
1071 4791 1291 4852 propter
1310 4781 1580 4836 sermonis
1607 4781 1839 4854 stylique
1859 4781 2081 4852 distan-'

495 4875 661 4928 tiam:
693 4872 789 4927 sed
831 4879 927 4926 aut
969 4871 1248 4934 Barnabte,
1303 4869 1457 4939 juxta
1504 4868 1935 4935 Tertullianum;
1971 4877 2066 4923 aut

493 4963 674 5029 Luca},
695 4963 850 5033 juxta
873 4962 1169 5032 quosdam;
1200 4961 1283 5015 vel
1305 4971 1450 5015 certe
1469 4959 1785 5026 Clementis,
1810 4959 2064 5029 discipuli

494 5025 906 5126 apostolorum;
945 5061 998 5107 et
1041 5025 1282 5122 epis-copi
1332 5050 1591 5107 Romanae
1633 5050 1892 5106 Ecclesite
1939 5025 2063 5120 post
2089 5025 2136 5088 (ἶ

493 5146 770 5216 apostolos
814 5144 1069 5200 ordinati.
1109 5141 1320 5210 Quibus
1363 5141 1802 5212 respondendum
1849 5148 1970 5196 est:
2001 5139 2058 5194 Si

491 5243 777 5308 propterea
801 5234 958 5290 Pauli
977 5250 1083 5289 non
1107 5234 1346 5304 eritquia
1373 5233 1492 5302 ejus
1523 5247 1631 5285 non
1655 5232 1816 5286 habet
1840 5245 2060 5295 nomen,

494 5342 625 5398 ergo
651 5342 752 5384 nec
779 5326 1013 5397 alicujus
1034 5326 1156 5392 erit,
1180 5325 1310 5395 quia
1325 5325 1527 5377 nullius
1550 5323 1770 5376 nomine
1784 5321 2060 5384 titulatnr;

493 5419 642 5490 quod
660 5419 707 5473 si
734 5419 1123 5473 inconveniens
1145 5415 1551 5481 absurdumque
1579 5421 1682 5474 est,
1697 5411 1868 5480 ipsius
1889 5411 2064 5480 magis

495 5523 617 5563 esse
650 5507 992 5564 concedenda
1025 5514 1131 5572 est,
1155 5519 1278 5574 qua:
1299 5511 1451 5557 tanto
1475 5501 1738 5556 doctrinae
1759 5516 1871 5554 sum
1895 5499 2063 5570 fulget

496 5599 729 5666 eloquio.
770 5597 876 5653 Sed
928 5596 1186 5666 quoniam
1219 5593 1359 5662 apud
1396 5591 1744 5646 llebrzeorum
1795 5590 2062 5645 Ecclesias

2165 3782 2490 3852 perfectiora
2513 3785 2808 3840 veniretur.
2840 3784 3211 3843 Romanorum
3239 3805 3474 3862 namque
3488 3791 3736 3863 plerique

2164 3875 2217 3943 2
2241 3883 2350 3928 tam
2386 3874 2550 3932 rudes
2571 3884 2749 3942 erant,
2770 3885 2832 3931 ut
2857 3891 2966 3931 non
2989 3877 3350 3950 intelligerent
3369 3879 3465 3936 Dei
3487 3897 3546 3937 se
3561 3883 3735 3953 gratia

2163 3973 2347 4021 etnon
2399 3967 2516 4020 suis
2558 3967 2771 4021 meritis
2817 3984 2939 4023 esse
2985 3969 3241 4036 salvatos,
3269 3979 3325 4026 et
3375 3972 3446 4026 ob
3481 3973 3586 4028 hoe
3625 3973 3736 4030 duo

2164 4057 2306 4110 inter
2334 4072 2393 4111 se
2419 4057 2603 4126 populi
2639 4057 3034 4114 conﬂictarent.
3071 4059 3276 4116 Idcirco
3321 4063 3443 4117 illos
3493 4064 3735 4136 indigere

2163 4147 2360 4202 asserit
2387 4147 2617 4217 corrigi,
2644 4148 2774 4202 vitia
2815 4149 3130 4220 gentilitatis
3171 4152 3352 4221 priora
3401 4167 3736 4208 commemo-

2165 4254 2312 4293 rans.
2357 4237 2648 4293 Corinthiis
2676 4249 2858 4294 autem
2897 4240 3006 4311 jam
3055 4241 3185 4297 dicit
3227 4243 3466 4298 scientia:
3502 4245 3732 4314 gratiam

2161 4325 2282 4382 esse
2305 4341 2646 4393 concessam,
2671 4336 2726 4382 et
2750 4343 2858 4382 non
2909 4337 3018 4384 tam
3049 4344 3240 4384 omnes
3272 4330 3535 4402 increpat,
3565 4349 3732 4403 quam

2164 4432 2266 4472 cur
2294 4425 2584 4487 peccantes
2600 4433 2709 4473 non
2741 4418 3157 4489 increpavcrnnt
3183 4422 3558 4490 reprehendit;
3590 4425 3734 4479 sicut

2163 4509 2238 4563 ait
2267 4508 2536 4562 :Auditur
2563 4509 2700 4563 inter
2729 4527 2814 4564 vos
2847 4511 3151 4580 fornicatio.
3194 4511 3261 4566 Et
3315 4513 3510 4569 iterum
3538 4534 3551 4568 :
3589 4515 3733 4571 Con-

2164 4597 2393 4667 gregatis
2428 4597 2569 4650 vobis
2611 4613 2728 4650 cum
2773 4615 2886 4652 meo
2930 4600 3152 4668 spiritu,
3187 4601 3392 4654 tradere
3431 4602 3733 4672 Imjusmoa’i

2166 4684 2400 4739 Satanw.
2435 4683 2493 4739 In
2525 4685 2763 4740 secunda
2793 4701 2921 4742 vero
2947 4686 3218 4742 Corinthii
3255 4689 3566 4756 laudantur,
3593 4701 3648 4748 et
3675 4701 3736 4748 ut

2164 4775 2338 4846 magis
2372 4790 2436 4830 ac
2491 4775 2666 4846 magis
2711 4777 2996 4846 proficiant
3041 4791 3476 4836 commonentur.
3526 4781 3736 4838 Celata:

2163 4881 2292 4920 vero
2313 4865 2426 4936 jam
2464 4867 2667 4922 nullius
2716 4867 2964 4924 criminis
2991 4879 3316 4940 arguuntur,
3345 4870 3450 4926 nisi
3483 4872 3589 4928 hoc
3613 4882 3734 4928 tan—

2163 4958 2300 5017 tum,
2347 4953 2494 5022 quod
2543 4953 2913 5010 cailidissimis
2969 4957 3434 5026 pseudoapostolis
3485 4959 3732 5016 credide-

2165 5052 2311 5097 runt.
2346 5041 2558 5112 Ephesii
2584 5059 2716 5099 sane
2739 5045 2884 5099 nulla
2923 5047 3373 5116 reprehensione,
3421 5049 3519 5104 sed
3561 5051 3734 5105 multa

2167 5135 2325 5192 laude
2347 5148 2474 5192 sunt
2498 5124 2670 5206 digni,
2717 5137 2846 5207 quia
2884 5137 3042 5192 fidem
3077 5139 3436 5208 apostolicam
3483 5155 3735 5196 servave-

2166 5235 2313 5281 runt.
2343 5225 2704 5297 Philippense:
2731 5227 2895 5283 etiam
2921 5229 3093 5283 multo
3126 5229 3299 5300 magis
3329 5228 3732 5298 collaudantur,

2164 5317 2258 5387 qui
2290 5332 2390 5372 nec
2417 5317 2606 5372 audire
2638 5318 2858 5388 quidem
2916 5317 3083 5373 falsos
3117 5320 3395 5388 apostolos
3420 5320 3730 5377 voluerunt.

2168 5408 2650 5464 Tltessalonicenses
2707 5397 3066 5465 nihilominus
3111 5397 3166 5464 in
3211 5410 3424 5465 duabus
3474 5409 3732 5480 Epistolis

2163 5499 2310 5552 omni
2336 5498 2494 5553 laude
2521 5501 2886 5570 prosequitur,
2919 5516 2984 5554 eo
3033 5501 3175 5570 quod
3227 5515 3338 5556 non
3369 5501 3544 5556 solum
3569 5501 3732 5554 tidem

2163 5590 2550 5645 inconcussam
2583 5591 2912 5646 servaverint
2937 5591 3199 5654 veritatis,
3217 5591 3311 5646 sed
3337 5592 3496 5646 etiam
3529 5591 3584 5646 in
3607 5606 3732 5646 ner-
