3978 6388
259 281 317 342 I3
691 279 1055 337 EXPOSITIO
1090 278 1156 333 IN
1196 276 1575 333 EPISTOIAS
1615 272 1839 328 PAULI.
1880 303 1948 312 —
1982 270 2277 327 PROLOG.
2319 271 2387 325 IN
2427 268 2645 327 EPIST.
2688 263 2779 326 AD
2819 270 2984 329 ΗΘΜ.
3398 240 3471 330 Π

251 406 507 454 secutionc
530 396 733 450 civium
783 394 984 450 fuerint
1015 399 1330 449 constantes
1351 388 1573 446 inventi.
1610 386 1796 444 Colos-
1828 396 1870 452 Α
1904 387 1973 442 Et
2002 405 2088 444 vos
2107 387 2300 459 fratres
2325 387 2617 444 imitatores
2652 388 2784 459 facti
2831 390 2957 444 estis
2987 388 3347 445 Ecclesiarum
3372 391 3471 448 Dei

250 506 405 545 sense:
435 495 610 542 autem
656 487 791 542 tales
811 495 986 552 erant,
1021 494 1102 551 ut,
1135 500 1259 539 cum
1288 484 1357 539 ab
1382 482 1645 554 Apostoio
1697 481 1798 537 visi
1899 497 2017 550 quo:
2040 488 2161 535 sunt
2186 480 2243 533 in
2267 477 2492 534 Judtea:
2519 482 2703 535 eadem
2730 480 2875 535 enim
2914 480 3063 550 passi
3095 482 3223 535 estis
3247 490 3298 536 et
3324 499 3411 538 vos
3439 501 3475 538 α

247 576 581 649 corporaliter
607 592 718 632 non
746 576 1003 641 fuissent,
1036 578 1139 631 hac
1163 575 1325 629 laude
1349 573 1498 644 digni
1527 573 1797 627 haberem-
1899 568 3138 642 contribulibusvestris,qttreetillialudteisﬂl
3152 570 3473 644 Thes.n,l.)

246 678 342 724 tur.
365 668 479 721 Etsi
507 683 739 737 corpore,
774 668 969 736 inquit,
993 667 1179 720 absens
1214 680 1351 731 sum,
1377 664 1469 718 sed
1495 664 1689 734 spiritu
1710 678 1799 717 υοι
1903 662 2061 732 Αριιά
2094 663 2242 733 ipsos
2275 678 2495 733 quoque
2532 661 2787 718 Hebraeos
2822 662 3013 718 eadem
3058 673 3470 730 commemorat,

244 760 429 813 bilicum
468 774 612 824 sum,
646 758 911 828 gaudens,
960 767 1010 810 et
1060 757 1237 811 videns
1292 755 1530 809 ordinem
1569 761 1798 807 vestrum
1899 752 2087 809 dicens
2120 771 2134 807 :
2165 751 2309 809 Nam
2345 762 2395 809 et
2422 755 2608 808 vinctis
2637 754 2897 824 eompassi
2941 753 3098 819 estis,
3141 761 3193 807 et
3229 753 3474 823 rapinam

243 847 429 919 (Catos.
456 862 492 901 il
514 888 530 911 ,
562 847 641 916 5).
669 845 747 901 De
775 845 1015 900 Hebraeis
1036 860 1169 900 vero
1194 844 1324 915 quid
1373 841 1661 898 dicendum
1692 848 1796 902 est.
1902 842 2155 897 bonorum
2192 851 2482 899 vestrorum
2532 861 2650 899 eum
2692 845 2887 916 gaudio
2925 844 3250 913 suscepistis,
3276 859 3471 914 cogno-

250 952 457 1009 ruorum
512 936 1029 1003 Thessalonicenses,
1080 937 1174 1006 qui
1235 934 1533 1005 plurimum
1587 930 1792 986 laudati
1898 942 2098 987 scentes
2140 950 2226 987 vos
2257 934 2443 988 habere
2471 933 2827 988 melioremet
2876 941 3169 989 manentem
3228 932 3473 987 substano

251 1038 372 1095 Eant,
394 1028 693 1084 imitatores
718 1026 844 1083 facti
872 1042 994 1084 esse
1019 1027 1297 1082 dicuntur.
1355 1024 1510 1079 Sicut
1538 1023 1656 1093 ipsc
1686 1023 1788 1076 ait:
1902 1022 2033 1075 tiam
2061 1021 2246 1093 (Hebr.
2283 1039 2347 1087 x,
2380 1024 2491 1092 54).

822 1316 1245 1383 PROLOGUS
1278 1314 1679 1381 SPECIALIS
1719 1312 1797 1377 IN
1830 1314 2284 1377 EPISTOLAM
2318 1320 2426 1378 AD
2457 1312 2862 1380 ROMANOS.

298 1480 523 1536 Romani
545 1489 676 1536 sunt
717 1480 812 1551 qui
847 1495 912 1535 ex
945 1478 1151 1535 Judaeis
1200 1488 1254 1533 et
1272 1477 1523 1550 gentibus
1546 1475 1791 1531 eredide-
1825 1477 1867 1531 Β
1894 1490 2109 1545 semper
2146 1477 2201 1530 in
2244 1477 2459 1533 deserto
2495 1486 2684 1533 contra
2717 1477 3005 1534 Dominum
3034 1484 3463 1539 murmurastis:

235 1581 367 1626 runt.
396 1569 461 1624 lii
492 1570 727 1640 superba
749 1568 1095 1624 contentione
1113 1565 1367 1621 volebant
1394 1578 1453 1619 se
1473 1563 1794 1619 alterutrum
1896 1566 1965 1622 ad
1996 1566 2312 1640 Egyptum,
2331 1569 2475 1624 unde
2495 1585 2593 1625 vos
2622 1584 2789 1625 manu
2820 1570 2998 1626 valida
3015 1571 3269 1641 ejecerat,
3291 1575 3471 1630 redire

233 1676 546 1731 supponere.
580 1658 716 1714 Nam
742 1657 917 1713 Judaei
938 1657 1192 1713 dicebant
1212 1675 1230 1711 :
1260 1654 1372 1712 Nos
1401 1672 1594 1713 sumus
1620 1668 1793 1724 popu-
1831 1669 1837 1675 '
1894 1659 2192 1728 cupientes.
2228 1658 2369 1726 Quid
2392 1660 2579 1730 plura?
2611 1659 2687 1714 Ita
2722 1668 2904 1730 patres
2938 1662 3106 1716 vestri
3128 1662 3318 1718 crebra
3344 1679 3482 1734 proo.

232 1752 308 1806 Ius
328 1751 438 1817 Dei,
465 1765 609 1821 quos
640 1750 710 1805 ab
740 1748 900 1804 initio
936 1748 1127 1804 dilexit
1154 1757 1208 1803 et
1243 1745 1398 1815 fovit,
1429 1763 1532 1804 nos
1557 1747 1794 1803 circuma-
1894 1749 2179 1805 vocatione
2243 1749 2533 1806 Dominum
2587 1751 2940 1806 irritaverunt
2965 1794 2982 1818 ,
3029 1760 3092 1806 ut
3154 1768 3344 1810 omnes
3414 1755 3471 1809 in

232 1842 320 1897 eisi
365 1857 428 1896 ex
470 1855 673 1912 genere
720 1839 1030 1905 Abraham,
1074 1847 1263 1894 sancta
1298 1838 1682 1896 descendimus
1726 1851 1793 1891 ex
1892 1855 2079 1896 eremo
2108 1850 2471 1909 morerentur,
2495 1857 2597 1898 nec
2639 1842 2763 1912 plus
2802 1856 2870 1898 ex
2921 1841 3228 1899 senioribus
3279 1858 3471 1900 eorum

230 1934 399 2005 stirpe,
422 1943 477 1989 et
512 1942 679 1988 notus
723 1941 871 1988 retro
915 1932 1057 2002 apud
1108 1928 1350 1986 Iudaeam
1389 1938 1604 1985 tantum
1626 1927 1789 1984 Deus.
1893 1947 2058 2001 quam
2089 1932 2199 1987 duo
2246 1933 2497 1988 homines
2547 1942 2750 1988 terram
2806 1933 3251 2003 repromissionis
3296 1935 3473 1990 intra-

229 2023 326 2081 Nos
345 2025 410 2081 de
435 2024 674 2096 Egypto
695 2024 868 2096 signis
890 2022 983 2078 Dei
1004 2021 1370 2077 etvirtutibus
1394 2019 1793 2088 liberati,mare
1893 2031 2033 2077 rent.
2080 2021 2185 2078 Sed
2234 2024 2369 2094 quid
2414 2024 2643 2094 antiqua
2674 2024 3023 2093 replicamus,
3073 2040 3221 2092 cum,
3256 2026 3472 2082 etiamsi

229 2115 360 2173 sicco
403 2115 866 2187 pertransivimus
909 2116 1065 2186 pede,
1102 2128 1230 2171 cum
1262 2111 1516 2168 inimicos
1569 2119 1792 2166 nostros
1893 2112 1984 2165 illa
2009 2113 2236 2168 minime
2255 2112 2547 2178 fecissetis,
2577 2119 2643 2168 de
2671 2114 2777 2168 hoc
2810 2115 2928 2169 solo
2962 2128 3123 2169 nemo
3150 2130 3248 2171 vos
3275 2116 3471 2186 dignos

227 2208 527 2279 gravissimi
555 2209 755 2265 ﬂuctus
801 2208 1160 2263 involverent.
1205 2202 1376 2261 Nobis
1416 2203 1557 2275 pluit
1588 2218 1789 2258 manna
1891 2205 2047 2259 venia
2070 2205 2339 2275 iudicaret
2357 2204 2505 2274 quod
2541 2203 2831 2259 Dominum
2852 2203 3156 2271 Christum,
3185 2206 3473 2277 propheta.

229 2296 475 2354 Dominus
515 2298 575 2353 in
594 2298 832 2363 deserto,
863 2306 919 2353 et
942 2295 1104 2367 quasi
1129 2295 1255 2350 ﬁliis
1279 2294 1394 2351 suis
1439 2294 1660 2349 caeleste
1693 2308 1790 2363 pa-
1892 2310 2012 2349 rum
2040 2310 2255 2366 semper
2285 2295 2444 2350 vobis
2463 2295 2688 2350 vocibus
2718 2294 3131 2365 repromissum,
3161 2312 3270 2352 non
3290 2298 3469 2353 solum

226 2388 397 2443 bulum
432 2388 793 2445 ministravit.
827 2383 939 2442 Nos
979 2386 1067 2442 die
1111 2392 1388 2455 noctuque
1428 2382 1485 2438 in
1533 2382 1789 2438 columna
1891 2387 2170 2457 suscipere
2208 2386 2484 2452 noluistis,
2523 2386 2619 2442 sed
2668 2386 2831 2441 etiam
2865 2395 3044 2442 morte
3072 2388 3311 2457 pessima
3349 2403 3473 2459 per-

226 2480 374 2535 nubis
419 2480 676 2552 ignisque
725 2479 1025 2550 praecessit,
1075 2487 1135 2533 ut
1183 2477 1343 2533 nobis
1403 2476 1459 2531 in
1490 2475 1638 2530 invio
1687 2474 1789 2529 iter
1887 2476 2317 2544 emistis?Quem
2334 2477 3097 2548 utnoscognovimus,statim
3116 2478 3469 2541 credidimus.

224 2570 541 2626 ostenderet.
565 2572 838 2640 Atque,ut
856 2578 1049 2625 extera
1076 2568 1195 2637 ejus
1225 2566 1369 2621 circa
1393 2579 1493 2619 nos
1522 2566 1786 2618 immensa
1889 2584 2013 2622 cum
2036 2568 2198 2622 nobis
2211 2568 2278 2623 de
2306 2582 2372 2622 eo
2395 2575 2557 2623 antea
2588 2582 2696 2622 non
2729 2565 2891 2622 fuerit
2914 2566 3286 2637 praedicatum.
3315 2565 3473 2622 Unde

226 2661 467 2718 beneﬁcia
496 2670 802 2727 taceamus,
827 2675 930 2715 nos
955 2660 1057 2715 soli
1080 2659 1229 2730 digni
1261 2656 1468 2712 fuimus
1495 2655 1589 2711 Dei
1613 2657 1785 2726 legem
1886 2659 2146 2728 probatur
2168 2658 2334 2729 quod,
2363 2659 2410 2713 si
2437 2658 2595 2713 idolis
2617 2657 2962 2723 servivimus,
2987 2671 3095 2712 non
3117 2657 3473 2713 obstinationi.

222 2755 468 2824 accipere,
506 2761 566 2809 et
598 2767 788 2809 vocem
838 2751 932 2806 Dei
985 2750 1258 2821 loquentis
1316 2748 1526 2814 audire,
1557 2747 1787 2816 ejusque
1819 2804 1857 2824 η
1890 2750 2109 2816 mentis,
2129 2750 2221 2805 sed
2250 2749 2570 2820 ignorantiae
2615 2748 3006 2818 deputandum.
3043 2744 3149 2815 Qui
3184 2750 3329 2804 enim
3374 2763 3469 2804 co—

226 2804 468 2824 __--r---,
513 2804 564 2809 _-
990 2804 1078 2821 η,
1244 2804 1251 2806 ἡ
1513 2804 1525 2814 ,
1585 2804 1605 2816 .
1699 2804 1715 2816 .
1891 2804 1901 2805 κ
1959 2804 1967 2805 κ
2170 2804 2175 2805 κ
2269 2804 2299 2820 ..
2685 2804 2699 2818 .
3054 2804 3090 2815 τ

221 2859 540 2916 cognoscere
563 2845 921 2900 voluntatem.
950 2841 1011 2897 In
1032 2857 1139 2912 qua
1165 2841 1281 2912 lege
1304 2840 1460 2895 nobis
1485 2837 1791 2909 promissus
1816 2804 1858 2862 Ο
1892 2843 2101 2915 gnitum
2152 2840 2299 2897 illico
2349 2841 2652 2913 sequimur,
2685 2840 2813 2895 olim
2852 2841 3040 2911 utique
3090 2856 3467 2911 sequeremur,

221 2945 296 2989 est
312 2934 588 3003 Christus,
621 2935 690 2990 ad
721 2950 861 3004 quos
883 2933 1048 2989 etiam
1075 2933 1192 3003 ipse
1224 2946 1284 2987 se
1312 2930 1529 2986 venisse
1559 2937 1790 2985 testatus
1893 2935 1939 2989 si
1976 2941 2135 2989 antea
2166 2934 2637 3004 cognovissemus.
2673 2931 2765 2987 Sic
2812 2940 2994 2987 autem
3019 2946 3117 2987 vos
3158 2932 3225 2986 de
3253 2931 3470 3001 generis

221 3034 313 3091 est,
342 3025 573 3082 dicens:
611 3026 734 3080 Non
776 3027 891 3080 veni
941 3008 1048 3079 nisi
1097 3025 1165 3078 ad
1200 3040 1317 3078 oves
1359 3039 1476 3093 qua:
1527 3023 1789 3091 perierant
1892 3022 2175 3077 nobilitate
2200 3021 2441 3092 jactatis,
2466 3021 2623 3091 quasi
2645 3036 2752 3076 non
2788 3036 3003 3075 morum
3036 3018 3269 3074 imitatio
3295 3020 3470 3088 magis

221 3117 390 3171 domus
427 3116 607 3171 Israel
629 3116 849 3189 (Matth.
881 3133 970 3181 xv,
1000 3116 1128 3186 2i);
1156 3131 1284 3170 cum
1300 3129 1396 3169 vos
1417 3129 1581 3169 canes
1611 3113 1790 3182 potius
1891 3130 2055 3185 quam
2081 3114 2319 3170 carnalis
2346 3113 2603 3168 nativitas
2637 3111 2779 3167 ﬁlios
2799 3126 2896 3166 vos
2926 3109 3091 3166 faciat
3111 3124 3231 3165 esse
3259 3117 3472 3164 sancto-

219 3220 369 3275 quam
398 3208 656 3263 homines
702 3208 1074 3278 appellaverit.
1121 3205 1432 3276 JEquumne
1462 3220 1592 3275 ergo
1619 3213 1704 3259 est
1732 3213 1792 3257 ut
1891 3221 2034 3261 rum.
2084 3204 2327 3273 Denique
2368 3203 2513 3259 Esau
2559 3210 2615 3257 et
2642 3201 2835 3258 Ismael
2889 3215 3015 3257 cum
3067 3199 3135 3255 de
3165 3198 3332 3269 stirpe
3360 3200 3472 3254 sint

220 3294 349 3351 idola
370 3297 539 3353 hodie
560 3298 896 3363 deserentes,
927 3296 1128 3369 quibus
1169 3297 1240 3352 ab
1266 3296 1423 3351 initio
1451 3294 1787 3358 deservistis,
1889 3297 2140 3361 Abrahze,
2186 3295 2411 3350 minime
2466 3303 2646 3350 tamen
2697 3293 2751 3347 in
2797 3291 2924 3348 ﬁliis
2982 3298 3323 3361 rcputantur.
3374 3289 3471 3345 llis

216 3387 361 3443 nobis
383 3389 812 3458 eomparemini;
843 3398 898 3443 et
926 3404 1036 3443 non
1069 3388 1250 3458 potius
1292 3386 1348 3441 in
1392 3382 1786 3456 proselytorum
1889 3389 2069 3445 taliter
2098 3386 2511 3452 altercantibus,
2533 3385 2829 3455 Apostolus
2865 3399 2924 3439 se
2964 3382 3204 3438 medium
3236 3381 3472 3451 interpr.-

215 3474 382 3532 loeum
407 3494 475 3534 ex
535 3478 669 3550 legis
704 3479 1029 3534 auctoritate
1057 3487 1111 3533 et
1141 3476 1532 3533 consuetudine
1558 3476 1786 3546 depute-
1889 3497 2050 3549 nens,
2080 3482 2156 3536 ita
2185 3480 2422 3551 partium
2462 3479 2672 3535 dirimit
2719 3477 3072 3550 qumstioncs,
3101 3485 3163 3533 ut
3211 3486 3469 3532 neutrum

215 3569 373 3623 mini?
420 3570 488 3627 Et
542 3570 648 3626 hoc
689 3571 867 3641 ipsum
921 3585 1030 3625 non
1074 3567 1464 3633 merebamini»
1511 3566 1616 3622 ηἱδί
1659 3567 1800 3638 ﬁniit
1838 3638 1841 3639 ν
1888 3590 2080 3633 eorum
2107 3590 2207 3632 sua
2226 3574 2440 3645 justitia
2464 3572 2698 3629 salutem
2719 3572 2990 3628 meruisse
3015 3570 3324 3637 conﬁrmet,
3352 3586 3491 3635 ams

212 3659 349 3730 ιπεει
388 3676 615 3731 semper
639 3661 733 3716 Dei
759 3661 1048 3717 Clementia
1093 3659 1264 3714 νοίιιίί
1287 3673 1383 3714 V05
1431 3658 1498 3713 ad
1541 3669 1783 3714 "05mm
1888 3667 1989 3723 bos
2016 3681 2148 3722 vero
2171 3667 2403 3736 populos
2424 3674 2479 3720 et
2524 3664 2758 3720 scienter
2785 3673 2840 3718 et
2875 3662 3114 3734 graviter
3138 3661 3466 3732 deliquisse:

212 3750 567 3810 imitationem
629 3754 935 3809 admittere.
988 3753 1189 3808 Gentes
1250 3751 1415 3806 etiam
1477 3748 1785 3805 econtrario
1886 3748 2103 3814 ,ῐυάωοε
2144 3757 2364 3827 quidem
2422 3755 2568 3825 quod
2633 3770 2732 3824 per
2784 3751 3287 3824 pmvaricationcm
3336 3752 3470 3823 legis

211 3845 610 3914 respondebam
637 3863 651 3899 ε
684 3844 899 3912 Quanto
930 3844 1076 3900 enim
1123 3842 1332 3912 maiora
1385 3856 1513 3911 ei?“
1556 3855 1654 3894 νοῦ
1692 3839 1785 3894 Dei
1887 3849 2057 3906 Deum
2082 3846 2567 3913 inlionoraverint;
2592 3855 2779 3917 gentes
2800 3859 2928 3900 vero
2951 3844 3121 3915 quod,
3144 3859 3268 3898 cum
3290 3845 3470 3914 cogni-

210 3931 463 3991 beneﬁcia
518 3936 898 4002 narraveritis,
926 3943 1080 3989 tanto
1117 3932 1344 4003 majoris
1394 3945 1493 3985 vos
1537 3929 1786 3985 criminis
1888 3950 2003 3997 (um
2026 3941 2094 3996 de
2112 3949 2365 3996 creatum
2392 3937 2706 3993 creatorem
2729 3945 2791 3991 ιιι
2811 3934 2980 3991 Deum
3001 3935 3287 3990 debuerim
3308 3949 3469 3989 vene-

211 4039 325 4082 reos
352 4043 475 4084 esse
502 4027 904 4084 monstrabitis.
952 4025 1179 4096 Semper
1212 4024 1359 4080 enim
1406 4022 1493 4078 his
1527 4021 1785 4078 omnibus
1886 4034 2011 4100 ηιξ,
2045 4033 2275 4106 gloriam
2317 4030 2438 4102 eius
2466 4030 2521 4085 in
2552 4043 2719 4084 manu
2757 4027 2900 4084 facta
2929 4026 3261 4082 mutaverint
3290 4025 3466 4081 simu-

212 4118 490 4174 exstitistis
518 4118 740 4189 ingrati.
763 4116 899 4173 Nam
934 4118 1068 4188 ipsis
1089 4116 1318 4188 pedibus
1342 4114 1543 4185 quibus
1567 4113 1780 4169 aridum

1892 4129 2063 4184 Iaera:
2095 4134 2356 4195 utrosque
2386 4123 2575 4187 etiam,
2605 4119 2855 4177 similiter
2878 4119 3093 4174 veniam
3120 4117 3463 4177 consecutos,

210 4222 350 4264 mare
376 4209 685 4276 transistis,
716 4209 985 4266 ludebatis
1004 4217 1130 4264 ante
1156 4207 1299 4263 idola
1324 4221 1446 4277 quae
1469 4204 1704 4271 fecistis;
1728 4213 1781 4261 et

1897 4218 2124 4289 aequales
2150 4230 2272 4271 esse
2316 4211 2666 4268 voracissima
2709 4210 2922 4265 ratione
2948 4208 3305 4272 demonstrat,
3332 4222 3468 4277 pne—

211 4297 320 4369 iDSO
346 4317 441 4358 ονε
474 4318 593 4373 quo
638 4302 802 4372 Ρεηιιο
832 4311 957 4358 θηῑθ
997 4302 1069 4357 0b
1115 4315 1306 4356 “000m
1339 4297 1780 4354 adversariorum
1890 4310 2078 4368 sertim
2103 4323 2229 4363 cum
2262 4306 2316 4360 in
2343 4303 2534 4360 eadem
2575 4303 2692 4374 lege
2720 4301 3039 4371 prtedictum
3078 4307 3133 4355 et
3155 4298 3372 4355 Judteos
3414 4305 3470 4351 et

209 4386 430 4448 Domino
461 4393 854 4458 cantaveratis,
885 4392 1178 4448 simulacra
1234 4389 1392 4446 vobis
1440 4388 1554 4444 ﬁeri
1591 4388 1643 4458 3
1681 4403 1780 4458 po-

1892 4412 2077 4474 geates
2126 4400 2194 4454 ad
2238 4396 2446 4453 Christi
2477 4395 2639 4451 ﬁdem
2686 4391 2965 4450 vocandos
3017 4407 3140 4447 esse
3185 4389 3463 4451 ostendat:

207 4484 470 4552 poscistis.
524 4483 636 4541 illis
688 4484 863 4540 oculis
911 4483 1114 4554 quibus
1162 4481 1471 4537 venerando
1516 4479 1686 4536 Deum
1728 4481 1778 4535 in

1896 4490 2245 4564 quamobrem
2281 4485 2526 4541 vicissim
2566 4497 2663 4539 eos
2704 4480 3026 4545 humilians,
3065 4479 3131 4533 ad
3172 4493 3360 4548 pacem
3414 4487 3467 4531 et

196 4548 342 4628 'nube
374 4574 462 4629 vel
506 4573 633 4644 igne
666 4572 982 4643 conspicere
1030 4570 1326 4632 solebatis,
1363 4568 1656 4624 simulacra
1698 4567 1785 4622 in-
1890 4548 2240 4636 eoncordiam
2271 4576 2610 4634 cohortatur.

171 4662 524 4718 .tuebamini.
578 4661 774 4718 Manna
823 4676 1043 4732 quoque
1099 4659 1254 4713 vobis
1312 4656 1699 4723 fastidiofuit,
1730 4665 1785 4710 et

1566 4759 2074 4823 ARGUMENTUM.

275 4866 510 4922 Romani
545 4874 676 4921 sunt
712 4864 880 4934 partis
909 4862 1095 4917 Italiae.
1125 4860 1188 4934 lii
1213 4859 1471 4934 przeventi
1497 4868 1627 4915 sunt
1653 4875 1685 4913 a
1714 4857 1868 4934 falsis
1892 4852 2181 4934 apostolis,
2200 4859 2252 4917 et
2281 4848 2384 4904 sub
2411 4846 2645 4934 nomine
2908 4839 3083 4934 Epiri

209 4908 1132 5007 sti.
1153 4908 2090 5007 inancti:Iiosifevocatiipostolus
2117 4908 2183 4976 ad
2211 4912 2403 4973 veram
2434 4927 2488 4972 et
2517 4914 2884 4985 evangelicum
2908 4909 3089 4975 ﬁdem,
3114 4908 3360 4963 scribens
3383 4909 3463 4963 eis

210 5022 237 5059 a
263 4992 552 5072 Coritiiiio,
584 4992 679 5075 per
699 4992 960 5068 Plimbcu,
989 5003 1297 5056 ministram
1329 4999 1586 5054 Ecclesia:
1612 4992 1997 5053 Cenelu-cnsis.

3279 5106 3405 5141 -ι-σῗ

1860 5116 3275 5153 Μ

229 5144 1387 5171 5W

1066 5291 1694 5386 PROLOGUS
1764 5293 1869 5378 B.
1947 5245 2602 5379 BRUNONIS.

274 5471 476 5527 Paulus
510 5469 745 5525 nondum
764 5465 992 5521 Romam
1015 5472 1253 5530 venerat,
1280 5464 1375 5520 sed
1401 5479 1496 5535 per
1516 5462 1781 5534 quoslam
1888 5470 2004 5517 erat
2037 5457 2422 5514 inconveniens
2460 5452 2757 5510 altercatio.
2785 5447 3244 5505 Ccrtahanlcnim
3285 5446 3459 5502 Judaei

207 5565 506 5635 discipulos
528 5563 599 5617 ibi
628 5563 1001 5633 praedicantes,
1028 5559 1185 5613 ﬁdem
1205 5566 1557 5627 susceperant
1577 5556 1783 5625 aliquot
1887 5569 1944 5607 se
1969 5552 2163 5607 debere
2186 5548 2427 5620 praeferri
2455 5545 2764 5617 gentilibus,
2801 5550 2855 5597 et
2886 5539 3114 5635 gentiles
3154 5539 3461 5635 econtrario

211 5628 459 5717 Romani.
726 5653 973 5719 gentiles,
1017 5651 1213 5718 part’ni
1252 5647 1443 5713 Judaei,
1474 5647 1615 5701 inter
1642 5662 1780 5715 Q'IQS
1884 5643 2158 5707 digniores
2193 5638 2395 5693 Ιιιίιιιεῖς
2443 5636 2637 5690 debere
2677 5649 2735 5687 se
2758 5631 2873 5686 fleri
2915 5628 3248 5684 asserebant.
3278 5628 3457 5681 (larisa
