3978 6410
495 373 562 428 16
1055 365 1117 423 S.
1154 363 1504 422 BRUNONIS
1539 361 2181 420 οΑητιιυειΑΝοιιυιι
2219 359 2702 417 INSTITUTORIS
2739 360 2890 415 OPP.
2927 362 3104 417 PARS
3144 365 3208 416 ll.
3643 369 3702 424 ιδ

491 483 799 541 Iudaeorum
833 480 951 535 haec
976 487 1116 544 erat,
1151 479 1282 548 quia
1309 476 1659 548 repromissio
1694 475 1856 546 hujus
1883 474 2064 530 salva-
2093 483 2140 539 Α
2169 489 2264 529 seu
2297 473 2546 544 gentiles,
2573 473 2641 528 ad
2671 471 2830 528 ﬁdem
2850 487 3174 542 conversos;
3221 475 3290 530 de
3313 475 3572 546 quibusin
3593 480 3720 538 hunc

489 575 654 630 tionis
673 561 815 627 facta
837 579 956 625 erat
977 563 1222 640 patribus
1247 582 1460 635 eorum,
1488 574 1548 621 ut
1575 565 1872 632 Abraham,
1898 563 2068 620 David

487 673 543 720 et
562 663 804 729 caeteris;
861 661 992 731 quia
1019 660 1185 715 etiam
1218 666 1276 716 et
1311 657 1458 714 Deus
1485 657 1592 712 illis
1633 655 1857 710 dederat
1893 655 2065 726 legem

487 764 542 811 et
563 753 876 826 prophetas,
911 766 1038 822 quae
1061 750 1244 806 omnia
1285 748 1686 820 praesignabant
1713 746 2068 803 salvationem

485 860 585 914 per
607 844 886 899 Christum
921 841 1184 908 futuram,
1217 841 1457 912 gentium
1488 846 1670 894 autem
1707 839 1762 893 in
1789 838 1938 893 nullo
1962 838 2067 892 ho-

485 952 610 990 rum
637 935 989 999 meminerat;
1014 933 1244 1002 ideoque
1264 945 1360 987 eos
1379 928 1538 999 digne
1558 927 1927 999 praeferendos
1949 942 2071 984 esse

485 1025 736 1094 gentibus
773 1025 828 1078 in
863 1025 967 1079 hac
1000 1021 1316 1078 salvatione.
1361 1018 1692 1074 Econtrario
1707 1017 1942 1090 gentiles
1972 1034 2071 1089 op-

484 1116 778 1182 ponebant,
812 1115 932 1169 ideo
969 1112 1187 1168 Iudaeos
1222 1110 1418 1166 debere
1441 1109 1679 1180 judicari
1717 1109 2070 1180 indigniores,

484 1207 614 1273 quia
643 1205 688 1260 si
719 1204 861 1260 Deus
883 1211 1086 1258 tantam
1113 1215 1306 1256 eorum
1341 1199 1675 1270 diligentiam
1700 1198 1986 1265 habuerat,
2009 1206 2070 1254 ut

485 1310 608 1363 quae
633 1295 912 1364 praemissa
951 1301 1080 1348 sunt
1114 1291 1222 1347 illis
1250 1291 1534 1356 tribueret,
1565 1289 1667 1359 ipsi
1710 1289 1766 1344 in
1812 1289 2068 1344 omnibus

484 1387 641 1441 abusi
675 1371 886 1440 fuerant
909 1384 1074 1439 bonis
1113 1381 1210 1437 Dei
1238 1398 1251 1433 :
1275 1370 1684 1451 praevaricando
1704 1381 1874 1452 legem
1903 1395 2066 1450 quam

481 1475 699 1530 dederat
729 1491 741 1525 :
769 1472 1168 1529 contemnendo
1185 1471 1482 1541 prophetas
1521 1484 1664 1540 quos
1691 1469 1916 1526 miserat
1947 1487 1962 1524 :
1998 1468 2067 1524 ad

483 1565 734 1618 ultimum
787 1563 1124 1617 Salvatorem
1173 1561 1276 1616 sibi
1313 1561 1542 1617 missum
1593 1561 1916 1617 damnantes
1941 1575 2069 1616 cru-

482 1656 562 1710 cis
587 1655 870 1724 patibulo;
894 1668 1067 1724 quare
1089 1652 1272 1722 potius
1293 1653 1348 1707 in
1370 1652 1459 1709 his
1478 1652 1709 1724 deprimi
1726 1669 1892 1724 quam
1920 1652 2068 1708 exal-

482 1745 584 1797 tari
611 1745 902 1809 deberent;
943 1743 1038 1798 sed
1067 1741 1173 1812 ipsi
1201 1742 1429 1812 gentiles
1457 1740 1653 1796 merito
1682 1739 1928 1811 pra-ferri
1974 1741 2067 1796 de-

481 1838 692 1901 berent,
719 1835 835 1906 qui,
869 1844 926 1889 ut
951 1832 1192 1904 primum
1213 1833 1503 1889 audierunt
1517 1833 1740 1888 verbum
1765 1831 1882 1897 Dei,
1905 1831 2067 1886 ﬁdem

387 1957 394 1963 ε
481 1925 536 1995 4
557 1933 938 1994 susceperunt,
967 1924 1096 1980 etsi
1123 1933 1250 1980 ante
1279 1938 1390 1979 non
1412 1923 1776 1990 crediderant,
1807 1922 1935 1992 quia
1969 1937 2069 1977 nec

483 2014 658 2085 legem
700 2029 802 2068 nec
851 2015 1146 2084 prophetas
1184 2014 1510 2078 habuerant,
1563 2011 1904 2068 excusabiles
1947 2027 2067 2068 sese

479 2107 815 2162 asserebant.
833 2105 1009 2173 Quam
1031 2106 1353 2162 seditionem
1375 2105 1504 2176 quia
1529 2104 1805 2175 discipuli,
1832 2117 2068 2176 quorum

480 2199 864 2269 praedicatione
891 2199 1140 2254 conversi
1179 2199 1417 2264 fuerant,
1449 2199 1643 2254 sedare
1682 2213 1790 2252 non
1836 2195 2068 2274 suﬁicie-

481 2291 630 2354 bant,
649 2289 920 2343 miserunt
944 2289 1010 2344 ad
1031 2289 1259 2344 Paulum
1280 2331 1295 2354 ,
1317 2298 1380 2343 ut
1398 2304 1492 2358 per
1515 2289 1839 2358 magistrum
1858 2285 1962 2358 [id]
1983 2285 2066 2341 ef-

482 2381 731 2444 ﬁcerent,
758 2378 824 2432 ad
853 2380 1001 2448 quod
1019 2379 1318 2435 auctoritas
1353 2394 1544 2434 eorum
1575 2377 1908 2434 insuﬁiciens
1932 2386 2068 2434 erat.

482 2467 593 2523 llae
620 2478 802 2524 autem
830 2467 1034 2526 Paulus
1065 2477 1284 2542 accepta
1309 2471 1618 2536 occasione,
1641 2469 1830 2544 scribit
1858 2468 1926 2524 ad
1951 2469 2071 2525 illos

483 2563 626 2619 hanc
654 2564 966 2636 epistolam,
1017 2565 1070 2620 in
1097 2581 1206 2636 qua
1239 2564 1526 2620 materiam
1554 2563 1724 2620 habes
1773 2561 2070 2629 Romanos,

2173 563 2397 618 modum
2427 565 2575 636 agit:
2603 563 3018 634 comprimendo
3045 565 3284 635 primum
3307 551 3546 637 gentiles,
3567 585 3627 626 ne
3647 571 3720 626 eiu

2171 643 2392 711 ferendo
2419 665 2497 720 5e,
2531 667 2627 710 seu
2657 655 2726 710 de
2755 655 3044 725 sapientia,
3091 672 3186 712 seu
3222 657 3292 712 de
3317 657 3559 716 libertate
3595 661 3722 717 arbi-

2171 745 2281 812 trii,
2309 744 2496 816 sicque
2515 743 2851 800 detrahendo
2876 743 3064 815 gratiae
3083 744 3313 813 Christi,
3334 747 3646 804 arbitrentur
3672 766 3722 804 se

2169 835 2446 906 digniores
2479 833 2534 888 in
2572 833 2675 888 ﬁde
2702 834 3036 904 quibuslibet
3063 835 3160 905 qui
3185 835 3350 891 ﬁdem
3383 839 3718 908 susceperint,

2173 938 2298 979 cum
2322 939 2419 993 per
2451 923 2682 994 gratiam
2713 921 2810 976 Dei
2839 923 3014 979 solam
3053 924 3188 978 ﬁdes
3215 933 3270 980 ct
3297 913 3519 980 salvatio
3542 927 3704 982 tribua

2170 1024 2280 1070 tur.
2315 1013 2374 1069 Si
2421 1014 2569 1070 enim
2613 1014 2680 1068 de
2727 1013 2902 1068 libero
2943 1013 3172 1072 arbitrio
3215 1030 3275 1070 se
3309 1014 3552 1081 eﬁ‘erunt,
3585 1017 3634 1070 in
3669 1033 3730 1072 en

2169 1106 2358 1178 utique
2383 1104 2679 1176 plurimum
2711 1103 2790 1158 rei
2817 1112 2964 1170 sunt,
2987 1119 3112 1160 eum
3137 1104 3426 1161 habuerint
3454 1107 3728 1160 naturalem

2171 1194 2480 1260 scientiam,
2509 1209 2618 1265 qua
2644 1208 2973 1266 cognoscere
3001 1203 3228 1264 possent
3261 1205 3554 1251 creatorem
3585 1213 3727 1252 suum

2171 1287 2290 1343 sine
2313 1285 2464 1342 omni
2491 1285 2742 1351 docente,
2765 1284 3098 1356 negligentes
3119 1284 3456 1353 Creatorem,
3478 1295 3730 1342 creaturas

2169 1377 2556 1443 adoraverunt,
2579 1386 2632 1432 et
2659 1385 2852 1432 uetera
2883 1362 3080 1443 multa,
3103 1376 3170 1430 ad
3205 1376 3606 1446 deprimendum
3629 1377 3726 1434 cla.

2171 1469 2372 1524 tionem
2418 1468 2700 1540 gentilium
2731 1467 3008 1540 ponit.iln
3051 1469 3406 1538 depressione
3434 1480 3606 1526 autem
3645 1469 3732 1526 Ju»

2168 1539 2434 1625 datorum,
2458 1559 2586 1629 quia
2617 1575 2715 1616 eos
2743 1539 3243 1630 magisbbstinatos
3271 1560 3466 1628 sensit,
3482 1561 3628 1630 quasi
3645 1563 3732 1633 qui

2169 1654 2366 1724 plures
2381 1667 2579 1710 causas
2611 1653 2996 1720 obtenderent,
3028 1653 3235 1710 diutius
3260 1653 3597 1724 immoratur,
3617 1672 3725 1728 pro-

2169 1743 2308 1798 bans
2349 1757 2458 1798 non
2487 1757 2608 1799 esse
2635 1742 3056 1814 superbiendum
3079 1741 3162 1800 eis
3184 1743 3232 1800 si
3260 1744 3434 1816 legem
3452 1755 3504 1800 et
3523 1747 3736 1818 prophe-

2099 1817 2143 1876 Β
2171 1843 2257 1890 tas
2299 1835 2644 1900 habuerunt,
2679 1848 2826 1901 cum,
2873 1833 2926 1888 in
2959 1833 3161 1904 quibus
3201 1834 3420 1904 placare
3463 1817 3731 1892 Dominum

2171 1925 2506 1992 debuissent,
2527 1925 2934 1995 praevaricando
2969 1939 3182 1995 semper
3200 1925 3526 1982 offenderint
3555 1926 3732 1983 Deum.

2177 2016 2304 2074 Haec
2345 2024 2402 2074 et
2437 2017 2542 2072 alia
2573 2017 2745 2073 multa
2781 2015 2849 2071 ad
2878 2017 3306 2086 compescendos
3339 2017 3556 2075 Iudaeos
3581 2021 3734 2076 addu-

2171 2109 2246 2164 cit
2270 2150 2284 2174 ,
2314 2116 2370 2164 et
2402 2123 2468 2164 eo
2499 2108 2606 2164 tiae
2635 2108 2716 2164 sic
2745 2107 2858 2179 agit
2886 2117 2946 2163 ut
2981 2116 3267 2180 utrosque,
3291 2107 3510 2166 Judaeos
3535 2119 3588 2166 et
3610 2127 3735 2182 gen-

2172 2201 2316 2268 tiles,
2348 2200 2605 2271 subjiciat
2627 2201 2816 2271 gratite
2849 2199 2966 2267 Dei,
2999 2201 3282 2258 credentes
3315 2203 3454 2257 nihil
3471 2204 3736 2274 provenire

2173 2291 2376 2348 Iudaeis
2395 2308 2466 2347 ex
2485 2307 2701 2363 genere,
2733 2291 2852 2362 lege
2878 2291 2962 2346 vel
3005 2291 3314 2362 prophetis;
3345 2309 3522 2364 neque
3540 2294 3732 2366 gentili~

2173 2383 2278 2440 bus
2295 2399 2362 2438 ex
2391 2383 2698 2455 ignorantia
2728 2398 2892 2454 quam
2921 2384 3242 2451 obtendunt,
3265 2400 3360 2440 seu
3390 2401 3458 2440 ex
3480 2385 3642 2442 libero
3657 2401 3736 2439 ar-

2173 2475 2357 2531 bitrio.

2339 2707 3341 2726 -”‘m
3379 2722 3384 2728 ι
3403 2721 3407 2724 -
3429 2710 3712 2728 κ

1364 2863 1953 2958 EPISTOLA
2024 2863 2172 2952 AD
2247 2860 2852 2955 ROMANOS.

995 3032 1225 3091 CAPUT
1265 3033 1555 3091 PRIMUM.

555 3148 569 3178 ι
619 3127 820 3182 Paulus
865 3142 1056 3182 servus
1080 3125 1211 3183 Jesu
1239 3127 1468 3192 Christi,
1495 3135 1722 3182 vocatus
1759 3125 2060 3196 apostolus,

485 3239 501 3273 ι
548 3227 864 3290 segregatus
905 3219 960 3273 in
1011 3217 1362 3290 Evangelium
1393 3217 1511 3285 Dei,
1539 3217 1683 3288 quod
1707 3225 1832 3272 ante
1858 3215 2064 3284 promi-

485 3331 500 3358 ι
547 3319 694 3363 serat
721 3324 818 3379 per
843 3308 1138 3379 prophetas
1173 3325 1306 3364 suos
1333 3309 1386 3364 in
1417 3307 1716 3378 Scripturis
1753 3307 1959 3364 sanctis
1996 3306 2064 3361 de

484 3423 500 3450 ε
544 3400 684 3454 Filio
721 3413 842 3466 suo,
872 3399 967 3470 qui
1011 3397 1188 3454 factus
1231 3409 1316 3455 est
1347 3399 1397 3453 ei
1431 3415 1496 3453 ex
1527 3400 1734 3454 semine
1764 3397 1934 3453 David
1972 3413 2062 3452 sc-

483 3513 499 3542 ιι
547 3493 786 3546 cundum
809 3505 1056 3557 carnem,
1079 3491 1174 3561 qui
1204 3490 1619 3561 praedestinatus
1649 3499 1732 3545 est
1761 3487 1932 3544 Filius
1967 3487 2062 3543 Dei

484 3604 500 3634 ι
548 3583 600 3636 in
635 3583 854 3647 virtute,
887 3581 1187 3637 secundum
1222 3579 1484 3651 Spiritum
1517 3580 1968 3637 sanctiﬁcationis
1991 3595 2057 3635 ex

483 3694 499 3723 ι
549 3671 948 3727 resurrectione
1009 3679 1354 3726 mortuorum
1399 3667 1527 3724 Jesu
1582 3668 1793 3725 Christi
1845 3667 2061 3724 Domini

484 3791 498 3817 ι
548 3766 741 3833 nostri,
771 3780 864 3835 per
893 3779 1056 3835 quem
1092 3761 1402 3833 accepimus
1430 3759 1658 3832 gratiam
1695 3771 1750 3816 et
1789 3759 2056 3831 apostola-

484 3877 499 3905 ι
549 3867 684 3917 tum,
711 3855 778 3910 ad
800 3853 1164 3910 Obediendum
1189 3851 1312 3909 ﬁdei
1339 3851 1394 3907 in
1417 3853 1681 3908 omnibus.
1694 3851 1946 3924 gentibus
1961 3864 2062 3922 pro

485 3967 500 3994 ι
546 3946 764 4000 nurnine
808 3944 1049 4014 ejuszin
1089 3943 1289 4014 quibus
1329 3941 1466 3998 estis
1497 3951 1553 3998 et
1598 3957 1699 3997 vos
1728 3941 1905 3997 vocati
1934 3939 2062 3996 Jesu

485 4041 518 4084 ι’
546 4035 778 4101 Christi;
797 4035 1054 4090 omnibus
1071 4034 1165 4104 qui
1186 4032 1512 4090 suntRomtc
1528 4033 1845 4089 dilectisDei
1857 4033 2064 4088 vocatis

549 4110 756 4179 sanctis
781 4139 798 4152 ο
823 4122 1010 4179 Gratia
1052 4122 1208 4178 vobis
1249 4131 1305 4178 et
1329 4138 1434 4193 pax
1458 4137 1488 4176 a
1524 4121 1633 4178 Deo
1655 4121 1834 4187 Patre,
1871 4130 1925 4176 ct
1953 4121 2060 4177 Do-

486 4237 501 4265 ι
552 4218 701 4270 mino
723 4215 912 4271 nostro
929 4213 1058 4270 Jesu
1081 4213 1321 4270 Christo.
1350 4213 1596 4268 Primum
1615 4213 1835 4284 quidem
1860 4213 2062 4284 gratias

486 4327 502 4356 ε
550 4307 653 4378 ag'o
683 4305 796 4361 Deo
825 4320 948 4360 meo
981 4319 1077 4376 per
1115 4303 1301 4359 Iesum
1333 4298 1611 4360 Christum
1666 4318 1764 4372 pro
1805 4301 2062 4358 omnibus

2095 3039 2138 3098 (ς
2177 3053 2194 3082 ι
2241 3032 2428 3087 lizare.
2472 3031 2590 3087 Non
2638 3033 2783 3088 enim
2829 3033 3098 3090 erubesco
3148 3033 3522 3108 Evangelium.
3569 3037 3742 3094 Virtus

2173 3139 2191 3171 ι
2233 3119 2382 3174 enim
2419 3119 2514 3175 Dei
2562 3130 2644 3176 est
2691 3121 2746 3175 in
2790 3122 3023 3178 salutem
3072 3125 3222 3179 omni
3271 3127 3538 3195 credenti,
3563 3127 3742 3184 Iudaeo

2171 3229 2190 3262 δ
2231 3211 2492 3281 primum,
2518 3221 2572 3267 et
2589 3211 2798 3269 Graeco.
2821 3213 3041 3270 Justitia
3063 3215 3208 3270 enim
3231 3215 3326 3272 Dei
3356 3219 3413 3272 in
3442 3234 3510 3274 eo
3546 3221 3738 3274 revela-

2171 3320 2189 3352 c
2235 3310 2322 3357 tur
2342 3317 2409 3358 ex
2439 3302 2543 3358 ﬁde
2573 3304 2626 3358 in
2643 3303 2826 3370 ﬁdem,
2845 3305 2989 3360 sicut
3017 3306 3281 3376 scriptum
3306 3309 3627 3366 est:.lustus
3649 3326 3742 3364 au-

2171 3409 2190 3442 c
2235 3400 2344 3446 tem
2379 3404 2446 3445 ex
2475 3391 2584 3447 ﬁde
2613 3392 2764 3447 vivit.
2799 3392 3091 3448 Revelatur
3117 3395 3263 3450 enim
3285 3395 3366 3450 ira
3394 3396 3495 3453 Dei
3519 3398 3586 3453 de
3611 3399 3741 3454 cmlo

2171 3499 2189 3532 ι
2235 3495 2628 3550 superomnem
2655 3481 2988 3556 impietatem
3011 3485 3416 3556 ctinjustitiam
3463 3487 3739 3544 hominum

2171 3587 2190 3620 ι
2233 3585 2424 3625 eorum
2465 3571 2559 3641 qui
2601 3573 2884 3628 veritatem
2931 3553 3026 3630 Dei
3069 3553 3438 3647 invinjustitia
3467 3579 3738 3634 detinent:

2171 3683 2189 3716 ι
2234 3665 2362 3736 quia
2386 3667 2533 3736 quod
2560 3675 2751 3721 notum
2780 3673 2867 3720 est
2890 3663 2942 3736 5
2968 3665 3090 3732 Dei,
3111 3665 3464 3721 manifestum
3491 3677 3576 3724 rst
3601 3669 3653 3723 in
3683 3667 3745 3721 il-

2171 3773 2190 3806 ι
2231 3754 2318 3810 lis.
2356 3755 2506 3811 Deus
2529 3755 2675 3810 enim
2704 3755 2813 3810 illis
2841 3755 3118 3810 revelavit.
3156 3754 3458 3813 lnvisibilia
3483 3757 3626 3813 enim
3661 3756 3738 3826 ip-

2169 3865 2188 3897 ι
2235 3846 2350 3902 sius
2370 3863 2400 3901 a
2429 3855 2677 3903 creatura
2705 3846 2894 3901 mundi
2916 3861 3014 3916 per
3035 3861 3102 3902 ea
3130 3862 3253 3916 quae
3275 3846 3417 3904 facta
3441 3858 3572 3904 sunt
3595 3848 3744 3904 intel-

2171 3957 2188 3990 ι
2234 3938 2372 3994 lecta
2401 3939 2834 4016 conspiciuntur,
2883 3939 3214 4008 sempiterna
3243 3955 3468 4010 quoque
3487 3941 3607 4011 ejus
3635 3939 3744 3993 vir-

2171 4047 2188 4080 ι
2229 4037 2320 4086 tus
2345 4038 2400 4084 et
2417 4029 2694 4096 divinitas,
2723 4032 2796 4084 ita
2812 4039 2874 4084 ut
2893 4030 3433 4088 sintinexcusabiles.
3455 4031 3593 4100 Quia
3624 4047 3746 4088 cum

2170 4141 2189 4173 ι
2232 4121 2616 4194 cognovissent
2660 4120 2858 4188 Deum,
2897 4137 3006 4176 non
3039 4122 3182 4178 sicut
3207 4121 3378 4178 Deum
3405 4124 3743 4196 gloriﬁcave-

2170 4233 2188 4264 ι
2233 4221 2384 4280 runt,
2413 4221 2508 4268 aut
2529 4205 2732 4282 gratias
2761 4221 2990 4284 egerunt
3033 4231 3046 4267 :
3090 4213 3186 4269 sed
3211 4224 3558 4271 evanuerunt
3578 4214 3632 4268 in
3651 4229 3742 4268 co‘

2171 4323 2188 4354 ι
2233 4303 2591 4375 gitationibus
2615 4304 2754 4370 suis,
2775 4312 2830 4359 et
2853 4305 3204 4361 obscuratum
3239 4314 3324 4361 est
3355 4305 3624 4378 insipiens
3653 4320 3744 4360 cor

483 4417 502 4446 ε
552 4373 711 4452 vobis
731 4415 744 4452 :
768 4395 895 4467 quia
935 4373 1070 4452 ﬁdes
1101 4403 1284 4450 vestra
1329 4393 1686 4450 annuntiatur
1717 4395 1770 4448 in
1810 4394 2064 4449 universo
2097 4373 2140 4428 Ῑ)
2175 4414 2193 4446 ι
2237 4373 2449 4450 eorum.
2477 4393 2728 4451 Dicentes
2755 4396 2902 4451 enim
2928 4411 2988 4452 se
3009 4412 3132 4453 esse
3153 4373 3630 4468 sapientem—stulti
3663 4395 3746 4452 fa—

487 4509 503 4539 ι
547 4489 772 4544 mundo.
819 4486 998 4542 Testis
1035 4487 1181 4542 enim
1223 4486 1356 4542 mihi
1382 4493 1466 4541 est
1497 4480 1661 4552 Deus,
1686 4485 1773 4540 cui
1797 4485 1977 4540 servio
2009 4485 2060 4540 in

487 4599 502 4628 ι
549 4578 743 4649 spiritu
775 4591 899 4632 meo
933 4577 988 4630 in
1020 4573 1315 4647 Evangelio
1339 4574 1458 4630 Filii
1488 4575 1632 4646 ejus,
1653 4574 1799 4645 quod
1832 4573 1952 4629 sine
1976 4573 2062 4627 in-

486 4690 503 4720 ε
549 4670 893 4726 tennissione
920 4667 1241 4724 memoriam
1262 4670 1428 4725 vestri
1455 4669 1594 4725 facio
1621 4683 1836 4740 semper
1865 4669 1918 4724 in
1941 4684 2062 4723 ora-

487 4781 504 4812 ι
551 4763 794 4818 tionibus
821 4761 1322 4828 meiszobsecrans,
1349 4761 1395 4816 si
1415 4761 1692 4831 quomodo
1713 4759 1928 4816 tandem
1959 4759 2060 4814 ali-

489 4873 504 4901 ι
545 4853 764 4922 quando
800 4867 1124 4922 prosperum
1155 4853 1258 4909 iter
1302 4851 1529 4907 habeam
1572 4852 1626 4906 in
1663 4851 1940 4907 voluntate
1969 4850 2062 4906 Dei

489 4962 506 4991 ι
552 4943 797 4998 veniendi
817 4943 883 4998 ad
917 4959 1033 5000 vos.
1064 4943 1320 5002 Desidere
1347 4943 1490 5000 enim
1522 4943 1706 5000 videre
1727 4958 1844 5008 vos,
1877 4953 1935 4998 ut
1963 4944 2062 4998 ali-

491 5056 506 5083 .
553 5035 683 5105 quid
711 5035 992 5106 impertiar
1013 5037 1169 5093 vobis
1203 5039 1389 5109 gratiae
1409 5039 1730 5109 spiritualis,
1769 5039 1834 5093 ad
1861 5037 2062 5094 co:.ﬁr—

489 5145 506 5176 c
551 5127 780 5182 mandes
813 5143 941 5183 vos:
975 5127 1028 5183 id
1063 5137 1146 5183 est
1174 5126 1336 5184 simul
1374 5129 1644 5186 consolari
1673 5131 1726 5184 in
1757 5129 1939 5195 vobis,
1969 5143 2062 5198 per

490 5240 507 5270 ι
555 5235 676 5282 eam
702 5235 826 5290 quae
849 5221 1080 5276 invicem
1112 5228 1196 5276 est
1216 5220 1377 5276 ﬁdem
1405 5231 1638 5286 vestram
1661 5229 1824 5292 atque
1860 5235 2056 5274 meam.

491 5329 508 5360 ι
551 5310 687 5394 Nolo
712 5319 894 5366 autem
921 5323 1022 5366 vos
1049 5311 1326 5382 ignorare.
1367 5309 1582 5374 fratres,
1604 5312 1733 5380 quia
1770 5325 1912 5382 saepe
1936 5327 2060 5382 pro—
2097 5357 2102 5364 .

489 5419 509 5456 ι
549 5401 706 5472 posui
735 5401 922 5457 venire
955 5401 1023 5456 ad
1050 5418 1168 5469 vos,
1189 5409 1244 5458 et
1263 5401 1571 5473 prohibitus
1604 5417 1724 5456 sum
1761 5417 1934 5472 usque
1966 5403 2062 5456 ad-

490 5510 508 5542 ι
555 5492 681 5558 huc,
707 5491 1019 5562 utaliquem
1042 5491 1276 5550 fructum
1309 5492 1536 5548 habeam
1565 5501 1619 5547 et
1643 5491 1696 5546 in
1719 5492 1893 5557 vobis,
1920 5493 2062 5548 sicut

488 5604 508 5637 ι
551 5594 604 5640 et
630 5585 686 5641 in
707 5584 921 5641 caeteris
943 5585 1210 5657 gentibus.
1235 5585 1440 5642 Grrccis
1459 5602 1524 5642 ac
1549 5585 1825 5651 Barbaris,
1848 5587 2062 5656 sapien-

491 5701 508 5730 ε
553 5681 696 5738 tibus
717 5698 780 5738 ac
804 5681 1186 5753 insipientibus
1213 5681 1427 5737 debitor
1451 5697 1594 5746 sum,
1624 5681 1696 5735 ita
1721 5680 1866 5751 quod
1891 5679 1945 5734 in
1975 5695 2062 5733 me

494 5793 508 5822 ε
558 5787 864 5844 promptum
894 5783 977 5830 est
997 5783 1046 5828 et
1083 5773 1259 5842 vobis,
1290 5773 1382 5844 qui
1413 5772 1598 5828 Romae
1631 5773 1796 5840 estis,
1835 5785 2064 5840 evange—

2173 4507 2192 4539 σ
2232 4487 2304 4542 cti
2334 4494 2480 4542 sunt.
2532 4485 2600 4542 Et
2644 4497 2994 4544 mutaverunt
3044 4488 3272 4560 gloriam
3317 4489 3749 4561 incnrruptibilis

2173 4599 2190 4630 ι
2234 4577 2350 4645 Dei,
2375 4577 2431 4632 in
2452 4576 2862 4636 similitudinem
2895 4579 3148 4652 imaginis
3175 4581 3554 4652 corruptibilis
3573 4579 3748 4635 homi-

2172 4690 2190 4723 ι
2233 4671 2341 4738 nis,
2375 4679 2429 4726 et
2459 4667 2762 4739 volucrum,
2787 4681 2842 4727 et
2861 4672 3303 4743 quadrupedum,
3331 4681 3388 4728 et
3411 4681 3747 4744 serpentum.

2171 4785 2190 4818 ι
2229 4764 2456 4836 Propter
2482 4764 2628 4834 quod
2653 4764 3006 4820 tradiditillos
3028 4763 3173 4820 Deus
3194 4765 3250 4820 in
3267 4765 3541 4820 desideria
3569 4762 3745 4820 cordis

2171 4878 2190 4910 ι
2233 4872 2424 4912 eorum
2459 4855 2514 4910 in
2557 4855 2985 4922 immunditiam,
3015 4865 3075 4911 ut
3113 4856 3468 4911 contumeliis
3515 4854 3748 4911 alliciant

2170 4972 2188 5003 ι
2233 4965 2460 5022 corpora
2492 4964 2589 5005 sua
2632 4949 2685 5004 in
2729 4946 3040 5017 semetipsis
3065 4965 3078 5000 :
3103 4947 3231 5017 quia
3273 4952 3747 5003 commutaverunt

2171 5062 2188 5095 ι
2231 5043 2514 5098 veritatem
2542 5043 2637 5099 Dei
2664 5041 2716 5096 in
2747 5036 3116 5101 mendacium,
3141 5047 3194 5092 et
3217 5037 3530 5105 cubuerunt,
3559 5045 3611 5092 et
3639 5052 3748 5092 scr-

2171 5151 2188 5183 ι
2231 5132 2442 5188 vierunt
2469 5142 2732 5188 creaturae
2753 5131 2936 5202 potius
2957 5137 3122 5200 quam
3138 5128 3405 5197 Creatori,
3431 5131 3530 5201 qui
3555 5137 3642 5184 est
3659 5129 3748 5183 bc—

2170 5240 2187 5270 ε
2231 5221 2476 5279 nedictus
2497 5223 2554 5278 in
2575 5221 2794 5278 satcula.
2820 5220 3013 5276 Amen.
3049 5218 3340 5288 Propterea
3376 5220 3608 5275 tradidit
3633 5218 3748 5272 illos

2169 5333 2190 5366 ι
2233 5301 2457 5368 Deus-in
2488 5313 2772 5384 passiones
2797 5309 3128 5382 ignominias.
3163 5308 3302 5364 Nam
3320 5309 3542 5365 femina:
3560 5323 3746 5364 eorum

2170 5424 2188 5455 ι
2228 5405 2657 5460 immutaverunt
2690 5403 2993 5458 naturalem
3024 5417 3209 5468 usum,
3233 5401 3288 5456 in
3321 5417 3447 5457 eum
3471 5417 3633 5457 usum
3657 5397 3746 5470 qui

2171 5521 2187 5552 ι
2233 5505 2318 5552 est
2357 5511 2544 5552 contra
2587 5481 2860 5551 naturam.
2889 5491 3152 5549 Similiter
3182 5501 3366 5548 autem
3395 5501 3453 5547 et
3493 5487 3750 5550 masculi,

2171 5610 2188 5640 ι
2236 5588 2424 5643 relicto
2443 5587 2678 5644 naturali
2713 5602 2813 5642 usu
2840 5585 3053 5640 femina:
3071 5627 3085 5651 ,
3112 5592 3436 5640 exarserunt
3457 5582 3515 5638 in
3537 5579 3749 5638 deside-

2178 5701 2194 5729 ι
2241 5680 2340 5736 riis
2369 5680 2484 5740 suis
2516 5680 2570 5734 in
2603 5679 2835 5734 invicem
2873 5697 2883 5730 :
2919 5674 3148 5732 masculi
3179 5677 3234 5730 in
3263 5673 3545 5730 masculos
3569 5669 3744 5740 turpi-

2178 5791 2196 5822 ι
2245 5770 2482 5826 tudinem
2511 5778 2822 5840 sperantes,
2847 5777 2898 5822 (ἰ
2926 5767 3250 5837 mercedem,
3282 5781 3447 5836 quam
3488 5760 3746 5834 Oportuit,
