3978 6440
238 449 321 513 ‘l'l
863 438 1231 495 EXPOSll‘lO
1268 438 1334 493 ΙΝ
1370 436 1752 493 EPISTOLAS
1789 436 2015 493 PAULI.
2055 468 2122 477 ——
2155 437 2220 491 IN
2256 437 2474 493 EPIST.
2518 439 2608 492 AD
2647 438 2813 494 ROM.
3200 478 3203 481 -
3415 445 3480 499 18

260 585 278 616 ι
312 559 496 619 erroris
518 559 605 615 sui
629 558 683 613 in
706 556 1013 627 semetipsis
1044 555 1382 627 recipientes.
1421 553 1487 609 Et
1523 555 1667 610 sicut
1694 570 1804 608 non
1834 557 1880 614 Α
1905 556 2039 610 satis
2073 556 2225 624 prius
2247 555 2429 609 mirati
2465 558 2701 624 fuerant,
2729 557 3012 612 audientes
3041 555 3268 613 Paulum
3292 561 3484 629 praedi-

258 672 277 707 t
314 652 663 723 probaverunt
694 647 865 703 Deum
896 648 1095 704 habere
1117 647 1171 702 in
1198 646 1409 711 notitia,
1435 645 1655 701 tradidit
1683 645 1805 702 illos

260 764 295 797 ι·
316 744 443 797 Deus
465 740 521 795 in
551 740 841 809 reprobum
870 752 1113 804 sensum,
1136 746 1198 793 ut
1222 737 1424 793 faciant
1447 753 1510 793 ea
1539 753 1660 807 qua:
1694 752 1805 791 non

258 852 274 885 ι
309 830 622 888 conveniunt
644 847 657 883 :
680 829 914 899 repletos
930 829 1079 883 omni
1100 829 1407 899 iniquitate,
1435 826 1666 893 malitia,
1692 824 1804 880 for-

258 947 275 975 ‹
312 923 592 988 nieatione,
619 921 869 989 avaritia,
910 920 1153 991 nequitia
1184 939 1197 975 :
1227 920 1421 991 plenos
1448 918 1673 984 invidia,
1704 917 1804 972 ho-

257 1036 275 1066 c
312 1014 537 1081 micidio,
564 1013 931 1079 contentione,
956 1011 1107 1079 dolo,
1145 1011 1515 1083 malignitate;
1549 1024 1806 1065 susurro-

257 1126 275 1158 ο
314 1121 418 1173 nes,
442 1105 793 1170 detractores,
824 1102 937 1159 Deo
960 1103 1208 1169 odibiles,
1235 1100 1683 1167 contumeliosos,
1707 1115 1804 1155 su-

256 1218 273 1250 ‹
306 1196 507 1269 perbos,
552 1196 745 1262 elatos,
793 1195 1107 1250 inventores
1152 1194 1444 1261 malorum,
1486 1191 1804 1263 parentibus

255 1308 273 1339 ι
312 1302 410 1342 non
429 1286 760 1354 obedientes,
782 1286 1121 1357 insipientes,
1148 1285 1558 1356 incompositos,
1586 1284 1704 1341 sine
1724 1281 1806 1339 af-

254 1398 273 1429 ι
310 1377 549 1445 lectione,
576 1376 786 1449 absque
826 1377 1050 1446 foedere,
1087 1377 1207 1433 sine
1251 1376 1644 1432 misericordia.
1698 1374 1804 1442 Qui

253 1488 270 1521 ι
309 1484 423 1524 eum
446 1468 719 1538 justitiam
741 1469 831 1524 Dei
854 1469 1255 1540 cognovissent,
1272 1483 1381 1523 non
1393 1467 1801 1524 intellexerunt:

253 1580 270 1611 ι
307 1560 555 1631 quoniam
579 1561 674 1630 qui
701 1560 829 1614 talia
857 1569 1044 1631 agunt,
1081 1559 1232 1630 digni
1269 1566 1399 1614 sunt
1444 1567 1661 1614 morte:
1695 1573 1804 1612 non

251 1671 268 1703 ι
307 1653 472 1706 solum
502 1652 598 1722 qui
639 1666 703 1706 ea
742 1649 967 1717 faciunt,
999 1651 1094 1707 sed
1117 1651 1281 1706 etiam
1318 1651 1414 1720 qui
1460 1649 1807 1705 consentiunt

250 1764 268 1798 ι
306 1742 639 1799 facientibus.
690 1762 708 1795 ι

868 1848 1170 1890 Εςιιοδιτιο.

304 1926 452 1983 Sicut
472 1940 595 1981 mos
622 1933 708 1981 est
730 1926 786 1980 in
815 1924 1097 1996 Epistolis,
1132 1924 1361 1979 salutem
1387 1923 1686 1994 praemittit,
1720 1922 1807 1978 di-

242 2031 398 2072 :ensu
424 2013 632 2069 Paulus
652 2014 744 2085 qui
778 2014 932 2084 prius
962 2012 1162 2069 Saulus
1185 2029 1217 2068 a
1258 2013 1423 2070 Sanle
1447 2023 1502 2070 et
1532 2029 1724 2084 genus,
1755 2020 1813 2068 et

242 2122 443 2174 nomen,
464 2115 522 2161 et
544 2105 807 2161 saevitiam
828 2114 1085 2161 traxerat.
1110 2104 1225 2161 Iloc
1242 2112 1426 2160 autem
1452 2120 1650 2160 nomen
1676 2104 1813 2158 Pau-

238 2214 336 2265 tus,
374 2196 603 2253 Hebraea
651 2196 838 2268 lingua
879 2205 1041 2253 sonat
1080 2196 1320 2267 quietus.
1360 2192 1515 2251 Unde
1559 2195 1701 2250 sicut
1743 2209 1811 2249 ex

244 2285 571 2351 auctoritate,
597 2284 726 2355 quia
755 2285 860 2340 hoc
902 2299 1099 2339 nomen
1135 2284 1279 2355 apud
1308 2299 1502 2340 omnes
1543 2292 1732 2338 notum
1757 2292 1813 2339 et

236 2374 549 2429 nonorabile
572 2382 710 2440 erat,
733 2373 817 2429 sic
840 2374 1003 2443 etiam
1023 2389 1090 2429 ex
1112 2374 1434 2430 auctoritate
1455 2388 1556 2430 sua
1581 2374 1724 2431 valet
1744 2374 1812 2429 ad

238 2465 609 2521 intentionem.
644 2462 746 2520 llic
776 2465 926 2529 enim
964 2463 1169 2521 Paulus
1204 2473 1265 2519 ut
1293 2464 1510 2536 quietos
1554 2476 1610 2521 et
1658 2459 1829 2521 tran-'

235 2557 422 2626 quillos
450 2555 602 2612 inter
641 2571 701 2612 se
737 2555 986 2611 redderet
1025 2555 1302 2612 Romanos
1335 2556 1601 2625 intendit;
1640 2557 1722 2613 vel
1764 2557 1811 2613 si

236 2647 427 2705 Paulus
478 2647 677 2703 Latine
704 2647 938 2715 dicatur,
968 2648 1127 2717 quasi
1151 2648 1418 2715 modicus,
1447 2649 1643 2705 iterum
1677 2649 1813 2704 bene

236 2738 294 2795 ad
317 2755 450 2794 rem.
483 2738 590 2795 Hic
614 2738 760 2794 enim
795 2739 1008 2795 laborat
1043 2747 1106 2795 ut
1132 2737 1432 2805 Romanos,
1479 2740 1723 2796 modicos
1759 2749 1815 2796 et

234 2830 458 2887 humiles
483 2846 585 2902 per
606 2830 894 2901 epistolam
914 2829 1177 2897 redditos,
1208 2831 1464 2901 subjiciat
1483 2832 1670 2902 gratia:
1694 2830 1808 2886 Dei.

234 2919 453 2990 Paulus,
484 2922 739 2993 inquam,
769 2937 947 2976 serens
978 2920 1180 2977 Christi
1204 2922 1353 2977 Jesu.
1383 2922 1520 2990 Quia
1555 2923 1813 2979 omnibus

234 3014 400 3070 modis
428 3015 502 3077 ad
538 3015 899 3071 humilitatem
923 3014 1257 3073 suadendum
1298 3016 1388 3071 hic
1415 3015 1665 3081 intendit,
1690 3014 1814 3070 ideo

230 3107 431 3162 nomini
453 3107 763 3178 dignitatis,
792 3122 989 3163 nomen
1019 3107 1316 3178 prteposuit
1341 3107 1685 3163 humilitatis.
1721 3106 1812 3161 Di-

231 3212 353 3252 eens
384 3197 636 3253 :Paulns
660 3213 851 3253 servus
879 3196 1084 3253 Christi
1116 3196 1245 3253 Jesu
1291 3197 1435 3269 regis
1467 3207 1519 3253 et
1557 3197 1814 3259 sacerdo-

229 3286 316 3352 tis,
341 3287 436 3357 qui
468 3287 628 3343 solus
651 3301 839 3356 regere
877 3286 1034 3353 valet,
1064 3296 1228 3356 atque
1262 3287 1575 3357 vespertino
1603 3302 1706 3342 suo
1734 3302 1817 3342 sa-

228 3377 430 3433 crilicio
452 3377 691 3435 salvare.
724 3375 927 3433 Servus
954 3378 1118 3433 etiam
1142 3377 1294 3444 Jesu,
1320 3378 1373 3432 id
1391 3386 1475 3433 est
1497 3378 1817 3443 Salvatoris,

226 3476 418 3535 praeter
442 3480 616 3537 quem
636 3480 796 3543 nemo
827 3465 1038 3522 salvare
1059 3465 1258 3521 sullicit
1281 3484 1297 3520 :
1320 3466 1400 3521 sic
1427 3475 1481 3522 et
1505 3481 1602 3523 vos
1631 3482 1817 3522 exem-

226 3560 312 3630 plo
337 3575 464 3615 meo
487 3559 632 3616 nihil
657 3559 723 3614 de
756 3558 911 3614 vobis
937 3558 1251 3623 contidatis,
1281 3558 1377 3614 sed
1401 3558 1617 3629 penitus
1645 3558 1819 3628 subji-

227 3649 447 3706 ciamini
477 3650 731 3707 servituti
749 3648 877 3706 Jesu
891 3650 1117 3707 Christi.
1139 3648 1361 3718 Paulus,
1385 3651 1820 3722 inquam,servus

223 3742 429 3800 Christi
449 3742 611 3810 Jesu,
635 3750 848 3797 vocatus
870 3756 965 3812 per
981 3743 1212 3813 gratiam
1238 3741 1355 3809 Dei,
1383 3759 1492 3797 non
1517 3744 1711 3798 merito
1740 3744 1819 3799 le-

224 3834 307 3905 gis
334 3836 423 3890 vel
454 3834 699 3906 generis,
728 3833 824 3889 sed
848 3847 946 3904 per
973 3833 1144 3889 solam
1172 3834 1428 3905 gratiam,
1462 3834 1529 3888 ad
1547 3834 1651 3889 hoc
1674 3841 1733 3888 ut
1752 3835 1823 3890 sit

225 3927 530 3995 apostolus,
574 3924 734 3994 cujus
775 3924 1084 3980 auctoritati
1107 3939 1206 3981 vos
1237 3924 1456 3980 obedire
1483 3926 1684 3980 bonum
1714 3935 1818 3982 est.

227 4013 320 4070 Vel
350 4015 569 4072 Paulus
598 4015 903 4085 apostolus,
949 4032 1058 4070 non
1090 4015 1143 4070 in
1178 4016 1413 4083 occulto,
1463 4017 1557 4072 sed
1600 4025 1823 4072 vocatus

222 4108 290 4166 ab
310 4108 604 4174 omnibus,
629 4106 758 4177 quia
781 4107 896 4177 jam
916 4122 1106 4163 omnes
1127 4116 1502 4178 cognoverunt
1529 4123 1618 4164 me
1646 4123 1677 4162 a
1712 4106 1824 4163 Deo

223 4210 618 4281 consecratum
646 4200 978 4270 apostolum,
1015 4200 1160 4256 unde
1197 4199 1371 4271 magis
1402 4200 1535 4255 mihi
1565 4201 1823 4256 obedien-

218 4291 349 4345 dum
379 4301 493 4348 est.
526 4291 665 4358 Qum
684 4300 915 4361 utraque
942 4291 1213 4347 sententia
1243 4292 1387 4349 valet
1421 4291 1489 4347 ad
1529 4290 1824 4361 utrumque

220 4384 522 4453 populum,
545 4382 791 4439 Judaeum
805 4398 902 4438 seu
917 4383 1172 4455 gentilem
1199 4382 1688 4453 comprimendum.
1725 4382 1821 4438 Di-

221 4476 399 4531 versis
431 4474 621 4530 modis
640 4473 955 4530 vocationes
984 4473 1078 4529 Dei
1106 4473 1259 4529 fiunt.
1294 4473 1393 4531 llic
1413 4484 1593 4531 autem
1621 4474 1823 4531 Paulus

1905 655 2118 702 cantem
2146 647 2592 718 gentibus,qnem
2607 663 2887 719 nunquam
2916 647 3182 716 viderant,
3198 650 3488 708 dederunt-

1906 754 2013 809 que
2032 738 2201 794 Paulo
2214 746 2269 793 et
2288 737 2550 795 Barnabte
2562 739 2781 797 dextras
2792 739 3070 796 societatis
3095 738 3298 810 (Calat.
3332 758 3367 796 ιι
3377 785 3390 805 ,
3408 743 3486 812 9),

1907 838 2268 901 approbantes
2300 831 2599 886 doctrinam
2632 847 2842 898 eorum,
2884 846 3053 902 seque
3099 832 3241 887 idem
3286 835 3488 903 praedi-

1907 938 2032 977 care
2057 923 2299 978 dicentes
2323 941 2336 976 :
2367 921 2483 977 Non
2506 923 2654 992 quod
2677 921 2907 978 Paulum
2939 934 3328 980 consecrarunt
3356 940 3488 994 apo-

1908 1013 2129 1080 stolum,
2153 1027 2315 1083 quem
2347 1012 2462 1083 ipse
2490 1012 2633 1070 Dens
2661 1026 3097 1082 consecraverat,
3130 1015 3226 1072 sed
3256 1031 3489 1071 concor-

1906 1101 2099 1157 dantes
2118 1102 2419 1157 doctrinam
2448 1103 2587 1173 ejus,
2621 1112 2682 1158 ut
2712 1104 2763 1159 hi
2805 1102 2899 1174 qui
2940 1121 3036 1176 per
3070 1121 3167 1162 eos
3212 1114 3492 1161 converte-

1907 1202 2115 1261 rentur,
2140 1194 2304 1250 unius
2332 1202 2386 1249 et
2407 1194 2650 1264 ejusdem
2681 1195 2802 1250 lidei
2826 1178 2886 1251 se
2907 1211 3031 1252 esse
3056 1196 3357 1252 crederent.
3395 1193 3492 1249 Vel

1904 1292 2222 1357 ‘segregatus
2263 1300 2293 1339 a
2335 1284 2478 1355 lege;
2506 1286 2634 1355 quia
2664 1300 2788 1341 cum
2818 1300 2920 1357 ego
2963 1285 3300 1355 pharisaeus,
3334 1285 3385 1340 id
3408 1294 3493 1340 est

1907 1385 2114 1442 custos,
2154 1385 2209 1432 et
2242 1375 2308 1432 de
2336 1376 2623 1447 praecipuis
2667 1377 2722 1431 in
2759 1377 2876 1448 lege
2908 1392 3108 1443 essem,
3138 1387 3192 1432 et
3217 1391 3415 1449 genere
3439 1386 3493 1430 et

1898 1468 2153 1533 'seientia,
2179 1467 2369 1522 videns
2395 1481 2515 1522 eam
2540 1482 2648 1521 non
2678 1467 2858 1521 valere
2896 1467 2964 1522 ad
2987 1468 3368 1533 salvationem,
3395 1482 3489 1523 se-

1905 1559 2094 1631 paravi
2115 1575 2202 1614 me
2227 1559 2297 1613 ab
2318 1573 2401 1612 ea.
2427 1557 2565 1625 Quia
2592 1558 2637 1613 si
2653 1574 2753 1629 ego
2777 1559 2870 1630 qui
2897 1567 3081 1614 tantus
3098 1574 3251 1614 eram
3275 1560 3330 1613 in
3352 1560 3491 1630 lege,

1906 1649 2076 1721 legem
2107 1649 2345 1717 deserni,
2375 1657 2582 1720 quanto
2610 1650 2785 1720 magis
2814 1665 2906 1706 vos
2934 1650 3003 1705 ab
3030 1664 3094 1705 ea
3125 1650 3377 1705 recedere
3396 1650 3493 1705 de-

1906 1741 2065 1808 betis,
2094 1742 2189 1813 qui
2217 1742 2375 1814 longe
2406 1756 2494 1796 me
2514 1739 2801 1796 inferiores
2828 1740 2991 1797 estis?
3014 1740 3139 1797 “£80
3159 1741 3346 1795 ultima
3374 1756 3498 1795 sett-

1908 1833 2073 1888 tentia
2097 1841 2304 1903 spectat
2325 1835 2392 1889 ad
2413 1832 2628 1889 Iudaeos
2647 1841 2879 1901 tantum,
2902 1833 3051 1903 prior
3071 1848 3201 1888 vero
3223 1832 3293 1888 ad
3318 1841 3497 1886 utros-

1910 1937 2033 1991 que.
2073 1920 2370 1992 llucnsque
2416 1922 2818 1979 commendavit
2860 1924 3138 1994 propriam
3184 1937 3495 1994 personam,

1912 2021 2025 2067 tum
2050 2027 2148 2081 per
2170 2014 2555 2080 humilitatem,
2578 2022 2691 2068 tum
2720 2029 2818 2083 per
2839 2014 3240 2069 auctoritatem.
3279 2011 3377 2068 llic
3418 2012 3500 2066 in-

1910 2104 2040 2172 cipit
2090 2104 2473 2159 commendare
2515 2104 2956 2173 praedicationem
3014 2119 3203 2171 suam,
3257 2103 3447 2158 dicens
3486 2120 3495 2153 :

1913 2195 2261 2268 Segregatus,
2302 2196 2547 2265 inquam,
2596 2208 2693 2249 seu
2738 2210 2768 2249 a
2817 2194 2954 2264 lege,
2997 2210 3091 2250 seu
3124 2193 3194 2247 ab
3230 2192 3497 2263 apostolis

1912 2286 2056 2354 aliis,
2087 2286 2311 2342 veniens
2345 2287 2401 2339 in
2435 2285 2780 2356 Evangelium
2806 2285 3232 2357 praedicandum.
3258 2281 3474 2352 Erange
3500 2316 3505 2319 ι

1911 2380 2044 2435 lium
2066 2380 2269 2435 bonum
2302 2379 2552 2433 nuntium
2574 2377 2796 2442 dicitur,
2827 2375 3180 2449 Evangelium
3218 2375 3343 2431 dico
3375 2373 3495 2427 Dei.

1910 2465 2061 2526 Nova
2084 2468 2168 2524 lex
2193 2466 2288 2523 Dei
2312 2468 2621 2539 specialiter
2641 2481 2764 2522 esse
2784 2466 3006 2531 dicitur,
3030 2464 3125 2537 qui
3150 2480 3258 2519 non
3285 2479 3381 2534 per
3402 2462 3504 2516 mi-

1914 2560 2177 2627 nistrum,
2207 2560 2302 2615 sed
2337 2575 2459 2615 eam
2504 2575 2601 2630 per
2642 2558 2920 2629 propriam
2960 2573 3251 2629 personam
3297 2556 3502 2613 docuit.

1914 2652 2085 2709 Vetus
2112 2662 2290 2708 autem
2318 2652 2401 2707 lex
2431 2666 2529 2723 per
2555 2642 2808 2724 angelum
2838 2651 2967 2707 data
2991 2659 3075 2706 est
3098 2649 3292 2721 Moysi,
3328 2656 3383 2704 et
3409 2663 3507 2719 per

1914 2744 2136 2816 Moysen
2168 2745 2292 2799 data
2330 2753 2415 2798 est
2447 2741 2676 2810 Judaeis;
2715 2759 2886 2814 quare
2920 2757 3029 2798 non
3065 2744 3137 2797 ita
3170 2742 3389 2813 proprie
3417 2740 3505 2795 di—

1913 2835 2058 2889 citur
2081 2850 2203 2890 esse
2222 2833 2336 2899 Dei,
2354 2834 2492 2904 quod
2516 2833 2889 2904 Evangelium,
2919 2842 3042 2887 ante
3061 2848 3225 2902 quam
3258 2831 3504 2897 daretur,

1913 2927 2227 2996 promiserat
2260 2925 2422 2993 Deus,
2448 2935 2508 2981 ut
2535 2926 2623 2981 ille
2648 2926 2744 2996 qui
2764 2926 2992 2981 daturus
3012 2934 3148 2980 erat.
3186 2921 3508 2978 Promittere

1914 3017 2059 3073 enim
2090 3015 2345 3073 convenit
2383 3015 2458 3084 ei,
2507 3016 2601 3087 qui
2647 3031 2761 3070 rem
2789 3015 3115 3087 promissam
3139 3014 3368 3069 daturus
3395 3020 3499 3067 est.

1919 3107 2071 3164 Unde
2091 3108 2233 3165 Deus
2255 3108 2475 3179 quidem
2497 3107 2777 3179 promisit;
2801 3106 3078 3177 propheta
3096 3120 3225 3160 vero
3246 3104 3393 3158 velut
3413 3103 3512 3157 mi-

1845 3226 1887 3287 C
1920 3200 2098 3267 uistri,
2132 3215 2233 3255 nec
2262 3200 2393 3254 dare
2414 3207 2682 3269 potentes,
2702 3197 3086 3269 prmdixerunt.
3114 3195 3172 3250 In
3199 3195 3305 3250 hoc
3324 3204 3507 3250 autem

1918 3291 2062 3361 quand
2086 3290 2162 3345 ait
2185 3290 2354 3346 Demn
2378 3291 2482 3345 hoc
2510 3288 2833 3361 promisisse
2861 3289 2930 3343 ab
2955 3296 3181 3354 aeterno,
3208 3294 3361 3341 notat
3391 3300 3510 3341 ma-

1918 3394 2081 3453 gnam
2115 3382 2449 3454 diligentiam
2472 3381 2570 3438 Dei
2597 3380 2767 3438 fuisse
2795 3381 2848 3435 in
2873 3380 2981 3437 hoc
3009 3378 3324 3450 Evangelio,
3361 3378 3509 3449 quod

1923 3481 2050 3528 autc
2079 3474 2406 3542 promiserat
2424 3490 2519 3545 per
2537 3472 2840 3544 prophetas,
2865 3472 2918 3526 id
2944 3481 3028 3527 est
3047 3487 3145 3542 per
3165 3486 3261 3526 eos
3296 3471 3389 3541 qui
3421 3468 3510 3523 fu—

1922 3570 2043 3616 tura
2065 3560 2448 3631 prmviderunt.
2483 3560 2550 3616 Et
2567 3561 2696 3631 quia
2726 3559 2949 3615 fuerunt
2970 3560 3190 3629 quidam
3214 3557 3512 3631 pythonico

1921 3654 2117 3723 spiritu
2157 3652 2340 3707 futura
2376 3653 2751 3722 praedicentes,
2791 3651 3013 3723 quidam
3054 3652 3218 3706 etiam
3250 3650 3514 3705 divinitus

1922 3744 2170 3814 inspirati
2204 3744 2614 3814 prophetantes,
2644 3754 2704 3799 ut
2739 3743 2984 3809 Balaam,
3042 3757 3144 3798 nec
3177 3750 3361 3798 tamen
3392 3742 3512 3798 olli-

1921 3836 2066 3890 cium
2118 3835 2224 3891 hoc
2267 3850 2299 3891 a
2348 3833 2460 3889 Deo
2512 3836 2809 3901 habentes,
2848 3834 3173 3890 determinat
3219 3835 3513 3903 prophetas

1921 3942 2074 3991 suos,
2119 3926 2214 3996 qui
2257 3934 2310 3981 et
2358 3925 2640 3980 scientiam
2674 3925 3006 3993 futurorum,
3052 3933 3108 3981 et
3146 3925 3513 3980 ministerium

1922 4017 2279 4088 prophetandi
2310 4033 2339 4071 a
2373 4016 2486 4071 Deo
2526 4027 2870 4087 acceperunt.
2895 4014 2963 4071 Et
2993 4025 3054 4072 ut
3082 4017 3198 4072 haec
3226 4015 3512 4086 prophetia

1920 4118 2181 4180 perpetuo
2215 4119 2481 4176 maneret,
2506 4110 2775 4182 promissa
2800 4120 2883 4165 est
2903 4111 2957 4165 in
2979 4110 3271 4181 Scripturis
3290 4111 3513 4175 sanctis,

1922 4205 1976 4261 id
2007 4213 2093 4261 est
2120 4205 2205 4259 vel
2239 4219 2335 4274 per
2365 4201 2629 4274 Spiritum
2659 4212 2912 4259 sanctum
2939 4203 3121 4269 editis,
3162 4204 3244 4258 vel
3274 4202 3515 4258 sanctiﬁ-

1920 4296 2172 4351 cantibns
2206 4310 2301 4351 eos
2329 4295 2444 4365 qni,
2470 4295 2612 4350 sicut
2633 4296 2931 4365 Scripturae
2953 4295 3170 4360 docent,
3195 4303 3511 4364 operantur.

1923 4385 2024 4443 Βία
2046 4386 2346 4457 ingreditur
2373 4385 2900 4441 commendationem
2926 4384 3152 4452 Christi,
3184 4400 3214 4438 a
3242 4399 3353 4455 quo
3381 4399 3516 4454 prae-

1923 4477 2092 4533 missa
2114 4476 2605 4543 commendatione,
2629 4476 2749 4546 ejus
2771 4491 2830 4532 se
2851 4475 3127 4544 accepisse
3148 4474 3512 4545 apostolatum

220 4575 457 4621 vocatus
488 4573 600 4632 est,
637 4574 693 4621 et
728 4581 825 4636 per
859 4564 1202 4621 alllictionem
1251 4566 1499 4637 corporis
1546 4567 1822 4636 exterius;
1858 4570 1901 4626 D
1924 4565 2059 4622 dicit
2085 4585 2097 4621 :
2130 4564 2449 4637 Scripturis,
2478 4566 2622 4633 dico,
2650 4565 2853 4621 habitis
2873 4564 2938 4618 de
2958 4562 3125 4619 Filio.
3157 4562 3349 4620 Omnis
3370 4565 3515 4619 enim

214 4665 270 4711 et
307 4673 409 4727 per
445 4671 647 4713 vocem
675 4656 881 4712 Christi
905 4656 1136 4713 dicentis
1169 4676 1181 4711 :
1218 4656 1412 4724 Saule,
1448 4659 1575 4729 quid
1599 4676 1681 4714 me
1706 4675 1824 4729 per-

216 4751 460 4817 sequeris
479 4750 509 4802 ?
536 4747 677 4816 (Act.
702 4763 779 4813 Ix,
809 4748 888 4818 4.)
917 4755 973 4803 et
1006 4748 1247 4804 interiori
1274 4749 1648 4820 inspiratione.
1681 4749 1823 4806 Pauv

146 4902 149 4905 _
212 4838 303 4894 lus
333 4840 430 4895 hic
460 4848 795 4907 segregatus,
840 4853 950 4893 non
1001 4839 1327 4895 determinat
1363 4856 1394 4894 a
1439 4856 1568 4911 quo,
1617 4841 1711 4896 sed
1766 4841 1821 4895 in

214 4930 375 4998 quid,
408 4928 634 4986 scilicet
663 4929 718 4985 in
766 4927 1134 5001 Evangelium.
1180 4929 1527 5001 Segregatus,
1574 4931 1821 5001 inquam,

216 5019 305 5075 vel
328 5019 405 5074 ab
436 5018 574 5074 aliis
602 5019 893 5088 apostolis;
918 5019 1047 5089 quia
1068 5018 1147 5074 illi
1165 5019 1447 5075 constituti
1477 5029 1605 5075 sunt
1624 5021 1822 5091 praedi-

217 5121 445 5168 catores
486 5109 828 5176 Judaeorum,
859 5126 959 5181 ego
988 5119 1172 5167 autem
1212 5110 1475 5181 gentium.
1513 5109 1652 5166 Cum
1680 5111 1825 5166 enim

214 5200 436 5258 Paulus
466 5202 544 5258 ad
574 5202 735 5256 fidem
763 5216 1079 5269 conversus,
1107 5201 1412 5257 instructus
1439 5209 1587 5257 esset
1610 5217 1707 5271 per
1734 5202 1830 5256 ali-

216 5303 359 5363 quot
373 5294 509 5355 dies
525 5308 559 5347 a
576 5291 861 5360 discipulis
884 5293 980 5361 qui
997 5300 1157 5349 erant
1184 5291 1436 5349 Damasci
1449 5292 1590 5365 (Act.
1617 5309 1695 5361 ις,
1712 5293 1827 5361 27),

217 5386 504 5441 continuo
527 5384 593 5438 de
608 5382 829 5440 Christo
856 5384 915 5439 in
940 5383 1222 5457 Synagoga
1241 5384 1439 5441 docere
1452 5386 1635 5456 cmpit,
1658 5401 1828 5456 quare

218 5475 571 5547 praepositus
597 5474 848 5533 Damasci
877 5475 1047 5532 voluit
1070 5491 1198 5537 eum
1221 5475 1702 5549 comprehendere,
1731 5476 1827 5532 sed

215 5581 250 5629 ᾳ
282 5564 571 5622 fratribus
591 5565 649 5636 6
671 5581 767 5635 per
794 5581 1013 5623 murum
1036 5566 1312 5623 demissus
1337 5575 1423 5622 est
1447 5566 1503 5619 in
1539 5575 1745 5636 sporta,
1774 5577 1830 5622 et

216 5658 302 5713 sic
321 5656 522 5717 ev‘asit
552 5672 746 5717 manus
765 5658 906 5728 ejus,
936 5666 991 5713 ct
1016 5658 1143 5714 inde
1161 5659 1298 5716 abiit
1320 5659 1375 5714 in
1402 5660 1680 5727 Arabiam,
1695 5675 1832 5731 pra:-

220 5749 430 5809 dicans
455 5748 543 5804 ibi
567 5749 819 5820 gentibus
846 5750 1024 5809 tribus
1051 5751 1232 5818 annis,
1260 5760 1386 5822 post
1413 5750 1555 5823 quos
1594 5752 1754 5807 rediit
1777 5751 1832 5807 in

226 5841 623 5905 Hierusalem,
662 5841 843 5913 ibique
866 5843 1076 5899 invenit
1104 5842 1325 5900 Petrum
1348 5855 1400 5901 et
1430 5843 1711 5912 Jacobum,
1742 5846 1837 5914 qui

1929 4657 2235 4729 Scriptura,
2267 4656 2371 4712 etsi
2398 4657 2465 4712 de
2490 4655 2648 4713 Patre
2682 4672 2778 4714 seu
2809 4657 2877 4711 de
2909 4654 3115 4726 Spiritu
3153 4662 3343 4708 sancto
3370 4664 3514 4723 agat,

1928 4748 2200 4818 praecipue
2223 4747 2291 4804 de
2322 4747 2459 4803 Filio
2490 4747 2704 4803 videtur
2723 4762 2906 4819 agere,
2936 4746 3063 4817 quia
3091 4759 3435 4816 quaecunque
3462 4745 3516 4798 in

1932 4839 2230 4909 Scripturis
2273 4839 2529 4910 praedicta
2569 4838 2742 4904 fuere,
2772 4854 2869 4907 per
2898 4835 3091 4891 Filium
3134 4844 3517 4891 consummata

1929 4939 2079 4988 sunt.
2122 4929 2200 4984 De
2248 4929 2409 4994 Filio,
2439 4930 2585 4996 dico,
2612 4944 2723 4983 non
2757 4926 3033 4997 adoptivo,
3071 4926 3164 4982 sed
3196 4942 3311 4993 suo,
3353 4927 3408 4982 id
3436 4935 3520 4983 est

1928 5020 2384 5076 consubstantiali
2415 5019 2520 5089 ipsi
2561 5027 2616 5073 et
2649 5026 2938 5073 coaeterno.
2972 5015 3076 5082 Qui
3120 5014 3296 5073 Filius
3342 5015 3517 5086 factus

1929 5123 2029 5178 est,
2061 5115 2114 5168 id
2138 5122 2223 5168 est
2245 5111 2510 5167 facturam
2534 5110 2827 5181 quamdam
2859 5109 3088 5179 accepit.
3232 5112 3235 5117 '

2003 5202 2216 5258 Diceret
2254 5202 2450 5274 aliquis
2476 5221 2488 5257 :
2520 5201 2659 5270 Quid
2688 5202 2793 5257 hoc
2827 5209 2914 5258 est
2954 5200 3227 5267 miraculi,
3257 5208 3317 5254 ut
3348 5198 3519 5254 Filius

1930 5309 2055 5350 cum
2077 5293 2236 5348 Patre
2265 5295 2629 5365 sempiternus
2657 5293 2835 5350 factus
2870 5294 2942 5349 sit
2969 5293 3025 5347 in
3051 5291 3349 5363 tempore?‘
3368 5289 3517 5346 Con-

1930 5396 2013 5441 tra
2032 5386 2135 5440 hoc
2155 5387 2232 5441 ait
2257 5405 2273 5443 :
2297 5386 2496 5442 Factus
2513 5387 2748 5449 estdico,
2771 5402 2881 5441 non
2904 5384 3206 5440 secundum
3231 5382 3515 5447 Deitatem,

1930 5478 2027 5533 sed
2048 5478 2333 5532 secundum
2354 5493 2765 5549 carnem,qnam
2782 5477 2839 5531 in
2865 5493 2924 5533 se
2946 5476 3143 5531 Deitati
3155 5470 3517 5544 personaliter

1936 5572 2106 5627 univit
2138 5574 2190 5627 in
2220 5582 2482 5645 tempore.
2514 5572 2748 5651 Carnem
2790 5570 2937 5640 dico,
2981 5580 3318 5642 assumptam
3344 5584 3411 5622 ea:
3430 5584 3516 5623 se-

1933 5664 2098 5731 mine,
2127 5664 2178 5719 id
2200 5673 2371 5720 estex
2395 5680 2559 5720 carne
2582 5664 2781 5730 David;
2804 5664 3103 5720 secundum
3128 5675 3299 5734 genus
3321 5658 3516 5716 matris

1938 5752 2171 5820 Christi,
2199 5754 2253 5807 in
2281 5769 2389 5823 qua
2410 5753 2675 5808 facturam
2701 5754 2884 5809 carnis
2911 5751 3134 5821 accepit.
3168 5747 3264 5816 Ei,
3289 5748 3517 5814 scilicet,

1946 5844 2074 5912 Deo,
2104 5846 2154 5900 id
2184 5846 2354 5900 estad
2379 5844 2871 5901 manifestationcm
2898 5843 2991 5899 Dei
3044 5838 3157 5897 Nisi
3186 5842 3329 5897 enim
3352 5840 3518 5897 Chri-
