3978 6396
396 501 464 558 ω
915 450 974 545 s.
1016 485 1365 544 BRUNUMS
1403 474 2042 539 can'ruusmonuu
2080 472 2563 530 lNS'l‘l'l‘UTOltlS
2600 470 2750 526 ore.
2791 437 2971 524 PARS
3011 466 3076 523 ll.
3399 526 3403 530 ,
3577 465 3651 523 eo

396 620 515 669 stus
540 618 762 664 carnem
785 607 1109 664 assumeret,
1144 612 1269 654 rara
1299 594 1384 650 vel
1418 591 1566 647 nulla
1595 589 1662 644 de
1694 586 1804 641 Deo
1832 583 1973 641 noti-
1999 590 2046 644 A
2076 582 2228 650 ﬁdes,
2275 598 2385 639 non
2436 579 2797 652 superbiendu
2843 578 3104 649 derogare
3150 575 3337 647 gratiae
3382 574 3513 643 Dei;
3544 580 3649 637 hoc

399 667 475 759 tia
497 697 811 759 hominibus
835 700 1000 749 esset.
1035 689 1288 746 Christus
1314 682 1562 741 similiter
1583 680 1650 735 de
1680 677 1971 732 Salomone
2069 682 2254 729 autem
2285 672 2481 729 debere
2505 671 2644 738 ﬁeri,
2673 687 2769 741 pro
2805 670 3013 724 nomine
3052 667 3191 737 ejus,
3239 667 3293 722 id
3321 676 3404 723 est
3431 669 3499 723 ad
3534 669 3656 739 glo—
3701 684 3705 750 ζ

399 730 475 759 ua
498 730 811 759 υυιιιιιιιυιω
835 730 1000 749 uacui.
1037 730 1137 746 Vua
1150 730 1288 744 ιιι-μυ
1315 730 1553 741 υ--υ----ν-
1589 730 1645 735 ν-
1696 730 1747 732 --.
1783 730 1797 732 ν
1878 730 1883 731 ,
2631 730 2643 738 ν
2673 730 2686 741 υ
3074 730 3092 737 ⁷
3178 730 3188 733 ν
3536 730 3564 739 ν

398 809 497 851 seu
517 790 755 846 Roboan
771 794 933 842 natus
953 798 1076 840 esse
1095 780 1202 837 dici
1217 784 1425 850 posset;
1451 773 1545 829 sed
1566 771 1695 843 quia
1714 768 1784 825 ad
1807 767 1974 821 Abra-
2071 763 2210 818 riam
2236 762 2478 819 nominis
2507 761 2622 816 Dei.
2658 758 2725 814 1n
2747 759 2959 830 quibus,
2990 757 3046 813 id
3073 765 3160 813 est
3184 757 3328 812 inter
3354 771 3495 827 quas
3522 774 3658 828 gen-
3701 730 3715 805 ἶ

400 888 527 945 ham
547 890 602 939 et
631 879 803 937 David
828 876 987 934 factae
1014 882 1144 930 sunt
1163 832 1614 940 repromissiones
1638 862 1704 917 de
1731 859 1971 923 Christo,
2072 863 2178 920 tes,
2201 854 2327 908 estis
2348 869 2447 908 vos
2475 851 2732 920 Romani,
2755 860 2810 906 et
2832 849 3081 921 gentiles,
3104 856 3160 904 et
3177 847 3350 904 Judaei
3375 849 3567 914 vocati,
3603 849 3658 903 id
3706 832 3712 861 ἦ

398 977 523 1033 ideo
553 974 621 1030 de
646 973 819 1026 altero
844 982 1059 1032 eorum,
1092 963 1174 1019 vel
1196 938 1425 1029 utroque
1452 964 1614 1011 natus
1635 966 1756 1009 esse
1776 949 1976 1008 dicitur
2073 955 2157 1003 est
2174 961 2272 1016 per
2293 944 2635 1001 vocationem
2663 942 2851 1014 gratiae
2872 940 2989 997 Dei.
3020 938 3141 995 Non
3163 955 3233 996 ex
3251 939 3449 995 merito
3470 948 3661 994 vestro

398 1030 621 1135 ubique.
646 1060 747 1118 Hic
765 1068 947 1116 autem
978 1030 1142 1113 causa
1182 1059 1268 1107 est
1294 1062 1465 1120 quare
1493 1046 1651 1102 sileat
1677 1041 1974 1105 Abraham,
2076 1039 2146 1096 ad
2169 1038 2330 1094 ﬁdem
2359 1036 2516 1093 electi
2539 1035 2696 1101 estis,
2726 1034 2973 1103 inquam,
3001 1030 3131 1086 Jesu
3153 1030 3376 1097 Christi,
3408 1031 3462 1085 id
3479 1040 3563 1086 est
3589 1030 3660 1085 ad
3709 1086 3717 1095 ,

397 1120 461 1211 et
481 1120 761 1225 praeponat
792 1148 977 1209 David.
993 1145 1098 1202 Per
1114 1141 1389 1200 Abraham
1407 1138 1555 1195 enim
1571 1130 1976 1225 justi,_quiaju-
2076 1131 2183 1190 hoc
2204 1140 2265 1186 ut
2291 1129 2411 1186 sitis
2456 1127 2588 1184 Jesu
2626 1125 2865 1192 Christi;
2897 1124 3025 1195 quia
3068 1122 3115 1179 si
3144 1123 3309 1178 modo
3336 1120 3509 1177 Judaei
3544 1122 3664 1176 vel-
3701 1122 3718 1177 τ

399 1214 520 1305 stus
533 1214 1274 1312 fuit;perDavidpeceatores
1293 1229 1635 1300 plerumque,
1656 1220 1975 1295 quiagravi-
2078 1224 2190 1280 lent
2229 1222 2467 1293 objieere
2523 1236 2584 1276 se
2638 1234 2749 1275 non
2796 1218 2994 1274 debere
3055 1214 3253 1287 subjici
3292 1214 3486 1281 Paulo,
3528 1230 3662 1270 cum

402 1346 485 1393 ter
503 1306 748 1405 deliquit,
766 1329 1125 1400 accipiuntur.
1158 1322 1264 1378 Sed
1287 1321 1376 1376 hic
1399 1318 1466 1374 ad
1476 1324 1981 1389 peceatoressermo
2080 1314 2321 1388 gentium
2353 1322 2566 1369 tantum
2605 1311 2887 1382 apostolus
2935 1309 3026 1375 sit,
3064 1316 3330 1365 errarent.
3360 1306 3665 1377 Postquam

400 1434 538 1492 erat,
553 1399 740 1494 utique
759 1437 817 1477 se
837 1399 1150 1491 peccatores
1164 1412 1569 1476 conﬁterentur,
1592 1407 1795 1463 Paulus
1806 1406 1982 1477 inten-

2109 1408 2228 1464 inim
2256 1407 2400 1462 inter
2424 1414 2615 1477 gentes
2637 1403 2907 1469 habitant,
2935 1401 3003 1457 de
3032 1399 3336 1471 apostolatu
3364 1400 3486 1469 ejus
3507 1407 3666 1462 sunt,

401 1517 595 1582 debat;
619 1490 674 1571 et
698 1490 901 1571 idcirco
918 1507 1088 1564 David
1106 1507 1162 1561 in
1184 1503 1502 1561 memoriam
1530 1509 1875 1571 peccatorum
1894 1496 1985 1552 hie
2082 1500 2242 1570 cujus
2264 1508 2319 1554 et
2351 1506 2561 1570 gentes,
2584 1505 2644 1551 ut
2678 1496 2724 1551 si
2753 1494 2919 1550 modo
2943 1493 3173 1565 quilibet
3214 1490 3529 1562 alienigense
3569 1507 3670 1546 ve-

401 1602 603 1677 posuit.
619 1599 1311 1671 QuiChristusintempore
1324 1592 1542 1665 quidem
1556 1588 1733 1648 factus
1748 1597 1857 1653 est;
1887 1584 1981 1642 sed
2084 1591 2239 1648 niant
2260 1589 2315 1645 in
2338 1586 2676 1659 episcopium
2701 1583 2924 1656 aliquod
2945 1624 2963 1650 ,
3000 1581 3216 1639 etiamsi
3244 1581 3464 1637 natione
3499 1581 3672 1635 alieni

404 1695 456 1769 7
483 1693 553 1749 ab
589 1701 796 1748 aeterno
836 1688 1269 1760 praedestinatus,
1320 1684 1373 1739 id
1401 1692 1485 1740 est
1510 1679 1907 1755 pratordinatus
1931 1687 1985 1732 et

404 1783 706 1854 dispositus
734 1789 818 1837 est
866 1778 1045 1833 Filius
1070 1777 1169 1834 Dei
1197 1791 1341 1841 esse,
1367 1771 1698 1830 assumendo
1735 1783 1978 1827 carnem.

405 1874 658 1933 Christus
689 1872 812 1929 dico
840 1868 1139 1928 secundum
1167 1867 1315 1939 quod
1343 1865 1515 1921 Filius
1538 1863 1633 1919 Dei
1660 1871 1744 1918 est
1773 1876 1987 1933 perma-

407 1979 543 2023 nens
573 1964 629 2021 in
668 1963 880 2029 virtute,
909 1960 965 2016 id
997 1968 1081 2017 est
1117 1960 1174 2017 in
1202 1959 1390 2014 eadem
1419 1954 1721 2015 divinitatis
1748 1950 1986 2023 potentia

407 2070 622 2125 semper
654 2069 780 2109 cum
803 2051 981 2107 Patre.
1011 2049 1121 2105 Nec
1150 2049 1454 2105 secundum
1483 2046 1746 2101 Deitatcm
1778 2042 1987 2114 praede—

408 2146 665 2211 stinatus,
694 2144 790 2201 sed
822 2142 1123 2199 secundum
1167 2142 1338 2196 solam
1372 2138 1788 2193 humanitatem.
1840 2133 1987 2188 Prac-

407 2241 683 2296 destinare
729 2238 875 2293 enim
917 2237 985 2292 de
1012 2252 1070 2291 re
1118 2250 1241 2304 qua:
1281 2248 1390 2287 non
1436 2240 1520 2287 est
1555 2230 1785 2295 dicitur;
1816 2226 1991 2281 Filius

410 2339 592 2386 autem
645 2330 739 2384 Dei
788 2330 845 2383 in
892 2327 1161 2399 principio
1201 2340 1414 2393 semper
1448 2323 1569 2377 fuit.
1609 2322 1713 2377 Sed
1758 2320 1887 2390 quia
1935 2319 1989 2372 in

409 2416 632 2478 Christo
664 2418 784 2473 dum
826 2425 1034 2472 naturae
1082 2412 1519 2477 considerantur,
1569 2411 1739 2465 altera
1785 2407 1988 2474 divina,

410 2511 582 2571 altera
623 2510 886 2575 humana,
928 2514 1148 2578 propter
1179 2503 1464 2573 utriusque
1503 2499 1822 2558 substantiae
1846 2496 1991 2552 indi-

410 2604 588 2663 visam
619 2602 872 2673 copulam
903 2600 1102 2658 dicitur
1137 2597 1457 2669 plerumque
1506 2594 1576 2650 de
1626 2593 1807 2648 divina
1846 2591 1995 2662 quod

412 2695 698 2767 proprium
746 2702 832 2750 est
857 2693 1113 2751 humanae
1142 2709 1155 2744 ί
1191 2698 1252 2745 ut
1283 2689 1393 2756 hic,
1428 2687 1520 2744 ubi
1554 2686 1757 2743 dicitur
1787 2684 1995 2756 praede-

415 2789 652 2847 stinatus
702 2786 896 2851 Filius,
946 2783 1184 2857 quodin
1222 2790 1417 2840 natura
1464 2779 1693 2835 Deitatis
1729 2794 1851 2834 esse
1904 2792 1998 2831 ne-

415 2879 656 2950 quit;ea
699 2875 1056 2935 similitudine
1085 2889 1217 2944 qua,
1252 2870 1660 2928 considerantes
1695 2869 1750 2925 in
1779 2866 2000 2923 homine

416 2989 618 3045 corpus
663 2982 716 3031 ct
757 2973 1019 3039 animam,
1056 2970 1377 3041 plerumque
1423 2976 1640 3037 propter
1687 2964 2001 3021 afﬁnitatem

416 3066 606 3125 dicunt
650 3064 716 3121 de
765 3063 948 3118 anima
1000 3060 1146 3132 quod
1184 3058 1467 3131 proprium
1519 3065 1605 3112 est
1652 3055 1905 3126 corpori,
1950 3062 2004 3109 et

418 3172 755 3214 econverso:
798 3155 946 3228 quod
975 3169 1147 3227 genus
1176 3151 1391 3209 dicendi
1423 3151 1481 3206 in
1520 3149 1741 3207 Christo
1785 3162 2006 3219 expres-

422 3249 542 3310 sius
572 3248 848 3313 convenit,
878 3260 1004 3302 cum
1036 3244 1108 3300 ibi
1146 3244 1311 3299 homo
1343 3240 1507 3308 Deus,
1555 3249 1612 3296 et
1655 3238 1799 3296 Deus
1839 3238 2004 3293 homo

420 3338 653 3393 dicatur.
691 3335 750 3389 in
778 3334 1000 3391 homine
1026 3348 1155 3389 vero
1182 3346 1382 3403 corpus
1402 3330 1662 3396 animam,
1686 3338 1740 3384 et
1764 3328 2004 3385 animam

423 3438 628 3495 corpus
651 3423 834 3480 dicere
860 3437 971 3476 non
991 3420 1137 3478 licet.

493 3516 634 3573 Cum
662 3522 844 3571 autem
874 3511 1185 3579 referimus,
1219 3512 1302 3568 sic
1321 3510 1416 3582 qui
1448 3508 1722 3575 Christus,
1755 3515 2006 3562 neutram

425 3617 678 3667 naturam
699 3604 1062 3665 excludimus.
1099 3602 1205 3659 Sed
1233 3617 1359 3659 cum
1405 3615 1503 3673 per
1528 3608 1711 3671 partes
1755 3596 2009 3667 exsequi-

425 3720 571 3771 mur,
601 3703 750 3776 quod
784 3702 982 3760 divinae
1029 3700 1285 3758 convenit
1313 3697 1531 3764 divinae,
1580 3695 1726 3767 quod
1756 3694 2010 3750 humana:

427 3797 792 3857 attribuamus
836 3793 1107 3853 humanae.
1138 3792 1415 3857 Christus,
1448 3789 1694 3860 inquam,
1727 3785 2009 3857 prmdesti»

429 3898 592 3948 natus
620 3896 704 3944 est
732 3886 851 3943 ﬁeri
874 3887 1039 3942 homo
1069 3903 1083 3943 :
1115 3900 1225 3941 non
1245 3898 1313 3943 ex
1335 3878 1780 3950 concupiscentia
1805 3877 2010 3943 carnis,

430 3981 526 4040 sed
547 3978 837 4035 secundum
856 3976 1125 4046 spiritum,
1161 3973 1214 4028 id
1241 3981 1324 4028 est
1351 3972 1418 4027 de
1447 3970 1650 4040 Spiritu
1676 3976 1870 4025 sancto
1889 3981 2013 4022 con-

429 4083 619 4145 ceptus
640 4080 743 4128 est.
787 4068 1053 4140 Spiritum
1075 4067 1197 4125 dico
1237 4064 1680 4134 sanctiﬁcationis
1705 4079 1723 4116 :
1765 4063 1859 4133 qui
1885 4077 2012 4117 eum

431 4163 794 4221 sanctiﬁeavit
828 4161 884 4216 in
934 4169 1091 4216 utero
1139 4157 1350 4224 matris,
1400 4156 1699 4212 immunem
1744 4154 1946 4211 factum
1983 4169 2015 4208 a

432 4256 693 4329 peccatis.
735 4254 873 4322 Quia
916 4251 1171 4309 Christus
1226 4247 1398 4304 Filius
1445 4247 1541 4302 Dei
1584 4247 1656 4303 sit
1686 4247 1742 4300 in
1790 4245 2012 4310 virtute,

432 4356 656 4420 apparet
682 4362 747 4402 ea:
793 4343 1170 4399 resurrectione
1211 4348 1560 4405 mortuorum,
1598 4353 1693 4408 per
1726 4338 1830 4392 hoe
1871 4335 2017 4406 quod

434 4452 731 4509 resurgens
757 4452 788 4491 a
804 4433 1058 4498 mortuis,
1078 4440 1324 4488 mortuos
1345 4429 1474 4485 fecit
1505 4443 1790 4500 resurgere
1808 4442 2015 4494 secum,

435 4529 584 4600 quod
610 4529 799 4598 utique
828 4525 1131 4583 inauditum
1164 4523 1342 4581 facere
1373 4536 1480 4575 non
1516 4530 1722 4590 posset,
1745 4519 1852 4576 nisi
1874 4517 2019 4575 Deus

2085 1692 2232 1750 sunt,
2263 1690 2484 1776 propter
2503 1677 2893 1737 habitationem
2916 1685 3095 1731 tamen
3118 1674 3581 1745 computabuntur
3600 1674 3674 1728 de

2087 1778 2207 1847 ipso
2230 1767 2528 1846 episeopio.
2566 1771 2658 1828 Sic
2684 1770 2762 1830 illi
2791 1769 2983 1835 Judaei,
3007 1768 3135 1839 quia
3161 1767 3227 1823 ad
3260 1775 3446 1836 gentes
3467 1775 3673 1832 contu-

2089 1869 2266 1925 lerant
2285 1883 2363 1933 se,
2389 1867 2441 1921 in
2472 1864 2722 1938 gentibus
2745 1861 3163 1933 deputabantur.
3182 1857 3670 1926 Paulus,inquam,

2022 1933 2062 1991 Β
2090 1960 2212 2016 talis
2241 1969 2295 2014 et
2318 1933 2778 2026 talisfapostolus
2800 1953 2916 2017 Dei,
2945 1951 3135 2007 scribit
3161 1950 3399 2004 omnibus
3426 1949 3516 2018 qui
3546 1957 3670 2000 sunt

2090 2051 2289 2105 Romae.
2322 2048 2389 2104 Ut
2413 2059 2595 2104 autem
2623 2045 2866 2101 inﬁdeles
2891 2042 3164 2106 excludat,
3181 2039 3359 2095 subdit
3380 2058 3392 2093 :
3411 2037 3674 2094 omnibus

2090 2142 2214 2196 dico
2241 2140 2448 2194 dilectis
2482 2138 2597 2201 Dei,
2627 2138 2676 2193 id
2705 2145 2789 2192 est
2818 2151 2959 2206 quos
2985 2132 3128 2189 Deus
3153 2131 3348 2201 diligit,
3388 2139 3443 2185 ct
3489 2139 3550 2183 ut
3583 2129 3670 2182 sui
3726 2177 3732 2183 .

2093 2232 2283 2287 ﬁerent
2336 2229 2628 2300 praeelegit.
2676 2226 2771 2281 llis
2797 2226 2924 2280 dico
2959 2239 3027 2279 ex
3073 2221 3366 2278 dilectione
3408 2227 3464 2275 et
3496 2218 3675 2288 gratia

2094 2321 2189 2375 Dei
2237 2321 2442 2375 roratis
2493 2320 2714 2382 sanctis,
2743 2317 2795 2371 id
2832 2326 2917 2370 est
2947 2314 3015 2369 ad
3060 2312 3164 2368 hoc
3203 2322 3264 2367 ut
3309 2311 3422 2367 sint
3456 2308 3676 2375 sancti,

2067 2418 2164 2472 'sit
2190 2415 2331 2471 vobis
2359 2414 2555 2484 gratia,
2599 2410 2650 2465 id
2684 2418 2762 2464 est
2799 2405 3047 2463 remissio
3076 2416 3423 2476 peccatorum
3461 2409 3678 2456 vestro-

2092 2520 2250 2572 rum;
2282 2517 2332 2559 et
2358 2520 2485 2574 pax,
2519 2502 2572 2557 id
2602 2510 2688 2557 est
2715 2497 3084 2568 tranquillitas
3111 2494 3300 2561 animi,
3337 2486 3677 2563 ct'perseve—

2096 2599 2272 2654 rantia
2300 2598 2355 2652 in
2385 2595 2565 2661 bonis,
2590 2610 2623 2647 a
2653 2591 2762 2646 Deo
2798 2590 2890 2660 qui
2928 2596 3125 2660 potest,
3170 2586 3337 2641 Patre
3375 2593 3579 2650 nostra,
3626 2592 3683 2638 et

2098 2690 2222 2747 ideo
2250 2688 2584 2743 voluntatem
2631 2683 2827 2748 habet;
2857 2691 2906 2735 et
2953 2698 2985 2735 a
3031 2679 3258 2734 Domino
3283 2676 3413 2731 Jesu
3441 2674 3681 2737 Christo,

2098 2782 2192 2852 qui
2235 2778 2485 2837 similiter
2511 2785 2567 2831 et
2587 2775 2705 2832 vult
2747 2782 2799 2830 et
2821 2781 3018 2844 potest.
3059 2770 3264 2826 Paulus
3289 2765 3579 2836 multiplici
3626 2774 3685 2820 et

2102 2885 2293 2941 aspera
2338 2865 2706 2937 increpatione
2738 2870 3088 2919 correcturus
3120 2859 3414 2923 Ilonntnos,
3445 2863 3506 2910 ut
3527 2852 3688 2909 beni-

2102 2980 2205 3035 gne
2227 2961 2534 3019 sustineant
2561 2972 2753 3027 aspera
2786 2969 2910 3026 qua:
2944 2953 3195 3009 dicturus
3232 2958 3317 3006 est
3343 2947 3445 3016 eis,
3478 2960 3691 3016 eosque

2106 3054 2209 3112 sibi
2238 3052 2429 3109 reddat
2470 3048 2772 3114 benivolos,
2809 3044 3055 3117 praedicit
3087 3058 3167 3111 se,
3197 3040 3403 3114 gratias
3431 3047 3691 3117 agentem

2107 3150 2219 3205 Deo
2247 3161 2349 3219 pro
2390 3145 2549 3201 bonis
2578 3160 2700 3214 qum
2724 3113 2839 3212 jam
2870 3146 3225 3210 acceperunt,
3264 3144 3320 3191 et
3345 3134 3413 3190 de
3447 3113 3543 3189 his
3562 3148 3695 3203 qua:

2032 3268 2077 3331 ρ
2108 3240 2288 3296 adhuc
2316 3237 2626 3294 necessaria
2649 3242 2779 3289 sunt
2814 3231 2922 3286 illis
2945 3229 3094 3285 omni
3123 3224 3497 3286 sollicitudine,
3527 3237 3697 3277 orare

2108 3332 2300 3388 Deum.
2354 3326 2526 3396 Quasi
2565 3325 2772 3383 diceret
2802 3343 2814 3377 :
2841 3321 2955 3394 Ego
3000 3320 3068 3376 de
3117 3317 3477 3374 iustruetionc
3521 3313 3698 3369 vestri

2110 3422 2278 3481 multa
2303 3420 2553 3478 dicturus
2578 3432 2700 3474 sum
2718 3415 2893 3480 vobis,
2911 3412 3005 3469 sed
3030 3411 3265 3483 primum
3281 3409 3338 3480 8
3358 3415 3484 3463 ante
3503 3406 3699 3463 omnia

2106 3514 2285 3571 dicam
2317 3511 2462 3582 quod
2499 3507 2734 3578 amplius
2783 3504 2918 3560 mihi
2955 3512 3173 3574 gratum
3222 3507 3427 3564 est,let
3468 3496 3538 3552 de
3580 3511 3703 3566 quo

2109 3604 2284 3677 magis
2320 3617 2443 3659 sum
2471 3599 2738 3657 sollicitus
2764 3615 2780 3652 ε
2810 3598 2915 3652 hoe
2940 3594 3170 3657 scilicet,
3201 3592 3402 3662 gratias
3430 3605 3532 3659 ago
3557 3587 3700 3643 Deo.

2109 3696 2324 3753 Gratias
2353 3709 2513 3764 agere
2534 3691 2665 3757 Deo,
2688 3699 2771 3745 est
2791 3696 2964 3743 totum
2991 3684 3103 3740 Deo
3130 3684 3448 3749 attribuere,
3471 3689 3527 3736 ct
3557 3679 3702 3734 nihil

2113 3786 2339 3845 homini.
2395 3784 2549 3841 Unde
2604 3782 2719 3838 ait:
2752 3779 2967 3836 Gratias
3005 3791 3108 3848 ago
3149 3775 3280 3839 Deo,
3331 3773 3383 3828 id
3430 3782 3513 3828 est
3550 3772 3705 3828 bona

2112 3879 2366 3951 quaejam
2406 3877 2462 3934 in
2491 3875 2643 3931 vobis
2678 3874 2858 3940 video,
2886 3869 3074 3942 gratia:
3105 3866 3198 3923 Dei
3233 3865 3471 3931 ascribo,
3497 3874 3552 3919 ct
3585 3879 3705 3920 non

2114 3970 2267 4026 vobis
2292 3987 2306 4025 :
2330 3969 2441 4022 Deo
2463 3983 2594 4034 meo,
2609 3964 2703 4035 qui
2727 3961 2964 4034 quodam
2988 3957 3219 4030 spiritali
3241 3953 3509 4030 [speciali]
3532 3953 3706 4008 modo

2115 4076 2273 4117 meus
2290 4069 2393 4115 est.
2419 4059 2520 4111 Per
2544 4056 2728 4111 Jesnm
2745 4054 3037 4119 Christum,
3061 4065 3223 4120 quem
3248 4048 3424 4104 solum
3455 4045 3705 4101 medium

2118 4153 2292 4208 habeo
2315 4152 2456 4206 inter
2483 4165 2571 4204 me
2599 4158 2655 4203 ct
2682 4146 2872 4202 Deum.
2921 4143 3028 4199 Vos
3055 4151 3238 4196 autem
3267 4154 3363 4210 per
3387 4152 3489 4216 .me
3523 4147 3709 4192 trans-

2116 4244 2209 4301 itis
2238 4243 2304 4298 ad
2332 4241 2635 4306 Christum,
2662 4247 2717 4293 et
2747 4234 3140 4307 pet-Christum
3164 4230 3232 4286 ad
3256 4229 3449 4284 Deum.
3481 4227 3547 4282 Et
3575 4225 3708 4281 ideo

2117 4335 2322 4407 gratias
2375 4333 2499 4389 dico
2546 4346 2641 4402 per
2687 4330 2986 4386 Christum.
3052 4325 3220 4381 Vobis
3266 4332 3449 4379 autem
3510 4318 3709 4391 gratias

2119 4426 2339 4498 agenda:
2366 4433 2499 4481 sunt
2523 4439 2620 4495 per
2643 4437 2729 4477 me
2767 4420 3010 4487 Christo,
3033 4429 3088 4473 et
3121 4417 3201 4473 sic
3237 4415 3370 4470 Deo.
3428 4411 3712 4469 Fortassis

2119 4527 2379 4591 putarent
2408 4516 2586 4581 alteri,
2615 4515 2697 4569 vel
2717 4512 2892 4569 Judaei
2916 4511 3116 4576 solum,
3152 4508 3240 4563 vel
3275 4506 3526 4578 gentiles,
3552 4502 3709 4572 quod

437 4628 603 4677 esset.
662 4617 1003 4673 Mortuorum
1047 4615 1173 4670 dico
1220 4628 1329 4668 non
1375 4611 1643 4678 omnium,
1688 4611 1783 4667 sed
1828 4621 2019 4668 eorum
2052 4630 2095 4688 υ
2124 4626 2223 4683 pro
2249 4610 2442 4665 alteris
2464 4616 2673 4663 tantum
2704 4605 2908 4675 gratias
2933 4612 3135 4674 ageret,
3166 4601 3215 4654 id
3238 4610 3321 4655 est
3343 4598 3483 4653 bona
3509 4610 3710 4651 eorum

437 4720 650 4767 tantum
680 4709 774 4781 qui
807 4707 1028 4762 fuerunt
1061 4705 1277 4760 Domini
1306 4704 1475 4757 nostri
1496 4701 1623 4759 Jesu
1656 4700 1874 4757 Christi.
1901 4698 2018 4755 Non

437 4800 587 4857 enim
612 4797 857 4857 inﬁdeles
879 4809 1067 4854 secum
1094 4807 1382 4864 resurgere
1403 4791 1550 4847 fecit.
1584 4789 1738 4845 Unde
1766 4790 2022 4846 dicuntur

439 4890 520 4951 illi
577 4888 924 4960 potissimum
980 4883 1394 4944 consurrexisse
1449 4881 1671 4940 Christo
1696 4922 1711 4947 ,
1763 4880 2021 4952 quicum

439 4983 715 5044 Abraham
745 4979 801 5037 in
833 4978 1012 5038 Ebron
1048 4977 1244 5049 sepulti
1292 4983 1440 5035 sunt.
1485 4974 1594 5030 Per
1635 4990 1787 5045 quem
1834 4971 2023 5029 Jesum

440 5073 720 5129 Christum
775 5072 1070 5140 accepimus
1101 5072 1352 5141 gratiam,
1394 5069 1447 5124 id
1486 5076 1570 5124 est
1614 5064 2015 5125 remissionem.

441 5164 672 5231 Paulus,
691 5170 753 5218 ut
767 5162 966 5218 melius
975 5161 1339 5221 humilitatem
1367 5161 1611 5228 suadeat,
1626 5173 1825 5216 nomen
1847 5158 2024 5213 humi-

440 5256 613 5317 litatis
641 5256 908 5330 prazponit
933 5252 1143 5311 nomini
1172 5252 1472 5324 dignitatis.
1502 5251 1828 5321 Aceepimus
1852 5249 2024 5308 etiam

445 5348 804 5421 apostolatum
823 5348 881 5401 in
910 5344 1151 5401 omnibus
1175 5342 1435 5414 gentibus.
1462 5340 1701 5413 Spiritus
1720 5345 1864 5399 enim
1897 5357 2026 5398 san-

443 5449 569 5496 ctus
598 5437 914 5509 Apostolum
947 5434 1188 5507 gentium
1226 5449 1314 5488 me
1340 5431 1644 5499 constituit,
1678 5433 1767 5488 ubi
1793 5434 1907 5489 ait:
1934 5430 2027 5488 Se-r

417 5584 425 5587 η
443 5538 658 5603 gregate
686 5528 816 5583 mihi
842 5528 1150 5583 Barnabam
1174 5536 1225 5584 et
1249 5524 1485 5580 Paulum
1512 5524 1580 5578 ad
1610 5540 1760 5594 opus,
1788 5526 1857 5579 ad
1887 5525 2027 5594 quod

449 5621 738 5692 assumpsit
766 5616 1078 5693 [assumpsi]
1101 5634 1187 5672 eos
1236 5617 1376 5686 (Act.
1415 5633 1532 5683 xui,
1572 5616 1649 5685 2).
1682 5614 2027 5685 Accepimus,

450 5713 695 5783 inquam,
724 5713 779 5767 in
827 5710 1078 5783 gentibus
1120 5709 1483 5780 apostolatum
1506 5749 1521 5772 ,
1569 5709 1636 5763 ad
1686 5707 2027 5761 οὸεαὶειιᾱιυη

450 5802 600 5874 ﬁdei,
633 5802 686 5859 id
716 5811 800 5858 est
836 5801 904 5857 ad
936 5802 1040 5857 hoc
1078 5808 1138 5855 ut
1166 5799 1586 5870 praedicarcmus
1617 5798 1800 5863 ﬁdem,
1823 5806 1876 5852 et
1907 5805 2031 5866 post

454 5906 731 5972 acceptam
766 5896 949 5965 ﬁdem,
981 5894 1343 5954 obedientium
1372 5911 1490 5951 esse
1521 5893 1604 5949 his
1628 5909 1749 5965 quae
1777 5893 2027 5949 admonet

2126 4703 2227 4760 soli
2254 4702 2442 4773 gratiae
2466 4699 2559 4753 Dei
2592 4697 2919 4761 ascriberet;
2949 4711 3016 4750 ne
3053 4709 3148 4764 per
3184 4693 3287 4747 hoc
3315 4691 3451 4745 alter
3477 4689 3531 4743 in
3571 4687 3712 4742 altev

2125 4810 2247 4849 rum
2278 4808 2336 4848 se
2354 4790 2562 4855 eﬁ‘erat,
2594 4788 2672 4843 ait
2697 4807 2710 4843 :
2737 4803 2832 4859 pro
2858 4785 3001 4840 vobis
3033 4782 3315 4849 Romanis,
3346 4794 3442 4835 seu
3465 4776 3589 4833 sitis
3614 4775 3711 4831 Juv

2125 4886 2250 4953 claei,
2278 4900 2372 4940 seu
2399 4882 2647 4954 gentiles,
2685 4879 2943 4935 omnibus
2976 4890 3078 4947 ago
3106 4874 3330 4947 gratias,
3367 4881 3422 4928 et
3449 4871 3608 4927 bonae
3638 4868 3712 4925 ﬁ-

2125 4978 2212 5035 dei
2242 4984 2437 5032 vestra:
2462 4972 2567 5045 ipsi
2588 4970 2690 5027 soli
2711 4968 2946 5025 ascribo.
2981 4965 3316 5022 Determiuat
3338 4963 3483 5019 unde
3502 4961 3713 5034 gratias

2127 5078 2272 5143 agat,
2311 5068 2542 5124 dicens:
2590 5063 2721 5119 Inde
2773 5059 2978 5133 gratias
3016 5057 3130 5114 Deo
3173 5054 3373 5120 refero,
3406 5054 3531 5125 quia
3578 5053 3715 5124 ﬁdes

2128 5164 2226 5220 Dei
2257 5166 2312 5218 in
2339 5162 2482 5215 vobis
2515 5168 2611 5213 est.
2652 5156 2719 5211 Et
2739 5163 2921 5211 vestra
2951 5152 3083 5207 ﬁdes
3104 5149 3260 5205 vobis
3285 5147 3418 5204 solis
3454 5161 3564 5201 non
3592 5159 3713 5215 pro-

2128 5258 2264 5322 ﬁcit,
2314 5252 2409 5309 sed
2454 5250 2808 5305 annustiatur
2847 5247 2905 5300 in
2955 5244 3195 5301 universo
3240 5238 3453 5294 mundo.
3508 5235 3715 5292 Audito

2131 5348 2275 5404 enim
2307 5343 2452 5415 quod
2483 5340 2672 5395 Romae
2715 5338 2789 5395 sit
2825 5344 3041 5406 recepta
3066 5333 3200 5389 ﬁdes
3222 5329 3450 5395 Christi,
3478 5341 3602 5398 quae
3629 5335 3715 5381 esr

2132 5444 2299 5509 caput
2331 5434 2501 5500 orbis,
2535 5431 2844 5502 suscipiunt
2875 5442 2997 5484 eam
3021 5423 3223 5489 caeteri,
3254 5419 3521 5476 imitando
3548 5426 3718 5487 caput

2135 5506 2320 5583 suum.
2366 5522 2504 5579 Vere
2525 5522 2682 5577 bona:
2709 5528 2904 5575 vestrae
2929 5516 3053 5571 ﬁdei
3078 5514 3190 5585 jam
3224 5510 3492 5576 habitum,
3524 5506 3717 5580 gratia:

2132 5616 2228 5674 Dei
2251 5617 2408 5672 bona:
2430 5613 2667 5679 ascribo,
2691 5611 2820 5683 quia
2864 5609 2919 5664 in
2946 5606 3288 5665 orationibus
3319 5603 3457 5658 meis
3498 5613 3716 5655 memo-

2133 5709 2271 5765 riam
2314 5707 2481 5763 vestri
2539 5704 2709 5771 l‘aeio',
2751 5702 2803 5757 id
2844 5710 2929 5756 est
2968 5713 3067 5770 pro
3097 5697 3256 5753 bonis
3302 5710 3426 5765 quae
3472 5692 3717 5748 habituri

2132 5801 2266 5857 estis
2296 5799 2465 5854 Deum
2503 5813 2669 5853 orans
2697 5795 2799 5867 ipsi
2832 5802 3006 5848 totum
3030 5790 3265 5846 ascribo.
3305 5786 3362 5842 Si
3389 5786 3537 5841 enim
3568 5785 3715 5840 bona

2134 5904 2251 5967 post
2282 5892 2438 5948 ﬁdem
2478 5888 2769 5953 venientia,
2813 5885 2903 5941 Dei
2936 5885 3118 5955 gratim
3149 5880 3520 5944 ascribuntur,
3545 5892 3713 5935 mast-
