3978 6412
238 431 295 482 ut
849 423 1214 484 Exeosmo
1250 425 1320 481 1N
1342 426 1740 497 gEPlSTOLAS
1778 428 2005 484 mnu.
2045 461 2111 470 —
2146 430 2214 495 lN
2255 428 2605 487 EPISTIAD
2645 433 2816 489 non:
3010 392 3011 395 γ
3380 445 3466 499 eg

208 491 312 596 irae
338 553 431 610 pro
460 537 560 592 ﬁde
581 537 801 610 agenda:
824 548 953 594 sunt
981 538 1167 611 gratia:
1189 538 1322 608 Deo,
1355 555 1479 609 qua!
1506 538 1780 594 hominem
1811 541 1856 597 Α
1881 532 2028 593 landi
2054 550 2181 606 smt,
2219 550 2274 595 et
2298 541 2500 598 Paulus
2527 544 2594 599 de
2632 561 2818 601 errore
2843 563 3034 603 eorum
3075 551 3326 622 doluerit,
3368 569 3458 615 ut-

232 631 291 683 de
313 627 438 683 solis
464 626 698 696 peccatis
732 628 899 683 trahit
941 629 1009 683 ad
1038 628 1328 699 justitiam.
1374 628 1446 684 Et
1493 629 1639 700 quod
1674 645 1784 683 me-

233 720 437 774 moriam
454 718 609 771 vestri
635 700 798 788 facio,
830 719 958 772 mihi
981 721 1128 773 testis
1154 729 1232 774 est
1255 719 1431 784 Deus;
1457 734 1619 789 quem
1646 719 1693 774 si
1717 719 1784 774 ad

228 808 610 865 testiﬁcandum
662 810 809 879 quod
837 809 1037 866 falsum
1062 823 1146 867 est
1196 811 1540 878 advocarent,
1572 810 1782 866 falsita-

226 901 289 954 tis
316 913 462 953 reum
488 897 816 969 judicarem.

287 989 548 1045 Fortassis
587 990 795 1045 diceret
821 990 1018 1061 aliquis
1055 1010 1069 1046 :
1102 991 1243 1058 Quia
1271 991 1440 1048 Deum
1464 1007 1573 1047 non
1596 1007 1778 1060 curas,

225 1081 334 1135 illeo
359 1081 547 1135 leviter
585 1096 712 1136 eum
761 1081 913 1138 falsae
944 1083 1021 1138 rei
1057 1091 1253 1139 testem
1278 1084 1537 1140 advocas.
1579 1083 1781 1139 Contra

223 1173 317 1226 hoc
338 1170 448 1225 ait:
483 1170 585 1226 Cui
611 1171 722 1227 Deo
747 1188 847 1244 ego
876 1174 1079 1238 servio;
1102 1190 1295 1230 servus
1316 1183 1497 1229 autem
1528 1174 1596 1228 ad
1623 1174 1780 1228 testi-

222 1261 450 1315 monium
494 1260 770 1329 falsitatis,
824 1261 1117 1319 Dominum
1158 1279 1269 1319 non
1314 1272 1553 1319 vocaret.
1592 1262 1781 1319 Servio

220 1351 394 1422 utique
419 1350 531 1407 Deo
558 1352 615 1405 in
639 1354 833 1422 spiritu
859 1370 991 1421 meo,
1019 1355 1072 1409 id
1100 1364 1185 1411 est
1212 1371 1279 1411 ex
1323 1356 1622 1420 voluntate,
1669 1371 1778 1411 non

216 1442 600 1510 excoactione;
627 1444 710 1499 vel
735 1442 791 1498 in
818 1445 1034 1514 spiritu,
1059 1445 1113 1501 id
1134 1456 1219 1502 est
1240 1461 1349 1501 non
1368 1446 1421 1500 in
1445 1446 1776 1515 carnalibus,

216 1535 301 1590 sed
328 1534 380 1588 in
394 1535 770 1605 spiritualibus
793 1537 973 1597 servio
993 1536 1123 1593 Deo.
1151 1537 1485 1593 Determinat
1512 1538 1567 1591 in
1591 1554 1698 1608 qua
1721 1554 1779 1593 re

214 1625 420 1692 serviat,
461 1626 671 1682 scilicet
688 1628 745 1681 in
770 1625 1075 1699 Evangelia,
1103 1629 1156 1683 id
1176 1637 1262 1684 est
1285 1629 1341 1683 in
1363 1629 1779 1684 annuntiatione

210 1715 323 1770 Filii
336 1717 471 1786 ejus.
508 1716 622 1773 Hoc
641 1727 823 1774 autem
853 1720 1133 1775 servitium
1163 1720 1338 1791 magis
1359 1729 1488 1776 tunc
1518 1721 1778 1790 temporis

213 1818 407 1878 gratum
427 1818 552 1865 erat
571 1810 701 1877 Deo,
713 1812 1008 1881 praedicare
1035 1811 1267 1883 gloriam
1283 1812 1511 1880 Christi,
1528 1812 1773 1868 FiliiDei.

212 1896 327 1953 inde
350 1898 483 1952 mihi
533 1900 689 1955 testis
716 1908 800 1955 est
831 1899 976 1956 Deus
1001 1901 1148 1971 quod
1187 1903 1243 1954 in
1270 1902 1599 1955 orationibus
1645 1903 1774 1955 meis

211 1988 336 2044 facio
390 1989 716 2045 memoriam
765 1992 955 2058 vestri,
980 1992 1031 2046 id
1075 2000 1163 2048 est
1185 1991 1327 2048 iacio
1354 1992 1524 2047 Deum
1568 2006 1775 2047 memo-

211 2095 310 2134 rem
332 2081 521 2146 vestri,
559 2082 679 2135 sine
706 2082 1125 2149 intermissione,
1147 2082 1275 2153 quia
1303 2099 1583 2153 nunquam
1608 2099 1791 2139 orans-

212 2170 493 2227 intcrmitto
520 2186 640 2228 vos.
660 2171 851 2254 Posset
874 2174 1093 2245 quidem
1110 2189 1269 2229 orare
1293 2176 1464 2230 semel
1485 2175 1539 2228 in
1564 2189 1770 2241 mense,

209 2273 258 2318 et
274 2264 348 2319 sic
374 2280 571 2335 parum
594 2275 740 2321 esset
769 2281 864 2322 eos
900 2278 1031 2321 tunc
1066 2281 1174 2320 non
1207 2266 1549 2323 intermissos
1576 2266 1770 2324 fuisse.

211 2353 319 2409 Ideo
356 2355 432 2409 ait
478 2373 491 2409 :
551 2354 610 2410 in
639 2355 979 2411 orationibus
1008 2370 1241 2425 semper,
1276 2355 1330 2411 id
1371 2363 1457 2411 est
1485 2357 1636 2411 omni
1684 2356 1773 2413 die

208 2447 522 2502 continuatis
546 2488 561 2513 ,
626 2447 945 2519 memoriam
989 2447 1154 2503 vestri
1198 2448 1392 2514 habeo,
1440 2432 1551 2504 non
1594 2450 1771 2505 solum

207 2551 372 2603 orans,
409 2537 509 2593 sed
557 2539 723 2594 etiam
772 2539 1070 2605 obsecrans,
1110 2539 1164 2593 in
1214 2540 1542 2609 quibusdam
1589 2556 1773 2596 sacra-

209 2629 386 2685 mentis
413 2639 467 2685 et
497 2630 979 2700 ctmjurationibus
1024 2630 1193 2687 Deum
1236 2633 1434 2688 obnixe
1464 2636 1768 2704 postulans,

207 2721 248 2773 si
271 2722 557 2777 exauditus
604 2722 823 2777 habeam
855 2724 957 2777 iter
997 2723 1236 2777 veniendi
1267 2724 1336 2777 ad
1380 2741 1487 2778 vos.
1531 2724 1770 2780 Habeant

205 2813 332 2868 dico.
358 2814 660 2881 Quomodo,
688 2816 740 2870 id
755 2823 840 2872 est
868 2816 971 2871 sub
984 2832 1313 2887 quacunque
1335 2817 1647 2874 diliicultate
1668 2819 1772 2875 hoc

207 2904 361 2971 ﬁeret,
387 2921 481 2961 seu
516 2907 807 2974 latronem,
833 2923 930 2963 seu
953 2916 1331 2978 tempestatem
1362 2924 1470 2964 non
1495 2923 1766 2964 curarem.

208 2993 426 3052 Habeam
456 2999 569 3053 hoc
597 2999 837 3054 tandem.
876 2998 933 3054 ln
965 3000 1070 3056 hoc
1099 3000 1336 3056 ostendit
1355 3016 1415 3056 se
1438 3001 1532 3056 diu
1554 3001 1769 3056 deside-

207 3101 359 3155 rasse,
408 3105 514 3145 nec
558 3091 805 3160 potuisse
850 3106 912 3147 se
957 3092 1186 3147 etiicere.
1234 3090 1475 3147 Habeam
1520 3093 1623 3148 iter
1670 3091 1769 3146 ali-

204 3182 421 3249 quando,
449 3183 509 3239 id
560 3190 643 3238 est
686 3183 743 3238 in
785 3198 1115 3254 quocunque
1142 3193 1406 3255 tempore,
1437 3200 1532 3241 seu
1569 3185 1764 3250 hieme,
1797 3237 1840 3258 η

204 3285 289 3326 seu
314 3281 503 3328 aestate
535 3272 641 3327 hoc
675 3273 846 3339 ﬁeret,
884 3288 995 3328 non
1037 3290 1310 3329 curarem.
1354 3273 1483 3329 item
1516 3275 1639 3330 dico
1672 3291 1771 3345 pro

205 3361 378 3431 spiritu
404 3364 457 3418 in
491 3365 621 3431 hoc,
644 3376 705 3419 ut
729 3365 876 3435 quod
901 3365 1026 3420 volo
1049 3365 1334 3432 etlieerem,
1359 3375 1413 3422 et
1431 3367 1559 3437 quia
1589 3367 1772 3422 multa:

204 3467 281 3509 res
305 3453 556 3513 effectum
586 3456 807 3524 habent,
839 3472 962 3527 quae
996 3456 1108 3511 Deo
1132 3456 1441 3527 displicent,
1472 3458 1620 3513 addit
1650 3477 1663 3512 :
1704 3456 1772 3512 In

203 3542 513 3600 voluntatem
542 3544 658 3601 Dei.
693 3545 809 3603 Nisi
836 3548 981 3602 enim
1008 3545 1153 3603 Deus
1181 3548 1285 3603 hoc
1308 3548 1489 3614 vellet,
1519 3549 1770 3605 eli'cctum

202 3630 352 3702 hujus
378 3635 453 3690 rei
490 3636 682 3706 potius
728 3637 930 3693 nollem
958 3652 1125 3707 quam
1159 3651 1439 3707 cuperem.
1474 3636 1599 3693 ideo
1623 3639 1771 3693 volui

202 3725 367 3781 venire
385 3727 453 3781 ad
474 3741 601 3789 vos,
634 3727 764 3797 quia
786 3728 1026 3783 desidero
1062 3728 1237 3782 videre
1273 3743 1407 3782 vos:
1445 3729 1513 3783 ad
1561 3726 1667 3785 hoc
1714 3738 1770 3784 ut

203 3811 458 3883 impertiar
486 3815 639 3870 vobis
664 3815 872 3886 aliquid
898 3817 1108 3887 gratiae.
1139 3815 1249 3871 Vos
1278 3817 1497 3886 quidem
1540 3818 1770 3888 gratiam

203 3904 433 3976 ﬁdcijam
461 3907 700 3972 habetis,
723 3909 818 3963 sed
845 3924 993 3973 cum,
1017 3909 1084 3963 ad
1107 3907 1412 3963 custodiam
1438 3908 1624 3978 hujus,
1651 3908 1772 3964 alia:

202 3995 371 4064 gratia:
390 4003 716 4067 opportunae
735 4006 941 4064 essent,
967 4006 1027 4052 ut
1058 3998 1230 4068 gratia
1260 3997 1509 4065 unitatis,
1540 4013 1649 4052 non
1688 4007 1770 4053 ta-

203 4101 308 4142 men
349 4089 680 4145 determinat
731 4105 899 4160 quam
950 4090 1210 4160 gratiam;
1258 4092 1387 4161 quia
1434 4092 1772 4148 ministraret

202 4177 272 4231 eis
294 4194 510 4235 omnem
545 4180 692 4235 illam
718 4196 883 4251 quam
915 4182 1119 4237 videret
1148 4182 1533 4237 necessariam.
1567 4182 1769 4253 Imper-

203 4266 293 4321 tiar
316 4268 439 4325 dico
480 4270 692 4340 aliquid
728 4270 935 4341 gratite,
976 4286 1085 4327 non
1125 4271 1429 4340 smularis,
1461 4280 1521 4325 ut
1548 4281 1695 4328 esset
1721 4272 1771 4328 si

202 4362 503 4419 conciliaret
531 4363 653 4418 illos
676 4379 800 4418 cum
825 4364 1161 4434 quibuslibet
1189 4364 1526 4434 principibus
1555 4365 1767 4433 mundi,

201 4453 282 4506 sed
304 4456 489 4525 gratiae
518 4454 842 4525 spiritualis,
876 4455 929 4510 id
956 4463 1041 4510 est
1068 4471 1192 4525 qua:
1218 4455 1390 4526 gratia
1416 4456 1622 4510 nutriat
1658 4457 1771 4527 spi-

1883 644 1989 698 que
2031 644 2272 685 errorem
2301 632 2371 687 ab
2402 632 2484 688 eis
2505 633 2716 689 auferat
2741 637 3008 695 sollicitus
3029 641 3117 695 sit.
3141 632 3483 718 Consolari,“

1884 718 2128 787 inquam,
2148 719 2396 775 desidero
2431 722 2486 776 in
2515 724 2671 779 vobis
2694 741 2787 793 per
2831 727 2991 795 ﬁdem
3019 739 3247 785 vestram
3293 743 3450 805 atque

1883 824 2051 862 meam
2074 824 2092 861 :
2121 808 2317 864 factam
2359 826 2502 878 eam,
2539 813 2593 867 id
2624 823 2708 869 est
2735 816 2895 870 talem
2924 834 3049 888 quae
3078 829 3159 875 est
3197 822 3452 890 invicem,

1881 900 1937 954 id
1966 910 2050 955 est
2090 917 2213 971 quae
2252 905 2497 959 eamdem
2522 906 2952 966 vicissitudinem
2984 913 3200 980 habeat,
3234 918 3459 974 utsicut

1880 987 2014 1043 ﬁdes
2075 1004 2195 1045 mea
2240 1000 2413 1047 totum
2460 996 2688 1051 ascribit
2729 1000 2915 1068 gratiae
2967 999 3085 1069 Dei,
3128 1004 3209 1059 sic
3274 1016 3457 1063 vestra

1880 1078 2063 1133 faciat.
2095 1079 2189 1135 Vel
2217 1082 2373 1137 aliter
2406 1103 2417 1138 :
2445 1084 2730 1142 Consolari
2778 1092 2929 1160 cupit
2953 1108 3051 1163 per
3077 1096 3239 1151 tidem
3275 1113 3453 1154 meam

1881 1168 2370 1240 factamvestram,
2404 1184 2464 1229 ut
2499 1192 2660 1233 onme
2697 1179 2903 1235 bonum
2933 1185 3167 1241 credatis
3210 1201 3334 1242 esse
3363 1204 3461 1259 per

1877 1261 2109 1330 gratiam
2145 1260 2273 1330 Dei;
2321 1264 2480 1319 tidem
2538 1277 2779 1325 vestram
2823 1272 2966 1341 dico,
2996 1273 3196 1330 factam
3223 1293 3366 1346 eam,
3407 1262 3503 1346 idl-L

1875 1360 1963 1413 est
1992 1353 2152 1408 talem
2200 1371 2318 1425 qua:
2361 1366 2439 1411 est
2465 1358 2708 1427 invicem,
2739 1362 2793 1417 id
2831 1372 2913 1420 est
2953 1335 3116 1422 modo
3163 1384 3267 1424 suo
3324 1335 3498 1443 s’ub—l;

1877 1445 2230 1546 servientem,
2258 1456 2323 1502 ut
2347 1447 2488 1504 sicut
2518 1465 2620 1521 ego
2651 1452 2817 1522 (quod
2846 1456 3092 1527 magistri
3129 1458 3237 1529 est)
3270 1448 3499 1546 ιπερὶ-ξ

1877 1532 2072 1602 piendo
2096 1535 2296 1603 doceo,
2331 1537 2411 1593 sic
2436 1554 2533 1594 vos
2572 1539 2736 1610 (quod
2761 1542 3155 1612 discipulorum
3200 1552 3306 1618 est)
3330 1548 3460 1603 obe-

1875 1622 2074 1679 diendo
2125 1624 2367 1683 discatis.
2406 1627 2521 1699 Ego
2573 1631 2762 1700 utique
2814 1632 3120 1690 desideravi
3166 1639 3352 1693 venire
3391 1639 3499 1693 ad-

1876 1732 1993 1784 vos,
2020 1718 2116 1773 sed
2165 1734 2274 1773 non
2304 1720 2488 1789 potui,
2533 1722 2661 1791 quia
2708 1724 3002 1792 prohibitus
3030 1742 3166 1781 sum.
3204 1727 3458 1783 Prohibi—

1876 1811 2053 1867 tiones
2099 1812 2183 1867 ba:
2228 1815 2556 1885 quandoque
2600 1817 2801 1872 iiebant
2857 1817 3027 1873 Paulo
3064 1835 3161 1890 per
3193 1820 3457 1891 Spiritum

1877 1912 2149 1969 sanctum,
2200 1906 2519 1977 plerumque
2573 1923 2671 1978 per
2731 1910 2970 1979 pericula
3021 1912 3315 1979 latronum,
3364 1929 3462 1968 seu

1876 2004 2259 2064 tempestatum
2308 1998 2360 2051 in
2392 2000 2549 2053 mari.
2577 2000 2757 2065 Quare
2786 2011 2966 2056 autem
3001 2004 3184 2059 venire
3211 2006 3461 2074 prohibi-

1877 2095 1964 2147 tus
1998 2102 2140 2151 sum,
2171 2088 2290 2141 nolo
2320 2104 2406 2142 vos
2430 2091 2692 2158 ignorare,
2723 2093 2918 2158 fratres
2949 2095 3054 2147 mei
3087 2095 3141 2147 in
3173 2096 3295 2149 tide.

1946 2171 2004 2227 Si
2040 2174 2184 2228 enim
2212 2190 2433 2230 causam
2460 2178 2624 2247 hujus
2648 2179 3343 2253 prohibitionisdiligenter
3369 2184 3457 2238 in-

1873 2262 2126 2332 quiratis,
2172 2264 2328 2321 vobis
2377 2267 2617 2335 proderit
2658 2268 2726 2323 ad
2754 2270 3169 2338 correctionem,
3200 2272 3330 2328 dum
3357 2289 3458 2343 pro

1872 2363 2094 2424 peccato
2108 2358 2474 2413 contentionis
2486 2368 2677 2414 vestra:
2697 2376 2783 2414 me
2799 2376 2922 2416 esse
2954 2363 3284 2431 prohibitum
3299 2365 3459 2419 intel-

1871 2444 2068 2515 ligetis.
2083 2444 2199 2501 Hoc
2218 2447 2440 2517 inquam
2463 2448 2584 2503 nolo
2599 2465 2686 2502 vos
2707 2451 2949 2519 ignorare
2973 2452 3101 2521 quia
3123 2470 3259 2522 saepe
3273 2470 3461 2523 propo-

1870 2537 1955 2590 sui
1988 2539 2158 2592 venire
2188 2538 2257 2592 ad
2280 2555 2386 2605 vos,
2416 2548 2467 2593 et
2494 2539 2790 2609 prohibitus
2818 2557 2936 2594 sum
2959 2544 3130 2597 venire
3156 2561 3318 2614 usque
3352 2546 3457 2598 ast-

1870 2628 1989 2683 Izuc.
2017 2629 2119 2686 Ubi
2145 2631 2222 2685 ait
2243 2630 2443 2696 adhuc,
2479 2631 2718 2687 ostendit
2732 2647 2792 2688 se
2816 2634 3092 2689 multoties
3121 2636 3458 2705 prohibitum

1869 2735 2012 2787 esse,
2028 2722 2184 2791 quasi
2204 2723 2432 2778 diceret:
2451 2722 2603 2778 Sicut
2620 2722 2763 2793 saepe
2775 2726 3058 2795 proposui,
3075 2727 3155 2782 sic
3176 2742 3319 2797 saepe
3336 2743 3450 2798 pro.

1870 2811 2076 2867 hibitus
2096 2811 2193 2867 fui.
2228 2811 2443 2879 Venire,
2493 2814 2747 2884 inquam,
2789 2816 3053 2884 proposui
3074 2817 3140 2871 ad
3180 2832 3299 2881 vos,
3331 2818 3456 2871 ideo

1869 2911 1927 2956 ut
1953 2902 2174 2958 habeam
2210 2905 2266 2957 in
2299 2904 2460 2971 vobis,
2497 2905 2645 2975 quod
2671 2914 2724 2960 et
2765 2906 2940 2961 habeo
2964 2908 3018 2961 in
3047 2908 3193 2975 aliis,
3219 2908 3463 2978 aliquem

1870 2994 2124 3062 fructum,
2156 2996 2210 3050 id
2237 3003 2342 3063 est,
2369 2997 2451 3052 vel
2479 3007 2537 3052 ut
2558 3012 2657 3053 vos
2680 3013 2767 3052 me
2787 2998 3016 3053 docente
3041 3000 3295 3065 correcti,
3347 3000 3461 3053 fru-

1869 3085 2122 3141 ctiﬁcetis
2170 3087 2226 3142 in
2258 3088 2597 3155 melius;vel
2649 3098 2849 3159 ut-ego
2904 3088 3141 3145 fructum
3187 3090 3461 3146 mercedis

1875 3175 2155 3243 recipiam,
2189 3177 2316 3244 quia
2342 3176 2581 3231 laboravi
2621 3175 2676 3231 in
2706 3177 2880 3233 vobis.
2928 3176 3190 3245 Habeam,
3221 3179 3366 3245 dico,
3399 3179 3454 3233 in

1874 3265 2048 3330 vobis,
2078 3266 2215 3319 sicut
2254 3266 2430 3322 habeo
2460 3268 2515 3321 in
2556 3269 2759 3322 cwteris
2797 3270 3058 3338 gentibus,
3090 3270 3269 3336 idest,
3301 3279 3359 3325 ut
3384 3271 3462 3325 si-

1872 3364 1965 3410 cut
2016 3356 2154 3411 alias
2184 3365 2372 3427 gentes
2409 3356 2572 3413 docui
2618 3359 2801 3414 omnia
2847 3359 3050 3415 referre
3092 3361 3280 3431 gratia:
3318 3361 3459 3429 Dei,

1872 3447 1954 3502 sic
1972 3456 2027 3503 et
2045 3462 2145 3503 vos
2168 3447 2346 3504 edocti
2371 3464 2401 3504 a
2430 3465 2517 3505 me
2539 3450 2682 3505 idem
2735 3450 2979 3518 faciatis,
3013 3467 3114 3508 nec
3149 3469 3185 3507 a-
3209 3452 3459 3509 doctrina

1873 3540 2038 3594 vestri
2057 3548 2112 3594 et
2150 3539 2382 3595 aliarum
2428 3542 2672 3611 gentium
2714 3557 2932 3599 cessare
2976 3559 3151 3614 queo;
3189 3561 3290 3615 ego
3310 3546 3455 3600 enim

1870 3629 2079 3685 debitor
2114 3648 2252 3697 sum,
2306 3632 2361 3687 id
2407 3641 2492 3688 est
2537 3648 2605 3688 ex
2652 3634 2834 3689 debito
2882 3636 3153 3705 praedico,
3187 3637 3268 3692 sic
3311 3638 3456 3693 enim

1872 3718 2006 3772 mihi
2028 3727 2122 3790 est
2150 3718 2456 3789 injunctum
2478 3736 2510 3774 a
2538 3719 2745 3791 Spiritu
2768 3731 2981 3790 sancto,
3009 3722 3209 3778 Grazcis
3255 3741 3313 3777 π
3334 3726 3458 3779 bar-

1873 3808 2036 3861 baris.
2065 3806 2269 3864 Praeter
2284 3808 2501 3865 Graecos
2531 3826 2725 3867 omnes
2752 3819 2941 3883 gentes
2970 3822 3132 3869 vocat
3163 3814 3456 3871 barbaros:

1871 3899 1966 3954 sed
1997 3898 2170 3954 Graeci
2224 3916 2437 3971 semper
2487 3901 2810 3970 sapientiam
2862 3918 2975 3972 pra:
2994 3904 3206 3959 caeteris
3266 3906 3457 3960 sectati

1870 4000 2020 4063 sunt,
2037 4000 2093 4045 et
2108 3991 2273 4047 etiam
2297 3991 2351 4045 in
2376 3991 2582 4048 Graecia
2607 3991 2809 4048 Paulus
2841 3994 3077 4063 primum
3097 3994 3374 4052 Ecclesias
3390 3998 3457 4052 de

1869 4081 2122 4153 gentibus
2161 4081 2474 4149 constituit;
2503 4092 2559 4138 et
2587 4082 2643 4137 in
2673 4082 2778 4139 illis
2801 4100 2894 4140 seu
2927 4084 3163 4152 Graecis,
3196 4102 3292 4141 seu
3330 4086 3457 4141 bar-

1869 4175 2037 4242 baris,
2099 4175 2314 4230 debitor
2362 4191 2483 4230 sum
2548 4176 2875 4246 sapientibus
2940 4186 2989 4231 et
3054 4178 3457 4248 insipientibus;

1869 4268 1999 4340 quia
2028 4268 2174 4338 apud
2201 4267 2419 4323 Graecos
2468 4278 2595 4323 sunt
2623 4269 2896 4338 sapientes
2937 4278 2993 4324 et
3022 4270 3375 4340 insipientes;
3401 4280 3459 4327 et
3558 4292 3565 4301 ί

1870 4361 1952 4418 sic
1975 4361 2121 4432 apud
2167 4360 2451 4416 barbaros.
2502 4359 2568 4415 Et
2605 4361 2750 4416 sicut
2785 4360 2917 4416 aliis.
2952 4361 3206 4431 gentibus
3246 4362 3452 4430 debeo,

1872 4452 1953 4509 sic
1976 4451 2191 4507 debitor
2219 4466 2341 4506 sum
2371 4449 2735 4520 euangelizare
2763 4450 2928 4516 vobis,
2949 4447 3152 4505 ludatis
3188 4458 3243 4504 et
3283 4452 3457 4521 genti-

200 4543 351 4599 ritum
398 4547 455 4601 in
495 4546 666 4601 vitam
708 4554 988 4601 aeternam.
1035 4545 1115 4601 Nc
1165 4547 1304 4601 forte
1344 4548 1578 4617 gratiam
1624 4548 1769 4613 iidei,
1804 4586 1848 4645 D
1875 4544 2019 4645 libus
2044 4542 2347 4608 conversis,
2381 4544 2472 4612 qui
2496 4540 2678 4645 Romae
2707 4542 2855 4596 estis.
2888 4540 3045 4609 Quod
3077 4542 3282 4599 scilicet
3305 4556 3442 4597 evan

198 4649 347 4703 quam
374 4653 406 4692 a
428 4637 720 4707 discipulis
750 4636 901 4691 Pauli
936 4646 1277 4706 acceperant,
1307 4638 1554 4691 inutilem
1575 4638 1770 4707 opina-

200 4736 400 4796 rentur,
424 4729 559 4800 quia
579 4728 715 4784 dixit
756 4743 816 4783 se
834 4728 1089 4783 daturum
1113 4728 1221 4783 illis
1240 4729 1490 4799 gratiam,
1516 4729 1625 4783 ait:
1656 4728 1774 4784 Non

198 4816 309 4873 dico
335 4830 393 4876 ut
425 4820 712 4890 impertiar
735 4818 889 4874 vobis
908 4819 1138 4890 gratiam
1163 4820 1568 4873 adinitiandum
1594 4836 1693 4875 vos
1717 4820 1771 4874 in

200 4905 292 4961 ﬁde
312 4908 495 4977 (ﬁdem
520 4907 668 4963 enim
688 4923 879 4962 sanam
902 4906 1343 4977 accepistis),scd
1370 4908 1440 4960 ad
1460 4908 1776 4977 conﬁrman-

199 4999 284 5051 dos
322 5015 430 5067 vos,
470 4999 636 5055 idest
663 4999 732 5055 ad
755 4998 1184 5054 conﬁrmandam
1222 4998 1380 5052 tidem
1432 5009 1670 5054 vestram
1712 5000 1769 5055 in

201 5087 277 5143 bis
296 5106 415 5160 qua:
440 5090 604 5147 tidem
635 5090 888 5146 comitari
914 5090 1132 5157 debent,
1156 5088 1364 5144 scilicet
1408 5098 1470 5145 ut
1502 5091 1766 5146 unitatem

202 5176 451 5238 habeatis.
470 5180 581 5239 Nec
601 5184 739 5238 alter
763 5183 995 5238 alterum
1019 5181 1348 5255 digniorem,
1370 5197 1463 5237 seu
1495 5182 1756 5252 indignio-

202 5273 496 5341 remgratia
546 5273 640 5329 Dei
680 5274 963 5345 judicetis.
1009 5271 1127 5330 Hoc
1165 5274 1314 5345 quod
1363 5273 1489 5329 dico
1517 5272 1769 5329 desidero

201 5356 252 5427 9
272 5362 596 5420 conﬁrmare
620 5380 743 5432 vos,
770 5365 824 5421 id
851 5374 938 5420 est
960 5365 1213 5421 desidero
1240 5366 1507 5420 consolari
1533 5366 1587 5419 in
1621 5364 1765 5420 vobis

202 5449 368 5508 simul.
422 5452 527 5509 Ubi
555 5455 634 5511 ait
661 5455 831 5511 simul
858 5456 1133 5511 consolari
1153 5498 1168 5522 ,
1206 5456 1444 5512 ostendit
1484 5471 1544 5511 se
1577 5456 1644 5511 de
1677 5470 1767 5512 er-

205 5554 315 5597 rore
344 5559 538 5600 eorum
562 5546 836 5613 doluisse;
861 5547 953 5601 ubi
984 5547 1062 5601 ait
1085 5546 1267 5613 simul,
1295 5546 1474 5602 innuit
1496 5546 1642 5616 quod
1671 5562 1768 5616 per

204 5629 495 5689 doctrinam
526 5652 683 5691 suam
706 5638 1024 5693 consolandi
1046 5646 1203 5701 sunt;
1230 5645 1283 5691 et
1311 5645 1531 5707 propter
1557 5645 1768 5692 utrum-

206 5735 299 5790 que
322 5728 705 5796 equanimiter
724 5728 922 5786 debere
953 5745 1051 5785 eos
1079 5730 1312 5785 tolerare
1357 5730 1656 5800 quamlibet
1678 5746 1768 5785 as-

209 5827 376 5883 peram
407 5819 833 5892 increpationem
867 5822 1044 5891 Pauli,
1077 5840 1203 5879 cum
1235 5832 1287 5880 et
1311 5839 1407 5894 per
1444 5826 1546 5882 hoc
1568 5840 1766 5882 conso-

1873 4633 2106 4704 gelizare
2153 4642 2453 4704 promptum
2497 4641 2596 4699 est,
2622 4632 2675 4687 id
2715 4640 2800 4688 est
2825 4641 3077 4702 paratum
3106 4642 3452 4699 est,‘secun-

1872 4726 2002 4781 dum
2025 4726 2130 4782 hoc
2156 4726 2303 4796 quod
2336 4727 2390 4779 in
2418 4742 2496 4780 me
2537 4733 2642 4791 est,
2673 4723 2729 4780 id
2754 4734 2838 4781 est
2868 4723 2925 4779 in
2957 4735 3221 4795 quantum
3265 4724 3337 4780 ad
3365 4739 3454 4780 me

1873 4818 2123 4888 pertinet.
2157 4817 2346 4873 Videte
2376 4833 2445 4872 ne
2485 4832 2585 4872 vos
2633 4816 2932 4885 imparatos
2979 4817 3256 4872 auditores
3301 4816 3453 4872 inve-

1874 4911 2043 4965 niam.
2088 4908 2226 4965 Vere
2271 4918 2577 4978 promptum
2618 4915 2704 4962 est
2747 4907 2803 4961 in
2859 4922 2973 4973 me,
3004 4922 3105 4978 ego
3152 4908 3298 4962 enim
3348 4925 3453 4963 non

1872 5000 2117 5054 erubesco
2144 4996 2510 5067 Evangetium.
2539 4994 2745 5051 Tribus
2788 4995 2966 5051 modis
3010 4997 3285 5053 erubescit
3326 5001 3452 5069 quis

1871 5088 2224 5161 Evangelium
2252 5105 2265 5143 :
2284 5088 2367 5143 vel
2387 5102 2512 5142 cum
2536 5086 2789 5143 miserias
2820 5087 3047 5153 Christi,
3060 5105 3299 5155 crucem,
3314 5107 3459 5147 mor-

1872 5190 2000 5247 tem,
2030 5190 2161 5247 etc.,
2197 5180 2361 5237 stulte
2390 5180 2790 5236 ve'recundatur
2824 5181 3154 5249 praedicare;
3204 5183 3288 5238 vel
3322 5198 3451 5238 cum

1869 5283 2124 5344 corrupte
2170 5274 2388 5341 vivens,
2405 5272 2676 5344 justitiam
2712 5274 2867 5328 timet
2897 5274 3211 5342 praedicare,
3240 5291 3321 5350 .ne
3364 5292 3452 5331 re-

1869 5365 2237 5435 prehendatur
2256 5354 2413 5419 aliter
2434 5364 2649 5429 docere,
2676 5372 2731 5419 et
2752 5365 2907 5419 aliter
2927 5365 3139 5433 vivere;
3157 5367 3239 5421 vel
3259 5366 3407 5439 [cum
3431 5366 3448 5438 ]

1863 5456 1932 5511 ad
1961 5455 2430 5511 conﬁrmationem
2462 5453 2866 5525 praedicationis
2920 5472 3036 5512 sua:
3071 5457 3247 5512 virtus
3286 5456 3454 5511 mira-

1867 5547 2117 5604 culorum
2142 5547 2339 5605 deﬁcit.

1939 5640 2046 5696 Sed
2088 5638 2288 5695 Paulus
2329 5640 2478 5695 nullo
2499 5640 2695 5695 horum
2721 5638 2883 5694 modo
2911 5640 3284 5696 erubescebat.
3320 5637 3429 5694 Pro

1867 5742 2051 5803 pterea
2073 5749 2184 5789 non
2207 5732 2474 5788 erubesco
2497 5730 2847 5802 Evangelium
2883 5753 2893 5785 :
2922 5748 3046 5787 nam
3080 5732 3133 5785 in
3159 5730 3449 5802 Evangelia

1868 5834 2068 5895 praesto
2096 5833 2171 5880 est
2201 5823 2334 5880 mihi
2366 5822 2688 5890 virtus_l)ci,
2725 5839 2832 5892 qua
2867 5832 2921 5877 et
2957 5832 3179 5894 peccata
3209 5822 3445 5888 dimitto,
