3978 6388
467 363 540 419 25

1036 364 1091 419 S.
1132 365 1479 423 BRUNONIS
1517 368 2153 428 CAIt'l‘HUSIANORUM
2193 374 2671 449 INSTITUTORIS
2722 378 2873 435 OPP.
2907 379 3083 457 PARS
3120 381 3182 436 ll.

3652 385 3726 447 υ

464 480 518 528 et
560 471 824 527 miracula
864 487 1078 544 operor.
1117 475 1275 543 Quod
1298 478 1648 552 Evangelium
1695 483 1838 548 dico,
1863 485 2051 540 valens
2081 491 2122 550 Α
2155 489 2517 559 cognitionem
2568 492 2634 549 de
2705 492 2841 560 Deo,
2893 510 3058 566 quam
3121 491 3459 553 naturaliter
3502 499 3725 569 habent,

463 575 614 629 omni
638 575 879 629 credenti
907 576 963 630 in
997 577 1304 641 habendam
1347 581 1575 636 salutem
1612 597 1708 651 per
1749 581 1908 638 ﬁdem
1938 600 2045 654 qua

462 678 694 734 credidit
719 696 731 731 :
755 680 896 732 omni
925 680 1155 734 credenti
1177 681 1330 754 dico,
1357 683 1562 741 scilicet
1583 682 1774 738 ludam
1793 686 2042 754 primum,

461 777 701 839 tempore
719 771 993 837 credenti;
1050 772 1104 826 in
1148 771 1334 828 Iudaea
1389 774 1534 831 enim
1590 776 1756 845 coepit
1805 775 2046 835 Ecclesia

456 861 679 914 Christi.
713 859 968 916 Credenti
991 862 1155 917 etiam
1187 861 1390 930 Graeco,
1418 863 1471 919 id
1495 874 1580 923 est
1599 866 1883 935 gentibus,
1915 868 2044 937 quia

455 951 631 1006 Graeci
665 952 969 1008 secundum
1018 954 1299 1010 scientiam
1353 965 1518 1025 caput
1565 966 1725 1012 erant
1776 959 2041 1025 gentium,

454 1042 577 1097 ideo
605 1058 701 1112 per
727 1042 948 1104 Graecos
988 1059 1348 1117 quoscunque
1373 1046 1606 1117 gentiles
1631 1047 1918 1119 signiﬁcat.
1946 1049 2042 1107 Vel

452 1132 527 1186 ita
554 1131 910 1205 Evangelium
943 1131 1092 1191 salus
1120 1144 1205 1191 est
1233 1137 1475 1192 credenti
1514 1135 1725 1205 Iudaeo,
1770 1150 1825 1194 et
1852 1139 2042 1198 (ἔνωεο

450 1227 708 1295 primum,
740 1227 793 1282 id
830 1236 915 1282 est
939 1227 1196 1295 maxime,
1225 1228 1359 1299 quia
1406 1230 1761 1293 suﬁicientem
1807 1233 2039 1290 salutem

449 1320 599 1374 dabit
633 1320 867 1390 utrique.
898 1317 1037 1375 Vere
1078 1335 1176 1389 per
1207 1319 1561 1392 Evangelium
1601 1323 1833 1379 habetur
1882 1324 2036 1390 ﬁdes,

451 1420 505 1465 et
545 1426 642 1480 per
683 1410 845 1466 ﬁdem
888 1411 1040 1471 salus
1074 1420 1297 1468 aeterna.
1345 1412 1490 1471 Nam
1538 1415 1591 1469 in
1635 1430 1701 1469 eo
1747 1415 2040 1489 Evangelio

458 1502 720 1557 revelatur
742 1511 798 1558 et
816 1503 1130 1573 cognitione
1166 1514 1220 1558 et
1245 1505 1592 1574 habitudine;
1625 1522 1689 1560 ex
1720 1508 1853 1576 ﬁde,
1877 1508 1933 1565 id
1953 1520 2039 1566 est

451 1609 547 1662 per
582 1594 744 1648 ﬁdem
783 1608 848 1649 ex
884 1593 1178 1662 Evangelia
1211 1606 1513 1666 acceptam,
1562 1599 1803 1667 justitia,
1857 1599 1910 1656 id
1953 1612 2038 1659 est

445 1684 729 1739 exsecutio
752 1683 1023 1740 bonorum
1049 1699 1297 1756 operum,
1326 1704 1421 1758 per
1451 1690 1557 1761 ιο
1578 1705 1744 1760 quam
1760 1691 2034 1762 justitiam

446 1773 679 1829 habetur
698 1775 851 1835 salus
870 1786 1092 1833 arterna.
1128 1776 1270 1843 Quia
1297 1780 1344 1834 si
1375 1795 1471 1850 per
1490 1780 1846 1856 Evangelium
1870 1785 2027 1852 ﬁdes,

444 1880 543 1934 per
563 1866 723 1921 ﬁdem
759 1876 943 1924 autem
981 1867 1214 1938 justitia,
1257 1885 1351 1941 per
1393 1871 1668 1941 justitiam
1722 1891 1854 1931 vero
1881 1878 2034 1934 salus

445 1964 668 2024 aeterna,
695 1957 861 2029 igitur
885 1973 984 2028 per
1013 1957 1361 2031 Evangelium
1380 1964 1561 2029 salus;
1591 1965 1741 2022 addit
1770 1948 2030 2037 quiddam

448 2050 705 2118 amplius,
742 2050 887 2120 quod
925 2051 993 2106 ad
1021 2066 1134 2107 rem
1164 2052 1328 2119 valet,
1351 2054 1467 2109 sic:
1504 2055 1790 2112 Revelatur
1822 2076 1889 2115 ea:
1925 2060 2032 2129 ﬁde

450 2141 634 2196 eundo
682 2142 740 2195 in
790 2141 973 2211 ﬁdem.
1033 2139 1154 2198 Non
1208 2144 1291 2200 sic
1353 2145 1429 2200 ait
1488 2159 1548 2201 ut
1605 2148 1849 2205 diversas
1898 2150 2033 2207 ﬁdes

443 2232 757 2302 intelligat,
812 2232 910 2289 sed
957 2242 1018 2289 ut
1068 2234 1260 2290 doceat
1307 2237 1509 2293 multos
1558 2239 1761 2309 gradus
1806 2256 1930 2296 esse
1973 2243 2028 2297 in

446 2323 568 2377 ﬁde.
616 2322 849 2379 Romani
915 2340 1106 2379 sanam
1172 2325 1391 2394 quidem
1436 2328 1598 2383 ﬁdem
1653 2330 1926 2386 habebant
1964 2334 2031 2389 de

446 2412 688 2481 Christo,
717 2415 813 2470 sed
844 2415 901 2470 in
936 2415 1043 2471 hoc
1074 2417 1354 2484 errabant,
1380 2410 1510 2488 quia
1541 2434 1650 2474 non
1685 2421 1871 2477 omnia
1900 2438 2029 2495 gra-

442 2505 533 2561 tiae
553 2505 650 2562 Dei
675 2507 1044 2567 attribuebant
1074 2527 1087 2563 :
1124 2507 1182 2562 in
1217 2524 1329 2579 quo
1354 2511 1525 2580 gradu
1556 2511 1679 2567 ﬁdei
1704 2511 1907 2570 Paulus
1934 2530 2030 2572 eos

441 2597 623 2654 locare
652 2599 900 2654 intendit.
933 2598 1015 2655 Ex
1037 2600 1143 2656 ﬁde
1167 2600 1402 2658 habetur
1423 2603 1660 2673 justitia,
1698 2613 1754 2661 et
1778 2607 1903 2663 inde
1939 2624 2030 2663 sa~

448 2689 554 2747 lus.
585 2689 737 2747 Sicut
780 2693 1039 2763 scriptum
1074 2701 1151 2748 est
1183 2694 1237 2748 in
1266 2693 1522 2752 Habacuc
1570 2700 1832 2770 propheta
1867 2720 1880 2756 :
1920 2700 2029 2755 Ju-

439 2791 554 2836 stus
577 2790 755 2848 autem
767 2799 840 2838 ea;
862 2784 969 2855 ﬁde
990 2786 1114 2840 uiuit
1136 2785 1367 2856 (llabac.
1396 2804 1456 2857 ιι,
1480 2790 1563 2861 4).
1579 2789 1686 2847 Per
1708 2792 2027 2864 prophetam

437 2875 727 2931 conﬁrmat
779 2874 1178 2949 Evangelium;
1256 2878 1333 2934 ait
1384 2880 1531 2935 enim
1589 2883 1855 2953 propheta
1895 2904 1908 2939 :
1945 2884 2026 2941 Ex

443 2965 550 3020 ﬁde
572 2980 697 3037 qua
730 2979 831 3038 per
866 2964 1223 3040 Evangelium
1254 2970 1503 3036 habetur,
1531 2972 1591 3027 ﬁt
1624 2973 1791 3028 homo
1821 2974 2025 3045 justus,

436 3058 576 3112 bene
634 3059 934 3129 operando,
970 3067 1026 3115 et
1077 3076 1178 3131 per
1234 3061 1505 3132 justitiam
1550 3064 1681 3119 vivit
1720 3065 1776 3119 in
1825 3075 2027 3122 aeterna

435 3150 631 3205 salute.
670 3147 968 3222 llncusque
1021 3149 1305 3208 blanditus
1357 3161 1442 3208 est
1475 3152 1766 3221 Romanis,
1794 3156 2025 3213 dicendo

433 3256 494 3296 se
517 3231 825 3296 sollicitum
836 3241 904 3297 de
933 3241 1110 3299 salute
1143 3257 1356 3309 eorum,
1381 3251 1443 3297 ut
1464 3259 1623 3315 aequo
1644 3246 1828 3300 animo
1850 3247 2026 3302 susci-

436 3332 592 3404 piant
629 3331 1002 3388 correctiones
1039 3332 1312 3403 Apostoli.
1353 3333 1454 3390 Hic
1484 3345 1666 3392 autem
1708 3338 1887 3407 primo
1930 3354 2026 3411 ag-

435 3421 684 3492 greditur
706 3422 956 3495 gentiles,
983 3437 1124 3493 quos
1151 3422 1371 3482 facilius
1396 3440 1558 3495 posse
1584 3428 1782 3500 corrigi
1820 3429 2023 3485 intelli-

434 3515 533 3585 git,
579 3522 639 3569 ut
672 3522 863 3586 postea
907 3514 1118 3570 diutius
1174 3515 1230 3571 in
1284 3515 1661 3573 confutatione
1708 3517 2021 3576 Judaaorum

432 3608 790 3675 immoretur;
820 3615 1061 3664 attamen
1117 3616 1303 3664 autem
1331 3609 1411 3665 sic
1452 3609 1641 3665 dicens
1678 3611 2021 3683 ingreditur:

436 3701 575 3757 Vere
607 3716 677 3758 ex
722 3701 828 3756 ﬁde
859 3700 1109 3771 justitia;
1143 3711 1195 3757 et
1220 3717 1285 3757 ex
1318 3701 1531 3772 iustitia
1562 3703 1731 3759 salus.
1759 3702 1896 3760 Nam
1926 3720 2022 3776 per

434 3794 774 3851 contrarium
801 3807 867 3849 ea:
908 3794 1199 3864 impietate,
1228 3794 1282 3848 id
1310 3802 1395 3850 est
1441 3808 1506 3848 ex
1528 3808 1638 3849 non
1669 3795 1794 3863 ﬁde,
1836 3812 1931 3852 seu
1953 3813 2021 3854 ex

441 3885 749 3943 idololatria
778 3887 1027 3956 sequitur
1045 3886 1338 3957 injustitia,
1362 3885 1416 3941 id
1444 3895 1530 3942 est
1561 3887 1705 3942 mala
1727 3902 1926 3959 opera;
1966 3898 2021 3945 et

435 3994 502 4032 ex
536 3976 805 4047 injustitia
841 3977 1091 4046 sequitur
1116 3978 1201 4031 ira
1224 3975 1345 4042 Dei,
1377 3977 1432 4032 id
1459 3985 1544 4033 est
1566 3977 1846 4034 damnatio
1869 3988 2023 4035 atter-

432 4084 531 4134 na,
592 4068 755 4123 saluti
805 4066 1103 4135 contraria,
1139 4067 1287 4138 quod
1330 4067 1739 4138 aequipollenter
1786 4070 1869 4126 sic
1897 4071 2017 4126 ait:

434 4160 571 4216 Vere
597 4175 662 4216 ex
699 4159 806 4216 ﬁde
841 4160 1115 4216 revelatur
1158 4160 1408 4231 jnstitia;
1450 4169 1504 4216 et
1553 4161 1634 4216 sic
1662 4163 1832 4218 salus.
1880 4162 2018 4218 Nam

431 4268 588 4321 super
635 4268 840 4307 omnem
897 4252 1223 4323 impietatem
1250 4269 1269 4307 :
1302 4268 1468 4323 super
1494 4253 1647 4321 dicit,
1697 4256 1763 4310 ad
1793 4256 2017 4326 opposi-

428 4345 636 4400 tionem
665 4342 991 4414 impietatis;
1019 4352 1220 4399 etcum
1260 4345 1392 4400 dicit
1427 4345 1756 4416 impietatem
1777 4389 1792 4413 ,
1844 4348 2019 4419 magis

426 4442 512 4490 cst
537 4449 704 4504 quam
731 4432 779 4489 si
799 4434 1005 4490 diceret
1033 4448 1226 4490 omnes
1260 4435 1479 4504 impios.
1519 4435 1580 4491 Si
1624 4437 1772 4492 enim
1819 4438 2017 4508 impios

2148 583 2232 636 vel
2259 579 2459 638 habere
2488 595 2737 654 possunt,
2763 601 2884 642 eam
2914 587 3179 656 detinent,
3217 588 3274 643 id
3302 598 3388 645 est
3415 592 3725 658 retrahunt,

2145 686 2214 726 ne
2242 672 2390 742 quod
2415 682 2610 728 natura
2634 675 2895 747 exigeret,
2928 678 3187 741 ascendat
3213 680 3281 735 ad
3315 679 3523 750 aliquid
3549 683 3729 751 magis

2144 763 2211 818 de
2240 762 2351 821 Deo
2382 766 2809 836 agnoscendum.
2850 767 3104 824 Detinent
3162 770 3350 841 utique
3370 786 3492 826 eam
3542 772 3597 825 in
3640 773 3730 826 iu-

2135 853 2378 923 justitia,
2411 855 2465 911 id
2492 865 2577 912 est
2603 871 2701 926 per
2727 858 2870 913 mala
2894 874 3017 929 quae
3044 869 3359 930 operantur.
3399 858 3538 917 Vere
3571 862 3728 932 impii

2144 945 2423 1002 veritatem
2449 945 2545 1003 Dei
2580 948 2661 1003 sic
2681 948 2951 1017 detinent;
2975 951 3103 1022 quia
3122 951 3263 1022 quod
3288 961 3470 1008 notum
3500 961 3580 1007 est
3607 952 3726 1020 Dei,

2144 1036 2195 1091 id
2224 1045 2311 1091 est
2358 1037 2505 1108 quod
2539 1039 2795 1110 cognosci
2833 1038 3012 1111 potest
3031 1041 3100 1097 de
3126 1040 3267 1110 Deo,
3313 1043 3446 1098 illud
3492 1044 3728 1112 manife-

2140 1137 2281 1182 stum
2307 1138 2405 1194 est,
2435 1129 2482 1185 si
2506 1144 2616 1185 non
2638 1131 2693 1186 in
2715 1140 2840 1187 actu
2876 1133 2977 1200 rei,
3027 1143 3208 1190 tamen
3231 1134 3288 1188 in
3307 1134 3439 1202 illis,
3479 1135 3533 1191 id
3554 1144 3640 1190 est
3670 1135 3729 1190 in

2140 1219 2445 1275 rationibus
2464 1235 2678 1289 eorum,
2703 1231 2757 1278 et
2786 1222 2841 1277 in
2863 1225 3102 1293 potentia
3125 1226 3431 1283 intellectus
3450 1227 3557 1283 sui.
3583 1225 3730 1282 Vere

2136 1309 2285 1379 quod
2311 1318 2499 1367 notum
2524 1320 2608 1368 est
2635 1312 2751 1381 Dei,
2776 1314 3129 1372 manifestum
3153 1326 3237 1372 est
3258 1317 3313 1372 in
3334 1316 3444 1379 illis
3464 1317 3729 1377 omnibus

2137 1400 2522 1470 potentialiter.
2553 1401 2690 1459 Nam
2718 1402 2860 1460 Deus
2898 1406 3255 1478 tuanifestavit
3279 1407 3335 1462 in
3362 1417 3488 1467 actu
3510 1406 3645 1475 illis,
3669 1408 3727 1465 id

2136 1503 2220 1549 est
2238 1493 2566 1565 quibusdam
2603 1497 2842 1565 illorum,
2862 1499 2968 1555 hoc
2989 1499 3136 1569 quod
3163 1509 3357 1559 notum
3385 1510 3472 1559 est
3492 1501 3609 1558 Dei.

2206 1583 2365 1653 Quod
2387 1587 2435 1643 si
2460 1587 2796 1658 quibusdam
2826 1590 3124 1648 revelatum
3146 1601 3233 1648 est
3258 1592 3315 1651 in
3336 1601 3482 1659 actu,
3506 1602 3731 1649 constat

2134 1677 2265 1747 quia
2324 1677 2676 1735 manifestum
2725 1689 2812 1737 est
2851 1682 2907 1737 in
2965 1683 3225 1753 potentia.
3272 1682 3428 1740 Plato
3475 1685 3624 1740 enim
3668 1694 3728 1741 et

2136 1769 2357 1839 quidam
2416 1770 2726 1841 philosophi
2783 1774 3109 1831 naturaliter
3175 1783 3553 1847 cognoverunt
3597 1790 3726 1832 esse

2067 1842 2109 1898 Β
2135 1876 2308 1917 unum
2330 1859 2643 1918 Creatorem
2666 1864 2940 1931 omnium,
2960 1879 3071 1925 non
3097 1842 3281 1924 tamen
3311 1867 3432 1922 sine
3453 1866 3726 1937 adiutrice

2134 1950 2310 2019 gratia
2344 1949 2464 2007 Dei.
2487 1949 2690 2007 Probat
2710 1953 2858 2022 quod
2894 1952 3040 2009 Deus
3061 1953 3390 2024 quibusdam
3419 1962 3542 2011 actu
3566 1969 3725 2010 reve-

2132 2039 2265 2096 lavit
2290 2041 2415 2108 hoc,
2458 2051 2514 2098 et
2559 2043 2783 2099 modum
2845 2045 3194 2102 revelationis
3244 2045 3452 2112 subdit,
3469 2046 3670 2101 dicens
3703 2063 3720 2099 :

2133 2132 2271 2188 Vere
2325 2132 2469 2191 Deus
2511 2135 2841 2205 quibusdam
2890 2137 3164 2194 revelavit.
3225 2134 3372 2192 Nam
3425 2137 3725 2192 invisibilia

2131 2226 2296 2294 ipsius
2347 2225 2547 2284 divinae
2600 2226 2852 2284 essentia:
2905 2228 3303 2298 conspiciuntur
3331 2287 3348 2305 ,
3372 2244 3408 2282 a
3471 2236 3728 2283 creatura

2134 2317 2346 2385 mundi,
2401 2332 2503 2373 nec
2536 2319 2770 2376 obscure
2815 2320 2913 2376 sed
2959 2320 3138 2377 lucide
3165 2320 3468 2388 intellecta,
3496 2336 3591 2390 per
3618 2320 3724 2375 illa

2131 2423 2249 2477 qua:
2279 2424 2342 2462 ea
2361 2407 2532 2476 'suut;
2556 2425 2656 2481 per
2683 2410 2976 2467 invisibilia
3018 2411 3237 2468 Patrem
3264 2412 3557 2484 signiﬁcat,
3589 2413 3726 2483 quia

2132 2514 2164 2553 a
2192 2498 2340 2554 nullo
2395 2499 2548 2557 ducit
2600 2501 2949 2573 principium,
2996 2503 3139 2560 sicut
3187 2502 3363 2559 Filius
3392 2513 3448 2559 et
3480 2503 3730 2575 Spiritus

2131 2601 2356 2649 sanctus
2393 2608 2423 2647 a
2451 2591 2639 2649 Patre.
2689 2592 2817 2650 ldeo
2863 2604 3047 2652 autem
3106 2595 3373 2666 pluralem
3426 2602 3724 2652 numerum

2132 2683 2335 2752 posuit,
2365 2684 2495 2754 quia
2530 2684 2820 2743 inﬁrmitas
2850 2685 3078 2743 humani
3107 2686 3420 2744 intellectus
3452 2701 3562 2744 non
3594 2688 3723 2744 sul“-

2131 2780 2244 2837 ﬁcit
2272 2781 2621 2838 considerare
2657 2781 2712 2836 in
2769 2780 2882 2840 Deo
2906 2823 2923 2847 ,
2959 2781 3069 2838 nisi
3122 2796 3217 2853 per
3270 2781 3724 2854 interpositiones

2129 2880 2459 2943 temporum,
2486 2856 2609 2943 qua}
2641 2874 2698 2929 in
2726 2888 2794 2931 eo
2818 2874 3084 2930 naturalia
3107 2882 3163 2931 et
3180 2873 3347 2931 simul
3362 2882 3494 2930 sunt
3520 2883 3575 2930 et
3604 2890 3729 2932 uno

2128 2964 2242 3019 ictu
2267 2963 2337 3034 (si
2357 2964 2471 3020 ﬁeri
2496 2965 2695 3035 potest)
2724 2964 3138 3025 consideranda.
3159 2962 3494 3035 Sempiterua
3511 2979 3730 3036 quoque

2129 3057 2294 3111 virtus
2319 3056 2454 3125 ejus,
2483 3055 2539 3111 id
2566 3055 2790 3125 est,ejus
2818 3054 3017 3111 divinae
3032 3054 3309 3122 essentia,
3332 3055 3386 3111 id
3405 3063 3489 3113 est
3518 3054 3726 3123 Filius,

2129 3148 2225 3219 qui
2254 3146 2429 3204 virtus
2460 3156 2516 3205 et
2558 3146 2825 3218 sapientia
2860 3147 3040 3203 Patris
3079 3147 3298 3215 dicitur,
3337 3162 3554 3219 semper
3584 3162 3726 3204 cum

2128 3240 2293 3297 Patre
2321 3248 2584 3306 aeternus,
2612 3248 2664 3296 et
2683 3240 2958 3307 divinitas,
2982 3239 3036 3296 id
3070 3249 3157 3297 est
3198 3240 3432 3296 bonitas.
3467 3238 3623 3297 Unde
3656 3248 3726 3301 et

2124 3334 2299 3389 bonos
2346 3331 2616 3393 homines.
2650 3330 2868 3388 divinos
2907 3345 3189 3389 vocamus.
3239 3331 3485 3399 Bonitas,
3516 3331 3573 3389 id
3625 3340 3725 3388 est

2123 3425 2344 3483 dilectio
2395 3424 2515 3495 ejus
2575 3423 2775 3480 divinae
2838 3423 3092 3481 essentia;
3120 3464 3140 3492 ,
3200 3423 3413 3481 scilicet
3471 3423 3725 3495 Spiritus

2123 3525 2375 3583 sanctus,
2408 3516 2503 3586 qui
2555 3514 2694 3571 nihil
2735 3515 2885 3573 aliud
2924 3522 3197 3586 estquam
3243 3515 3463 3573 bonitas
3510 3524 3568 3571 et
3611 3515 3715 3571 di-

2122 3609 2282 3664 lectio
2343 3607 2523 3663 Patris
2574 3616 2629 3663 et
2689 3606 2835 3662 Filii.
2893 3606 3046 3674 Haec,
3097 3607 3359 3678 inquam,
3419 3608 3595 3664 virtus
3654 3617 3727 3664 et

2125 3700 2225 3768 ιι
2266 3697 2526 3757 divinitas
2566 3697 2979 3768 conspiciuntur
3012 3698 3309 3765 intellecta,
3350 3715 3447 3768 per
3482 3715 3548 3754 ea
3584 3714 3722 3769 quae

2121 3790 2260 3846 facta
2289 3797 2438 3846 sunt.
2470 3787 2647 3845 Homo
2667 3790 2816 3844 enim
2855 3788 3146 3846 invisibilia
3170 3789 3473 3861 intelligere
3497 3790 3718 3861 nequit,

2119 3880 2227 3936 nisi
2249 3895 2346 3950 per
2367 3894 2433 3936 ea
2447 3894 2571 3950 quae
2591 3878 2751 3935 videt.
2777 3878 2884 3936 Sed
2904 3895 3028 3935 cum
3048 3878 3245 3949 aspicit
3263 3879 3500 3950 aliquem
3525 3896 3714 3952 regem

2121 3968 2304 4039 magni
2332 3967 2566 4038 imperii,
2591 3983 2688 4038 per
2705 3982 2835 4023 eum
2853 3967 3260 4038 quodammodo
3279 3965 3548 4038 intelligit,
3580 3981 3715 4022 eum

2121 4075 2302 4131 regem
2335 4060 2497 4131 longe
2520 4058 2784 4131 majorem
2818 4059 2912 4130 qui
2944 4059 3112 4118 istum
3147 4059 3376 4115 creavit.
3396 4057 3536 4113 Cum
3577 4072 3717 4123 vero

2119 4153 2267 4208 videt
2311 4151 2568 4207 virtutem
2617 4166 2713 4207 seu
2762 4150 3086 4221 sapientiam
3139 4151 3196 4204 in
3242 4150 3449 4221 aliquo,
3505 4148 3718 4221 cogitat

2119 4245 2292 4300 multo
2317 4244 2493 4315 magis
2514 4242 2772 4298 virtutem
2801 4258 2923 4299 esse
2955 4250 3012 4297 et
3035 4242 3358 4313 sapientiam
3402 4241 3460 4296 in
3503 4255 3571 4297 eo
3611 4241 3715 4311 qui

2118 4336 2269 4394 dedit
2322 4335 2418 4390 illi.
2479 4332 2571 4389 Sic
2617 4334 2685 4389 de
2728 4333 2972 4391 bonitate
3000 4348 3096 4390 seu
3126 4333 3418 4410 dilectione
3452 4331 3572 4401 Dei,
3592 4332 3715 4403 'per

2117 4428 2418 4485 bonitatem
2468 4436 2732 4482 creaturae
2780 4433 2960 4495 potest
3011 4425 3290 4497 cognosci.
3340 4424 3491 4481 Hanc
3524 4433 3719 4482 autem

425 4526 652 4592 ticeret,
690 4540 884 4581 omnes
911 4526 1137 4597 quidem
1163 4525 1381 4596 impios,
1414 4528 1507 4582 sed
1536 4543 1643 4583 non
1669 4544 1770 4599 pro
1814 4530 2003 4601 singu.
2043 4524 2089 4583 D
2116 4520 2373 4577 virtutem
2410 4527 2465 4572 et
2494 4517 2832 4572 divinitatem
2873 4517 2929 4571 in
2976 4516 3089 4573 Deo
3123 4517 3446 4572 naturaliter
3478 4532 3720 4586 pensare

425 4618 494 4675 lis
524 4617 897 4689 impietatibus
926 4618 1315 4690 opprimendos
1335 4617 1559 4675 diceret.
1595 4619 1699 4675 Sed
1728 4637 1854 4676 cum
1878 4622 2011 4678 dicit

427 4720 647 4766 Omnem
687 4711 1043 4782 impietatem,
1085 4720 1141 4766 et
1179 4726 1372 4766 omnes
1402 4711 1602 4781 impios
1641 4727 1741 4782 pro
1779 4712 2011 4787 singulis

424 4800 796 4870 inpietatibus
817 4798 1120 4870 puniendos
1146 4814 1268 4854 esse
1292 4799 1552 4855 insinuat.
1583 4799 1759 4871 Super
1787 4791 2013 4880 omnen‘i

425 4893 614 4962 utique
631 4893 997 4962 impietatem;
1038 4908 1105 4949 ex
1143 4907 1252 4963 qua
1297 4892 1612 4949 inﬁdelitate
1648 4895 1893 4964 procedit
1921 4895 2006 4951 in-ﬁ

418 4981 650 5052 justitia,
691 4982 746 5036 id
774 4990 858 5037 est
903 4997 1159 5053 perversa
1208 4983 1463 5055 cogitatio
1504 4984 1593 5039 vel
1642 4986 1918 5055 operatio;
1950 4994 2007 5040 et

425 5088 592 5142 super
620 5087 841 5128 omnem
873 5073 1200 5143 injustitiam
1230 5074 1511 5143 revelatur,
1534 5075 1590 5132 id
1618 5084 1704 5133 est
1722 5077 2009 5148 cognosci-

421 5171 514 5218 tur
551 5177 675 5219 esse
724 5163 805 5217 ira
842 5162 941 5218 Dei
986 5163 1205 5218 venturi
1253 5164 1322 5218 de
1376 5166 1516 5223 caelo
1570 5165 1627 5222 in
1669 5166 1759 5224 die
1792 5168 2006 5239 judicii.

420 5254 581 5311 Tunc
603 5255 751 5310 enim
781 5255 1114 5310 revelabitur
1143 5254 1230 5309 his
1255 5255 1351 5324 qui
1373 5272 1551 5326 usque
1578 5260 1645 5313 ad
1672 5260 1823 5314 diem
1854 5260 2007 5315 illum

420 5361 535 5403 non
578 5345 911 5402 crediderint
952 5344 1234 5401 Christum
1293 5361 1416 5402 esse
1447 5346 1688 5417 judicem
1735 5351 2027 5425 omnium...

423 5436 520 5493 Vel
550 5439 634 5492 ira
652 5437 759 5493 Dei
804 5437 1069 5493 revelatur
1110 5437 1175 5492 de
1210 5438 1360 5505 cisio,
1399 5438 1531 5509 quia
1562 5439 1742 5509 ipsum
1770 5436 2029 5531 elemcn-f.

420 5535 539 5582 tum
580 5528 634 5582 in
683 5536 878 5583 ornatu
904 5536 958 5584 et
1004 5526 1217 5583 factura
1265 5545 1363 5584 sua
1386 5530 1625 5586 ostendit
1662 5526 2028 5589 metuendam!

414 5632 544 5677 esse
592 5619 729 5673 iram
808 5618 948 5688 ejus,
1011 5619 1104 5688 qui
1162 5620 1327 5674 talem
1374 5629 1679 5677 creaturam
1731 5580 2029 5710 for-mark:

423 5705 734 5776 Bevelatur,
769 5711 1013 5781 inquam,
1065 5711 1149 5764 ira
1185 5727 1339 5779 super
1363 5712 1685 5782 injustitiam
1715 5705 2020 5782 hominumﬁj

426 5802 603 5867 eorum
654 5804 935 5861 hominum
981 5804 1128 5882 dico,
1169 5805 1259 5885 qui
1306 5808 1597 5881 veritatem,
1632 5808 1789 5865 idest
1822 5770 2024 5871 verumg

2113 4610 2437 4675 suﬁecisset,
2467 4609 2570 4664 etsi
2597 4609 2688 4663 illa
2727 4608 2974 4675 nomina,
3000 4609 3054 4664 id
3083 4618 3168 4665 est
3197 4607 3369 4664 Filius
3395 4615 3452 4663 et
3473 4606 3717 4678 Spiritus

2113 4711 2338 4758 sanctus
2363 4700 2698 4773 ignorarent.
2728 4698 2873 4754 Idem
2898 4700 3044 4754 enim
3070 4709 3156 4755 est
3177 4700 3354 4757 virtus
3374 4707 3429 4755 et
3450 4699 3715 4759 divinitas

2103 4809 2205 4851 seu
2230 4792 2457 4853 dilectio.
2469 4789 2586 4858 Dei,
2604 4790 2753 4862 quod
2770 4790 2943 4849 Filius
2954 4800 3011 4848 et
3030 4789 3264 4862 Spiritus
3285 4800 3510 4849 sanctus
3534 4792 3709 4852 virtus

2108 4895 2163 4941 et
2187 4885 2448 4950 divinitas
2475 4883 2571 4941 Dei
2618 4899 2715 4955 per
2737 4899 2799 4938 ea
2825 4898 2950 4954 quae
2978 4890 3168 4938 sancta
3218 4890 3350 4943 sunt
3388 4882 3706 4955 intelligun-

2113 4985 2224 5042 tur.
2246 4973 2335 5029 Ita
2370 4984 2429 5028 ut
2464 4974 2715 5030 homines
2742 4974 2850 5027 sint
2878 4973 3267 5027 imxcusabilcs
3289 4989 3359 5029 ex
3392 4974 3520 5042 hoc,
3550 4975 3707 5045 quia,

2115 5071 2233 5122 cum
2277 5067 2631 5138 cognouissent
2677 5064 2868 5131 Deum,
2912 5065 2958 5120 si
3006 5079 3123 5120 non
3170 5074 3318 5131 actu,
3370 5075 3556 5122 tamen
3611 5082 3712 5136 per

2114 5160 2413 5239 potentiam
2448 5158 2570 5228 ejus
2596 5157 2904 5227 intellectus
2932 5156 3198 5213 naturalis
3221 5198 3236 5223 ,
3280 5174 3385 5215 non
3429 5156 3708 5228 ριονίῥεαη

2116 5260 2301 5306 verunt
2322 5250 2510 5316 Deum,
2537 5248 2765 5304 colendo
2784 5258 2840 5303 et
2860 5249 3182 5305 honorando
3200 5264 3326 5305 eum
3352 5250 3491 5305 sicut
3516 5248 3706 5315 Deum,

2121 5353 2212 5396 aut
2245 5341 2451 5410 gratias
2479 5350 2716 5412 egerunt,
2771 5340 2825 5395 id
2874 5350 2961 5397 est
3004 5341 3148 5396 bona
3176 5341 3529 5412 cogitationis
3565 5357 3702 5408 sum,

2116 5449 2225 5489 non
2250 5432 2436 5503 gratiae
2460 5432 2576 5499 Dei,
2604 5434 2699 5489 sed
2737 5432 2844 5490 sibi
2888 5433 3274 5489 attribuerunt.
3324 5433 3438 5489 Deo
3481 5433 3701 5504 quidem

2116 5539 2225 5580 non
2267 5534 2496 5595 egerunt
2541 5525 2765 5596 gratias,
2804 5526 2901 5595 sed
2953 5525 3010 5578 in
3040 5524 3449 5596 cogitationibus
3490 5522 3603 5578 suis
3640 5539 3704 5579 se

2114 5616 2397 5672 eﬁ‘erentes
2459 5625 2819 5682 evanuerunt,
2889 5633 2920 5671 a
2966 5616 3323 5673 similitudine
3382 5615 3559 5683 fumi,
3602 5615 3699 5686 qui

2114 5718 2319 5779 quanto
2373 5710 2494 5778 plus
2546 5710 2808 5775 ascendit,
2859 5720 3011 5764 tanto
3053 5710 3289 5781 amplius
3334 5710 3467 5765 nihil
3515 5710 3594 5773 ﬁt,
3642 5718 3697 5764 et

2113 5802 2244 5877 quia
2294 5802 2669 5872 superbiendo
2724 5813 3061 5859 evanuerunt
3086 5844 3101 5870 ,
3166 5803 3281 5858 ideo
3324 5820 3437 5871 cor,
3500 5803 3554 5858 id
3611 5810 3693 5867 est
