3978 6388
189 421 253 474 15
810 413 1185 470 EXPOSITIO
1213 412 1279 468 IN
1316 411 1698 469 EPISTOLAS
1736 411 1963 467 PAULI.
2007 442 2076 451 —
2114 413 2178 466 m
2220 413 2438 470 EPIST.
2481 416 2573 470 AD
2613 418 2780 473 non.
3367 429 3444 482 26

188 528 522 598 intelligentia
557 542 744 580 eorum
780 525 929 594 prius
972 526 1189 581 subtilis
1216 526 1495 600 obscurata
1521 534 1599 580 est
1629 540 1754 596 pro-
1781 527 1828 585 A
1853 525 1982 595 quia
2024 527 2329 583 servierunt
2374 538 2639 587 creaturae
2679 542 2737 586 et
2775 548 2884 588 non
2912 533 3181 604 Creatori,
3214 507 3438 596 tradidi‘

187 629 294 691 pter
314 616 641 686 superbiam,
661 617 796 672 adeo
822 626 880 670 ut
918 617 1069 670 ﬁeret
1092 617 1363 686 insipiens.
1403 614 1753 671 Evanuerunt

186 710 377 779 utique.
429 705 565 762 Nam
608 708 864 762 dixerunt
907 706 1178 778 sapientes
1220 722 1341 763 esse
1385 722 1466 775 se,
1509 705 1563 762 id
1608 716 1692 763 est
1719 722 1750 761 a

184 800 384 871 seipsis,
420 798 537 854 sine
587 797 735 853 dono
785 798 900 866 Dei,
933 798 1255 868 sapientiam
1310 814 1465 853 suam
1513 812 1654 854 esse.
1687 796 1754 852 Et

183 906 295 946 vere
325 905 422 946 eor
448 904 639 945 eorum
669 890 1022 945 obscuratum
1047 898 1163 945 est:
1211 904 1338 944 nam
1360 889 1465 944 hoc
1497 889 1747 954 dicentes,

179 990 228 1036 et
268 980 340 1035 ita
383 995 505 1036 esse
555 980 837 1036 credentes
891 979 1025 1049 facti
1083 989 1205 1033 sunt
1255 980 1428 1044 stulti,
1459 988 1513 1035 et
1556 980 1637 1036 sic
1682 979 1749 1033 de

181 1068 418 1139 superbia
483 1068 541 1123 in
599 1067 983 1139 ignorantiam,
1036 1068 1103 1124 de
1153 1068 1459 1139 ignorantia
1507 1069 1560 1124 in
1614 1069 1749 1124 stul-

179 1162 337 1216 titiam
362 1160 502 1231 lapsi
523 1160 841 1231 praecipitati
869 1168 998 1216 sunt
1025 1180 1038 1216 :
1075 1161 1210 1217 adeo
1249 1162 1394 1232 quod
1417 1170 1749 1217 mutaverunt

178 1251 389 1321 gloriam
408 1251 849 1320 incorruptibilis,
872 1251 922 1307 ltl
945 1261 1029 1309 est
1054 1252 1391 1309 invariabilis
1413 1253 1532 1321 Dei,
1556 1263 1750 1325 prteter

176 1357 321 1413 quem
351 1342 535 1400 omnis
564 1353 814 1399 creatura
838 1343 1134 1412 variabilis,
1157 1354 1212 1401 et
1234 1345 1354 1401 ideo
1381 1346 1750 1417 corruptibilis

174 1444 274 1500 est;
298 1433 529 1505 gloriam
548 1435 737 1507 utique
747 1434 866 1505 ejus
884 1434 978 1490 Dei
1003 1445 1333 1492 mutaverunt
1360 1454 1467 1494 non
1491 1437 1546 1492 in
1560 1453 1748 1494 verum

174 1523 478 1594 hominem,‘
499 1525 596 1583 sed
629 1526 684 1581 in
718 1527 1002 1597 imaginem
1026 1528 1383 1599 corruptibilis
1403 1530 1651 1586 hominis.
1682 1528 1751 1585 Et

175 1624 226 1673 ut
248 1632 568 1687 expressum
599 1617 841 1675 lacerent
866 1619 970 1675 sibi
994 1619 1372 1687 simulacrum,
1397 1628 1748 1677 mutaverunt

173 1707 264 1764 hoc
289 1708 342 1762 in
361 1707 779 1766 similitudinem
809 1710 1082 1782 imaginis,
1109 1711 1162 1767 id
1180 1719 1268 1769 est
1285 1712 1340 1767 in
1360 1712 1747 1768 similemima-

172 1799 355 1868 ginem,
400 1801 647 1857 colentes
687 1810 994 1858 creaturam
1015 1803 1137 1858 loco
1171 1802 1468 1860 Creatoris.
1504 1802 1665 1860 Prius
1688 1804 1744 1859 in

1850 616 1972 672 illos
2002 618 2143 673 Deus
2166 620 2406 690 privatos
2425 622 2598 691 gratia
2618 640 2720 680 sua
2742 626 2796 689 in
2822 627 3089 695 passiones
3115 629 3440 699 ignominiis,

1850 708 1904 764 id
1939 718 2025 766 est
2050 709 2104 775 in
2133 710 2499 782 ignominiosa
2520 723 2738 784 peccata
2770 715 2980 789 [facta],
3019 735 3142 789 qua:
3166 720 3292 776 licet
3311 738 3443 779 caro

1849 799 1991 856 male
2026 802 2453 872 concupisceret,
2499 812 2681 870 tamen
2723 806 2841 877 ipsa
2887 818 3083 867 natura
3126 811 3441 869 violentiam

1848 891 2174 960 patiebatur,
2218 893 2348 955 dum
2384 894 2440 953 in
2484 910 2545 951 sc
2590 912 2700 959 non
2751 899 3071 957 naturaliter
3096 914 3436 971 operaretur.

1848 979 2145 1038 Enumerat
2172 984 2451 1053 passiones
2476 987 2806 1058 ignominiae,
2828 989 3053 1048 dicens:
3078 991 3295 1063 Traditi,
3312 1002 3442 1053 sunt

1847 1074 2037 1144 utique
2062 1073 2116 1128 in
2146 1074 2493 1146 ignominias.
2527 1078 2670 1133 Nam
2697 1080 2907 1150 feminae
2936 1082 3132 1140 horum
3154 1085 3436 1154 gentilium

1847 1166 2256 1220 inmutaverunt
2299 1168 2598 1223 naturalem
2644 1184 2800 1225 usum
2847 1172 2951 1229 viri
2995 1175 3051 1229 in
3106 1191 3225 1230 eum
3274 1192 3438 1231 usum

1846 1256 1936 1324 qui
1981 1262 2061 1308 est
2104 1262 2289 1308 contra
2323 1264 2593 1325 naturam,
2640 1263 2702 1312 ut
2740 1275 2847 1314 una
2888 1260 3204 1321 abuteretur
3245 1264 3436 1329 altera,

1846 1348 1975 1416 quia
1994 1344 2299 1403 naturalem
2320 1347 2524 1403 cultum
2547 1347 2789 1405 Creatori
2805 1362 3149 1423 negaverant.
3176 1344 3440 1409 Similiter

1847 1446 2046 1505 autem,
2082 1445 2145 1494 ut
2204 1437 2439 1506 feminae,
2480 1439 2741 1505 masculi,
2796 1441 2980 1497 relicto
3041 1444 3280 1499 naturali
3336 1461 3439 1499 usu

1848 1530 2079 1602 feminas,
2129 1540 2438 1585 exarserunt
2461 1531 2517 1585 in
2539 1530 2820 1589 desideriis
2844 1534 2954 1590 suis
2979 1535 3036 1589 in
3058 1535 3323 1602 invicem;
3378 1543 3441 1592 ut

1847 1620 1985 1693 alter
2006 1620 2238 1676 alterum
2263 1617 2387 1690 igne
2415 1618 2654 1676 libidinis
2692 1620 2902 1684 incensi
2941 1623 3341 1694 concupierint,
3377 1633 3439 1680 et

1847 1709 1991 1767 sicut
2021 1708 2239 1765 animus
2261 1723 2452 1765 eorum
2476 1707 2898 1780 desideraverat,
2925 1727 3089 1783 opere
3123 1713 3440 1783 complentes

1849 1799 2254 1870 turpitudinem,
2291 1799 2517 1854 masculi
2544 1801 2598 1854 in
2622 1801 2905 1859 masculos.
2934 1801 3003 1857 Et
3030 1803 3111 1859 sic
3137 1805 3442 1874 recipientes

173 1889 569 1977 similitudinem
589 1894 855 1962 hominis;
877 1894 1073 1951 dehinc
1091 1894 1147 1949 in
1168 1895 1579 1952 similitudinem
1600 1895 1748 1951 volu—
1777 1881 1822 1937 Β
1847 1891 2134 1947 mercedem
2178 1891 2374 1947 erroris
2418 1893 2524 1959 sui,
2556 1892 2609 1949 id
2649 1902 2734 1949 est
2772 1909 2991 1964 poenam
3032 1894 3179 1951 illius
3210 1895 3438 1965 peccati.

171 1999 328 2051 mm;
352 1993 546 2055 postea
574 1985 629 2040 in
650 1985 1061 2051 similitudinem
1085 1986 1513 2057 quadrupedum;
1548 1996 1603 2043 et
1622 1996 1746 2057 post

172 2074 330 2131 hocin
357 2075 774 2132 similitudinem
808 2078 1127 2147 serpentium
1162 2085 1508 2135 mutaverunt
1536 2077 1744 2134 cultum

169 2166 533 2237 etreligionem
544 2166 821 2224 Creatoris
835 2168 1080 2238 gentiles.
1100 2167 1465 2225 Sicutdictum
1478 2179 1561 2226 est
1576 2187 1588 2223 :
1606 2168 1743 2235 Quia

171 2257 216 2310 in
231 2258 503 2317 intellectu
518 2259 918 2331 superbierunt,
942 2261 1064 2316 ideo
1081 2260 1355 2318 intellectu
1380 2260 1572 2331 privati
1590 2268 1738 2317 sunt.

171 2349 288 2415 Quia
300 2351 501 2406 iterum
513 2350 826 2413 Creatorem
853 2361 1197 2422 respueruut,
1217 2353 1270 2406 in
1293 2353 1506 2409 cultura
1519 2360 1733 2408 creatu-

170 2457 235 2504 rae
262 2442 431 2511 puniti
454 2451 611 2500 sunt.
629 2442 826 2499 lterum
843 2445 996 2514 quia,
1021 2453 1080 2500 ut
1099 2455 1291 2501 natura
1311 2445 1558 2511 docebat,
1572 2444 1741 2499 Deum

170 2534 453 2601 gloriﬁcare
480 2536 797 2604 noluerunt,
824 2537 941 2604 sed,
988 2537 1053 2595 ad
1079 2539 1225 2610 quod
1249 2547 1443 2594 natura
1476 2552 1743 2609 repugna-

170 2624 265 2691 lat,
287 2636 473 2683 ereatu
483 2643 574 2683 ras
595 2628 904 2695 coluerunt,
930 2628 1051 2685 ideo
1072 2629 1138 2684 ad
1160 2639 1380 2700 peccata
1402 2644 1526 2700 quae
1553 2638 1743 2686 contra

171 2724 395 2773 naturam
420 2726 582 2785 sunt,
604 2719 843 2775 devoluti
866 2729 1014 2786 sunt,
1046 2721 1189 2777 sicut
1207 2721 1485 2791 sequitur:
1516 2720 1744 2791 Propter

167 2808 306 2875 quod,
328 2809 379 2864 id
398 2817 494 2866 est
512 2811 640 2880 quia
664 2809 809 2880 quod
830 2818 1018 2866 contra
1041 2819 1292 2869 naturam
1320 2809 1441 2877 fuit,
1462 2820 1745 2867 creaturas

168 2898 450 2956 coluerunt.
494 2898 619 2955 Ideo
659 2899 1031 2957 subtrahendo
1056 2900 1311 2971 gratiam,
1352 2899 1575 2954 tradidit
1619 2898 1742 2953 illos

168 2987 290 3041 Deus
326 2990 383 3043 in
421 2989 698 3045 desideria
728 2990 901 3044 cordis
926 3006 1127 3056 eorum,
1166 3000 1228 3046 ut
1252 2991 1438 3047 animo
1459 2999 1740 3061 cuperent.

169 3074 351 3134 Dehinc
386 3080 443 3133 in
481 3080 899 3147 immunditiam,
950 3081 1006 3136 id
1038 3090 1141 3138 est
1170 3082 1226 3136 in
1262 3096 1402 3151 opus
1425 3080 1746 3137 desideratas

167 3169 552 3229 inmunditiae:
589 3163 661 3227 ad
704 3172 830 3240 hoc,
861 3173 1106 3244 inquam,
1140 3175 1221 3231 sic
1258 3175 1482 3231 tradidit
1507 3176 1650 3244 illos,
1686 3183 1745 3231 ut

165 3277 364 3330 corpora
386 3280 497 3318 sua
514 3263 768 3333 aﬂiciant,
792 3263 843 3320 id
884 3274 969 3320 est
1000 3265 1371 3321 contaminent
1389 3266 1743 3333 contumeliis,

166 3350 207 3403 id
225 3362 301 3407 est
346 3353 434 3408 bis
472 3354 887 3424 poliutionibus,
912 3371 1034 3426 qua:
1054 3356 1101 3411 si
1129 3356 1393 3412 violenter
1413 3356 1747 3414 inferrentur

163 3439 250 3508 eis,
286 3457 385 3512 pro
431 3458 636 3514 magna
660 3444 988 3507 contumelia
1017 3445 1316 3513 baberent;
1354 3445 1591 3502 alliciant
1621 3447 1746 3503 dico

162 3529 210 3583 in
230 3534 548 3603 semetipsis,
602 3533 657 3589 id
706 3542 791 3590 est
831 3536 914 3591 vel
965 3537 1102 3616 alter
1148 3537 1203 3593 in
1254 3537 1509 3607 alterum,
1555 3536 1640 3596 vel
1686 3540 1745 3595 in

164 3624 482 3695 semetipsis.
545 3624 661 3682 l-loc
708 3627 1091 3683 intellexerunt
1135 3628 1331 3684 debere
1386 3630 1504 3685 ﬁeri
1553 3646 1663 3687 non
1711 3646 1743 3686 a

164 3712 278 3780 Deo,
310 3716 404 3787 qui
437 3717 599 3788 prius
624 3718 691 3773 de
723 3718 997 3775 intellectu
1017 3734 1077 3776 se
1100 3718 1415 3775 eﬂ’erebant.

222 3804 367 3874 Quod
387 3807 539 3864 dixit
558 3808 812 3878 superius
834 3817 1165 3865 mutaverunt
1180 3809 1431 3882 gloriam,
1455 3810 1508 3866 id
1531 3810 1742 3898 repetit,

166 3906 217 3951 ut
229 3909 515 3956 enunieret
537 3900 730 3956 modos
756 3902 1094 3969 mutationis,
1124 3902 1314 3959 dicens
1338 3920 1351 3956 :
1388 3900 1492 3967 Qui
1521 3904 1745 3974 gentiles

165 4000 607 4048 tommutaverunt
665 3993 939 4047 veritatem
973 4034 990 4059 ,
1049 3994 1103 4049 id
1157 4003 1242 4051 est
1310 3995 1519 4050 cultum
1581 4011 1743 4065 quem

165 4083 408 4139 naturalis
464 4082 674 4139 veritas
721 4084 995 4140 asserebat
1023 4085 1392 4141 exhibendum
1442 4100 1566 4143 esse
1609 4084 1743 4153 Deo,

166 4171 212 4225 in
241 4174 600 4241 mendacium,
644 4174 699 4229 id
728 4184 812 4231 est
851 4175 906 4230 in
936 4186 1217 4234 creaturas
1241 4193 1380 4249 quas
1411 4178 1747 4234 mendaciter

164 4262 417 4334 ﬁngebant
433 4280 565 4321 esse
580 4265 732 4332 deos,
755 4274 811 4323 et
826 4276 1114 4338 postquam
1129 4269 1422 4335 tinxerunt,
1448 4268 1743 4334 coluerunt,

164 4351 209 4406 id
255 4363 334 4410 est
387 4356 767 4412 adoraverunt
810 4372 926 4414 eos.
980 4357 1185 4415 Dehinc
1236 4360 1400 4415 etiam
1451 4362 1744 4415 servierunt

163 4443 443 4513 oll‘erendo,
473 4454 532 4502 et
553 4446 883 4504 immolando
908 4460 1185 4509 creatum.
1230 4450 1327 4507 His
1355 4452 1531 4511 tribus
1565 4453 1744 4509 modis

1845 1979 2005 2048 Quia,
2038 1995 2164 2036 cum
2218 1982 2601 2052 cognovissent
2648 1981 2856 2051 Deum,
2909 1999 3019 2038 non
3075 1985 3219 2041 sicut
3266 1983 3441 2041 Deum

1844 2070 2304 2142 gloriﬁcaverunt,
2328 2070 2654 2143 recipientes
2679 2071 2822 2127 hanc
2860 2087 2971 2126 non
3001 2072 3057 2127 in
3088 2073 3290 2127 damno
3309 2088 3442 2142 pos-

1843 2158 2130 2227 sessionis,
2167 2159 2251 2215 vel
2290 2157 2551 2226 llliorum,
2581 2159 2677 2215 sed
2701 2159 2757 2213 in
2796 2159 3110 2228 semetipsis,
3157 2160 3286 2228 quia
3330 2159 3438 2230 ipsi

1842 2234 2005 2306 iidem
2028 2249 2132 2305 hac
2153 2265 2315 2321 poena
2337 2249 2510 2321 puniti
2535 2258 2685 2305 sunt.
2729 2249 2902 2316 Quam
2922 2250 3112 2320 utique
3132 2251 3440 2306 mercedem

1841 2342 2095 2412 oportuit,
2118 2341 2172 2398 id
2198 2350 2283 2399 est
2303 2341 2635 2398 conveniens
2661 2339 2763 2396 fuit
2780 2355 2877 2396 eos
2906 2341 3174 2412 recipere;
3202 2348 3260 2396 ut
3279 2342 3432 2412 quia,

1841 2433 1988 2502 quod
2050 2441 2250 2489 natura
2307 2431 2565 2489 monebat
2632 2447 2702 2488 ne
2766 2430 3009 2501 lacerent
3033 2472 3049 2503 ,
3115 2440 3441 2504 spreverunt

1841 2522 2154 2580 Creatorem
2191 2532 2247 2580 et
2277 2524 2646 2581 adoraverunt
2665 2531 2996 2592 creaturam,
3036 2531 3181 2579 recte
3213 2539 3438 2593 compa-

1840 2624 2022 2671 ratum
2053 2623 2141 2672 est
2178 2625 2260 2682 ut,
2308 2631 2408 2689 pro
2434 2616 2540 2673 hoc
2559 2632 2670 2672 non
2699 2614 2937 2671 naturali
2966 2622 3210 2685 peccato,
3240 2614 3298 2669 in
3326 2628 3439 2669 non

1842 2707 2092 2769 naturale
2134 2716 2418 2780 peccatum
2465 2717 2520 2764 et
2552 2723 2770 2779 poenam
2795 2706 3001 2779 peccati
3027 2705 3444 2777 praecipitaren-

1843 2809 1950 2855 tur.
1985 2799 2053 2855 Et
2099 2801 2261 2868 sicut,
2293 2800 2421 2871 quia
2460 2800 2517 2855 in
2563 2815 2673 2855 non
2720 2799 2955 2855 naturali
2983 2798 3133 2854 cultu
3175 2806 3441 2854 creaturae

1842 2900 2220 2963 peccaverunt,
2259 2906 2355 2961 per
2390 2906 2498 2947 non
2528 2890 2799 2946 naturalia
2826 2898 3048 2961 peccata
3069 2888 3243 2959 puniti
3270 2899 3438 2955 sunt;

1843 2982 1926 3041 sic
1967 2984 2096 3054 quia
2147 3000 2250 3037 non
2297 2986 2647 3053 probaverunt
2686 2981 2855 3036 Deum
2900 2980 3091 3036 habere
3129 2981 3184 3035 in
3222 2980 3440 3047 notitia,

1844 3073 1899 3133 id
1921 3075 2155 3145 estquia
2198 3090 2308 3130 non
2340 3074 2651 3141 habuerunt
2676 3072 2845 3128 Deum
2873 3072 2927 3127 in
2967 3070 3276 3142 cognitione
3316 3086 3440 3136 sua,

1847 3182 2010 3236 quem
2041 3166 2237 3222 merito
2279 3163 2719 3236 cognoscendum
2762 3164 2878 3235 ipsa
2906 3170 3105 3218 natura
3152 3161 3439 3232 probabat,

1772 3225 1817 3288 ε
1848 3225 1902 3313 id
1925 3258 2158 3328 estquia
2201 3258 2254 3311 in
2284 3225 2596 3326 cognitione
2642 3254 2737 3311 Dei
2779 3225 2894 3312 sibi
2937 3254 3260 3310 naturaliter
3301 3269 3440 3310 con»

1843 3363 1998 3407 cessa
2020 3389 2036 3415 ,
2098 3346 2373 3402 abutendo
2412 3361 2475 3401 ea
2525 3360 2621 3415 per
2670 3345 2982 3416 superbiam
3028 3352 3433 3416 peccaverunt:

1843 3439 1961 3494 ideo
2005 3446 2309 3509 opportune
2358 3437 2672 3510 cognitione
2715 3437 2887 3508 priori
2932 3437 3160 3505 amissa,
3208 3436 3440 3520 tradidit

1843 3532 1965 3588 illos
1988 3531 2131 3587 Deus
2156 3531 2213 3586 in
2254 3533 2530 3601 reprobum
2554 3546 2787 3598 sensum,
2826 3530 2957 3601 quia
2986 3537 3139 3586 recto
3166 3545 3331 3587 sensu
3361 3525 3443 3584 utI

1844 3624 2155 3681 noluerunt.
2188 3621 2455 3691 Tradidit,
2485 3622 2731 3693 inquam,
2759 3622 2830 3678 ad
2866 3622 2991 3688 hoc,
3036 3630 3096 3677 ut
3135 3622 3340 3692 faciant
3373 3637 3439 3677 ea

1842 3730 1961 3787 qua:
2002 3730 2109 3769 non
2150 3714 2494 3780 conveniunt,
2528 3713 2585 3769 id
2625 3722 2709 3770 est
2729 3728 2853 3785 quae
2895 3712 3013 3783 ipsa
3056 3722 3249 3768 natura
3304 3712 3443 3769 satis

1843 3814 2029 3878 aperte
2058 3805 2381 3878 intelligeret
2424 3820 2537 3860 non
2580 3803 2959 3861 convenientia
2986 3818 3129 3860 esse.
3188 3803 3438 3859 Primum

1843 3899 1973 3970 quia
2013 3913 2275 3955 concessa
2313 3894 2626 3968 cognitione
2659 3894 2818 3950 abusi
2848 3901 2998 3961 sunt,
3038 3902 3293 3965 putantes
3333 3894 3441 3950 hoc

1844 3990 2050 4044 bonum
2079 3987 2346 4045 naturalis
2378 3986 2687 4043 intellectus
2708 4001 2740 4041 a
2765 3999 2824 4041 se
2850 3993 2908 4040 et
2942 4000 3053 4040 non
3083 4000 3115 4039 a
3154 3982 3268 4040 Deo
3294 3999 3439 4053 esse,

1845 4078 2039 4151 privati
2102 4088 2232 4136 sunt
2290 4094 2553 4136 concesso
2632 4077 2909 4134 intellectu
2932 4119 2950 4145 ,
3011 4085 3068 4134 et
3120 4074 3438 4132 Creatorem

1845 4170 2275 4241 derelinquendo
2293 4178 2486 4226 contra
2518 4176 2769 4224 naturam
2812 4175 3095 4223 creaturas
3129 4165 3438 4233 coluerunt,

1844 4278 2014 4333 quare
2059 4261 2257 4318 iterum
2295 4276 2393 4332 per
2438 4260 2710 4316 naturalia
2736 4256 2915 4330 puniti
2957 4265 3106 4313 sunt.
3156 4255 3261 4311 Sed
3298 4255 3440 4326 quia

1845 4354 2026 4409 adhuc
2045 4368 2157 4410 non
2183 4352 2555 4421 pmnituerunt
2580 4361 2704 4421 post
2744 4366 2853 4406 non
2896 4347 3189 4417 naturalia,
3226 4348 3281 4403 in
3330 4346 3438 4407 alia

1845 4444 1988 4500 mala
2017 4442 2340 4515 praecipitati
2367 4450 2517 4509 sunt,
2541 4441 2684 4497 sicut
2702 4441 2950 4513 sequitur
2974 4458 2987 4497 ;

163 4546 507 4593 mutaverunt
543 4538 772 4609 gloriam
817 4538 955 4595 Dei:
994 4538 1156 4595 Prius
1201 4542 1533 4597 mendaciter
1578 4552 1740 4613 puta-
1772 4570 1820 4628 υ
1915 4535 2039 4601 Illos
2090 4535 2314 4607 tl'adidil
2368 4533 2634 4589 Dominus
2693 4533 2748 4588 in
2806 4533 3101 4628 PCPrObllm
3163 4545 3436 4595 sensum;

162 4639 341 4685 verunt
367 4630 585 4685 idolum
619 4645 744 4687 esse
768 4629 979 4697 Deum;
1015 4631 1214 4687 dehinc
1233 4632 1552 4699 adorando;
1581 4627 1785 4690 tertio-7
1846 4632 1970 4687 illos
2013 4629 2139 4693 dico
2171 4627 2580 4699 repletos,,ontni
2611 4627 2914 4698 iniquitate,
2968 4627 3100 4697 quia
3149 4636 3204 4682 et
3244 4638 3439 4680 omnes

165 4717 357 4777 hostias
419 4721 783 4781 immolando.
845 4721 1160 4779 Servierunt
1223 4723 1410 4795 utique
1448 4735 1741 4790 creaturas,

160 4808 457 4877 iudicantes
500 4816 609 4870 hoc
651 4816 823 4885 potius
861 4829 982 4870 esse
1020 4831 1181 4886 quam
1222 4816 1427 4873 servire
1475 4817 1740 4883 Creatori,

165 4904 248 4971 qui
290 4905 528 4962 Creator
570 4905 624 4961 in
657 4905 938 4962 aversione
984 4921 1175 4963 eorum
1225 4907 1617 4981 nihilperdit:
1667 4920 1744 4965 est

164 4996 293 5053 enim
319 4998 631 5053 benedictus
653 4997 709 5051 in
740 4998 923 5053 omnia
951 4999 1172 5066 stecula,
1210 5000 1485 5071 quidquid
1514 5001 1744 5059 adorent

166 5085 268 5142 illi:
321 5106 504 5155 amen,
557 5088 611 5143 id
657 5097 740 5144 est
784 5088 1029 5159 profecto
1078 5091 1154 5147 ita
1202 5102 1305 5148 est.
1343 5092 1499 5160 Quod
1544 5094 1739 5150 iterum

163 5182 400 5250 superius
438 5181 556 5237 ait:
597 5180 839 5236 Tradidit
887 5181 1011 5238 illos
1052 5183 1193 5241 Deus
1241 5185 1298 5240 in
1334 5185 1618 5253 desideria,
1656 5188 1746 5243 hic

167 5274 343 5340 repetit
372 5274 544 5340 idem,
572 5281 633 5327 ut
658 5289 873 5343 pmnam
900 5275 1106 5346 peccati
1142 5286 1420 5346 comparet
1468 5278 1572 5349 ipsi
1618 5293 1743 5348 pec-

164 5372 290 5417 cato.
307 5363 452 5432 Quia
464 5364 626 5431 sicut,
640 5365 785 5436 quod
800 5375 992 5422 natura
1005 5367 1271 5438 exigebat,
1283 5368 1525 5423 Creatori
1537 5370 1741 5424 cultum

170 5451 263 5523 12
293 5456 651 5527 denegantes,
687 5457 756 5512 ad
784 5471 894 5512 non
936 5459 1239 5514 naturalem
1267 5458 1474 5514 cultum
1522 5468 1738 5515 creatu—

166 5559 339 5601 rarum
368 5562 433 5603 se
460 5549 840 5617 contulerunt,
880 5549 961 5605 sic
984 5549 1084 5621 ipsi
1113 5550 1165 5606 in
1193 5565 1301 5604 non
1325 5551 1594 5605 naturalia
1621 5566 1743 5621 pce-

167 5642 277 5689 cata
298 5637 545 5693 devoluti
575 5648 721 5694 sunt.

230 5724 532 5785 Enumerat
567 5730 731 5786 etiam
779 5732 959 5801 ipsum
1011 5734 1291 5802 peccatum
1344 5732 1618 5802 quomodo
1685 5733 1739 5786 in

168 5823 458 5899 utrumque
499 5836 685 5876 sexum
731 5821 801 5890 sit
849 5819 1125 5886 diffusum,
1176 5820 1363 5887 dicens
1391 5841 1402 5874 :
1434 5820 1740 5897 Propterea,

1844 4721 2162 4793 iniquitates
2191 4720 2518 4787 habuerunt,
2558 4729 2614 4775 et
2647 4719 2893 4791 singulas
2913 4719 3249 4789 adplenum.
3291 4715 3433 4772 Cum

1842 4814 1980 4871 dixit
2027 4812 2182 4879 omni
2240 4811 2565 4883 iniquitate,
2620 4810 3032 4887 comprehendit
3077 4809 3262 4864 omnia
3311 4823 3437 4879 quas

1843 4913 2189 4978 sequuntur;
2250 4905 2346 4960 sed
2388 4913 2450 4959 ut
2504 4902 2681 4973 magis
2728 4903 2852 4957 illos
2900 4901 3193 4965 deterreat,
3221 4898 3434 4970 singula

1844 5014 2043 5071 genera
2098 4995 2410 5066 iniquitatis
2453 5002 2771 5059 enumerat,
2821 4992 3049 5047 dicens:
3101 4988 3240 5044 Vere
3281 4989 3433 5048 omni

1842 5091 2146 5162 iniquitate,
2163 5089 2291 5160 quia
2321 5088 2556 5157 repletos
2587 5084 2818 5140 malitia.
2844 5084 3115 5140 Malitiose
3133 5083 3279 5138 enim
3300 5097 3430 5153 age-

1843 5184 1976 5239 bant
2020 5182 2075 5236 in
2118 5179 2418 5252 proximos,
2440 5176 2741 5234 auferendo
2765 5177 2907 5233 bona
2947 5190 3163 5241 eorum,
3192 5173 3430 5229 vel'ver~

1845 5276 2067 5331 beribus
2100 5288 2197 5329 eos
2223 5270 2525 5328 alliciendo.
2559 5269 2814 5340 Repletos
2856 5268 3023 5324 etiam
3059 5266 3429 5338 fornicatione.

1846 5365 2285 5421 Fornicationem
2327 5370 2489 5419 vocat
2538 5362 2805 5434 quidquid
2830 5361 2891 5416 lit
2913 5368 3108 5430 praeter
3135 5356 3432 5430 legitimam

1842 5471 2066 5513 uxorem
2092 5499 2108 5523 ,
2150 5470 2275 5527 qua:
2318 5456 2463 5513 sicut
2503 5470 2670 5510 causa
2722 5451 3046 5525 generandae
3103 5449 3295 5523 prolis,
3352 5446 3434 5503 sic

1841 5561 2008 5607 causa
2034 5547 2271 5602 vitandae
2303 5544 2680 5602 fornicationis
2707 5544 2929 5600 dicitur.
2968 5541 3223 5614 Repletos
3263 5537 3431 5594 etiam

1842 5634 2094 5705 avaritia,
2147 5637 2330 5697 illicito
2382 5637 2663 5693 retinendo
2703 5651 2823 5702 sua,
2866 5634 2952 5691 vel
2991 5627 3431 5703 concupiscendo

1845 5731 2052 5798 aliena;
2089 5740 2145 5786 et
2185 5730 2418 5801 repletos
2441 5729 2694 5801 nequitia.
2725 5726 2821 5784 Vel
2860 5744 2893 5784 a
2946 5740 3181 5796 nequeo,
3204 5719 3425 5791 nequis.

1843 5824 1925 5879 vel
1950 5842 1979 5879 a
2026 5823 2266 5890 nomine,
2310 5823 2457 5893 quod
2489 5831 2573 5880 est
2601 5837 2861 5891 nequam,
2907 5818 3107 5876 dicitur
3138 5812 3413 5894 nequitia;
