3978 6396
483 420 559 478 27
1051 423 1108 478 S.
1149 421 1496 478 BRUNONIS
1529 417 2172 478 CARTBUSIANORUM
2203 419 2690 478 INSTITUTORIS
2727 421 2876 478 OPP.
2918 423 3097 480 PARS
3131 425 3194 481 ll.

485 533 616 604 quia
641 541 918 602 nequeunt
947 547 1007 587 se
1027 533 1309 588 continere
1332 531 1401 588 ab
1423 529 1644 586 illicitis.
1671 527 1776 595 Qui
1803 537 1983 584 autem
2011 543 2069 584 sc
2097 529 2142 586 Α
2175 549 2192 578 ε
2221 527 2357 584 facis
2384 545 2468 597 ea,
2503 531 2631 602 quia
2659 541 2714 588 tu
2745 531 2970 604 ell'ugies
3011 533 3274 604 judicium
3309 523 3443 590 Dei?
3480 535 3563 590 An
3597 539 3740 593 divi-

487 623 772 680 continere
814 623 1022 694 nequit,
1047 639 1158 678 non
1197 631 1284 680 est
1313 621 1577 678 dicendus
1616 619 1834 692 aliquis.
1871 618 2068 674 Plenos

486 715 653 772 etiam
692 713 932 779 invidia;
971 713 1122 784 quia,
1165 713 1290 768 licet
1337 725 1446 766 non
1501 710 1604 766 sibi
1649 710 1872 781 cupiant
1926 709 2068 764 bona

488 806 745 872 aliorum,
791 813 972 860 tamen
1016 819 1112 860 eos
1157 819 1267 859 non
1314 803 1514 859 habere
1534 802 1736 858 vellent
1760 801 1876 858 haec
1901 801 2064 856 bona.

488 893 687 950 Plenos
722 895 888 950 etiam
914 893 1236 960 homicidiis,
1277 909 1400 963 qua:
1435 908 1548 948 non
1588 893 1764 948 solum
1791 893 2064 961 manibus,

487 985 583 1041 sed
603 985 930 1051 tractatione
948 993 1001 1040 et
1021 999 1292 1040 consensu
1315 983 1470 1039 ﬁunt.
1489 982 1688 1038 Plenus
1709 985 2065 1048 contentione;

487 1074 618 1143 quia
675 1074 816 1129 inter
867 1090 926 1130 se
981 1074 1308 1130 clamoribus
1369 1083 1424 1129 et
1475 1074 1782 1144 opprobriis
1830 1074 2064 1146 litigant.

489 1162 687 1220 Planus
719 1164 884 1231 dolo;
919 1165 1047 1235 quia
1098 1165 1247 1220 aliud
1294 1173 1464 1236 agunt
1513 1172 1568 1220 et
1605 1164 1752 1220 aliud
1801 1165 2062 1237 cogitant.

487 1253 686 1312 Plenos
717 1255 1083 1327 malignitate;
1118 1256 1248 1326 quia
1269 1255 1544 1311 contraria
1573 1255 1894 1328 benignitati
1918 1272 2065 1313 sem-

487 1357 585 1412 per
613 1344 668 1399 in
689 1345 1050 1400 amaritudine
1070 1345 1240 1400 animi
1259 1355 1405 1401 sunt.
1429 1345 1534 1412 Qui
1555 1345 1719 1400 etiam
1740 1355 1870 1401 sunt
1883 1362 2070 1403 susur-

489 1447 672 1500 rones,
693 1435 834 1490 mala
859 1435 927 1492 de
951 1435 1204 1506 proximo
1233 1436 1299 1490 ad
1333 1435 1643 1506 proximum
1679 1435 2086 1494 transferentes

487 1526 726 1594 occulte;
743 1526 1078 1584 detractores
1096 1527 1436 1594 etiam,bona
1456 1543 1578 1597 qua:
1598 1527 2062 1596 suntauferentes,

489 1616 634 1671 mala
653 1632 776 1686 quae
802 1633 910 1672 non
927 1625 1056 1672 sunt
1070 1617 1428 1688 imponentes.
1441 1616 1519 1674 Ne
1534 1619 1652 1674 haec
1669 1618 1778 1674 duo
1794 1617 1972 1675 facilia
1985 1621 2066 1678 vi-

486 1705 779 1776 derentur;
806 1708 934 1779 quia
959 1725 1060 1780 pro
1091 1710 1273 1766 verbis
1293 1718 1503 1766 tantum
1539 1727 1648 1766 non
1683 1727 1742 1768 se
1782 1713 2067 1768 crederent

489 1796 763 1866 damnari,
805 1799 906 1870 13
937 1808 1195 1870 aggravat
1243 1801 1358 1857 haec
1403 1801 1531 1868 duo,
1567 1801 1756 1858 dicens
1802 1823 1816 1858 :
1867 1802 2065 1858 Susur-

492 1902 647 1940 rones
670 1895 719 1940 et
741 1888 1084 1956 detracturos,
1106 1889 1323 1944 cdibi.’es
1337 1889 1466 1946 Deo.
1486 1890 1594 1947 Eos
1611 1892 1775 1947 etiam
1805 1893 1926 1948 dico
1937 1909 2066 1948 con-

489 1978 814 2045 tumeliosos,
841 1979 894 2033 id
945 1989 1030 2036 est
1054 1983 1411 2037 contumelias
1433 1983 1786 2052 turpitudinis
1823 1983 2065 2040 inferen-

489 2081 572 2126 tes
593 2072 697 2126 sibi
730 2073 1004 2140 vicissim;
1049 2075 1316 2144 superbos,
1358 2075 1413 2130 id
1440 2084 1526 2132 est
1549 2091 1608 2146 se
1637 2088 2066 2148 super-ponentes

485 2162 610 2218 aliis
624 2205 639 2230 ,
656 2163 742 2220 vel
751 2179 1119 2235 superponere
1141 2167 1448 2236 cupientes;
1471 2168 1658 2235 elatos,
1675 2168 1767 2240 qui
1789 2185 1888 2225 nec
1906 2187 2064 2240 pares

487 2251 612 2316 sibi,
646 2269 748 2309 nec
793 2269 854 2309 se
883 2255 1120 2324 majores
1165 2257 1274 2326 pati
1323 2267 1592 2340 possunt;
1647 2267 1708 2313 ut
1735 2257 1938 2326 Cmsar,
1970 2263 2061 2332 qui

486 2343 664 2416 noluit
695 2345 806 2414 pati
836 2346 1098 2416 majorem
1143 2337 1482 2418 Pompeium,
1515 2363 1616 2404 nec
1643 2349 1934 2420 Pompeius
1965 2337 2063 2421 pa;

487 2448 603 2488 rem
635 2435 738 2490 sibi
767 2434 1038 2492 Caesarem
1065 2479 1080 2504 ,
1132 2439 1421 2494 inventores
1449 2441 1614 2496 etiam
1659 2441 1921 2496 malorum
1967 2457 2063 2498 seu

487 2524 755 2579 malarum
805 2527 1264 2584 consuetudinum
1316 2544 1412 2586 seu
1464 2539 1904 2598 tormentorum;
1963 2548 2065 2586 non

483 2614 650 2669 et'am
677 2615 969 2672 obedientes
1002 2619 1314 2676 carnalibus
1345 2621 1666 2688 parentibus,
1697 2623 1843 2692 quod
1871 2633 2064 2679 natura

485 2706 743 2762 admonet
769 2709 933 2764 etiam
965 2711 1020 2764 in
1051 2711 1213 2781 pullis
1262 2712 1444 2767 avium
1470 2731 1485 2780 ;
1534 2714 1868 2784 insipientes,
1899 2715 1953 2770 id
1980 2725 2066 2772 est

485 2798 764 2855 indiscreti
793 2801 862 2856 ad
890 2801 1097 2857 bonum
1127 2811 1180 2858 et
1209 2803 1277 2858 ad
1320 2803 1559 2870 malum;
1611 2805 1984 2875 incompositos
2011 2814 2067 2862 et

483 2891 845 2960 vestimentis,
878 2901 932 2948 et
961 2909 1058 2964 per
1087 2893 1620 2950 immodilicationem
1650 2895 2022 2951 membrorum
2047 2915 2062 2952 :

483 2997 581 3052 per
610 2982 726 3038 haac
753 2983 900 3040 enim
931 2999 1053 3055 qua:
1099 2994 1252 3040 extra
1282 2985 1550 3053 videmus,
1580 2986 1660 3042 sic
1695 2987 1762 3042 de
1790 2986 2066 3043 interiori—

483 3071 588 3128 bus
614 3087 942 3144 pensamus;
978 3076 1092 3130 sine
1135 3077 1434 3146 affectione,
1477 3077 1646 3137 idest
1674 3079 1794 3136 sine
1821 3081 2066 3151 applica-

481 3162 634 3256 tione
657 3165 828 3220 animi
875 3165 944 3222 ad
985 3167 1204 3238 aliquod
1235 3167 1490 3240 dignum;
1543 3169 1736 3241 absque
1765 3171 1976 3240 findere,
2007 3172 2062 3229 id
2089 3193 2134 3256 ρ

479 3255 712 3311 estsine
737 3257 1080 3328 colligatione
1123 3259 1292 3314 animi
1327 3278 1340 3316 :
1383 3260 1514 3331 quia
1557 3261 1704 3316 enim
1740 3261 1943 3319 fmdera
1969 3281 2063 3320 va-

433 3406 441 3426 λ
483 3345 597 3400 lent
625 3345 694 3402 ad
723 3347 1119 3403 nutrimentum
1153 3350 1278 3405 fidei
1303 3391 1318 3416 ,
1366 3360 1429 3406 ut
1472 3367 1688 3422 semper
1733 3354 2062 3425 multiplica-

483 3444 694 3504 rentur,
720 3438 992 3508 prohibita
1012 3447 1141 3494 sunt
1162 3440 1412 3512 coniugia
1437 3443 1493 3497 in
1507 3443 1694 3500 eadem
1719 3446 2060 3516 cognatione,

483 3541 607 3597 quae
630 3528 746 3598 jam
776 3530 912 3586 satis
939 3530 1158 3586 vinculo
1187 3531 1612 3604 propinquitatis
1639 3533 1903 3592 foederata
1937 3547 2058 3604 est;

484 3617 580 3688 qui
617 3621 788 3676 etiam
836 3628 965 3677 sunt
993 3622 1106 3676 sine
1139 3623 1505 3678 misericordia
1531 3641 1549 3679 :
1579 3625 1707 3696 quia
1731 3626 1779 3681 si
1811 3643 1951 3697 quos
1983 3628 2063 3683 vi—

483 3711 667 3766 derint
711 3711 966 3782 miseros,
1005 3729 1116 3770 non
1154 3713 1358 3770 habent
1384 3717 1453 3771 ad
1483 3731 1576 3772 eos
1605 3717 1810 3772 viscera
1841 3718 2060 3774 miseri-

485 3803 703 3860 cordia).
736 3803 796 3859 In
825 3804 912 3862 his
949 3805 1204 3863 omnibus
1229 3807 1456 3878 gentiles
1483 3821 1583 3878 pro
1613 3809 1912 3879 praemissis
1938 3825 2064 3880 pec-

485 3895 622 3952 catis
651 3897 824 3967 puniti
849 3907 996 3954 sunt.
1031 3897 1137 3958 Sed
1163 3899 1290 3970 quia
1322 3899 1553 3955 necdum
1595 3915 1692 3970 per
1738 3901 1855 3956 haec
1886 3901 2063 3972 putui-

483 3996 740 4055 tuerunt,
775 3989 1094 4060 pnncipitati
1125 3999 1254 4046 sunt
1280 3991 1336 4046 in
1364 3991 1512 4047 aliud
1545 3992 1771 4058 malum,
1801 4001 1862 4048 ut
1888 4007 2064 4074 excae-

484 4079 592 4134 cati
642 4081 1018 4149 promitterent
1081 4082 1186 4138 sibi
1256 4083 1633 4153 impunitatem
1688 4096 2057 4154 peccatorum.

488 4165 644 4224 Unde
669 4169 749 4223 sic
774 4169 850 4224 ait
882 4188 894 4224 :
933 4169 1038 4236 Qui
1063 4171 1290 4242 gentiles
1317 4173 1572 4228 exctecati
1601 4181 1731 4228 sunt
1765 4190 1867 4228 non
1906 4175 2064 4230 intel—

483 4257 724 4314 lexerunt
756 4275 775 4313 :
802 4262 1052 4332 quoniam
1092 4259 1169 4315 illi
1198 4261 1288 4332 qui
1325 4261 1461 4316 talia
1491 4270 1676 4332 agunt,
1705 4272 1770 4317 ut
1808 4265 2063 4334 pratdicta

485 4359 636 4418 sunt,
660 4351 808 4422 digni
837 4361 960 4406 sunt
989 4362 1154 4407 morte
1181 4361 1402 4408 (eterna.
1441 4351 1554 4408 Hoc
1581 4355 1746 4410 modo
1771 4371 1879 4410 non
1906 4357 2064 4412 intel-

483 4440 755 4510 luxerunt,
767 4459 886 4496 cum
905 4438 1058 4513 prius
1085 4443 1405 4498 naturaliter
1421 4444 1778 4514 cognovissent
1788 4445 2061 4514 justitiam

2177 639 2194 671 ι
2224 621 2327 676 tias
2356 621 2616 678 bonitatis
2641 623 2780 693 ejus,
2817 631 2872 680 et
2903 623 3196 694 patientiae,
3226 635 3281 680 et
3313 627 3744 696 longanimitatis

2175 731 2194 762 ο
2219 712 2556 769 contemnis?
2575 711 2799 785 Ignoras
2823 715 3081 784 quoniam
3105 715 3410 786 benignitas
3426 716 3518 771 Dei
3535 719 3602 772 ad
3619 734 3738 788 po:-

2175 821 2194 853 Ι
2222 803 2504 858 nitentiam
2545 813 2598 860 te
2642 805 2894 862 adducit?
2931 805 3238 862 Secundum
3270 816 3450 862 autem
3479 809 3737 865 duritiam

2175 911 2197 944 ι
2221 902 2370 949 tuam
2413 903 2468 950 et
2501 895 2851 966 imptenitens
2872 913 2988 966 cor,
3016 899 3354 954 thesaurizas
3385 900 3482 954 tibi
3511 901 3646 955 iram
3680 901 3738 956 in

2175 1003 2192 1034 ι
2224 985 2312 1039 die
2353 985 2467 1052 irae,
2497 995 2553 1042 et
2580 987 2926 1044 rcvclationis
2949 988 3082 1058 justi
3108 989 3298 1058 judicii
3327 989 3452 1056 Dei;
3490 991 3586 1062 qui
3613 992 3743 1046 red-

2175 1095 2192 1124 ι
2221 1075 2310 1130 det
2338 1075 2632 1146 unicuique
2659 1078 2962 1132 secundum
2987 1093 3150 1147 opera
3199 1079 3336 1148 ejus.
3389 1079 3484 1136 His
3515 1081 3738 1150 quidem

2174 1191 2192 1221 α
2221 1171 2314 1241 qui
2343 1172 2642 1226 secundum
2677 1173 2990 1245 patientiam
3020 1173 3152 1228 boni
3179 1173 3358 1243 operis
3407 1175 3636 1246 gloriam
3685 1185 3743 1230 et

2174 1281 2192 1313 ε
2223 1262 2486 1317 honorem
2515 1272 2570 1319 et
2591 1263 3051 1334 incorruptionem
3087 1273 3356 1335 quaerunt,
3389 1265 3553 1320 vitam
3582 1275 3743 1321 teter—

2173 1372 2194 1404 ‹
2221 1369 2367 1408 nam.
2401 1352 2497 1410 His
2525 1363 2703 1410 autem
2746 1355 2840 1426 qui
2894 1365 3022 1410 sunt
3067 1371 3134 1410 et
3165 1357 3532 1424 contentione,
3566 1366 3620 1412 et
3644 1357 3744 1428 qui

2173 1461 2192 1494 ‹
2220 1457 2331 1496 ιιοη
2351 1442 2704 1513 acquiescunt
2719 1444 2952 1511 veritati,
2975 1445 3204 1500 credunt
3224 1453 3404 1500 autem
3428 1447 3704 1516 iniquitati
3724 1491 3742 1516 ,

2172 1549 2194 1582 ι
2219 1531 2300 1586 ira
2325 1540 2380 1586 et
2407 1531 2725 1604 indignatio.
2751 1531 3054 1589 Tribulatio
3079 1542 3133 1589 et
3159 1536 3407 1606 angustia
3439 1535 3496 1588 in
3521 1551 3744 1591 omnem

2172 1641 2190 1674 ι
2219 1622 2456 1678 animam
2482 1623 2718 1680 hominis
2739 1625 3016 1694 operantis
3035 1625 3238 1680 malum
3259 1668 3273 1692 ,
3305 1623 3474 1681 Judaei
3499 1627 3744 1696 primum

2171 1734 2189 1766 ‹
2223 1723 2277 1769 et
2301 1715 2508 1781 Graeci;
2541 1715 2710 1786 gloria
2738 1724 2920 1770 autem
2946 1724 3000 1770 et
3021 1715 3197 1770 honor
3225 1725 3279 1770 et
3302 1732 3405 1786 pax
3435 1717 3586 1771 omni
3612 1733 3749 1788 0pc-

2171 1825 2190 1857 ‹
2222 1805 2364 1861 ranti
2388 1805 2590 1861 bonum
2613 1849 2628 1873 ,
2663 1805 2848 1861 Judmo
2878 1807 3113 1877 primum
3141 1814 3194 1861 et
3218 1806 3426 1862 Graeco.
3451 1805 3570 1861 Non
3593 1809 3744 1862 enim

2173 1906 2302 1951 rest
2329 1895 2572 1965 acceptio
2599 1909 2957 1964 personarum
2989 1895 3132 1964 apud
3178 1893 3369 1950 Deum.
3417 1895 3748 1966 Quicunque

2173 2006 2191 2037 ε
2224 1987 2370 2042 enim
2399 1987 2517 2042 sine
2545 1987 2661 2057 lege
2687 1994 3070 2057 peccaverunt,
3102 1985 3219 2041 sine
3246 1987 3362 2058 lege
3387 1987 3662 2058 peribunt,
3692 1997 3750 2043 et

2173 2099 2190 2129 ι
2218 2080 2532 2148 quicunque
2561 2077 2615 2130 in
2647 2077 2763 2147 lege
2796 2083 3176 2146 peccaverunt,
3209 2090 3306 2146 per
3331 2075 3504 2146 legem
3528 2074 3748 2146 judica-

2172 2188 2190 2220 ι
2223 2169 2445 2224 buntur.
2483 2165 2602 2221 Non
2629 2167 2776 2222 enim
2807 2166 3082 2222 auditores
3119 2167 3254 2236 legis
3277 2166 3408 2236 justi
3441 2176 3572 2222 sunt
3601 2168 3748 2236 apud

2172 2279 2189 2310 ι
2219 2258 2412 2326 Deum,
2436 2259 2530 2314 sed
2553 2257 2787 2313 factores
2805 2257 2940 2329 legis
2957 2256 3419 2328 justilicabuntur.
3437 2257 3576 2312 Cum
3597 2259 3752 2313 enim

2172 2370 2190 2402 ι
2220 2359 2405 2420 gentes
2429 2365 2552 2420 quae
2581 2350 2753 2420 legem
2781 2363 2890 2402 non
2926 2349 3146 2413 habent,
3179 2348 3500 2403 naturaliter
3527 2365 3590 2403 ea
3623 2365 3752 2418 qua:

2172 2459 2189 2490 ι
2221 2440 2354 2510 legis
2394 2448 2523 2495 sunt
2558 2438 2782 2506 faciunt,
2812 2437 3078 2508 ejusmodi
3109 2439 3280 2508 legem
3311 2453 3420 2492 non
3455 2438 3756 2503 habentes,

2172 2553 2190 2582 ι
2225 2531 2328 2601 ipsi
2357 2531 2459 2586 sibi
2491 2539 2620 2586 sunt
2647 2531 2733 2586 lex
2764 2549 2776 2584 :
2811 2529 2905 2600 qui
2934 2530 3227 2585 ostendunt
3277 2544 3416 2599 opus
3442 2529 3575 2600 legis
3601 2529 3750 2584 seri-

2172 2641 2190 2674 σ
2220 2633 2370 2694 ptum
2402 2623 2456 2677 in
2483 2622 2739 2678 cordibus
2767 2621 2914 2688 suis,
2945 2620 3319 2676 testimonium
3349 2619 3606 2676 reddente
3636 2619 3761 2676 illis

2171 2735 2189 2766 ι
2223 2715 2558 2770 conscientia
2603 2714 2870 2785 ipsorum,
2899 2721 2954 2768 et
2994 2712 3136 2767 inter
3184 2727 3243 2768 se
3281 2711 3511 2766 invicem
3537 2711 3754 2782 cogita-

2172 2827 2189 2859 ι
2222 2807 2430 2861 tionum
2463 2805 2862 2872 accusantium,
2897 2812 2992 2860 aut
3029 2805 3194 2860 etiam
3227 2801 3656 2870 defendentium,
3690 2804 3755 2858 in

2171 2917 2188 2948 ι
2217 2897 2304 2952 die
2331 2913 2456 2953 cum
2481 2897 2749 2968 judicabit
2773 2895 2917 2951 Deus
2945 2895 3159 2952 occulta
3208 2894 3513 2960 hominum,
3545 2909 3754 2950 secun-

2173 3009 2193 3040 ‹
2225 2990 2355 3044 dum
2385 2988 2738 3061 Evangelium
2768 3004 2973 3054 meum,
3005 3003 3103 3058 per
3126 2985 3315 3042 Iesum
3351 2985 3652 3042 Christum.
3689 2986 3755 3042 Si

2173 3098 2190 3129 ι
2222 3087 2403 3133 autem
2435 3087 2493 3134 tu
2523 3077 2744 3134 Judaeus
2791 3075 3220 3148 cognominaris,
3249 3084 3304 3131 et
3349 3075 3651 3146 requiescis
3693 3077 3757 3132 in

2171 3190 2189 3221 ι
2222 3169 2373 3241 lege,
2415 3177 2470 3224 et
2513 3169 2764 3241 gloriaris
2839 3169 2896 3222 in
2949 3167 3062 3223 Deo
3087 3209 3102 3234 ,
3153 3177 3209 3223 et
3237 3169 3379 3223 nosti
3410 3168 3764 3224 voluntatem.

2170 3281 2188 3314 ι
2219 3261 2362 3332 ejus,
2391 3269 2446 3316 et
2476 3261 2676 3331 probas
2726 3259 2944 3315 utiliora
2968 3301 2983 3325 ,
3037 3259 3338 3316 instructus
3391 3275 3488 3330 per
3524 3259 3704 3330 legem
3729 3275 3750 3326 ;

2169 3373 2187 3406 ι
2217 3353 2447 3409 conﬁdis
2475 3353 2708 3422 teipsum
2737 3366 2860 3407 esse
2883 3351 3078 3406 ducem
3104 3349 3209 3424 14
3231 3365 3526 3418 caecorum,
3561 3351 3759 3406 lumen

2169 3462 2188 3494 ι
2217 3458 2410 3498 eorum
2435 3442 2532 3513 qui
2559 3441 2618 3496 in
2646 3440 2890 3496 tenebris
2917 3448 3066 3507 sunt,
3102 3439 3432 3496 eruditorem
3483 3439 3756 3510 insipien-

2168 3553 2187 3585 α
2221 3533 2356 3588 tium
2379 3573 2394 3600 ,
2426 3533 2747 3604 magistrum
2795 3531 3119 3598 infantium;
3171 3531 3462 3586 habentem
3509 3529 3767 3586 formam

2168 3645 2188 3678 σ
2217 3624 2462 3680 scicntia:
2487 3633 2543 3679 et
2567 3625 2815 3680 veritatis
2850 3625 2906 3679 in
2933 3625 3070 3694 lege.
3109 3622 3214 3689 Qui
3245 3638 3376 3694 ergo
3409 3623 3574 3677 alium
3641 3623 3756 3679 do-

2168 3737 2187 3770 r
2213 3733 2324 3784 ces,
2359 3716 2592 3786 teipsum
2620 3731 2732 3770 non
2761 3715 2958 3782 doces;
3009 3715 3108 3786 qui
3131 3714 3396 3785 praedicas
3423 3729 3532 3769 non
3557 3712 3760 3768 furan-

2169 3830 2188 3860 ‹
2216 3809 2368 3875 dum,
2399 3807 2630 3875 iuraris;
2679 3807 2777 3878 qui
2827 3807 2969 3862 dicis
3019 3823 3130 3862 non
3162 3805 3572 3872 mmehendum,
3607 3821 3762 3862 ma:-

2165 3921 2186 3952 ι
2215 3901 2426 3968 charis;
2459 3901 2553 3971 qui
2601 3899 2934 3955 abominaris
2967 3897 3138 3964 idola,
3189 3897 3550 3967 sacrilegium
3572 3895 3751 3964 lacis;

2167 4011 2186 4044 ι
2215 3993 2309 4062 qui
2347 3993 2404 4046 in
2435 3993 2551 4064 lege
2583 3991 2834 4062 gloriaris
2861 4031 2876 4056 ,
2931 4004 3025 4060 per
3057 3989 3559 4058 praevaricationem
3613 3989 3758 4059 legis

2169 4105 2187 4136 ι
2219 4083 2386 4139 Deum
2436 4083 2754 4139 inhonoras.
2803 4080 3008 4137 Nomen
3037 4080 3182 4134 enim
3213 4079 3302 4134 Dei
3335 4095 3430 4150 per
3483 4095 3581 4134 vos
3613 4080 3737 4134 bla-

2169 4193 2186 4226 ι
2217 4174 2532 4244 sphematur
2552 4173 2692 4228 inter
2711 4179 2918 4242 gentes,
2941 4170 3081 4226 sicut
3101 4171 3364 4241 scriptum
3380 4179 3484 4225 est.
3498 4171 3766 4226 Circum-

2169 4285 2186 4314 ι
2218 4263 2356 4319 cisio
2394 4263 2618 4333 quidem
2646 4261 2888 4329 prodest,
2920 4261 2967 4316 si
2999 4261 3169 4332 legem
3219 4260 3510 4327 observes;
3565 4261 3611 4314 si
3643 4277 3754 4316 au-

2171 4377 2188 4407 ι
2218 4365 2324 4411 tetu
2355 4353 2740 4426 prmvaricator
2770 4352 2907 4422 legis
2959 4353 3058 4420 sis,
3099 4351 3448 4408 circumcisio
3477 4359 3570 4405 tua
3600 4368 3752 4422 prae-

2171 4467 2190 4498 ι
2221 4447 2432 4517 putium
2478 4443 2622 4498 facta
2667 4452 2770 4498 est.
2825 4442 2884 4496 Si
2933 4442 3100 4513 igitur
3133 4442 3456 4512 praeputium
3497 4441 3762 4510 justitias

485 4530 585 4588 Dei
613 4548 633 4586 :
659 4549 768 4604 qua
798 4535 1107 4605 cognitione
1133 4533 1328 4604 privati
1373 4534 1507 4590 dicti
1557 4543 1687 4590 sunt
1710 4577 1724 4601 ,
1765 4536 1894 4605 quia
1941 4535 2068 4592 inde
2099 4545 2142 4598 Ι)
2174 4558 2192 4590 ι
2222 4537 2356 4608 legis
2382 4535 2678 4600 custodiat,
2714 4548 2896 4588 nonne
2925 4532 3247 4602 praeputium
3282 4532 3391 4585 illis
3419 4532 3474 4585 in
3503 4531 3760 4586 cireum-

485 4625 890 4695 superbierunt.
929 4627 1092 4698 Digni
1113 4625 1304 4697 utique
1327 4635 1450 4681 sunt
1465 4635 1630 4682 morte
1645 4641 1664 4681 :
1679 4643 1780 4681 non
1793 4627 2068 4698 solumqui

485 4716 692 4788 faciunt
704 4733 768 4774 ea
787 4718 1041 4790 praedicta
1054 4719 1180 4786 ,πα
1201 4722 1360 4774 etiam
1379 4721 1470 4790 qui
1497 4719 1830 4774 consentiunt
1863 4719 2068 4788 facien-

486 4811 646 4868 tibus.
664 4811 1010 4882 Consentire,
1031 4813 1330 4871 secundum
1353 4812 1726 4880 Ambrosium,
1754 4819 1840 4868 est
1868 4811 1916 4868 si
1945 4827 2068 4882 qua:

485 4903 660 4972 possit
687 4905 1082 4976 reprehendere
1111 4913 1308 4972 taceat,
1353 4913 1449 4960 aut
1477 4905 1594 4960 baac
1619 4903 1849 4960 audiens
1879 4904 2067 4960 adule—

487 4997 598 5050 tur.
629 4993 687 5050 Si
715 5011 846 5067 ergo
870 4996 1132 5054 facientes
1161 4997 1418 5069 praedicta
1448 4997 1611 5062 mala,
1637 5005 1694 5051 et
1719 4996 2066 5052 consentien-

487 5095 574 5142 tes
596 5086 699 5155 eis,
714 5087 1064 5146 damnatione
1083 5090 1233 5162 digni
1249 5099 1398 5157 sunt,
1421 5104 1583 5145 nemo
1609 5087 1890 5160 gentilium
1919 5103 2066 5144 mor-

493 5188 601 5234 tem
625 5179 770 5236 hanc
792 5179 1001 5236 evadet.

1116 5269 1345 5328 CAPUT
1381 5270 1442 5326 ll.

569 5381 587 5414 ι
619 5362 849 5434 Propter
872 5363 1018 5434 quod
1069 5363 1456 5420 inexcusabilis
1499 5379 1588 5427 es,
1629 5379 1662 5416 ο
1700 5365 1864 5419 homo
1889 5363 2068 5418 clunis

497 5475 516 5506 s
546 5454 642 5524 qui
659 5453 895 5526 judicas.
929 5453 988 5510 lu
1013 5470 1126 5526 quo
1151 5455 1298 5510 enim
1324 5454 1553 5510 alterum
1577 5454 1812 5524 judicas,
1839 5455 2072 5524 teipsum

501 5567 521 5599 ι
556 5547 908 5604 condemnas.
955 5545 1157 5603 Eadem
1194 5546 1341 5602 enim
1380 5545 1498 5616 agis
1531 5560 1652 5614 quae
1673 5545 1908 5614 judicas.
1959 5544 2076 5600 Sci-

501 5658 520 5692 ι
550 5655 674 5696 mus
703 5638 848 5695 enim
877 5639 1137 5711 quoniam
1183 5637 1451 5709 judicium
1503 5635 1596 5692 Dei
1643 5646 1728 5692 est
1774 5635 2074 5692 secundum

501 5749 520 5783 ο
549 5731 829 5788 veritatem
863 5731 916 5786 in
943 5747 1038 5787 eos
1065 5729 1158 5802 qui
1188 5731 1315 5786 talia
1351 5736 1536 5801 agunt.
1570 5727 1864 5784 Existimas
1893 5737 2074 5783 autem

505 5839 524 5875 ε
554 5822 680 5888 hoc,
717 5839 749 5880 ο
777 5823 962 5890 homo,
993 5823 1087 5892 qui
1139 5822 1346 5892 iudicas
1395 5838 1489 5878 eos
1524 5821 1618 5892 qui
1647 5821 1775 5878 talia
1807 5828 1994 5891 agunt,
2025 5829 2076 5875 et

2175 4647 2194 4680 ι
2226 4628 2490 4683 cisionem
2523 4623 2893 4694 reputabitur?
2925 4633 2980 4678 et
3002 4622 3276 4692 iudicabit
3299 4623 3347 4677 id
3377 4622 3522 4692 quod
3546 4637 3620 4676 ex
3647 4638 3754 4676 na-

2173 4738 2191 4771 ι
2221 4727 2344 4774 tura
2379 4725 2463 4774 est
2500 4715 2844 4787 praeputium,
2876 4715 3049 4784 legem
3100 4727 3512 4776 consummatis,
3550 4721 3621 4776 te,
3653 4713 3765 4782 qui-

2173 4832 2190 4862 ι
2221 4826 2318 4880 per
2343 4809 2577 4864 litteram
2621 4816 2678 4862 et
2725 4804 3198 4862 circumeisionem
3249 4803 3632 4874 praevaricator
3689 4819 3759 4858 cs

2172 4925 2191 4958 ι
2221 4901 2517 4976 legis.'Non
2543 4903 2689 4958 enim
2719 4900 2816 4971 qui
2844 4899 2899 4954 in
2927 4896 3238 4964 manifesto,
3259 4895 3481 4951 Judmus
3510 4904 3624 4959 est;
3654 4910 3756 4948 ne-

2174 5017 2193 5048 c
2221 5012 2330 5067 que
2355 5010 2478 5066 qua:
2507 4993 2562 5048 in
2594 4991 2882 5048 manifesto
2927 4989 2982 5043 in
3033 5001 3197 5042 carne
3240 4996 3324 5041 est
3357 4985 3710 5041 circumcisio
3738 5005 3753 5052 ;

2173 5109 2192 5143 ς
2223 5089 2316 5145 sed
2346 5087 2442 5158 qui
2472 5085 2526 5140 in
2554 5083 2901 5149 abscondito,
2924 5079 3145 5136 Iudaeus
3173 5087 3256 5135 cst
3279 5121 3294 5145 ,
3323 5087 3377 5133 et
3403 5077 3758 5134 circumcisio

2175 5204 2192 5233 ι
2222 5179 2405 5236 cordis
2432 5179 2488 5232 in
2519 5177 2736 5246 spiritu,
2771 5189 2883 5230 non
2917 5173 3118 5238 littera,
3145 5171 3307 5242 cujus
3359 5171 3490 5225 laus
3540 5184 3652 5224 non
3683 5184 3754 5224 ex

2175 5291 2192 5323 ι
2224 5269 2562 5334 hominibus,
2600 5267 2697 5323 sed
2721 5282 2790 5322 ex
2814 5264 2926 5320 Deo
2954 5271 3056 5318 est.
3090 5283 3110 5314 ι

2813 5369 3037 5410 εχροειτ
3045 5368 3118 5408 10.

2243 5449 2537 5520 llucusque
2557 5447 2785 5520 gentiles
2809 5445 3108 5502 secundum
3135 5441 3370 5512 priorem
3391 5449 3592 5496 statum
3615 5440 3755 5495 satis

2169 5541 2568 5608 dehonestavit,
2604 5549 2827 5596 ostenso
2857 5536 3000 5608 quod
3035 5535 3104 5590 de
3151 5532 3460 5604 ignorantia
3499 5531 3754 5586 excusari

2171 5650 2279 5690 non
2309 5643 2540 5705 possunt
2573 5651 2586 5687 :
2618 5646 2742 5686 cum
2777 5627 3098 5684 naturaliter
3129 5625 3493 5696 cognitionem
3539 5621 3608 5678 de
3642 5620 3756 5677 Deo

2172 5724 2481 5792 habuerint,
2513 5738 2620 5793 qua
2649 5727 2871 5792 propter
2897 5724 3182 5789 peccatum
3211 5713 3408 5785 privati
3455 5720 3602 5767 sunt.
3637 5709 3755 5766 Iloc

2173 5825 2354 5873 autem
2387 5816 2452 5871 de
2483 5813 2614 5871 solis
2645 5810 2938 5884 gentilibus
2962 5807 3166 5866 dictum
3198 5803 3532 5862 tt‘ansfundit
3571 5802 3661 5857 hic
3694 5801 3762 5857 in

2835 5953 2854 5967 ”.
2868 5956 2882 5966 ο
2903 5949 2972 5966 ’Λα
