3978 6392
148 456 214 511 29
708 463 717 473 ·
786 451 1152 508 EXPOSITIO
1186 451 1250 505 1N
1291 451 1670 507 EPlS'l‘OLAS
1710 451 1937 507 PAULI.
1981 483 2052 491 —
2088 453 2155 508 IN
2194 454 2413 511 EPIST.
2454 459 2545 512 AD
2585 458 2748 515 ROM.
3322 471 3394 526 50

150 577 420 635 utrosque,
449 563 496 618 id
528 572 610 618 est
629 564 681 617 in
705 562 920 617 Judaeos
948 573 1001 619 ct
1027 563 1273 633 gentiles,
1295 562 1482 618 dicens
1512 571 1722 617 utrnm-
1751 565 1798 622 Α
1821 561 1953 618 dum
1975 579 2157 634 opera,
2177 566 2378 622 cadunt
2400 568 2454 622 in
2478 570 2581 624 hoc
2602 571 2826 637 malum,
2844 573 2987 640 quod
3005 574 3381 645 impunitatem

146 675 244 730 que
270 656 530 726 populum
576 655 1020 710 inexcusabilcm.
1075 653 1213 720 Quia
1249 654 1295 709 si
1321 651 1542 708 Julaeus
1575 653 1718 710 dicat

147 764 200 804 se
218 746 387 802 fuisse
411 746 738 816 peculiarem
767 746 1026 817 populum
1055 744 1152 800 Dei
1174 746 1241 801 de
1267 761 1464 815 genere
1485 745 1717 800 Abrahae

146 848 321 893 natum
348 879 364 903 ,
417 837 589 906 legem
618 847 672 893 et
702 839 995 908 pr0pltetas
1042 838 1320 904 habuisse,
1353 853 1588 906 cumque
1635 836 1715 893 sic

145 935 245 991 Deo
269 934 501 990 dilectus
533 933 648 1005 sit,
693 948 802 988 non
850 949 974 989 esse
1024 934 1353 990 credendum
1388 933 1533 1004 quod
1571 934 1715 990 Deus

144 1028 279 1080 hunc
305 1026 586 1096 permittat
633 1026 808 1095 perire
853 1027 989 1082 adeo
1017 1027 1297 1095 dilectum,
1329 1028 1455 1084 licet
1496 1043 1714 1082 errave-

144 1116 224 1182 rit,
252 1114 691 1185 improperetque
719 1116 905 1185 gentili
934 1116 1080 1186 quod
1130 1117 1430 1172 salvatione
1456 1117 1712 1189 indignus

142 1207 221 1272 sit,
249 1205 407 1275 cujus
436 1219 540 1260 nec
566 1204 860 1275 aliquando
882 1204 1026 1263 Deus
1053 1222 1263 1262 memor
1288 1206 1481 1270 fuerit;
1511 1208 1558 1263 si
1582 1223 1712 1263 vero

138 1311 423 1354 econverso
452 1297 600 1352 dicat
641 1297 856 1369 gentilis
882 1296 1126 1353 Judaeum
1179 1300 1353 1355 salute
1400 1299 1707 1370 indignum,

138 1389 253 1461 quia
278 1403 406 1443 cum
442 1387 617 1443 Deum
648 1404 742 1459 per
770 1389 942 1461 legem
980 1391 1332 1461 cognoverit,
1367 1392 1509 1447 sicut
1537 1391 1706 1445 Deum

137 1479 428 1551 gloriﬁcare
460 1480 677 1548 noluit,
733 1495 901 1552 seque
945 1481 1068 1538 ideo
1110 1482 1505 1552 praeferendum
1557 1491 1708 1552 putet

135 1568 335 1636 Judaeo,
368 1569 528 1641 quia,
553 1578 614 1625 ut
640 1569 879 1640 primum
903 1569 972 1627 do
990 1571 1103 1628 Deo
1127 1573 1353 1640 audivit,
1383 1572 1565 1629 statim
1587 1588 1707 1629 cre-

133 1661 273 1728 didit,
302 1678 489 1733 neque
514 1679 671 1719 reum
703 1679 827 1731 esse
854 1680 1046 1721 eorum
1072 1682 1193 1736 quae
1222 1682 1317 1738 per
1339 1668 1705 1738 ignorantiam

133 1752 354 1822 peccavit
385 1771 399 1808 :
436 1762 633 1809 contra
677 1762 973 1825 utrumque
1000 1756 1113 1827 agit
1156 1756 1451 1826 Apostolus
1499 1758 1698 1815 dicens

132 1842 365 1910 gentilem
396 1841 469 1897 de
500 1842 810 1914 ignorantia
841 1843 1289 1913 inexcusabilem,
1320 1847 1448 1918 quia
1475 1858 1702 1904 natura-

133 1934 220 1988 lem
246 1933 437 1988 habuit
476 1934 844 2005 cognitionem
877 1954 890 1988 :
918 1934 1165 1991 Judaeum
1213 1952 1344 1992 vero
1393 1938 1597 1995 frustra
1648 1940 1703 1994 in

131 2025 228 2094 lege
250 2026 330 2080 vel
355 2040 563 2096 genere
585 2024 836 2097 gloriari,
869 2042 993 2085 cum
1022 2042 1235 2096 semper
1255 2028 1491 2085 deterior
1519 2029 1699 2095 fuerit,

132 2116 255 2172 unde
301 2118 590 2173 meliorari
640 2118 909 2186 debuerit,
940 2119 1344 2189 praevaricando
1371 2121 1563 2191 legem,
1598 2123 1702 2179 title

131 2210 498 2279 degenerando
517 2211 588 2266 ab
607 2211 905 2291 Abraham,
938 2222 992 2267 et
1017 2212 1235 2268 similia.
1267 2212 1433 2279 Quasi
1458 2213 1695 2269 diceret:

132 2300 331 2372 Propter
350 2302 525 2373 quod,
550 2302 603 2358 id
633 2312 720 2359 est
745 2303 873 2373 quia
902 2304 997 2373 qui
1029 2303 1235 2360 faciunt
1259 2314 1313 2359 et
1340 2305 1433 2376 qui
1465 2321 1696 2360 consen-

131 2393 268 2458 tiunt,
294 2393 445 2463 digni
488 2403 619 2448 sunt
645 2402 819 2448 morte
851 2412 864 2447 :
895 2394 1018 2448 ideo
1050 2403 1129 2459 tu,
1177 2393 1329 2447 homo
1370 2394 1699 2449 unanimiter

130 2483 293 2540 vivens
324 2493 379 2539 et
407 2484 748 2555 intelligens,
778 2485 959 2540 omnis
1011 2483 1231 2540 Judaeus
1261 2494 1316 2540 et
1349 2486 1584 2556 gentilis,
1617 2487 1699 2539 in-

130 2572 420 2626 excusabilis
440 2590 527 2639 es,
555 2582 636 2639 tu,
668 2572 823 2639 dico,
875 2575 966 2643 qui
1003 2573 1241 2643 judicas,
1274 2574 1329 2629 id
1355 2583 1442 2630 est
1467 2576 1697 2631 damnas

130 2662 290 2718 alium.
342 2663 401 2720 Si
452 2665 609 2720 enim
659 2674 738 2732 tu,
784 2663 987 2732 Judaee,
1039 2665 1177 2722 dicis
1209 2675 1263 2722 te
1303 2665 1696 2737 praeferendum

129 2752 306 2820 gentili,
363 2754 508 2822 quia
536 2753 766 2809 dilectus
796 2753 909 2809 Deo
953 2754 1122 2810 fueris
1152 2796 1167 2820 ,
1218 2740 1379 2825 quem
1429 2753 1569 2812 dicis
1597 2771 1697 2812 nec

129 2842 395 2914 aliquando
421 2861 733 2901 memorem
760 2846 932 2903 fuisse
962 2847 1206 2919 gentilis;
1260 2849 1344 2903 vel
1374 2849 1418 2903 si
1449 2857 1529 2915 tu,
1559 2865 1694 2919 gen-

131 2934 237 3002 tilis,
258 2935 526 3005 praeferas
550 2945 602 2991 te
629 2946 947 2992 excusatum
974 2953 1070 3009 per
1098 2937 1459 3006 ignorantiam
1483 2938 1691 3007 Jualaeo,

127 3025 205 3094 qui
250 3024 418 3082 Deum
452 3043 562 3098 per
613 3028 786 3093 legem
828 3028 934 3084 sibi
982 3030 1261 3100 cognitum
1304 3030 1691 3086 inhonoravit.

130 3123 328 3184 uterque
359 3115 757 3172 inexcusabilis
786 3132 847 3173 es
884 3135 897 3172 :
931 3125 986 3173 et
1019 3116 1253 3187 gentilis,
1313 3116 1443 3186 quia
1474 3125 1695 3171 natura-

130 3201 215 3257 lem
242 3206 613 3276 cognitionem
650 3207 870 3275 babuit;
921 3216 976 3263 ct
1019 3206 1262 3275 Judaeus,
1313 3223 1474 3278 quem
1521 3210 1606 3264 lex
1640 3217 1695 3264 ct

130 3296 367 3352 naturalis
397 3297 716 3354 intellectus
745 3299 812 3353 de
855 3296 968 3354 Deo
1017 3298 1220 3354 docuit.
1274 3297 1411 3354 Vere
1464 3308 1693 3370 uterque

129 3382 501 3443 inexcusabilis
541 3403 622 3452 es,
654 3389 779 3460 quia
816 3389 873 3443 in
900 3405 959 3443 eo
1001 3390 1317 3446 condemnas
1357 3391 1600 3461 teipsum,
1637 3393 1693 3445 in

126 3488 211 3543 quo
238 3484 290 3528 tu
308 3475 538 3546 jndicas
566 3478 815 3545 alterum,
850 3479 967 3535 sive
1006 3477 1227 3535 Judaeus
1262 3479 1536 3550 gentilem,
1579 3476 1693 3536 sive

126 3567 317 3633 gentilis
338 3567 623 3624 Judaeum.
658 3569 716 3624 Si
738 3570 884 3625 enim
911 3571 996 3625 lex
1027 3571 1152 3626 data
1176 3571 1399 3626 damnat
1420 3554 1691 3640 Judaeum,

126 3659 233 3726 quia
275 3675 382 3715 non
437 3662 743 3717 custodivit
790 3678 911 3717 eam
946 3682 959 3716 :
992 3663 1078 3718 lex
1133 3664 1401 3720 naturalis
1444 3664 1695 3721 similiter

129 3764 216 3809 non
246 3752 525 3809 custodita
559 3753 779 3810 damnat
807 3754 1084 3825 gentilem.
1130 3752 1267 3810 Vere
1302 3755 1534 3824 teipsum
1561 3771 1694 3811 con-

128 3839 345 3898 demnas.
398 3841 556 3897 Nam
595 3853 653 3898 tu
697 3845 812 3915 agis
853 3844 1036 3902 eadem
1074 3834 1202 3917 qua:
1232 3846 1469 3916 judicas,
1510 3845 1566 3900 id
1608 3855 1693 3903 est

128 3929 329 3989 damnas
355 3934 410 3990 in
443 3934 583 3990 alio.
621 3933 678 3990 Si
702 3936 848 3991 enim
895 3946 977 4004 tu,
1014 3935 1258 4003 Judaeus,
1286 3952 1385 4007 pro
1419 3937 1691 4007 praedictis

128 4024 353 4092 gentilem
374 4034 550 4097 putas
577 4025 970 4094 damnandum,
998 4027 1096 4083 tibi
1120 4042 1250 4084 vero
1273 4027 1461 4083 eadem
1487 4028 1691 4083 scelera

129 4115 300 4181 agenti,
347 4131 451 4186 pro
510 4116 627 4188 lege
654 4125 707 4173 et
735 4133 931 4189 genere
975 4126 1137 4190 putas
1169 4133 1291 4192 esse
1333 4118 1689 4188 parcendum,

129 4196 304 4257 frustra
326 4203 603 4273 opinaris.
638 4203 982 4275 Econtrario,
1006 4207 1051 4263 si
1089 4214 1168 4273 tu,
1197 4207 1434 4278 gentilis,
1460 4208 1692 4265 damnas

130 4285 367 4364 Judaeum,
390 4294 532 4367 quia
567 4295 741 4368 legem
776 4297 968 4353 habuit
996 4307 1052 4354 et
1078 4314 1189 4354 non
1226 4300 1520 4358 custodivit
1546 4317 1689 4368 eam,

129 4380 172 4437 in
197 4399 256 4440 eo
282 4371 526 4443 damnas
552 4388 784 4458 teipsmn
816 4389 1289 4460 praevaricatorem
1315 4393 1583 4452 naturalis
1617 4393 1697 4461 le:

129 4473 212 4541 gis.
244 4475 376 4533 Vere
419 4480 487 4533 in
518 4495 621 4550 quo
640 4479 858 4549 judicas
901 4481 1149 4548 alterum,
1186 4483 1411 4540 damnas
1447 4484 1688 4553 teipsum.

1818 655 1922 710 sibi
1969 657 2321 726 pollicentur;
2371 671 2426 715 et
2469 662 2661 717 iterum
2696 679 2791 733 per
2820 666 3022 720 malum
3051 667 3392 738 impunitatis

1816 747 1919 802 sibi
1949 750 2249 818 promissae,
2290 761 2458 807 ruunt
2484 752 2539 807 in
2571 754 2736 821 aliud,
2770 756 2824 810 in
2855 758 2977 819 hoc,
3006 760 3214 817 scilicet
3245 766 3393 833 quod

1815 837 2114 894 abutuntur
2137 841 2379 898 bonitate
2412 851 2465 898 et
2506 844 2760 913 patientia
2788 845 2904 912 Dei,
2945 850 3091 918 quod
3126 850 3198 909 ibi
3226 869 3393 923 supra

1814 928 1908 995 ait,
1933 929 2059 999 quia
2085 939 2142 984 tu
2171 932 2394 1004 effugies
2411 934 2676 1003 judicium
2701 936 2817 1005 Dei,
2847 938 2988 994 idem
3025 957 3188 1012 supra
3218 945 3391 1014 signi-

1814 1018 2087 1088 ﬁcaverat,
2119 1023 2207 1077 ubi
2239 1025 2353 1077 ait.
2389 1024 2507 1079 Non
2527 1028 2895 1084 intellexerunt
2916 1034 3161 1101 quoniam
3185 1036 3274 1104 qui
3301 1045 3389 1088 ta-

1812 1109 1888 1164 lia
1918 1122 2101 1182 agunt,
2139 1112 2284 1184 digni
2311 1126 2431 1168 sunt
2462 1118 2819 1190 morteﬂiom.
2858 1137 2895 1187 ι,
2921 1124 3039 1192 59.);
3069 1124 3121 1177 in
3159 1134 3391 1194 utroque

1811 1219 1979 1275 agens
2008 1205 2074 1260 de
2099 1205 2440 1276 impunitate,
2465 1223 2627 1277 quam
2655 1210 2756 1265 sibi
2786 1213 3121 1280 promittunt.
3164 1215 3269 1270 Sed
3314 1215 3390 1271 ibi

1812 1303 2023 1351 tantum
2054 1296 2121 1352 de
2150 1298 2463 1368 gentilibus,
2490 1298 2580 1355 hic
2603 1315 2732 1354 vero
2762 1302 2829 1356 de
2860 1303 3103 1373 utrisque
3120 1307 3386 1376 intelligit,

1809 1396 1863 1442 et
1894 1396 2019 1442 ante
2039 1390 2281 1458 putando
2314 1399 2364 1446 te
2387 1391 2623 1464 elfugere
2646 1392 2912 1462 judicium
2942 1395 3056 1461 Dei,
3079 1401 3388 1455 contemnis

1809 1478 2027 1534 divitias
2047 1480 2166 1551 ejus
2192 1481 2478 1548 bonitatis;
2504 1484 2708 1539 dictum
2739 1501 2768 1539 a
2801 1486 3154 1543 similitudine
3190 1501 3387 1557 potcu-
3420 1476 3427 1488 '

1811 1568 1879 1624 tis
1914 1587 1926 1623 :
1969 1570 2063 1640 qui
2109 1572 2156 1626 si
2198 1574 2497 1643 porrigeret
2542 1574 2722 1631 cibum
2780 1576 2962 1645 alicui,
3000 1578 3089 1633 ille
3136 1595 3265 1634 vero
3298 1582 3387 1636 cui

1808 1658 2174 1731 porrigeretur
2201 1662 2489 1733 indignans
2517 1679 2582 1718 eo
2613 1665 2691 1718 uti
2720 1665 3007 1736 projiceret
3044 1682 3191 1734 eum,
3235 1669 3385 1723 vide-

1808 1759 1958 1805 retur
2005 1751 2085 1807 sic
2122 1766 2376 1822 spernere
2432 1769 2538 1808 non
2582 1755 2793 1822 cibum,
2825 1756 2919 1811 sed
2964 1756 3206 1812 datorem
3251 1759 3382 1823 cibi,

1810 1838 1899 1895 Sic
1938 1840 2027 1896 ille
2050 1842 2144 1912 qui
2185 1842 2428 1898 abutitur
2466 1844 2707 1900 bonitate
2732 1844 2849 1912 Dei,
2881 1861 2989 1901 non
3021 1856 3179 1903 utens
3210 1863 3272 1903 ea
3318 1850 3387 1904 ad

1807 1929 2220 1998 correctionem,
2251 1932 2319 1986 ad
2353 1948 2516 2002 quam
2558 1933 2699 1990 Deus
2726 1935 2838 2002 dat,
2876 1936 2964 1992 hic
2986 1952 3111 1993 rcus
3151 1947 3236 1994 est
3276 1955 3389 1994 non

1802 2028 2010 2074 tantum
2039 2022 2457 2090 praeteritorum,
2486 2024 2578 2079 sed
2603 2026 2765 2080 etiam
2782 2036 3105 2097 contemptae
3126 2029 3384 2098 majesta-

1803 2110 1890 2165 tis.
1925 2109 2150 2165 Divitias
2196 2113 2447 2168 bonitatis
2481 2116 2602 2171 ideo
2630 2116 2790 2182 dicit,
2831 2118 2959 2186 quia
2987 2118 3129 2173 Deus
3157 2128 3211 2173 et
3240 2129 3382 2175 tem-

1800 2201 2004 2270 poralia
2035 2202 2251 2258 abunde
2294 2204 2386 2260 dat
2412 2205 2591 2271 malis,
2628 2206 2829 2277 quibus
2857 2223 2958 2264 nec
2993 2208 3143 2278 digni
3177 2219 3381 2274 essent,

1800 2299 1880 2355 ut,
1910 2292 2320 2348 considerantes
2368 2295 2753 2364 benignitatem
2798 2296 2914 2363 Dei,
2937 2307 3274 2353 revertantur
3315 2300 3384 2354 ad

1797 2397 1942 2435 cum.
1976 2381 2077 2436 Dat
2101 2383 2263 2437 etiam
2292 2384 2583 2455 magistros
2608 2385 2702 2454 qui
2728 2386 2978 2454 doceant,
3008 2397 3062 2442 et
3084 2389 3386 2459 intelligen-

1798 2474 1926 2527 tiam
1962 2490 2071 2545 qua
2117 2475 2184 2530 ad
2226 2474 2396 2530 Deum
2445 2477 2641 2532 reverti
2688 2477 2891 2532 bonum
2926 2494 3047 2534 esse
3099 2481 3298 2546 sciant,
3329 2489 3386 2534 et

1798 2565 1966 2619 multa
2006 2566 2131 2620 alia.
2160 2566 2244 2621 An
2279 2567 2497 2623 divitias
2537 2568 2796 2625 bonitatis
2833 2569 2944 2639 ejus
2980 2571 3288 2637 contemnis,
3327 2580 3385 2625 et

1795 2655 2013 2711 divitias
2033 2658 2306 2727 patientia:
2338 2657 2483 2728 ejus,
2511 2658 2639 2728 quia
2663 2674 2773 2713 non
2797 2658 2851 2714 in
2889 2674 3001 2714 uno
3030 2659 3122 2715 sed
3153 2660 3205 2714 in
3235 2660 3383 2714 mille

1795 2746 2034 2816 peccatis
2069 2755 2121 2802 te
2162 2749 2397 2818 patitur;
2436 2758 2490 2804 et
2514 2748 2729 2806 divitias
2765 2750 3214 2821 longanimitatis,
3254 2752 3383 2820 quia

1794 2852 1890 2907 per
1924 2837 2095 2891 multa
2123 2850 2368 2908 tempora
2400 2840 2793 2896 correctionem
2822 2840 2901 2894 tui
2943 2841 3208 2909 sustinet,
3249 2857 3381 2896 con-

1797 2928 2014 2994 temnis,
2065 2927 2310 2998 inquam,
2346 2920 2594 3000 ignorans
2636 2933 2885 3001 quoniam
2937 2931 3231 3004 benignitas
3280 2932 3380 2987 Dei

1794 3033 1890 3087 per
1914 3017 2234 3086 bonitatem,
2261 3019 2574 3087 patientiam
2595 3028 2650 3074 et
2679 3020 3167 3091 longanimitatem,
3197 3038 3377 3091 quan-

1795 3116 1911 3160 tum
1937 3106 1991 3160 in
2023 3122 2082 3162 se
2108 3116 2212 3175 est,
2244 3107 2463 3161 adducit
2491 3117 2539 3162 te
2559 3108 2629 3161 ad
2646 3111 3046 3178 paenitentiam?
3068 3111 3381 3183 Benignitas

1796 3196 2189 3267 Dei,quantum
2219 3198 2272 3256 in
2305 3214 2363 3252 se
2384 3208 2486 3266 est,
2511 3207 2669 3252 vocat
2690 3208 2741 3253 te
2764 3200 2829 3254 ad
2852 3201 3258 3271 paenitentiam;
3284 3203 3380 3258 sed

1795 3288 2080 3342 secundum
2101 3288 2355 3341 duritiam
2384 3297 2550 3355 tuam,
2571 3289 2621 3343 id
2644 3297 2729 3343 est
2749 3291 3048 3346 secundum
3072 3301 3228 3350 actus
3255 3302 3377 3349 tuos

1794 3379 2099 3434 obstinatos
2128 3378 2183 3433 in
2222 3380 2386 3446 malo,
2413 3388 2467 3435 et
2494 3380 2792 3436 secundum
2827 3399 2917 3436 cor
2947 3392 3099 3438 tuum
3136 3385 3377 3455 impaeni-

1795 3480 1938 3534 teus;
1960 3469 2087 3540 quia
2112 3486 2213 3525 nec
2233 3487 2265 3525 a
2287 3471 2430 3526 malo
2455 3487 2618 3542 Opere
2633 3473 2863 3540 recedis,
2892 3489 2991 3529 nec
3016 3483 3064 3529 te
3088 3476 3229 3530 male
3248 3491 3378 3546 ope-

1794 3556 1905 3616 rari
1937 3562 2211 3633 intelligis.
2246 3561 2386 3618 Sunt
2405 3563 2551 3618 enim
2583 3564 2807 3635 quidam
2838 3565 2894 3620 in
2930 3567 3089 3622 malis
3116 3567 3374 3637 operibus

1793 3654 2073 3723 obstinati,
2095 3655 2190 3725 qui
2215 3663 2395 3710 tamen
2436 3671 2495 3711 se
2525 3657 2667 3712 male
2706 3673 2866 3729 agere
2888 3659 3134 3713 credunt.
3164 3657 3266 3726 Tu,
3292 3659 3376 3715 in-

1794 3762 1981 3817 quam,
2026 3747 2325 3801 secundum
2374 3762 2469 3803 cor
2511 3748 2879 3817 impomitens,
2919 3748 3248 3804 thesaurizas
3278 3752 3375 3806 tibi

1792 3838 1951 3903 iram,
1989 3837 2042 3892 id
2072 3847 2155 3893 est
2188 3854 2488 3909 congregas
2518 3839 2615 3893 tibi
2658 3841 2931 3911 propriam
2970 3840 3373 3897 damnationem

1791 3928 2030 3984 futuram
2057 3930 2112 3982 in
2132 3930 2217 3983 die
2238 3930 2353 3995 irae,
2379 3929 2431 3985 id
2454 3939 2537 3985 est
2562 3931 2870 3985 communis
2890 3931 3255 3988 damnationis
3276 3932 3376 3985 im-

1792 4013 2027 4084 piorum.
2060 4011 2158 4068 Die
2178 4013 2325 4068 enim
2344 4014 2675 4068 reuelationis
2694 4014 2832 4085 justi
2859 4015 3054 4085 judicii
3079 4013 3211 4080 Dei;
3246 4015 3376 4085 quia

1793 4103 1847 4158 in
1883 4104 1970 4159 die
2000 4104 2094 4159 illo
2122 4103 2377 4160 Christus
2404 4119 2525 4160 esse
2555 4104 2720 4175 judex
2746 4106 2989 4160 omnium
3018 4105 3268 4161 credetur
3307 4106 3377 4161 ab

1794 4196 1998 4267 impiis,
2026 4196 2122 4267 qui
2146 4212 2362 4267 semper
2386 4197 2491 4252 hoc
2515 4205 2863 4268 negaverunt.
2888 4195 3040 4252 Tunc
3066 4197 3210 4251 enim
3234 4196 3380 4251 vide-

1791 4287 1872 4343 bit
1897 4303 2020 4343 eum
2058 4287 2241 4343 omnis
2277 4294 2407 4343 caro
2440 4306 2453 4342 :
2485 4288 2574 4361 qui
2622 4287 2761 4342 Deus
2794 4287 2969 4342 reddet
3001 4296 3122 4341 tunc
3163 4288 3375 4341 unicui-

1791 4395 1909 4449 que,
1933 4387 1986 4433 et
2011 4378 2199 4434 Judan
2224 4388 2278 4434 et
2313 4379 2540 4450 gentili,
2578 4378 2863 4432 secundum
2900 4394 3055 4447 opera
3091 4378 3226 4447 ejus,
3264 4394 3376 4432 non

1792 4485 2025 4539 parcens
2055 4470 2242 4543 gentili
2271 4487 2370 4542 pro
2398 4469 2726 4540 ignorantia,
2753 4484 2853 4523 nec
2882 4468 3100 4524 salvans
3126 4467 3375 4523 Judaeum

130 4559 241 4619 Nam
277 4582 398 4636 nos,
475 4567 574 4641 qui
619 4571 959 4625 auctoritatis
1016 4588 1223 4644 magnae
1290 4589 1506 4641 sumus,
1563 4573 1691 4641 hoc,

1800 4573 1900 4627 pro
1925 4560 2064 4630 lege,
2085 4560 2168 4613 vel
2192 4576 2388 4630 genere
2412 4558 2662 4613 Abrahae.
2695 4557 2851 4624 Quod
2872 4557 3009 4611 dixit
3034 4557 3088 4612 in
3118 4566 3250 4624 toto,
3280 4573 3377 4627 per

130 4657 353 4721 quoniam
414 4666 610 4712 contra
664 4675 752 4713 eos
814 4661 904 4731 qui
962 4671 1125 4731 agunt
1187 4663 1319 4718 talia
1364 4664 1506 4719 sicut
1554 4680 1695 4734 prm-

130 4742 252 4801 dicta
303 4758 481 4816 sunt,
551 4758 629 4805 est
680 4749 952 4819 judicium
1016 4750 1154 4818 Dei,
1213 4769 1325 4809 non
1392 4756 1692 4813 secundum

131 4834 472 4907 ignorantiam
508 4857 677 4912 quam
718 4851 798 4912 tu,
830 4844 1066 4914 gentilis,
1107 4843 1311 4904 frustra
1353 4847 1645 4917 praetendis
1678 4867 1689 4904 :

132 4938 214 4982 nec
240 4932 554 4987 secundum
588 4948 761 5004 genus
804 4934 1058 5002 Abrahae,
1101 4934 1156 4989 in
1201 4950 1313 5005 quo
1362 4946 1443 5005 tu,
1487 4936 1693 5005 Judaee,

132 5018 400 5092 gloriaris,
443 5025 542 5080 sed
580 5026 867 5081 secundum
918 5043 1113 5098 puram
1154 5028 1426 5083 uen'tatem
1454 5071 1470 5094 ,
1520 5029 1573 5084 id
1613 5039 1699 5086 est

131 5114 409 5169 secundum
453 5124 609 5171 actus
650 5116 990 5187 singulorum
1020 5162 1034 5185 ,
1096 5117 1282 5175 Judaei
1335 5129 1387 5176 et
1453 5122 1692 5193 gentilis,

134 5198 221 5275 ιδ
247 5219 347 5260 nos
379 5206 614 5272 scimus;
648 5216 705 5264 tu
728 5216 910 5265 autem
927 5211 1228 5281 existimas,
1244 5212 1297 5268 id
1317 5223 1398 5269 est
1418 5213 1556 5269 falso
1574 5215 1695 5285 epi-

133 5292 264 5348 naris
286 5295 416 5363 hoc,
446 5312 482 5351 0
506 5297 691 5366 homo,
719 5316 814 5355 seu
843 5298 1084 5366 Judmns,
1113 5320 1208 5358 seu
1233 5305 1471 5374 gentilis,
1495 5306 1589 5375 qui
1606 5306 1698 5376 juu

132 5383 263 5443 ditas
289 5406 388 5447 eos
418 5392 518 5463 qui
542 5394 669 5453 talia
716 5406 887 5466 agunt
928 5412 1050 5467 quae
1082 5397 1335 5467 praedicta
1372 5408 1521 5467 sunt,
1551 5407 1606 5453 et
1633 5415 1697 5461 ea

133 5475 311 5548 tuipse
342 5479 505 5538 facis.
536 5481 670 5552 Hoc,
706 5485 952 5563 inquam,
973 5488 1280 5557 existimas,
1319 5490 1445 5553 quia
1474 5498 1531 5551 ιιι
1563 5491 1700 5560 effu-

134 5564 228 5654 gies
246 5569 519 5638 judicium
541 5574 660 5642 Dei,
690 5576 746 5632 id
766 5586 852 5633 est
871 5578 1014 5637 unde
1038 5579 1201 5634 alium
1225 5581 1591 5641 damnandum
1611 5582 1702 5654 ju-

136 5653 291 5725 dicas,
324 5675 390 5717 ex
423 5662 615 5719 eodem
645 5674 696 5721 te
732 5666 1059 5738 impunitum
1089 5669 1316 5726 evadere
1350 5672 1546 5729 credis.
1578 5653 1699 5728 Pri-

137 5760 272 5808 mum
291 5754 423 5824 quia
444 5767 636 5826 putant
660 5760 773 5814 tieri
790 5760 1055 5830 judicium
1081 5760 1174 5817 Dei
1198 5764 1495 5820 secundum
1521 5766 1698 5836 digiti-

138 5843 286 5897 tatem
318 5845 401 5904 vel
434 5846 803 5923 indignitatem
838 5870 1215 5925 personarum,
1262 5864 1311 5910 et
1350 5873 1458 5912 non
1502 5874 1696 5913 secun—

1797 4656 1982 4719 partes
2011 4651 2350 4720 exsequitur,
2380 4650 2570 4705 dicens
2600 4668 2613 4704 :
2658 4648 2946 4719 Unicuique
2971 4650 3151 4703 reddet
3188 4665 3376 4702 secun-

1797 4741 1925 4797 dum
1953 4756 2128 4810 opera.
2162 4740 2262 4795 His
2289 4741 2499 4813 quidem
2524 4741 2613 4813 qui
2656 4747 2784 4795 sunt
2812 4739 2932 4792 boni
2961 4740 3151 4808 operis,
3198 4738 3251 4793 id
3295 4748 3379 4794 est

1798 4831 1894 4902 qui
1938 4832 2075 4888 bene
2103 4832 2309 4905 operati
2357 4841 2486 4887 sunt
2513 4832 2798 4887 secundum
2844 4829 3175 4899 patientium,
3208 4829 3260 4883 id
3294 4839 3380 4885 est

1799 4938 1909 4979 non
1939 4925 2221 4980 abutentes
2246 4925 2501 4996 patientia
2536 4924 2654 4989 Dei,
2679 4922 2773 4977 sed
2799 4921 3132 4991 corrigentes
3165 4938 3223 4978 se
3252 4938 3377 4977 cum

1800 5014 2202 5069 sustinerentur
2225 5030 2256 5068 a
2286 5013 2416 5069 Deo.
2440 5012 2536 5067 Vel
2565 5010 2863 5067 secundum
2888 5011 3226 5082 patientiam,
3249 5015 3379 5085 quia

1797 5104 2178 5173 aequanimiter
2224 5105 2593 5158 toleraverunt
2640 5118 2981 5172 quaecunque
3021 5104 3247 5160 adversa
3281 5123 3382 5176 pro

1797 5194 1928 5251 Deo.
1976 5195 2071 5251 His
2117 5197 2305 5267 utique
2333 5196 2523 5251 reddet
2563 5196 2811 5267 gloriam,
2850 5196 2906 5252 id
2947 5206 3033 5251 est
3079 5198 3379 5254 claritatem

1797 5287 2044 5359 corporis
2077 5296 2132 5342 et
2165 5287 2619 5343 illuminationcm
2664 5287 2879 5343 animae.
2912 5287 2980 5342 Et
3002 5289 3189 5344 reddet
3216 5290 3382 5344 Itono-

1800 5395 1930 5445 rem,
1968 5378 2097 5448 quia
2141 5380 2196 5434 in
2238 5381 2523 5450 praesentia
2568 5378 2771 5436 Christi
2817 5380 2959 5434 inter
2999 5381 3380 5448 honorabiles;

1804 5470 1932 5540 quia
1978 5486 2102 5525 cum
2133 5472 2339 5542 angelis
2382 5471 2473 5525 Dei
2504 5472 2691 5526 reddet
2718 5471 2879 5525 etiam
2918 5472 3383 5543 incorruptionem,

1807 5558 1860 5613 id
1885 5568 1969 5614 est
1994 5571 2397 5630 permanentem
2422 5571 2622 5616 statum
2655 5562 2707 5615 in
2730 5562 2902 5631 gloria
2929 5570 2985 5617 et
3011 5562 3239 5628 honore,
3264 5580 3386 5632 qttte

1804 5674 1901 5728 per
1931 5660 2122 5714 horam
2153 5661 2349 5717 habere
2380 5670 2600 5733 possent
2625 5669 2677 5715 et
2709 5661 2949 5730 perdere.
2992 5659 3088 5715 llis
3112 5676 3234 5714 cum
3284 5660 3386 5715 hac

1804 5758 2252 5816 determinationc
2293 5762 2412 5819 dico
2438 5760 2791 5834 quwrcntibns
2831 5763 2989 5814 vitam
3029 5770 3304 5826 wteruam,
3333 5761 3385 5815 id

1805 5870 1884 5916 est
1912 5862 1955 5915 si
1989 5862 2123 5917 bch
2143 5871 2431 5931 operentur
2461 5880 2645 5920 amore
2676 5862 2795 5918 vitae
2838 5872 3078 5928 aeternae;
3107 5877 3215 5916 non
3238 5877 3385 5931 qua:-
