3978 6414
543 367 605 422 3|
1107 362 1165 419 S.
1204 362 1553 420 BBUNONlS
1585 340 2226 422 CARTHUSIANORUM
2262 365 2747 424 INSTITUTORIS
2775 369 2925 427 OPP.
2963 372 3145 430 PARS
3174 375 3238 431 ll.
3734 385 3806 438 32

540 486 728 536 rentes
753 475 880 532 inde
906 477 1224 548 temporalia
1245 478 1396 534 lucra
1424 479 1508 534 vel
1532 479 1759 550 gloriam
1783 479 2006 546 mundi;
2035 479 2126 534 his
2153 479 2196 536 Α
2223 479 2442 546 dierint,
2472 496 2584 536 srve
2607 497 2726 536 eam
2757 483 3100 542 solummodo
3119 499 3330 558 operati
3354 491 3491 560 sint;
3535 493 3614 550 illi
3630 495 3806 564 justi-

541 569 640 639 qui
669 576 799 624 sunt
817 568 946 624 boni
967 570 1170 639 operis,
1201 568 1283 625 sic
1321 569 1538 638 reddet;
1568 569 1651 624 his
1691 579 1864 626 autem
1885 572 1975 642 qui
1999 580 2120 626 sunt

540 677 608 716 ea:
627 663 974 728 contentione,
1010 661 1066 716 id
1098 671 1182 718 est
1201 663 1296 733 qui
1339 678 1398 719 se
1439 664 1778 720 contentiosa
1815 665 2122 723 alternatim

541 751 856 822 praeferunt,
875 753 979 808 hoc
1007 753 1200 808 vitium
1225 753 1457 809 maxime
1477 756 1742 826 reposcit;
1773 757 1902 826 quia
1933 757 1988 812 in
2019 759 2124 815 hoc

539 843 882 911 laborabant,
911 853 968 901 et
991 846 1060 902 ab
1084 845 1188 901 hoc
1208 861 1302 902 eos
1329 846 1601 903 deterrere
1629 849 1840 904 nititur.
1882 849 1998 916 His,
2033 851 2121 906 in-

539 951 727 1004 quam,
745 935 838 1007 qui
863 938 1195 994 contendant
1213 947 1264 991 et
1281 938 1371 1008 qui
1391 954 1496 993 non
1521 941 1857 1010 acquiescant
1879 943 2090 998 veritati
2103 983 2123 1010 ,

535 1027 761 1096 quando
782 1027 986 1082 bonum
1001 1027 1260 1084 suadetur
1276 1029 1386 1096 eis;
1413 1038 1476 1085 at
1497 1029 1728 1086 Romani
1753 1032 1844 1102 qui
1867 1031 2122 1089 nolebant

537 1116 886 1186 acquiescere
905 1117 1186 1188 discipulis
1206 1117 1382 1186 Pauli,
1405 1120 1496 1174 sed
1527 1120 1803 1176 credebant
1825 1123 2119 1194 iniquitati,

538 1207 889 1278 praeferentes
917 1223 976 1264 se
1005 1209 1143 1264 alter
1167 1209 1354 1278 alteri;
1377 1211 1466 1268 his
1495 1212 1682 1284 utique
1705 1213 1810 1268 erit
1835 1215 1938 1282 ira,
1963 1214 2019 1270 id
2037 1224 2122 1272 est

538 1305 741 1354 teterna
773 1299 1074 1368 damnatio,
1109 1309 1163 1357 et
1184 1301 1308 1361 talis
1328 1302 1410 1359 ira
1432 1319 1555 1374 quae
1576 1303 1647 1360 sit
1667 1304 1986 1376 indignatio.
2013 1305 2123 1362 lm-

505 1447 518 1465 ο
540 1391 618 1460 pii
674 1391 821 1447 enim
873 1392 928 1448 in
971 1393 1154 1466 ignem
1194 1394 1358 1464 positi
1406 1397 1644 1468 graviter
1695 1397 2123 1470 indignabantur

537 1478 639 1534 sibi
675 1481 830 1550 ipsis,
860 1483 1010 1552 quod
1039 1484 1183 1540 male
1214 1483 1442 1555 egerint,
1471 1494 1526 1541 et
1565 1485 1782 1545 interim
1825 1487 1955 1544 dum
1985 1487 2120 1545 illud

537 1571 796 1641 iudicium
829 1574 1153 1642 morabitur,
1180 1576 1237 1630 in
1265 1592 1470 1632 omnem
1499 1579 1733 1636 animam
1753 1578 1979 1634 hominis
2001 1596 2122 1652 ope.

539 1663 711 1719 rantis
735 1663 841 1734 16
864 1665 1082 1718 malum.
1104 1663 1286 1721 Judazi
1304 1667 1425 1722 dico
1437 1667 1690 1737 primum,
1710 1669 1763 1724 id
1783 1678 1868 1725 est
1884 1671 2123 1728 maxime

423 1821 434 1830 ,
539 1755 817 1824 operantis
856 1758 1092 1826 malum;
1144 1757 1275 1829 quia
1308 1765 1362 1814 et
1405 1759 1689 1826 naturalis,
1724 1771 1778 1816 et
1806 1761 1947 1817 dam:
1985 1763 2121 1834 legis

542 1861 669 1904 reus
693 1855 795 1912 est,
822 1857 874 1904 et
917 1847 1109 1918 Gra'ci,
1156 1851 1208 1905 id
1242 1859 1326 1912 est
1365 1851 1604 1922 gentilis,
1651 1853 1745 1924 qui
1789 1853 1856 1908 de
1882 1855 2117 1910 naturali

540 1937 656 2008 lege
703 1939 876 1994 solum
909 1941 1176 2012 arguitur,
1209 1942 1263 1996 in
1301 1942 1540 1998 animam
1579 1945 1856 2012 operantis
1891 1945 2114 2000 malum.

539 2025 708 2082 ludaai
759 2027 1126 2086 indiﬂcrenter
1170 2040 1224 2088 et
1257 2031 1430 2093 Gra:ci
1459 2033 1564 2090 erit
1613 2034 1911 2104 tribulatio,
1948 2035 2001 2092 id
2036 2046 2122 2093 est

533 2116 818 2173 damnatio
839 2128 891 2174 et
911 2123 1180 2192 angustia.
1205 2121 1321 2178 Hoc
1349 2133 1434 2180 est
1459 2125 1588 2182 illud
1631 2127 1777 2197 quod
1799 2127 1936 2183 dixit
1980 2128 2121 2184 indi—

535 2210 745 2280 gnatio,
767 2212 895 2282 quia
926 2213 1254 2270 determinat
1273 2215 1340 2271 de
1373 2217 1519 2272 malo
1543 2219 1688 2288 quod
1723 2219 1896 2288 fieret,
1925 2229 1978 2276 et
1999 2229 2122 2291 post

540 2299 802 2368 judicium
835 2311 890 2357 et
909 2312 1053 2359 ante.
1084 2303 1162 2358 De
1203 2305 1350 2361 bono
1388 2321 1518 2363 vero
1549 2324 1657 2362 non
1706 2319 1853 2376 ante,
1882 2311 1978 2366 sed
2000 2320 2124 2381 post

542 2386 808 2455 judicium
827 2389 978 2456 dicit,
1004 2392 1135 2462 quid
1170 2393 1245 2454 illi
1271 2392 1513 2452 futurum
1539 2396 1612 2452 sit
1632 2397 1848 2456 interim
1873 2399 2003 2454 dum
2030 2415 2124 2456 ve-

543 2477 726 2534 niatur
754 2480 821 2536 ad
846 2481 1134 2551 judicium.
1171 2483 1426 2556 Operanti
1454 2488 1657 2544 malum
1684 2488 1790 2544 erit
1819 2489 2120 2546 tribulatio.

539 2566 704 2626 Omni
725 2587 855 2628 vero
884 2576 1131 2644 aperanti
1157 2576 1360 2632 bonum
1397 2595 1410 2631 :
1440 2577 1631 2634 Judazo
1655 2581 1956 2636 secundum
1987 2590 2125 2637 tem-

541 2677 646 2734 pus
671 2665 902 2734 primum
928 2666 1064 2722 bene
1103 2671 1380 2738 operanti;
1423 2669 1478 2727 in
1519 2668 1705 2725 Judtea
1739 2671 1885 2727 enim
1917 2671 2124 2742 princi-

542 2754 690 2823 pium
723 2754 912 2812 habuit
937 2756 1179 2835 Ecclesia
1207 2757 1448 2827 Christi;
1473 2770 1523 2818 et
1564 2761 1768 2828 Gnaeo,
1794 2761 1849 2818 id
1889 2771 1973 2818 est
1995 2779 2126 2835 genu

542 2845 642 2914 tili,
669 2833 1206 2920 posterius'tempore
1229 2853 1468 2922 operanti
1489 2853 1702 2922 bonum,
1727 2855 1830 2912 erit
1855 2833 2048 2926 gloria,
2073 2856 2127 2912 id

539 2945 624 2992 est
645 2938 736 2992 illa
754 2939 974 2996 claritas
995 2950 1046 2996 et
1067 2941 1261 3009 honor,
1297 2943 1426 3015 quia
1457 2944 1597 3000 inter
1618 2947 1967 3002 honorabiles
1988 2947 2123 3014 erit;

536 3039 594 3084 et
609 3047 736 3100 paa‘,
770 3030 824 3086 id
850 3041 936 3087 est
967 3033 1021 3087 in
1065 3034 1237 3104 gloria
1261 3044 1316 3092 et
1343 3036 1550 3094 honore
1572 3037 1831 3094 diuturna
1855 3040 2126 3110 tranquil-

540 3121 684 3178 litas.
713 3121 851 3178 Vere
877 3122 1065 3180 Judaeo
1089 3134 1144 3180 et
1167 3127 1352 3198 gentili
1377 3128 1745 3186 indiderenter
1767 3130 1986 3188 dabitur
2007 3133 2125 3204 glo«

540 3213 644 3280 ria,
672 3213 719 3270 si
755 3215 1102 3272 solummodo
1127 3217 1264 3273 bene
1297 3220 1506 3290 operati
1535 3219 1663 3276 sint.

611 3305 747 3361 Nam
773 3307 916 3379 apud
946 3308 1113 3364 Deum
1151 3327 1254 3366 non
1293 3321 1369 3365 est
1401 3314 1634 3384 acceptio
1670 3330 2035 3384 personarum,
2069 3325 2126 3370 ut

541 3395 788 3468 Judaeum
834 3399 975 3454 male
1004 3409 1251 3470 agentem
1285 3403 1477 3470 salvet,
1532 3405 1662 3475 quia
1701 3405 1892 3460 habuit
1921 3406 2122 3476 legem;

542 3487 798 3562 gentilem
840 3489 977 3546 bene
1005 3491 1260 3546 meritum
1311 3493 1581 3562 reprobet,
1611 3495 1740 3564 quia
1765 3510 1875 3550 non
1916 3495 2020 3550 fuit
2061 3496 2128 3552 de

555 3595 725 3634 carne
779 3580 1044 3648 Abrahae,
1094 3582 1253 3653 cujus
1310 3583 1470 3639 fidem
1523 3585 1718 3640 melius
1768 3595 1854 3641 est
1895 3585 2127 3653 imitari,

545 3691 713 3746 quam
761 3676 832 3732 ab
887 3691 954 3731 eo
997 3677 1200 3732 lineam
1249 3679 1465 3750 generis
1509 3680 1756 3745 trahere;
1799 3696 1924 3736 cum
1971 3681 2129 3737 multi

547 3766 618 3826 de
655 3765 954 3822 Abrahami
1001 3782 1186 3833 carne,
1243 3768 1298 3822 in
1351 3778 1538 3840 gentes
1588 3769 1936 3838 transierint,
1973 3771 2130 3828 multi

545 3873 678 3914 vero
715 3858 784 3914 de
834 3858 1112 3932 gentibus,
1152 3859 1312 3916 fidem
1361 3861 1596 3918 Abrahae
1647 3861 1930 3929 imitando,
1955 3877 2014 3918 se
2045 3863 2130 3918 di-

547 3965 688 4029 gnos
713 3950 1171 4021 promissionibus
1199 3952 1432 4010 Abrahae
1453 3951 1699 4022 fecerint,
1733 3963 1790 4010 et
1821 3954 1876 4009 in
1912 3953 2130 4012 Iudaeos

545 4043 782 4112 reputati
814 4033 926 4098 sint
960 4052 1018 4098 ut
1061 4044 1337 4116 proselyti.
1386 4043 1586 4101 Probat
1625 4044 1796 4101 Deum
1841 4061 1950 4102 non
1980 4045 2128 4101 acci-

546 4146 678 4209 pere
723 4145 1016 4200 personam
1054 4127 1226 4188 Judaei
1251 4147 1348 4188 seu
1399 4133 1645 4203 gentilis;
1675 4133 1804 4203 quia
1838 4143 2130 4204 utrumque

537 4221 830 4299 judicabit,
859 4230 914 4278 et
933 4223 1157 4278 modum
1182 4223 1374 4294 judicii
1413 4222 1582 4280 futuri
1620 4225 1676 4279 in
1711 4232 2006 4295 utrumque
2031 4238 2130 4280 ex-

547 4313 722 4386 ponit,
745 4314 932 4370 dieens
963 4333 976 4369 :
1005 4313 1145 4370 Vere
1165 4316 1307 4386 apud
1334 4312 1503 4370 Deum
1525 4332 1628 4370 non
1655 4325 1730 4372 est
1756 4313 1989 4387 acceptio
2013 4333 2132 4386 per-

549 4388 995 4476 sonaruquuia
1019 4405 1229 4478 jadicat
1257 4423 1470 4475 omnes,
1519 4417 1574 4464 et
1597 4424 1690 4464 eos
1721 4408 1818 4479 qui
1853 4409 1972 4464 sine
1992 4400 2132 4478 lege,

2223 568 2543 638 ﬁcabuntur,
2571 586 2668 626 seu
2695 570 2899 628 fuerint
2924 574 3172 646 gentiles,
3213 593 3310 633 seu
3338 577 3512 637 Judaei
3549 601 3562 638 :
3594 585 3810 640 solum-

2224 661 2387 717 modo
2423 676 2563 732 opus
2589 661 2724 734 legis
2762 665 3189 735 compleverunt.
3235 666 3334 725 llic
3361 687 3555 728 versus
3588 676 3686 744 qai
3717 692 3808 732 sev

2223 753 2428 823 quitur,
2451 753 2793 812 solummodo
2830 757 2896 811 de
2918 757 3209 828 gentilibus
3241 761 3354 832 agit
3379 781 3392 817 :
3441 765 3684 833 probans
3709 783 3810 824 eos

2223 844 2424 898 salvari
2451 859 2549 914 per
2591 845 2764 916 legem
2803 847 3126 918 naturalem,
3162 849 3422 909 facientes
3461 854 3653 911 eadem
3683 873 3812 927 qua:

2223 944 2350 988 sunt
2381 934 2596 1004 scripta:
2627 935 2784 1006 legis,
2826 945 2881 992 et
2919 938 3170 994 damnari
3212 941 3260 996 si
3285 957 3395 997 non
3439 941 3686 1002 fecerint.
3731 947 3810 1002 De

2222 1031 2454 1094 atroque
2481 1025 2593 1096 agit
2616 1026 2708 1082 hic
2732 1042 2946 1096 versus,
2975 1039 3030 1085 et
3053 1031 3122 1086 de
3160 1033 3334 1088 salute
3358 1035 3638 1105 gentilium
3679 1055 3810 1110 pro-

2220 1124 2340 1186 pter
2363 1130 2504 1186 opus
2524 1116 2678 1188 legis,
2706 1117 2852 1174 etde
2880 1119 3231 1178 damnatione
3251 1125 3594 1194 eorumdem,
3617 1127 3666 1183 si
3693 1145 3810 1188 non

2220 1207 2427 1277 operati
2448 1207 2559 1262 sint
2585 1209 2778 1280 legem,
2807 1225 2872 1266 ac
2901 1211 2948 1267 si
2989 1223 3356 1284 opponeretur
3393 1214 3606 1274 Paulo:
3657 1218 3809 1276 Dicis

2219 1297 2364 1368 quod
2387 1298 2700 1370 quicunque
2724 1299 2958 1358 factores
2993 1303 3130 1376 legis
3160 1303 3384 1374 fuerint,
3424 1308 3808 1377 salvabautar,

2220 1387 2313 1444 sed
2341 1389 2568 1460 gentiles
2609 1391 2807 1446 salvari
2838 1408 2947 1448 non
2997 1394 3217 1464 debent,
3249 1397 3378 1466 quia
3412 1399 3630 1457 etiamsi
3667 1417 3812 1472 opus

2218 1480 2357 1551 legis
2401 1479 2632 1548 faciunt,
2663 1482 3033 1539 indiﬂerenter
3082 1485 3189 1540 hoc
3236 1486 3464 1556 faciunt,
3497 1506 3606 1546 non
3654 1491 3809 1547 ducti

2220 1569 2774 1645 ratione|[nomine],
2805 1573 2898 1629 sed
2939 1590 3069 1630 casu
3119 1574 3364 1650 [causa],
3394 1587 3456 1634 ut
3491 1580 3586 1651 illi.
3605 1581 3706 1651 qui
3740 1583 3810 1638 de

2221 1660 2384 1715 nullis
2407 1676 2502 1731 per
2533 1660 2848 1733 Scripturas
2881 1665 3132 1721 instructi
3163 1668 3292 1722 sint.

2291 1748 2494 1805 Contra
2522 1751 2626 1808 hoc
2647 1751 2848 1810 Paulus
2881 1773 2893 1811 :
2923 1753 3058 1811 Vere
3078 1757 3304 1826 gentiles
3327 1759 3375 1813 si
3403 1758 3606 1815 fuerint
3631 1759 3816 1818 factoa

2221 1855 2308 1896 res
2349 1841 2505 1911 legis,
2531 1842 3002 1914 justiﬁcabuutur,
3045 1855 3102 1902 et
3140 1849 3450 1906 econtrario
3496 1851 3544 1907 si
3597 1854 3810 1910 malum

2219 1932 2427 2002 operati
2475 1933 2603 2000 sint,
2651 1935 2732 1990 ira
2767 1945 2820 1992 et
2862 1937 3232 2008 indignatione
3259 1940 3702 2012 damnabantur;
3740 1961 3809 2001 ex

2221 2021 2416 2077 merito
2441 2023 2639 2080 debent
2667 2025 2864 2080 salvari
2894 2041 2996 2097 pro
3021 2027 3186 2096 bono,
3221 2038 3275 2085 et
3298 2031 3480 2100 puniri
3511 2047 3614 2104 pro
3636 2035 3809 2090 malo.

2223 2111 2363 2178 Quia
2386 2113 2489 2183 ipsi
2511 2113 2614 2169 sibi
2635 2125 2759 2169 sunt
2787 2115 2892 2182 lex,
2929 2117 2984 2174 id
3005 2127 3090 2175 est
3115 2121 3420 2189 naturalem
3442 2123 3620 2195 legem
3641 2125 3699 2179 in
3723 2141 3813 2182 se-

2221 2203 2354 2274 ipsis
2383 2204 2586 2261 habent
2623 2224 2636 2260 :
2671 2207 2794 2277 ipsi,
2824 2209 2970 2278 dico,
3009 2225 3119 2265 non
3157 2211 3420 2270 habentes
3450 2215 3626 2284 legem
3657 2216 3814 2286 ejus-

2221 2295 2391 2361 modi,
2425 2295 2480 2350 id
2509 2306 2595 2354 est
2633 2299 2890 2369 scriptam
2920 2301 3062 2358 sicut
3089 2301 3285 2372 Judaei,
3331 2313 3386 2360 et
3407 2321 3535 2362 vere
3562 2308 3670 2376 ipsi
3705 2309 3817 2362 sibi

2221 2396 2344 2440 sunt
2367 2387 2453 2441 lea:
2477 2403 2496 2440 :
2515 2404 2640 2444 cum
2664 2390 2766 2447 hoc
2787 2391 2856 2448 sit
2874 2393 3012 2464 quod
3035 2403 3208 2465 gentes
3225 2413 3344 2468 qua:
3363 2397 3524 2468 legem
3547 2399 3818 2469 scriptam

2223 2493 2327 2531 non
2349 2477 2558 2546 habent,
2586 2479 2639 2536 id
2665 2490 2751 2536 est
2783 2485 3031 2553 gentiles,
3061 2485 3265 2555 faciant
3295 2505 3356 2543 ea
3382 2503 3498 2560 qua:
3532 2500 3658 2542 sunt
3681 2489 3824 2562 legis

2223 2569 2458 2640 scriptae,
2485 2570 2536 2626 id
2563 2580 2666 2639 est,
2692 2589 2816 2644 quae
2840 2576 3043 2646 scripta
3065 2577 3152 2632 lex
3172 2579 3440 2650 praecipit,
3465 2581 3825 2650 naturaliter,

2224 2660 2279 2723 id
2301 2669 2387 2718 est
2406 2663 2712 2720 naturalem
2747 2667 2919 2739 legem
2949 2679 3258 2740 sequentes.
3305 2669 3415 2728 Nec
3441 2673 3830 2731 iudiﬂ'erenter

2223 2765 2287 2806 ea
2335 2768 2456 2818 quae
2502 2753 2636 2826 legis
2667 2768 2794 2813 sunt
2832 2757 3060 2828 faciant,
3095 2762 3224 2832 quia
3253 2763 3345 2833 qui
3392 2764 3674 2817 ostendunt
3722 2781 3829 2834 per

2224 2848 2594 2916 operationem
2624 2851 2882 2921 scriptum
2914 2866 3035 2908 esse
3063 2853 3120 2907 in
3156 2853 3400 2908 cordibus
3429 2855 3540 2908 suis
3571 2871 3704 2924 oras
3738 2855 3826 2911 le-

2225 2936 2642 3010 gis,fdeserendo
2663 2942 2826 3009 mala,
2852 2943 3178 3000 adhaerendo
3198 2945 3390 3012 bonis;
3424 2946 3528 3001 hoc
3555 2946 3707 3002 enim
3736 2958 3830 3005 est

2225 3045 2364 3100 opus
2387 3032 2542 3101 legis,
2565 3033 2887 3090 declinarea
2917 3036 3063 3091 malo
3097 3045 3152 3092 et
3185 3035 3364 3094 facere
3389 3038 3614 3093 bonum.
3654 3039 3828 3106 Quod

2228 3122 2276 3180 si
2306 3137 2402 3192 per
2427 3123 2600 3195 legem
2622 3125 2923 3180 naturalem
2955 3141 3066 3182 non
3089 3126 3310 3182 creditis
3339 3127 3564 3200 gentiles
3587 3129 3828 3197 salvari,

2227 3213 2364 3268 nihil
2395 3214 2500 3269 hoc
2539 3215 2770 3272 salutem
2797 3232 2988 3272 eorum
3014 3218 3270 3289 impedit;
3320 3220 3446 3290 quia
3482 3221 3536 3274 in
3573 3220 3661 3274 die
3693 3237 3828 3275 cum

2217 3303 2486 3374 judicabit
2516 3305 2678 3375 Deus,
2703 3309 2983 3378 apparebit
3013 3325 3152 3380 opus
3186 3311 3320 3383 legis
3350 3311 3610 3382 scripturn
3643 3309 3831 3369 fuisse

2228 3394 2283 3452 in
2315 3396 2574 3456 cordibus
2601 3413 2818 3458 eorum.
2849 3396 3004 3456 Tunc
3023 3399 3080 3454 in
3109 3399 3202 3465 illo
3229 3399 3320 3457 die
3362 3401 3702 3458 conscientia
3735 3403 3829 3474 ip-

2228 3501 2570 3558 sorum,qu:e
2593 3498 2722 3544 tunc
2742 3490 2996 3545 omnibus
3022 3492 3198 3561 palam
3223 3493 3314 3546 ﬁet
3335 3493 3586 3562 (ibienim
3611 3494 3822 3566 singu-

2228 3577 2404 3636 loru-u
2445 3581 2548 3649 17
2601 3597 2765 3650 opera
2817 3583 3074 3639 omnibus
3112 3584 3292 3654 palam
3325 3585 3528 3653 erunt),
3556 3585 3830 3642 reddente

2229 3667 2338 3726 illis
2368 3669 2740 3728 testimonium
2775 3673 2842 3729 de
2885 3673 3044 3730 bonis
3069 3690 3170 3731 seu
3211 3675 3370 3731 malis
3394 3691 3516 3746 quae
3543 3675 3828 3735 fcctrunt.

2229 3759 2428 3832 multos
2448 3762 2595 3818 enim
2643 3772 2810 3821 testes
2838 3773 2970 3822 tunc
3008 3766 3304 3832 habebunt,
3327 3783 3452 3823 cum
3479 3767 3832 3825 conscientia

2229 3867 2420 3908 eorum
2441 3855 2646 3910 nemini
2683 3857 3066 3926 occultabitur,
3092 3867 3147 3914 et
3167 3857 3308 3914 sicut
3336 3859 3403 3914 de
3424 3859 3708 3928 operibus,
3742 3861 3834 3918 sic

2230 3946 2553 4002 conscientia
2581 3962 2773 4004 eorum
2819 3949 3062 4006 reddente
3085 3949 3196 4004 illis
3223 3950 3578 4004 testimonium
3607 3951 3834 4022 cogita-

2233 4036 2464 4105 tionum,
2511 4039 2638 4108 quia
2661 4040 2806 4096 sicut
2828 4055 3015 4112 opera,
3041 4041 3122 4098 sic
3149 4041 3598 4112 justitlcabuntur
3648 4043 3832 4098 etiam

2229 4125 2483 4201 cogitata.
2497 4129 2901 4202 Cogitationum
2922 4133 3044 4190 dico
3065 4132 3440 4189 accusantium
3458 4147 3576 4200 eos,
3589 4132 3637 4187 si
3662 4133 3834 4190 mala:

2231 4221 2368 4289 sint;
2397 4231 2494 4278 aut
2519 4224 2682 4280 etiam
2712 4224 3115 4280 defendentium
3141 4241 3260 4290 eos,
3284 4225 3331 4280 si
3378 4225 3536 4279 bonae
3568 4225 3682 4278 sint
3707 4243 3723 4279 :
3773 4235 3836 4282 et

2233 4314 2337 4371 hoc
2357 4297 2499 4371 inter
2519 4331 2597 4384 se,
2621 4317 2750 4390 quia
2772 4332 2894 4392 qua;
2910 4318 3050 4377 mala
3073 4316 3294 4384 fuerint,
3316 4317 3654 4372 accusabunt
3674 4316 3836 4374 bona

2232 4415 2286 4462 et
2349 4406 2612 4475 invicem;
2669 4409 2797 4479 quia
2852 4409 3162 4465 econtrario
3211 4409 3355 4464 bona
3420 4409 3839 4479 impugnabant

546 4506 602 4557 et
629 4513 724 4554 eos
753 4497 849 4568 qui
877 4499 932 4553 in
963 4498 1080 4570 lege
1107 4509 1254 4560 sunt.
1288 4500 1596 4572 Quicunque
1627 4502 1768 4556 enim
1793 4509 2136 4572 peccaverunt
2167 4515 2210 4572 ο
2237 4498 2399 4554 mala.
2429 4497 2554 4555 Haec
2573 4514 2752 4571 pugna
2775 4501 2866 4556 llet
2890 4501 2946 4556 in
2973 4501 3102 4568 illis,
3121 4516 3357 4572 quorum
3387 4500 3531 4555 bona
3557 4499 3644 4554 vel
3674 4501 3836 4557 mala

549 4591 666 4662 sine
693 4589 824 4660 lege,
849 4590 901 4645 id
932 4597 1017 4646 est
1064 4605 1173 4647 non
1205 4591 1468 4648 habentes
1507 4592 1680 4664 legem
1711 4592 1992 4665 scriptam,
2026 4593 2130 4664 ipsi

545 4682 791 4751 peribunt
817 4682 931 4736 sine
960 4680 1089 4752 legc,
1117 4667 1285 4739 idest
1311 4683 1717 4740 damnabantur
1757 4699 1866 4742 non
1893 4684 1961 4746 de
1989 4700 2130 4756 prae-

550 4773 886 4828 varicatione
913 4771 1129 4842 scriptae
1153 4771 1308 4843 legis,
1341 4773 1434 4828 sed
1464 4782 1674 4829 tantum
1704 4774 1988 4830 naturalis.
2020 4771 2134 4830 Hoc

551 4865 620 4920 tle
643 4865 934 4936 gentilibus
960 4865 1166 4920 dictum
1187 4873 1292 4930 est,
1314 4873 1369 4920 et
1390 4866 1683 4938 quicunque
1709 4875 2048 4938 peccarerunt
2077 4867 2135 4921 in

550 4953 684 5023 lege,
707 4954 762 5010 id
788 4963 874 5010 est
913 4955 1176 5012 habentes
1201 4955 1375 5028 legem
1401 4958 1680 5028 scriptam,
1714 4965 1774 5012 ut
1799 4955 1994 5023 Judzni,
2031 4957 2133 5027 ips:

549 5046 932 5120 jadicabuntur
949 5065 1042 5118 per
1071 5048 1256 5120 legem,
1272 5049 1326 5105 id
1345 5058 1430 5106 est
1441 5049 1507 5106 de
1529 5048 1977 5120 praevaricatione
1996 5049 2135 5104 data:

555 5138 690 5209 legis
710 5138 964 5208 adjuncta
1004 5141 1242 5208 peccatis
1265 5156 1456 5197 eorum
1497 5141 1920 5198 damnabantur.
1952 5139 2136 5212 Oppo-

557 5239 710 5286 ucrct
740 5228 980 5296 Iudaeus,
1015 5230 1140 5286 licet.
1176 5240 1552 5302 transgressus
1591 5233 1644 5288 in
1692 5233 1807 5305 lege
1844 5231 2029 5298 fuerit,
2075 5246 2136 5286 se

555 5311 761 5377 tamen'
789 5337 899 5376 non
943 5323 1212 5386 damnari.
1257 5324 1349 5378 sed
1398 5325 1728 5394 parcendum
1775 5325 1879 5381 sibi
1929 5341 1960 5380 a
2001 5323 2132 5379 Deo.

557 5414 760 5469 Contra
781 5414 888 5470 hoc
910 5412 1113 5471 Paulus
1141 5433 1154 5468 :
1190 5413 1326 5470 Vere
1348 5414 1607 5471 habentes
1635 5415 1804 5487 legem
1827 5417 1894 5472 de
1914 5423 2138 5487 peccato

554 5506 968 5580 judicabantar,
1003 5506 1264 5578 quoniam
1294 5507 1436 5577 apud
1476 5506 1644 5561 Deum
1679 5524 1780 5562 non
1808 5517 1938 5564 sunt
1966 5507 2136 5578 justi;

557 5607 615 5653 et.
647 5598 693 5654 si
747 5597 892 5670 apud
936 5598 1190 5654 homines
1219 5607 1569 5654 revereantur
1597 5599 1864 5653 auditores
1896 5597 2046 5669 legis,
2085 5598 2139 5654 id

559 5697 646 5743 est
673 5689 766 5760 qui
797 5688 1142 5746 solummodo
1171 5690 1342 5762 legem
1387 5691 1696 5756 audierunt,
1728 5706 1827 5745 nec
1860 5705 1982 5744 eam
2009 5705 2140 5760 ope-

538 5773 668 5838 'mu
699 5793 824 5845 sunt
854 5792 909 5840 ut
945 5781 1010 5840 lu
1031 5782 1134 5840 hri.
1181 5781 1268 5838 scd
1298 5784 1516 5838 factor-cs
1543 5783 1705 5846 lcqis:
1749 5783 1862 5861 sive
1884 5797 2002 5837 eam
2046 5797 2143 5837 au—

2231 4589 2438 4644 incerta
2483 4596 2640 4657 sunt;
2673 4590 2770 4646 sed
2808 4591 2864 4646 in
2907 4591 3108 4662 quibus
3146 4591 3290 4646 bona
3333 4589 3452 4646 sine
3490 4589 3838 4648 admistione

2235 4679 2504 4734 malorum
2531 4688 2680 4735 certa
2704 4689 2852 4748 sunt,
2870 4681 3010 4737 utin
3035 4681 3261 4746 sanctis,
3292 4679 3420 4734 etin
3449 4681 3654 4750 quibus
3674 4682 3838 4737 mala

2205 4767 2211 4774 ’
2235 4771 2354 4826 sine
2380 4768 2665 4841 refrigerio
2695 4771 2964 4827 bonorum
2993 4781 3141 4827 certa
3169 4781 3317 4838 sunt,
3341 4780 3402 4826 at
3423 4771 3478 4825 in
3511 4770 3671 4826 valde
3695 4773 3838 4828 ina-

2237 4863 2325 4929 lis,
2365 4862 2421 4916 in
2457 4861 2544 4918 his
2571 4877 2682 4916 non
2723 4862 2826 4917 erit
2852 4862 3219 4918 accusationis
3246 4861 3411 4932 hujus
3433 4861 3518 4916 vel
3545 4860 3841 4918 defensio-

2235 4955 2322 5011 nis
2353 4953 2665 5011 colluctatio
2698 4974 2711 5008 :
2745 4953 2840 5009 sed
2867 4962 3015 5008 certa
3056 4952 3226 5019 salus,
3256 4953 3411 5008 valde
3432 4951 3618 5018 bonis;
3661 4951 3844 5008 indu-

2235 5045 2404 5100 bitata
2415 5045 2716 5111 damnatio,
2740 5043 2895 5099 valde
2911 5043 3101 5098 malis:
3123 5044 3228 5098 hoc
3249 5051 3428 5098 autem
3443 5041 3840 5100 testimonium

2237 5149 2463 5206 operum
2489 5141 2545 5188 et
2568 5133 2961 5204 cogitationum
2995 5131 3184 5187 reddet
3213 5131 3322 5187 illis
3346 5147 3448 5186 sua
3481 5131 3840 5188 conscientia

2237 5227 2291 5280 iu
2315 5227 2402 5281 dic
2425 5226 2518 5280 illo
2545 5241 2664 5278 cum
2685 5223 2952 5295 judicabit
2980 5223 3119 5278 Deus
3141 5223 3348 5278 occulta
3379 5225 3614 5278 omnium
3644 5221 3842 5278 homi-

2242 5337 2388 5386 num,
2414 5319 2468 5374 id
2493 5328 2580 5374 est
2605 5319 2811 5374 incerta
2842 5333 3032 5374 eorum
3068 5317 3152 5372 vel
3185 5316 3440 5373 bona’vel
3463 5315 3626 5371 mala.
3662 5313 3841 5372 ludi-

2237 5411 2383 5466 cabit
2406 5411 2596 5481 utique
2624 5427 2716 5480 per
2730 5408 2914 5464 Iesum
2944 5407 3235 5475 Christum,
3261 5408 3354 5480 qui
3381 5407 3721 5464 constitutus
3745 5419 3848 5466 est

2235 5504 2400 5576 judex
2431 5503 2675 5558 omnium
2704 5501 2990 5557 secundum
3028 5499 3373 5572 Evangelium
3421 5514 3614 5566 meum,
3653 5497 3706 5553 id
3746 5511 3848 5557 est

2220 5595 2540 5652 secundum
2571 5594 2718 5665 quod
2752 5609 2853 5665 ego
2899 5593 3186 5660 annuntio,
3206 5591 3336 5662 quia
3365 5590 3510 5647 Deus
3537 5605 3633 5662 per
3659 5586 3852 5647 libri:

2243 5694 2386 5742 stum
2415 5684 2903 5756 judicabitomnia.
2928 5682 3184 5739 Probavit
3222 5681 3478 5754 gentilem
3519 5695 3684 5752 posse
3714 5682 3842 5737 sal-

2244 5779 2357 5834 vari
2381 5777 2717 5842 naturaliter,
2742 5775 3027 5833 facientem
3063 5791 3202 5834 onus
3230 5774 3443 5834 scr-ioue
3478 5773 3630 5835 locis.
3664 5771 3849 5834 Nune
