3978 6396
145 354 205 407 35
754 343 1116 402 EXPOSITIO
1153 344 1218 400 IN
1256 345 1637 404 EPISTOLAS
1670 348 1899 404 PAULI.
1941 379 2009 389 -ο
2045 348 2111 402 IN
2152 341 2370 402 EPIST.
2414 347 2504 400 AD
2545 346 2709 402 ROM.
3288 354 3358 405 54

143 470 304 517 autem
333 456 560 528 probare
600 455 789 526 incipit
826 438 979 512 nihil,
1010 459 1268 530 prodesse
1301 458 1508 526 Judaeo,
1537 459 1684 531 quod
1713 472 1757 529 Α
1790 459 2144 531 Sacrilegium
2198 459 2344 513 enim
2384 470 2468 513 est
2500 468 2805 513 creaturam
2856 457 3000 529 quod
3045 459 3363 514 naturaliter

142 550 340 605 indutus
364 544 538 600 dictus
565 553 650 600 est
671 546 764 617 qui
792 546 961 618 legem
1003 556 1058 603 et
1092 549 1561 604 circumcisiouem
1591 551 1689 604 ha-

141 641 264 705 buit,
305 636 408 692 nisi
436 651 574 706 opus
603 636 737 707 legis
783 647 836 693 et
882 639 1316 696 circumcisionis
1361 640 1686 710 impleverit,

141 731 340 785 dicens:
371 725 597 782 Gentilis
619 728 789 797 legem
818 730 1120 783 naturalem
1161 730 1372 801 habuit,
1402 739 1460 784 tu
1485 739 1685 798 autem,

141 819 322 884 iudice,
346 826 399 872 et
423 818 723 872 naturalem
751 827 804 873 et
832 821 1088 890 scriptam
1113 820 1286 891 legem
1313 821 1567 877 habuisti.

201 908 654 964 Considerandum
692 918 777 964 est
822 912 967 981 quod
1011 912 1079 967 de
1121 911 1308 967 ιιιιίπο
1352 923 1405 968 et
1439 915 1690 985 gentibus

138 1000 416 1056 secundum
440 1000 675 1069 priorem
700 1010 900 1055 statum
926 1010 1050 1074 agat
1076 1001 1368 1073 Apostolus
1397 1024 1408 1059 :
1446 1005 1554 1074 Tu,
1601 1007 1689 1060 in-

140 1108 317 1163 quam,
348 1092 735 1161 cognominaris
779 1092 1024 1161 Iudaeus,
1067 1094 1119 1149 id
1151 1094 1366 1151 esthoc
1411 1097 1690 1168 dignitatis

138 1195 417 1252 cognomen
445 1179 633 1245 habes,
667 1181 813 1251 quod
848 1180 1069 1240 Iudaeus
1091 1181 1310 1241 diceris.
1329 1176 1467 1240 Ante
1492 1185 1689 1241 ludam

137 1272 485 1329 Machameum
510 1271 586 1326 illi
609 1272 786 1327 solum
808 1272 876 1329 de
898 1275 1044 1330 tribu
1065 1274 1203 1331 Juda
1222 1268 1394 1332 Judazi
1416 1278 1692 1332 vocaban-

136 1373 231 1430 tur,
253 1362 409 1418 lsrael
442 1370 625 1418 autem
652 1379 842 1421 omnes
864 1358 1204 1436 dicebantur,
1236 1369 1331 1424 sed
1359 1382 1390 1423 a
1416 1367 1553 1424 Juda
1579 1368 1691 1424 Ma-

137 1456 356 1520 cbabteo,
392 1464 616 1525 propter
646 1456 970 1525 probitatem
1004 1458 1125 1528 ejus
1169 1460 1301 1515 dicti
1343 1470 1471 1515 sunt
1500 1476 1691 1518 omnes

138 1545 312 1602 Judaei.
370 1546 650 1615 Concedo,
689 1548 766 1603 ait
812 1547 1047 1619 Paulus,
1090 1559 1139 1606 te
1181 1552 1555 1623 cognominari
1590 1551 1689 1608 Ju-

137 1638 315 1702 daeum,
344 1638 474 1705 «quia
514 1645 575 1692 tu
627 1639 907 1709 requiescis
940 1641 995 1694 in
1018 1641 1146 1713 lege.
1171 1641 1304 1699 Alite
1325 1644 1472 1698 enim
1505 1654 1692 1716 gentes

136 1741 355 1781 errones:
382 1737 536 1795 sunt,
561 1743 666 1783 non
684 1728 956 1785 habentes
979 1731 1306 1788 documenta
1330 1734 1482 1803 vitae;
1515 1736 1607 1791 sed
1633 1744 1687 1790 tu

1789 551 2033 607 Creatori
2084 551 2245 606 debet
2303 565 2522 621 negare,
2569 549 2775 605 cultum
2821 549 3027 604 scilicet
3084 548 3217 604 Deo.
3278 548 3363 604 Tu

1789 642 1954 697 etiam
1984 642 2072 712 qui
2105 640 2352 711 gloriaris
2381 640 2437 694 in
2458 639 2584 710 lege,
2615 640 2668 694 id
2690 648 2774 696 est
2797 639 2892 710 qui
2909 641 3085 711 jactas
3107 646 3160 695 te
3183 639 3363 697 solum

1790 733 1963 804 legem
2004 732 2280 798 habuisse,
2311 731 2793 807 quarebinhonoras
2834 730 3003 786 Deum
3036 746 3129 800 per
3155 746 3363 800 prorua-

1790 820 2101 876 ricationem
2137 819 2303 890 legis?
2334 818 2684 874 Przevaricari
2715 820 2769 874 in
2796 820 2911 890 lege
2933 828 3019 875 est
3038 834 3146 875 non
3184 819 3371 875 facere

1791 928 1918 984 quae
1945 909 2191 966 facienda
2215 910 2477 979 praacipit,
2510 919 2563 963 ct
2591 907 2769 975 facere
2791 925 2912 981 qum
2933 910 3047 964 ticri
3069 909 3361 964 interdicit.

1789 1000 1963 1059 Judaei
2004 990 2186 1056 autem
2213 1000 2513 1071 deserendo
2542 999 2738 1070 legem,
2799 998 3048 1054 faciendo
3090 998 3365 1066 contraria

1790 1094 1916 1166 legi,
1945 1092 2117 1148 Deum
2162 1088 2582 1157 inhonorabant,
2617 1098 2881 1161 quantum
2930 1091 2998 1145 ad
3052 1090 3364 1160 opinionem

1791 1186 2098 1252 hominum,
2123 1181 2263 1237 nihil
2292 1191 2473 1237 tamen
2504 1181 2689 1252 gloria:
2713 1181 2832 1252 ejus
2864 1180 3231 1237 detrahentes.
3262 1180 3368 1234 Ve-

1792 1292 1851 1332 re
1892 1274 2083 1341 Deum,
2124 1274 2179 1328 in
2219 1282 2482 1344 quantum
2511 1272 2667 1328 vobis
2703 1272 3207 1351 es',inh010ra:is,
3243 1266 3369 1342 quia

1792 1383 1979 1422 nomen
2008 1364 2106 1420 Dei
2145 1363 2539 1434 blasphematur
2559 1379 2651 1433 per
2686 1379 2772 1416 ros
2801 1364 2939 1418 inter
2980 1371 3174 1434 gentes.
3229 1362 3367 1417 Cum

1791 1458 1936 1513 enim
1964 1465 2151 1529 gentes
2176 1454 2395 1510 videant
2415 1469 2513 1510 vos
2554 1454 2825 1510 contraria
2849 1454 2953 1525 legi
2974 1453 3175 1531 facere.
3201 1453 3369 1523 justi-

1799 1550 1933 1603 tiam
1970 1544 2067 1603 Dei
2106 1545 2423 1619 profanare,
2449 1545 2586 1599 (ibis
2614 1542 2893 1615 gentilium
2943 1544 3242 1598 communit
3257 1546 3371 1609 are,

1791 1652 1846 1697 et
1866 1638 2088 1706 similia,
2121 1639 2312 1693 dicunt
2334 1644 2389 1692 et
2409 1644 2599 1706 putant
2624 1635 2794 1690 Deum
2821 1636 2901 1690 sic
2928 1649 3025 1690 vos
3046 1634 3370 1711 instituisse,

1792 1746 1893 1785 nec
1910 1730 2044 1784 satis
2060 1726 2289 1799 provide
2316 1728 2452 1783 tales
2474 1725 2644 1783 cultui
2675 1741 2775 1781 suo
2798 1725 3083 1796 delegisse.
3110 1723 3225 1779 Hoc
3243 1723 3376 1778 Eze-

137 1814 347 1883 quietem
375 1817 550 1874 babes
578 1815 632 1872 in
661 1818 889 1874 scientia
913 1820 1072 1890 legis,
1101 1828 1151 1876 et
1174 1823 1425 1894 gloriaris
1466 1827 1523 1879 in
1556 1825 1686 1894 Deo,
1722 1818 1762 1874 Β
1791 1820 1931 1875 chiel
1966 1819 2132 1885 dixit,
2166 1818 2293 1874 licet
2312 1817 2433 1873 aliis
2456 1817 2659 1883 verbis,
2693 1817 2760 1872 de
2781 1815 2983 1873 Iudaeis
3013 1816 3155 1871 inter
3189 1824 3377 1887 gentes

136 1905 244 1974 quia
264 1904 314 1959 in
335 1904 506 1962 lsrael
530 1917 739 1964 tantum
758 1909 958 1967 dicitur
979 1921 1142 1973 notus
1162 1911 1306 1969 Deus
1329 1915 1501 1985 (Psal.
1527 1933 1687 1984 Lxxv,

140 1997 189 2063 ι).
231 1996 356 2052 Aliae
395 2007 591 2069 gentes
640 2002 796 2071 quasi
840 2003 961 2057 sine
1003 2002 1114 2059 Deo
1148 2014 1304 2073 sunt,
1344 2008 1487 2062 unde
1524 2017 1577 2062 te
1606 2008 1692 2078 ja-

137 2088 306 2143 ctando
330 2089 607 2159 gloriaris.
642 2090 800 2146 Nosti
827 2102 876 2147 et
917 2094 1238 2151 voluntatem
1291 2097 1435 2167 ejus,
1487 2098 1693 2154 scilicet

134 2176 232 2242 Dei,
255 2179 379 2248 quid
402 2179 527 2234 ﬁeri
555 2181 762 2238 scilicet
788 2185 943 2252 velit,
976 2187 1108 2257 quid
1128 2203 1257 2243 non.
1286 2186 1353 2241 Et
1379 2192 1457 2257 tu,
1489 2188 1662 2244 instru

137 2274 237 2322 ctus
271 2285 360 2338 per
379 2270 575 2341 legem,
604 2274 794 2343 probus
819 2277 1065 2344 utiliora,
1108 2279 1159 2334 id
1215 2289 1299 2335 est
1346 2281 1413 2336 de
1464 2280 1689 2337 utilibus

134 2357 247 2429 l'gis
272 2361 495 2416 utiliora
514 2363 821 2421 discernere
843 2368 1003 2424 nosti.
1025 2368 1259 2441 Conﬁdis
1278 2371 1442 2427 etiam
1469 2374 1692 2443 teipsum

136 2464 227 2502 me
249 2451 426 2505 ducent
466 2470 727 2510 crecorum
758 2459 1075 2529 gentilium;
1115 2462 1242 2533 quia
1279 2464 1326 2519 si
1348 2451 1448 2534 qui
1471 2464 1538 2520 de
1558 2480 1689 2537 gen-

138 2541 296 2596 tilibus
334 2544 388 2597 in
434 2543 787 2602 Judaismum
816 2550 1048 2605 transire
1076 2552 1365 2621 voluerint,
1391 2553 1556 2609 doces
1597 2569 1692 2611 eos

138 2631 394 2688 observare
419 2632 727 2692 SabbattIm
753 2646 807 2693 et
832 2648 1026 2694 caetera
1050 2640 1203 2712 legis,
1246 2657 1369 2697 cum
1397 2643 1576 2698 adhuc
1596 2659 1691 2698 ne—

138 2723 343 2781 scientes
396 2727 540 2797 quid
592 2728 709 2785 haec
764 2730 1072 2801 signiﬁcant
1115 2733 1243 2787 caeci
1286 2733 1413 2787 sint.
1452 2731 1695 2790 Conﬁdis

136 2815 273 2870 etiam
332 2826 382 2872 te
415 2834 551 2874 esse
586 2819 761 2874 lumen
809 2837 989 2875 eorum
1048 2824 1138 2894 qui
1191 2823 1491 2878 intenebris
1538 2834 1691 2891 sunt;

136 2921 238 2960 cum
261 2909 403 2963 enim
428 2909 516 2964 illi
540 2910 949 2968 observaverint
973 2912 1269 2970 Sabbatum
1291 2957 1305 2984 ,
1329 2915 1509 2971 adhuc
1536 2916 1691 2988 igno-

136 3006 295 3054 rantes
326 3003 659 3073 mysterium
690 3001 910 3059 Sabbati
933 3046 948 3071 ,
974 3005 1252 3061 illuminas
1299 3021 1395 3062 eos
1446 3006 1693 3062 docendo

1793 1910 2076 1979 dispersis,
2106 1908 2517 1964 transeuntibus
2543 1907 2610 1963 ad
2633 1907 3018 1964 idololatriam.
3053 1906 3208 1962 Unde
3224 1906 3372 1961 Pau-

1792 2000 1880 2056 lus
1908 2002 1990 2056 sic
2017 2001 2094 2054 ait
2133 2020 2146 2055 :
2180 1998 2295 2055 lloc
2325 2000 2469 2071 quod
2513 1999 2638 2054 dico
2669 1999 2837 2054 Deum
2880 1984 3246 2069 blasphemari
3277 2013 3377 2067 per

1791 2106 1910 2156 vos,
1932 2090 2074 2146 inter
2098 2099 2284 2160 gentes
2311 2090 2455 2157 dico,
2487 2090 2624 2143 sicut
2650 2090 2905 2160 scriptum
2940 2096 3051 2154 est;
3091 2088 3374 2158 Scriptura

1792 2183 1939 2237 enim
1964 2181 2019 2237 in
2038 2182 2142 2238 hac
2162 2197 2222 2237 re
2246 2181 2615 2238 testimonium
2644 2180 2909 2250 perhibet.
2930 2178 2996 2234 Et
3016 2181 3143 2248 quia
3168 2194 3377 2249 praeva-

1794 2273 2001 2330 ricatus
2023 2290 2082 2329 es
2108 2274 2162 2327 in
2192 2274 2329 2343 lege,
2366 2272 2489 2327 ideo
2515 2270 2852 2326 circumcisio
2909 2278 3000 2324 tua
3054 2270 3377 2340 pra'pntium

1796 2366 1941 2437 facta
1972 2377 2071 2434 est,
2098 2366 2150 2421 id
2180 2375 2265 2422 est
2290 2380 2397 2420 non
2424 2364 2548 2435 plus
2569 2363 2712 2418 valet
2733 2371 2787 2417 te
2809 2377 2932 2418 esse
2959 2346 3373 2427 circumcisum,

1794 2475 1958 2529 quam
1987 2460 2240 2531 gentilem
2272 2458 2675 2529 praeputiatum.
2732 2456 2885 2511 Sicut
2928 2454 3183 2525 superius
3218 2468 3375 2509 asse-

1793 2549 1905 2603 ruit
1946 2548 2080 2603 nihil
2109 2549 2368 2619 prodesse
2421 2547 2566 2619 quod
2594 2545 2816 2602 Judazus
2854 2553 3164 2615 vocaretur,
3197 2545 3382 2613 quod~

1794 2654 1901 2709 quc
1923 2639 2096 2710 legem
2129 2639 2382 2706 haberet;
2425 2639 2500 2693 ita
2537 2638 2732 2708 probat
2773 2636 2864 2692 hic
2898 2636 3033 2691 nihil
3060 2635 3237 2690 valere
3264 2635 3377 2688 cir-

1796 2731 2186 2787 cumcisionem
2211 2731 2318 2796 illi,
2338 2730 2435 2801 qui
2455 2728 2890 2785 circumcisionis
2914 2728 3233 2800 mysterium
3261 2720 3377 2780 non

1797 2822 2118 2892 impleverit.
2156 2822 2250 2878 llla
2281 2824 2429 2878 enim
2466 2822 2730 2879 abscissio
2757 2822 2939 2877 carnis
2965 2820 3238 2892 signiﬁcat
3257 2835 3379 2875 car-

1797 2912 1974 2967 nalem
2009 2913 2571 2984 generationem,qu:e
2599 2913 2652 2967 in
2676 2912 2913 2982 peccatis
2938 2920 3042 2978 est,
3068 2911 3265 2967 debere
3285 2911 3374 2965 ab-

1797 3003 1991 3070 scindi,
2022 3012 2077 3059 et
2120 3004 2458 3074 spiritualcm
2486 3003 2892 3076 generationem
2921 3003 3118 3058 exinde
3145 3017 3268 3057 esse
3291 3011 3377 3057 tc-

133 3088 242 3156 quid
275 3089 387 3145 haec
419 3091 758 3162 signiﬁcent,
785 3102 841 3149 et
883 3095 951 3149 ad
984 3096 1114 3166 quid
1149 3096 1382 3164 valeant,
1411 3105 1465 3152 et
1497 3098 1579 3152 sic
1628 3098 1696 3153 de
1720 3103 1767 3166 α
1798 3095 2054 3151 nendam.

133 3180 345 3236 tenebris
374 3182 709 3253 ignorantiae
749 3185 954 3240 educis.
991 3184 1234 3243 Conﬁdis
1274 3187 1439 3242 etiam
1480 3196 1535 3242 te
1576 3203 1697 3244 esse

130 3269 423 3325 auditorem
455 3273 827 3342 insipientium
860 3273 1203 3343 Iudaeorum;
1251 3276 1378 3346 quia
1420 3276 1466 3331 si
1500 3276 1594 3347 qui
1640 3276 1695 3331 in

132 3355 229 3428 lege
249 3358 580 3430 insipientes
602 3362 732 3428 sint,
769 3363 935 3419 doces
959 3379 1056 3420 eos
1075 3380 1198 3421 esse
1224 3365 1517 3435 sapientes.
1551 3364 1697 3420 Con-

131 3444 234 3502 ﬁdis
284 3449 453 3504 etiam
512 3457 568 3505 te
618 3465 742 3507 esse
783 3454 1099 3524 magistrum
1128 3454 1448 3526 infantium;
1490 3454 1619 3527 quia
1647 3455 1695 3511 si

130 3535 240 3602 quid
266 3539 557 3609 simplices
585 3556 685 3596 nec
714 3541 816 3597 fari
850 3544 919 3600 de
954 3545 1072 3616 lege
1099 3545 1379 3614 noverint,
1412 3548 1577 3603 doces
1597 3562 1695 3603 eos

128 3624 385 3694 disputare
405 3631 484 3685 de
511 3630 657 3702 lege;
691 3641 743 3687 te
770 3634 935 3689 etiam
956 3634 1242 3690 habentem
1274 3637 1500 3707 formam
1525 3638 1713 3692 scien-'

130 3716 232 3782 ιεω,
258 3720 382 3787 quia
411 3718 467 3775 si
506 3721 633 3790 quis
667 3722 797 3777 velit
846 3724 1193 3780 considerare
1229 3725 1298 3781 de
1346 3725 1460 3798 lege
1491 3736 1694 3797 quanta

130 3808 219 3873 sit,
244 3811 378 3866 sciat
406 3826 540 3866 eam
571 3820 776 3868 tantam
814 3830 969 3881 esse,
1012 3826 1215 3885 quanta
1260 3816 1487 3872 scientia
1516 3826 1609 3873 tua
1640 3818 1693 3873 in

129 3912 179 3951 ea
217 3911 326 3967 est;
358 3902 662 3957 habentem
707 3904 869 3959 etiam
919 3904 1151 3961 formam
1186 3907 1423 3961 ceritatis
1469 3909 1525 3961 in
1566 3908 1694 3980 lege,

130 3991 237 4057 quia
279 4004 332 4046 et
385 3992 630 4048 scientia
686 3994 859 4064 legis;
896 4005 952 4051 et
990 4012 1349 4067 quaecumque
1385 3998 1544 4053 docet
1568 4013 1697 4053 vera

128 4096 232 4137 esse
252 4086 416 4139 nosti.
443 4083 757 4140 Possumus
787 4087 931 4141 enim
955 4087 1156 4143 habere
1186 4089 1468 4144 scientiam
1497 4086 1697 4154 Ovidii,

132 4185 214 4225 nec
236 4181 416 4228 tamen
444 4188 583 4227 vera
603 4188 726 4228 esse
749 4173 979 4243 scimus,
1001 4191 1123 4246 qum
1146 4176 1219 4231 ibi
1255 4185 1472 4232 narrata
1497 4177 1696 4231 intelli-

128 4262 307 4328 gimus.
338 4264 516 4336 Ergo,
544 4265 807 4334 quoniam
838 4267 1057 4336 quidem
1082 4268 1192 4321 dux
1230 4282 1291 4322 cs
1321 4282 1610 4333 caecorum,
1646 4275 1701 4323 et

128 4351 183 4405 de
222 4354 479 4409 doctrina
535 4354 672 4425 legis
718 4355 1035 4413 illuminans
1072 4373 1168 4413 eos
1209 4376 1221 4412 :
1267 4357 1347 4412 Tu
1392 4359 1482 4429 qui
1528 4357 1696 4413 alium

1872 3185 2087 3241 Diceret
2108 3184 2329 3241 Judteus
2368 3204 2380 3240 :
2412 3184 2469 3240 Si
2507 3184 2854 3241 circumcisio
2902 3183 2975 3239 sit
3028 3184 3381 3253 praeputium,

1797 3292 1898 3348 pro
1933 3277 2105 3331 nihilo
2132 3277 2256 3332 data
2303 3285 2406 3343 est,
2458 3292 2584 3332 cum
2640 3290 2749 3330 non
2806 3274 2996 3346 prosit.
3039 3273 3242 3328 Contra
3272 3274 3378 3330 hoc

1795 3364 1999 3422 Paulus
2027 3384 2041 3420 :
2068 3364 2416 3421 Circumcisio
2454 3364 2663 3437 quidem
2685 3364 2931 3435 prodest;
2957 3365 3004 3418 si
3033 3366 3265 3418 observes
3299 3362 3381 3417 leo

1790 3450 1910 3526 gem
1938 3453 2398 3521 circumcisionis,
2425 3453 2478 3510 id
2504 3462 2589 3509 est
2609 3453 2680 3523 si,
2707 3453 2983 3524 quomodo
3023 3453 3375 3508 circumcisio

1796 3546 2004 3617 signat,
2050 3545 2234 3600 omnia
2260 3546 2391 3601 vitia
2418 3554 2523 3601 ate
2555 3544 2940 3611 circumcidas,
2990 3544 3213 3615 prodest
3253 3544 3383 3615 quiv

1794 3638 1939 3703 dem,
1970 3637 2258 3693 observata
2295 3637 2442 3708 lege;
2475 3636 2591 3703 sed,
2634 3636 2680 3692 si
2710 3635 2791 3693 sis
2815 3636 3199 3707 praevaricator
3242 3636 3380 3707 legis

1795 3728 2265 3794 circumcisionis,
2296 3744 2405 3782 non
2428 3727 2799 3783 absci'ndendo
2837 3726 2968 3781 vitia
3016 3726 3217 3794 cordis,
3267 3728 3377 3781 eir-

1795 3817 2061 3873 cumeisio
2086 3825 2175 3872 tua
2208 3818 2289 3873 sic
2314 3816 2455 3871 facta
2479 3825 2563 3872 est
2587 3817 2935 3888 praaputium,
2965 3815 3018 3871 id
3043 3823 3128 3872 est
3154 3832 3262 3870 non
3294 3827 3385 3871 est

1790 3904 1984 3963 utilior
2024 3909 2121 3963 tibi
2172 3924 2337 3978 quam
2372 3909 2697 3979 praeputium
2757 3908 2965 3981 gentili.
3021 3907 3387 3964 Circumcisio

1795 3995 1996 4052 dicitur
2048 3996 2165 4066 ipsa
2208 3996 2478 4051 munditia
2523 3996 2725 4052 carnis.
2783 3996 3134 4068 Prteputium,
3199 3996 3250 4052 id
3295 4006 3385 4054 est

1796 4100 1928 4144 caro
1957 4103 2080 4159 qum
2127 4089 2534 4159 amputahatur,
2588 4088 2790 4145 dicitbr
2848 4089 2966 4160 ipsa
3000 4087 3375 4156 immunditia;

1796 4181 1925 4252 quia
1947 4195 2079 4236 caro
2104 4181 2224 4252 ipsa
2253 4182 2661 4238 reclinatorium
2711 4183 2784 4237 sit
2829 4178 3090 4238 libidinis.
3135 4179 3202 4235 Et
3249 4182 3376 4252 quia

1797 4270 2145 4326 circumcisio
2185 4271 2303 4343 lege
2351 4273 2788 4329 circumcisionis
2827 4276 2934 4328 non
2985 4273 3271 4329 observata
3320 4270 3383 4327 tit

1798 4361 2148 4431 praeputium,
2188 4361 2355 4433 igitur
2377 4363 2731 4433 prmputium,
2757 4363 2801 4418 si
2827 4363 3069 4433 justitias
3095 4362 3231 4433 legis
3267 4363 3380 4418 cir-

129 4442 296 4513 doces,
333 4461 512 4516 quare
548 4462 655 4499 non
702 4447 857 4499 doces
898 4446 1162 4518 teipsum?
1220 4447 1313 4504 Sic
1357 4463 1482 4504 cum
1532 4449 1697 4505 debes
1726 4443 1772 4502 Ι)
1798 4453 2155 4509 οιιπιοίεἰοηίε
2186 4455 2480 4521 custodiat,
2513 4454 2604 4510 [iet
2631 4456 3000 4511 circumcisio.
3032 4454 3139 4510 Sed
3170 4471 3238 4511 ne
3279 4454 3385 4510 ali-

128 4537 393 4609 perlegem
430 4538 726 4608 proﬁcere,
755 4539 1049 4609 rejiciendo
1079 4555 1219 4611 opus
1264 4542 1421 4612 legis,
1463 4541 1696 4612 amplius

125 4642 234 4683 reus
277 4646 404 4693 esse
445 4631 819 4685 convinceris.
851 4630 931 4684 Τιι
963 4631 1126 4687 etiam
1163 4632 1254 4702 qui
1290 4632 1548 4702 praedicas
1593 4648 1697 4687 non

92 4736 97 4741 -
131 4715 417 4787 furandum,
437 4736 617 4791 quare
640 4720 841 4791 furoris
868 4724 893 4777 1’
917 4721 1260 4778 Furabantur
1282 4722 1424 4779 inter
1445 4740 1504 4781 se
1524 4723 1695 4781 Judaei

129 4823 201 4863 res
224 4825 353 4867 suas
382 4814 749 4884 plerumque;
773 4815 918 4883 quod
947 4823 1127 4869 autem
1151 4814 1391 4871 deterius
1413 4825 1517 4882 est,
1546 4814 1696 4871 fura-

128 4897 305 4956 bantur
325 4920 532 4959 sanum
560 4899 891 4961 intellectum
919 4906 985 4961 de
1008 4907 1141 4976 lege.
1182 4902 1263 4959 ’l‘u
1284 4906 1471 4972 etiam,
1493 4908 1583 4977 qui
1610 4907 1695 4961 di—

127 4992 189 5045 cis
210 5010 310 5048 non
334 5013 453 5050 esse
474 4996 863 5065 mmo/tandum,
895 5012 1066 5068 quare
1095 4998 1410 5051 mmclmris?
1457 4996 1695 5052 Mmcha-

126 5079 308 5140 bantur
335 5088 404 5143 ad
446 5087 718 5155 litteram,
770 5089 1190 5145 mmchabantur
1227 5090 1390 5145 etiam
1431 5089 1693 5146 adulteri-

126 5187 241 5230 num
272 5178 616 5234 int‘ellectum
640 5190 906 5250 ponentes
931 5182 985 5235 in
1015 5182 1154 5253 lege,
1183 5191 1476 5252 postquam
1497 5197 1693 5237 sanum

128 5278 331 5325 sensum
360 5271 504 5342 legis
528 5271 692 5327 furati
723 5270 920 5328 fuerat.
946 5272 1027 5327 Tu
1049 5274 1236 5341 etiam,
1254 5274 1344 5344 qui
1372 5274 1695 5328 abominaris

123 5356 276 5429 idola,
310 5362 365 5418 id
389 5364 597 5434 estqui
638 5365 891 5435 gentiles,
919 5366 1159 5421 colentes
1197 5364 1337 5421 idola
1360 5408 1374 5433 ,
1443 5367 1550 5437 18
1598 5383 1697 5423 nec

128 5447 363 5511 homines
389 5455 672 5511 vocandas
712 5468 835 5512 esse
874 5456 1118 5527 judicas,
1147 5472 1316 5526 quare
1360 5458 1697 5528 sacrilegium

128 5540 270 5612 (ocis,
312 5547 367 5602 id
397 5558 487 5602 est
513 5566 524 5602 :
554 5556 609 5601 tu
645 5548 762 5618 ipse
789 5563 960 5618 quare
1005 5548 1141 5603 colis
1174 5547 1350 5603 idola?
1370 5546 1698 5619 Plerumque

130 5636 261 5690 enim
283 5637 465 5693 Judaei
496 5639 559 5694 ad
583 5639 853 5695 culturam
883 5639 1152 5694 idolorum
1183 5638 1320 5709 lapsi
1348 5649 1509 5705 sunt;
1541 5638 1702 5694 facie-

132 5726 248 5786 bant
270 5733 620 5803 sacrilegium
640 5776 656 5802 ,
685 5733 1014 5802 denegautcs
1043 5732 1263 5788 Christo
1280 5732 1484 5787 cultum
1516 5747 1699 5787 suum.

1754 4563 1759 4569 -
1796 4546 1920 4614 quis
1953 4545 2151 4600 audeat
2179 4545 2572 4612 contradicere,
2597 4546 2753 4617 ponit
2778 4547 2881 4602 sub
2929 4545 3384 4617 interrogatione,

1793 4636 2010 4694 dicens:
2028 4635 2090 4692 Si
2110 4639 2448 4708 pratputium,
2475 4638 2528 4693 id
2554 4648 2639 4694 est
2663 4639 2880 4710 gentilis
2910 4638 3094 4709 (quem
3120 4646 3179 4692 tu
3204 4638 3377 4707 ipsam

1796 4726 2198 4783 immunditiam
2247 4728 2497 4799 judicas,
2546 4737 2599 4784 te
2645 4738 2827 4784 autem
2870 4728 3385 4794 circumcisiontm,

1795 4822 1850 4881 ld
1885 4832 1969 4880 est
2022 4823 2194 4894 ipsam
2240 4823 2615 4892 munditiam),
2658 4823 2726 4889 si,
2764 4824 3010 4893 inquam,
3051 4810 3376 4891 praaputiuin

1796 4911 2062 4965 custodiat
2099 4912 2345 4981 juStilias
2387 4911 2515 4982 legis
2558 4910 3013 4978 circumcisionis,
3059 4910 3203 4981 quod
3248 4911 3385 4965 vit'a

1798 4988 1982 5058 cordis
2008 5003 2315 5071 abscindat,
2346 5003 2512 5058 etiam
2541 5016 2707 5056 carne
2734 5016 2841 5055 non
2874 5009 3184 5072 amputata,
3213 5015 3381 5054 nonne

1797 5095 2117 5164 prwpatium
2148 5094 2295 5147 illius
2325 5092 2685 5148 custodientis
2728 5093 2901 5165 legem
2947 5092 3390 5148 circumcisionis

1799 5182 2129 5252 reputabitur
2143 5182 2198 5235 in
2215 5183 2691 5248 circumcisionem,
2716 5182 2769 5237 id
2791 5184 2901 5238 est:
2921 5196 3101 5238 nonne
3118 5180 3198 5237 sic
3214 5172 3382 5252 prod-

1799 5273 1904 5328 erit
1949 5272 2024 5326 illi
2076 5258 2557 5343 quemadmodum.
2589 5274 2919 5330 circumciso
2966 5274 3060 5327 lex
3110 5260 3389 5328 custodita

1801 5365 2240 5423 circumcisionis
2258 5383 2288 5440 ;_
2307 5374 2361 5420 et
2395 5381 2575 5421 nonne
2616 5368 2940 5436 praeputium
2967 5365 3105 5436 quod
3130 5373 3214 5420 est
3254 5380 3385 5418 εοηα

1798 5473 2090 5525 summans,
2138 5458 2189 5513 id
2219 5464 2304 5512 cst
2337 5457 2589 5526 implens,
2635 5457 2799 5528 legem
2849 5455 3304 5519 circumcisionis,
3332 5446 3381 5507 et

1800 5551 1896 5603 hoc
1914 5565 1978 5603 ea:
2006 5559 2221 5615 natura,
2248 5548 2301 5603 id
2324 5557 2407 5603 est
2430 5563 2526 5618 per
2551 5547 2853 5603 naturalem
2882 5547 3075 5618 legem,
3091 5544 3390 5616 judicabit,

1802 5641 1855 5697 id
1889 5652 1971 5696 est
2004 5639 2306 5715 damnabit,
2338 5647 2385 5693 te
2407 5630 2823 5710 comparatione
2848 5636 2979 5695 sui?
3018 5646 3091 5703 te,
3114 5636 3258 5701 dico,
3291 5635 3379 5704 qui

1803 5752 1854 5786 es
1879 5734 2258 5803 pra‘rarirator
2285 5731 2413 5801 legis
2441 5740 2677 5811 servata:
2703 5748 2795 5799 per
2837 5730 3099 5791 litteram;
3126 5727 3254 5796 quia
3294 5720 3383 5778 lit-
