3978 6418
604 290 674 344 ss
1183 292 1240 340 δ.
1279 288 1624 339 nummis
1657 287 2293 341 oAtrtnusmauuun
2333 287 2817 342 lNS’l'l'lU'l‘OltlS
2845 287 2995 342 OPP.
3033 289 3212 346 PARS
3237 290 3300 345 tl.
3407 312 3410 316 ί
3776 292 3832 352 36

610 403 834 454 tet-atem
869 394 1176 451 custodiam
1219 395 1412 466 eligis,
1461 403 1516 449 et
1576 392 1913 463 spiritualem
1969 391 2152 462 rejicis
2179 434 2192 458 ,
2224 418 2270 470 Α
2303 435 2321 468 ε

607 487 994 560 praevaricator
1016 485 1181 541 etiam
1219 501 1279 540 es
1326 501 1422 556 per
1459 483 1909 538 circumcisionem
1939 483 1994 536 in
2023 497 2190 536 carne

608 579 873 636 habitam.
904 575 1034 632 etin
1061 577 1224 633 corde
1253 591 1362 631 non
1389 575 1752 630 obsonatum.
1797 571 1932 628 Vere
1953 572 2190 629 circum-

611 674 749 728 cisio
776 671 835 726 ﬁt
867 671 1214 742 praeputium.
1259 665 1394 726 Nam
1437 669 1526 741 qui
1561 667 1617 722 in
1662 669 1965 738 manifesto,
2007 667 2061 722 id
2107 676 2192 723 est

613 764 734 820 solo
754 763 977 818 nomine
996 761 1218 818 Iudaeus
1245 770 1348 827 εει,
1380 761 1469 814 hic
1496 774 1604 814 non
1627 767 1712 814 est
1738 758 2043 814 credendus
2067 771 2192 813 esse

611 850 870 920 Judaeus;
909 869 1088 924 neque
1115 851 1460 909 circumcisio
1481 865 1604 920 qua:
1632 858 1718 906 est
1743 843 1824 907 ,in
1875 848 2188 916 manifesto,

613 953 670 999 et
703 944 779 998 ita
811 943 949 1015 quod
987 945 1044 997 in
1067 959 1227 998 carne
1267 945 1504 1008 tantum,
1541 949 1598 996 et
1634 955 1745 994 non
1771 941 1827 994 in
1852 939 2044 1008 corde,
2074 939 2192 1006 haec

615 1049 728 1090 non
779 1042 866 1090 est
891 1033 1120 1090 dicenda
1159 1031 1522 1088 circumcisio.
1567 1025 2016 1086 Probat‘iterum
2043 1029 2190 1101 quod

613 1123 944 1194 praeputium
984 1121 1150 1192 (sicut
1192 1121 1401 1177 dictum
1425 1121 1532 1192 est)
1569 1119 1662 1174 ﬁet
1691 1119 2072 1186 circumcisio,
2103 1119 2189 1175 di-

615 1229 748 1270 cens
778 1233 792 1268 :
819 1213 1038 1272 Judaeus
1061 1213 1116 1267 in
1138 1212 1450 1279 manifesto,
1477 1227 1592 1266 non
1620 1220 1705 1267 est
1721 1210 1962 1281 Judmus,
1988 1213 2078 1269 sed
2102 1215 2191 1270 ille

615 1303 708 1374 qui
737 1304 793 1357 in
825 1303 1152 1370 abscondito,
1176 1303 1234 1358 id
1263 1309 1348 1358 est
1387 1302 1442 1356 in
1465 1316 1692 1372 operum
1725 1301 2059 1360 exhibitione
2085 1303 2190 1358 Ju-

613 1393 758 1448 dazus
801 1401 900 1458 est,
929 1394 1032 1450 etsi
1063 1407 1174 1448 non
1205 1400 1431 1450 vocetur
1450 1393 1554 1449 hoc
1577 1393 1824 1462 nomine;
1861 1405 1912 1450 et
1961 1395 2190 1451 circum-

612 1484 745 1538 cisio
791 1483 969 1538 cordis
1017 1483 1165 1554 [acta
1225 1484 1282 1538 in
1333 1485 1561 1562 spiritu,
1611 1485 1666 1540 id
1705 1495 1788 1542 est
1840 1485 2192 1557 spiritualiter

612 1574 856 1646 impleta,
907 1575 1100 1630 nonin
1138 1575 1338 1642 littera,
1372 1576 1426 1630 id
1469 1585 1553 1632 est
1600 1593 1710 1634 non
1760 1579 2086 1646 litteraliter,
2132 1587 2191 1634 ut

613 1669 884 1734 carnalis;
915 1669 1032 1724 haec
1065 1669 1253 1740 utique
1284 1669 1584 1740 spiritualis
1610 1680 1774 1728 estet
1801 1688 1929 1728 vera
1955 1673 2192 1733 circum-

2363 425 2418 471 et
2436 428 2599 489 egent
2625 419 2796 491 gloria
2833 421 2964 489 Dei,
2991 423 3278 494 iustiﬁcati
3306 425 3480 496 gratis
3505 441 3602 498 per
3629 431 3829 500 gratiam

2297 525 2316 558 ι
2361 507 2534 578 ipsius
2553 550 2568 576 ,
2593 525 2692 580 per
2721 511 3152 584 redemptionem
3177 530 3302 586 quae
3326 525 3410 572 est
3442 514 3499 570 in
3521 515 3730 574 Christo
3757 518 3832 575 ιει

2297 613 2316 646 ι
2361 611 2456 664 su;
2491 613 2656 668 quem
2683 601 2970 671 proposuit
2990 603 3134 659 Deus
3157 605 3566 675 propitiatorem
3589 621 3682 677 per
3697 607 3832 664 ﬁdem

2297 705 2316 736 ι
2361 687 2415 742 in
2443 690 2706 762 sanguine
2733 691 2928 762 ipsius,
2967 695 3036 750 ad
3067 696 3440 752 ostensionem
3461 697 3682 768 iustitiae
3707 713 3833 767 suae,

2298 795 2316 828 ι
2359 787 2578 849 propter
2598 781 2979 839 remissionem
3008 787 3432 855 praecedentium
3457 789 3765 847 delictorum
3785 792 3834 850 in

2298 885 2317 918 ι
2354 871 2754 928 .sustentatione
2779 871 2910 941 Dei,
2935 875 3002 930 ad
3023 877 3385 934 ostentionem
3409 879 3636 950 iustitia:
3661 881 3770 952 ejus
3788 880 3836 938 in

2297 977 2316 1009 ι
2361 961 2464 1016 hoc
2492 968 2734 1033 tempore
2752 1004 2768 1031 ,
2793 973 2856 1020 ut
2875 965 2950 1022 sit
2974 966 3090 1038 ipse
3109 967 3294 1038 justus
3323 979 3380 1026 et
3399 971 3703 1042 iustiﬁcans
3730 987 3837 1030 eum

2299 1071 2318 1103 ο
2359 1053 2454 1123 qui
2472 1067 2540 1110 ex
2571 1054 2676 1111 ﬁde
2703 1064 2788 1114 est
2807 1053 2936 1114 Jesu
2955 1056 3182 1116 Christi.
3212 1059 3318 1118 Ubi
3359 1071 3445 1119 est
3463 1077 3596 1136 ergo
3616 1063 3838 1135 gloriatio

2299 1165 2317 1197 ι
2365 1143 2456 1202 ιιῖει
2481 1147 2504 1201 ?
2532 1145 2768 1204 Exclusa
2797 1157 2902 1206 est.
2938 1149 3044 1206 Per
3075 1167 3248 1222 quam
3293 1153 3506 1226 legem?
3535 1154 3840 1212 Factorum?

2297 1253 2317 1286 ι
2363 1231 2512 1302 Non,
2542 1237 2639 1292 sed
2664 1251 2762 1307 per
2782 1236 2954 1309 legem
2985 1237 3133 1295 ﬁdei.
3166 1238 3517 1298 Arbitramur
3537 1243 3680 1298 enim
3699 1243 3840 1314 justi-

2298 1343 2316 1376 ι
2369 1324 2519 1381 ﬁcari
2547 1325 2824 1384 hominem
2849 1344 2946 1400 per
2973 1330 3132 1386 ﬁdem
3157 1333 3278 1388 sine
3305 1333 3564 1404 operibus
3586 1333 3734 1406 legis.
3761 1333 3834 1390 An

2298 1433 2318 1466 ι
2361 1413 2672 1473 Judaeorum
2701 1417 2846 1476 Deus
2873 1422 3119 1477 tantum?
3142 1419 3333 1480 Nonne
3365 1433 3419 1480 et
3445 1425 3684 1496 gentium
3702 1425 3726 1478 ?
3744 1424 3840 1480 lmo

2298 1525 2317 1558 ι
2359 1515 2414 1562 ει
2437 1509 2702 1578 gentium.
2731 1509 3002 1578 Quoniam
3047 1513 3269 1584 quidem
3294 1530 3440 1572 unus
3471 1524 3557 1572 est
3579 1514 3736 1583 Deus,
3759 1513 3840 1586 qui

2298 1615 2318 1650 ι
2354 1597 2621 1666 justiﬁcat
2638 1601 3112 1660 circumcisionem
3125 1619 3193 1660 ex
3214 1605 3342 1672 ﬁde,
3365 1615 3420 1663 et
3430 1606 3741 1678 praeputium
3760 1620 3842 1676 ρετ

2299 1705 2319 1737 ι
2363 1685 2542 1744 ﬁdem.
2572 1687 2772 1762 Legem
2799 1705 2928 1762 ergo
2957 1691 3296 1750 destruimus
3329 1709 3428 1766 per
3459 1694 3656 1751 ﬁdem?
3676 1693 3838 1750 Absit!

613 1759 752 1816 cisio
775 1775 790 1814 :
811 1758 956 1814 Laus
981 1775 1151 1830 cujus,
1183 1759 1236 1815 id
1259 1769 1344 1816 est
1366 1760 1472 1832 ιθ
1497 1777 1620 1850 qua:
1648 1761 1940 1850 laudabilis
1959 1763 2194 1821 circum-
2226 1747 2269 1802 Β
2301 1792 2318 1825 ι
2365 1773 2470 1831 Sed
2499 1747 2680 1850 leget;
2701 1747 3015 1836 statuimus.

614 1845 751 1902 cisio
774 1861 876 1900 non
909 1855 986 1901 est
1005 1862 1070 1901 ea;
1091 1847 1409 1916 hominibus,
1435 1849 1528 1903 sed
1554 1857 1631 1903 est
1645 1865 1711 1904 ex
1731 1849 1861 1904 Deo.
1881 1849 2024 1906 Deus
2044 1850 2190 1906 enim

610 1939 766 1996 solus
789 1939 1064 2010 justitiam
1106 1939 1290 1997 cordis
1322 1941 1454 1998 dare
1499 1950 1704 2011 potest;
1760 1943 2013 2000 homines
2064 1955 2192 2001 Vero

611 2038 894 2100 amputare
921 2045 1140 2086 carnem
1158 2072 1174 2098 ,
1209 2040 1263 2086 et
1295 2031 1434 2086 nihil
1455 2032 1600 2099 aliud
1624 2043 1874 2103 possunt.

1208 2121 1438 2178 CAPUT
1474 2123 1562 2180 ΙΙΙ.

684 2231 704 2263 ι
743 2211 887 2280 Quid
903 2229 1032 2286 ergo
1061 2212 1296 2286 amplius
1323 2215 1512 2271 Judan
1537 2217 1664 2272 est?
1703 2226 1798 2273 aut
1827 2232 1949 2287 qua:
1985 2219 2194 2275 utilitas

617 2317 637 2350 ι
682 2299 1160 2357 circumcisionis?
1187 2301 1415 2358 Multum
1439 2319 1534 2373 per
1567 2317 1786 2360 omnem
1817 2306 2058 2360 modum.
2081 2307 2196 2362 Pri-

618 2408 637 2439 ι
682 2404 833 2444 mum
861 2391 1113 2461 quidem,
1142 2392 1270 2464 quia
1298 2393 1504 2448 credita
1533 2403 1664 2449 sunt
1702 2395 1810 2450 illis
1835 2396 2050 2466 eloquia
2076 2395 2190 2452 Dei.

619 2502 638 2533 α
685 2481 827 2548 Quid
863 2483 1008 2538 enim
1060 2484 1106 2539 si
1133 2486 1356 2554 quidam
1390 2486 1612 2542 illorum
1651 2502 1760 2542 non
1808 2488 2196 2544 crediderunt?

605 2559 644 2624 ἰ
690 2573 944 2646 Nunquid
962 2575 1316 2632 incredulitas
1337 2578 1552 2633 illorum
1578 2579 1736 2634 ﬁdem
1757 2578 1850 2634 Dei
1872 2581 2196 2636 evacuavit?

619 2687 638 2719 ‹
682 2667 872 2722 Absit!
903 2667 1000 2723 Est
1026 2677 1205 2724 autem
1235 2668 1380 2724 Deus
1403 2685 1588 2736 verax,
1613 2671 1794 2726 omnis
1816 2679 1996 2726 autem
2029 2673 2194 2728 homo

620 2779 639 2810 ι
685 2759 940 2826 mendax,
965 2759 1107 2815 sicut
1127 2760 1386 2830 scriptum
1413 2767 1526 2816 est:
1547 2780 1567 2814 ι
1586 2759 1657 2816 Ut
1667 2762 2052 2832 justiﬁcerisin
2078 2779 2194 2820 ser-

617 2869 636 2902 ι
681 2849 935 2905 monibus
959 2851 1086 2914 tuis,
1105 2860 1160 2906 et
1183 2851 1786 2923 vincascumjudicaris
1805 2853 2135 2926 (Psal.L,6).
2167 2875 2185 2906 ι

616 2961 634 2992 ι
684 2939 944 3009 εἰβιιιεῐη
967 2941 1228 3011 iniquitas
1244 2951 1426 2998 nostra
1435 2943 1704 3013 justitiam
1717 2943 1810 2999 Dei
1825 2946 2189 3010 commendat,

600 3016 636 3083 ἰ
681 3032 812 3102 quid
839 3032 1129 3087 dicemus?
1159 3031 1414 3104 Nunquid
1447 3034 1668 3105 iniquus
1691 3043 1774 3090 est
1807 3033 1952 3090 Deus
1973 3037 2068 3107 qui
2102 3037 2171 3090 in-

612 3141 632 3174 ι
678 3122 781 3177 fert
807 3123 990 3178 iram?
1019 3123 1327 3180 Secundum
1354 3127 1631 3182 hominem
1653 3126 1792 3181 dico.
1824 3128 2008 3184 Absit!
2035 3128 2184 3183 Alio-

613 3231 631 3261 ι
675 3213 806 3280 quin
832 3215 1108 3281 quomodo
1133 3216 1400 3285 judicabit
1436 3215 1580 3273 Deus
1611 3219 1756 3272 hunc
1797 3219 2102 3274 mundum?
2127 3219 2184 3274 Si

613 3321 631 3352 ‹
675 3302 820 3356 enim
844 3305 1047 3358 veritas
1089 3304 1183 3361 Dei
1215 3308 1270 3362 in
1297 3325 1422 3364 meo
1466 3312 1750 3367 mendacio
1787 3312 2088 3368 abundavit
2130 3313 2184 3367 in

613 3411 632 3442 ι
679 3392 905 3464 gloriam
935 3395 1136 3464 ipsius,
1179 3397 1312 3466 quid
1341 3399 1521 3456 adhuc
1553 3411 1609 3456 et
1633 3419 1736 3474 ego
1765 3413 2029 3475 tanquam
2059 3419 2186 3474 pec-

613 3501 632 3533 ι
673 3493 826 3538 catur
841 3484 1057 3554 judicor
1075 3487 1098 3540 ?
1119 3486 1186 3542 Et
1209 3504 1319 3544 non
1341 3490 1485 3546 sicut
1503 3491 1950 3564 blasphemamur
1971 3503 2026 3550 et
2045 3496 2186 3551 sicut

611 3592 632 3625 ι
677 3575 832 3630 aiunt
855 3576 1078 3646 quidam
1113 3595 1215 3634 nos
1242 3581 1452 3652 dicere,
1499 3581 1766 3640 faciamus
1802 3587 1944 3640 mala
1988 3595 2048 3640 ut
2089 3601 2182 3640 vc-

611 3685 630 3718 ‹
676 3665 832 3722 niant
854 3668 1020 3734 bona,
1049 3685 1284 3740 quorum
1328 3673 1608 3730 damnatio
1623 3675 1774 3746 justa
1792 3685 1894 3732 est.
1919 3677 2060 3744 Quid
2097 3692 2185 3732 er-

501 3761 506 3765 '
610 3773 630 3806 ‹
673 3753 779 3825 go?
802 3753 1172 3814 Przecellimus
1202 3762 1332 3816 eos?
1365 3759 1743 3834 Nequaquam.
1771 3763 1994 3821 Causati
2037 3764 2184 3822 enim

609 3863 629 3894 ι
669 3845 1084 3904 sumusludaeos
1095 3857 1149 3904 et
1162 3849 1377 3908 Graecos
1391 3869 1582 3911 omnes
1592 3855 1694 3912 sub
1711 3863 1934 3926 peccato
1954 3871 2094 3922 esse,
2113 3857 2185 3911 εἴ·

609 3953 630 3987 c
673 3945 767 3992 cut
781 3936 1046 4009 scripturn
1067 3948 1154 3996 est
1167 3959 1180 3996 :
1193 3941 1321 4012 quia
1331 3959 1440 3998 non
1457 3945 1728 4016 estjustus
1744 3947 2058 4018 quisquam,
2074 3963 2184 4002 non

596 4025 628 4096 ’λι
672 4035 760 4083 εει
779 4027 1104 4100 intelligens,
1132 4047 1243 4088 non
1269 4043 1352 4090 est
1371 4035 1653 4106 requirens
1678 4037 1846 4092 Deum
1874 4038 2179 4110 (Psal.xm,

601 4121 628 4166 ἰ
671 4115 748 4186 2).
763 4135 782 4167 ι
806 4115 1008 4174 Omnes
1029 4119 1454 4192 declinaverunt,
1469 4126 1632 4181 simul
1649 4127 1866 4184 inutiles
1878 4127 2004 4185 facti
2022 4141 2178 4186 sunt:

607 4225 627 4259 ι
669 4223 782 4263 non
807 4207 894 4264 est
913 4211 1008 4282 qui
1020 4211 1185 4268 faciat
1207 4213 1434 4283 bonum,
1465 4231 1572 4272 non
1598 4227 1683 4273 est
1715 4235 1890 4288 usque
1915 4219 1982 4276 ad
2007 4237 2177 4276 unum

607 4319 626 4352 ι
671 4298 863 4372 (ωειλ,
889 4303 998 4374 5).»
1019 4303 1339 4375 Sepulcrum
1363 4317 1554 4378 patens
1565 4317 1649 4365 est
1660 4319 1846 4382 guttur
1859 4313 2183 4379 eorum,lin‘

2936 1927 3236 1970 EXPOSI'I'IO.

2361 2041 2501 2110 Quia
2545 2045 2794 2114 probavit
2821 2045 3074 2117 superius
3117 2047 3446 2118 praeputium
3475 2045 3838 2105 ﬁeri.circum‘

2293 2134 2556 2190 cisionem
2573 2175 2589 2202 ,
2619 2144 2676 2192 et
2695 2151 2994 2194 econverso
3016 2137 3494 2196 circumcisionem
3517 2137 3632 2194 ﬁeri
3651 2149 3841 2209 praepw

2293 2223 2462 2290 tium,
2491 2237 2789 2298 opponeret
2829 2243 2928 2298 per
2951 2227 3059 2285 hoc
3099 2226 3351 2298 Iudaeus,
3400 2230 3577 2286 nihilo
3597 2229 3714 2300 plus
3753 2225 3841 2284 sub

2293 2312 2503 2372 Veteris
2537 2317 2871 2374 Testamenti
2893 2326 3038 2375 statu
3063 2321 3320 2376 collatum
3358 2335 3484 2377 esse
3525 2321 3655 2388 sibi,
3696 2332 3839 2390 quam

2292 2407 2499 2478 gentili.
2543 2407 2626 2464 Ad
2657 2409 2765 2464 hoc
2808 2409 3166 2467 refellendum
3212 2413 3290 2468 ait
3333 2411 3536 2468 Paulus
3579 2407 3841 2466 inserendo

2293 2499 2656 2570 objectionem
2689 2497 2862 2556 Judaii
2893 2517 2906 2554 :
2937 2500 3077 2568 Quia
3109 2502 3222 2558 dixi
3252 2505 3579 2574 praeputium
3627 2496 3838 2570 reputari

2293 2587 2347 2642 in
2371 2588 2875 2659 circumeisionem,
2905 2600 2960 2647 et
2985 2583 3286 2649 econv'erso
3303 2633 3318 2660 ,
3351 2607 3484 2666 ergo
3512 2599 3726 2665 propter
3751 2589 3840 2644 hoc

2291 2681 2538 2737 dicturus
2559 2690 2644 2737 est
2667 2682 2803 2738 mihi
2837 2702 2850 2738 :
2881 2681 3024 2750 Quid
3062 2683 3291 2756 amplius
3320 2685 3582 2742 collatum
3619 2697 3733 2738 esse
3755 2679 3840 2733 Ju—

2291 2773 2406 2826 da'o
2457 2771 2513 2828 in
2543 2773 2714 2829 veteri
2745 2783 2920 2842 statu,
2951 2791 3116 2846 quam
3143 2777 3370 2847 gentili?
3397 2787 3496 2832 aut
3521 2770 3839 2848 quwjutilitas

2293 2865 2394 2921 fuit
2419 2867 2842 2922 circumcisionis
2871 2867 3090 2936 Iudaeo,
3116 2883 3242 2924 cum
3275 2870 3463 2940 gentili
3495 2871 3634 2926 idem
3657 2865 3840 2920 vale'e!

2289 2957 2614 3028 prreputium
2635 2958 2658 3012 ?
2683 2956 2791 3016 Pro
2812 2959 2984 3014 nihilo
3003 2959 3283 3014 videretur
3311 2959 3454 3016 facta
3485 2955 3838 3017 circumcisio.

2291 3049 2377 3104 lex
2404 3049 2678 3120 superﬂue
2698 3050 2824 3105 data
2843 3091 2858 3115 ,
2887 3050 2933 3107 si
2961 3051 3168 3120 absque
3191 3051 3276 3106 his
3301 3052 3481 3120 potuit
3502 3053 3700 3107 bonum
3725 3043 3841 3114 legis

2289 3148 2344 3194 et
2370 3140 2804 3197 circumcisionis
2833 3141 3051 3208 haberi,
3078 3141 3220 3197 sicut
3244 3143 3556 3200 ostenditur
3579 3143 3632 3196 in
3654 3134 3836 3210 gentili.

2287 3229 2487 3287 llabuit
2514 3231 2705 3302 utique
2724 3230 2946 3290 Iudaeus
2980 3233 3035 3288 in
3067 3233 3236 3288 veteri
3259 3243 3405 3290 statu
3427 3236 3602 3290 multo
3627 3229 3840 3300 amplius

2284 3325 2542 3380 collatum
2563 3323 2667 3380 sibi
2699 3325 2886 3398 (etiam
2910 3326 2956 3382 si
2979 3342 3087 3381 non
3118 3326 3474 3398 observavit),
3501 3340 3666 3400 quam
3685 3319 3842 3394 genti-

2283 3415 2387 3484 lis;
2418 3415 2566 3487 quod
2591 3416 2738 3472 enim
2768 3417 3130 3472 circumcisus
3155 3427 3238 3473 est
3271 3426 3327 3473 et
3358 3418 3588 3475 edoctus
3609 3416 3676 3472 de
3697 3420 3840 3470 acte-

2283 3510 2362 3566 ris
2389 3511 2443 3565 in
2471 3511 2587 3582 lege
2605 3551 2621 3576 ,
2641 3511 3066 3582 praeparationes
3088 3511 3247 3567 bonae
3275 3511 3501 3568 fuerunt
3529 3521 3584 3570 et
3608 3506 3837 3582 quaedam

2284 3601 2704 3668 instructiones,
2735 3602 2803 3657 ad
2852 3603 3258 3674 intelligendum
3291 3603 3452 3660 ﬁdem
3487 3602 3712 3660 Christi.
3751 3593 3843 3651 Sed

2283 3690 2500 3762 gentilis
2511 3691 2714 3746 nullam
2728 3692 2944 3762 penitus
2953 3694 3061 3763 20
3073 3691 3486 3750 instructionem
3506 3736 3527 3760 ,
3544 3700 3734 3766 praeter
3753 3700 3838 3742 na-

2282 3782 2512 3837 turalem
2541 3782 2872 3838 intellectum
2903 3784 3110 3838 habuit.
3131 3782 3250 3839 Non
3281 3793 3460 3840 tamen
3493 3782 3722 3854 amplius
3736 3777 3843 3835 dico

2280 3871 2472 3930 Iudaeo
2491 3873 2631 3945 quod
2661 3873 2716 3928 in
2737 3873 2842 3930 ﬁde
2863 3874 3068 3930 Christi
3099 3875 3316 3946 dignior
3333 3875 3622 3933 habendus
3645 3873 3714 3929 sit
3741 3881 3842 3940 gen-

2283 3961 2404 4028 tili,
2453 3961 2550 4018 sed
2601 3962 2790 4033 utique
2832 3963 3008 4034 magis
3061 3972 3397 4034 praeparatus
3429 3974 3515 4020 est
3565 3963 3630 4020 ad
3677 3959 3841 4016 ﬁdem.

2281 4051 2462 4118 Quare
2483 4052 2531 4108 si
2555 4067 2663 4108 non
2688 4054 2968 4131 consensit
2995 4053 3142 4121 ﬁdei,
3173 4055 3350 4126 magis
3377 4055 3670 4112 damnatus
3692 4060 3840 4120 quam

2279 4144 2526 4216 gentilis;
2555 4144 2602 4200 si
2623 4159 2754 4200 vero
2783 4145 3062 4201 consensit
3079 4187 3096 4212 ,
3127 4160 3238 4200 non
3261 4155 3446 4202 tamen
3471 4145 3726 4217 gentilem
3763 4137 3838 4193 di-

2278 4235 2483 4306 gnitate
2507 4235 2632 4290 ﬁdei
2656 4236 2908 4292 excessit.
2933 4233 3145 4302 Quaeris
3169 4237 3303 4308 quid
3323 4237 3563 4308 amplius
3601 4235 3841 4294 collatum

2280 4326 2352 4382 sit
2373 4323 2594 4382 Iudaee!
2631 4326 2862 4382 Multum
2904 4328 3095 4398 utique
3115 4369 3130 4394 ,
3164 4336 3221 4385 et
3238 4345 3333 4400 per
3359 4345 3566 4384 omnem
3610 4324 3838 4383 modum.

607 4407 625 4439 ι
669 4389 796 4495 guis
830 4391 948 4446 suis
987 4392 1176 4495 dolqse
1209 4395 1472 4465 agebant,
1497 4413 1766 4455 venenum
1798 4400 2050 4470 aspidum
2077 4403 2180 4458 sub
2214 4439 2256 4495 υ
2279 4427 2334 4474 ει
2354 4419 2653 4476 secundum
2682 4420 2920 4475 animam
2941 4461 2954 4486 ,
3003 4389 3058 4476 ἐι
3095 4389 3396 4476 secundum
3431 4436 3633 4492 corpus
3657 4459 3672 4483 ,
3717 4411 3839 4468 etin

607 4497 626 4530 ι
668 4479 832 4536 labiis
857 4497 1048 4538 eorum
1069 4482 1284 4556 (Ibid.).
1313 4507 1330 4539 ι
1363 4487 1608 4555 Quorum
1632 4505 1695 4548 os
1719 4493 2099 4550 maledictione
2120 4506 2174 4551 et

605 4589 624 4622 ι
667 4573 1032 4630 amaritudine
1042 4576 1261 4646 plenum
1277 4589 1358 4634 est
1371 4622 1386 4646 ,
1400 4581 1615 4638 veloces
1629 4585 1794 4654 pedes
1805 4597 1994 4642 eorum
2012 4587 2079 4644 ad
2093 4585 2174 4642 ef-

605 4679 623 4712 (
667 4659 1002 4719 fundendum
1025 4667 1342 4737 sanguinem
1358 4669 1570 4744 (Ibid.).
1593 4692 1612 4724 ι
1643 4671 1912 4731 Contritio
1931 4677 2176 4734 etinfeli-

596 4754 622 4801 ⁸(
670 4755 808 4810 citas
824 4755 876 4810 in
897 4757 998 4813 viis
1009 4773 1221 4825 eorum,
1241 4769 1294 4815 ct
1310 4761 1450 4816 viam
1471 4765 1622 4832 pacis
1643 4781 1753 4820 non
1770 4777 2168 4838 cognoverunt;

605 4865 623 4894 ι
661 4861 766 4900 non
780 4857 861 4902 est
875 4850 1034 4906 tim‘or
1045 4849 1138 4908 Dei
1151 4860 1276 4908 ante
1287 4854 1476 4910 oculos
1487 4870 1676 4912 eorum
1693 4856 1746 4928 (Ι
1751 4857 1904 4928 bid.).
1919 4877 1938 4910 ι
1957 4857 2174 4916 Scimus

605 4955 624 4986 ι
669 4949 848 4994 autem
865 4943 1121 5008 quoniam
1138 4961 1479 5019 quaecunque
1493 4947 1581 5004 lex
1599 4949 1862 5021 loquitur,
1883 4950 1969 5007 his
1997 4951 2092 5022 qui
2119 4953 2174 5009 in

605 5045 623 5076 ε
672 5027 785 5098 lege
805 5041 934 5088 sunt
953 5033 1214 5105 loquitur,
1229 5047 1288 5092 ut
1303 5054 1466 5096 omne
1485 5055 1548 5096 os
1559 5040 1899 5109 obstruatur,
1916 5043 2173 5101 etsubdi-

603 5137 622 5168 α
673 5127 758 5174 ιυε
785 5120 875 5176 ﬁat
905 5126 1085 5181 omnis
1105 5130 1343 5185 mundus
1365 5129 1507 5200 Deo;
1529 5134 1657 5204 quia
1678 5149 1746 5189 ex
1767 5135 2169 5209 operibuslcgis

603 5229 622 5260 ι
668 5226 776 5266 non
791 5213 1180 5283 justiﬁcabitur
1190 5221 1370 5276 omnis
1391 5238 1522 5278 caro
1539 5240 1724 5280 coram
1750 5227 1861 5282 illo.
1881 5225 1984 5282 Per
1996 5229 2168 5298 legem

602 5321 620 5352 ι
667 5304 812 5359 enim
854 5308 1094 5380 cognitio
1135 5312 1364 5380 peccati.
1402 5310 1558 5369 Nunc
1601 5325 1783 5371 autem
1824 5317 2036 5387 justitia
2067 5318 2163 5374 Dei

600 5413 620 5444 ι
663 5395 782 5451 sine
816 5397 929 5469 lege
953 5400 1296 5457 manifestata
1327 5411 1432 5468 est,
1462 5405 1744 5461 testiﬁcata
1767 5423 1796 5462 a
1815 5407 1932 5479 lege
1959 5417 2014 5464 et
2039 5425 2164 5481 pro-

599 5503 618 5535 ι
666 5486 860 5556 phctis.
888 5487 1106 5545 Iustitia
1129 5502 1308 5547 autem
1344 5492 1437 5549 Dei
1467 5510 1564 5564 per
1590 5496 1746 5552 ﬁdem
1769 5495 1898 5554 Jcsu
1933 5499 2159 5567 Christi,

599 5593 616 5624 ι
665 5577 718 5629 in
754 5592 946 5634 omnes
989 5589 1042 5633 ct
1087 5597 1250 5650 super
1284 5599 1475 5638 omnes
1520 5586 1615 5654 qui
1655 5586 1883 5642 credunt
1913 5589 1967 5643 in
2009 5606 2158 5646 eum.

599 5686 615 5718 ‹
658 5669 776 5724 Non
806 5672 949 5726 enim
973 5682 1054 5729 est
1079 5675 1373 5730 distinctio.
1391 5677 1592 5735 Omnes
1605 5680 1750 5732 enim
1783 5692 2158 5749 peccaverunt,

2281 4525 2639 4580 unoquoque,
2669 4518 2724 4564 ct
2751 4509 2808 4564 in
2837 4525 3065 4581 corpore
3105 4519 3161 4566 et
3189 4510 3246 4566 in
3267 4511 3483 4576 anima,
3516 4511 3689 4568 multa
3712 4505 3840 4562 bona

2281 4597 2425 4653 facta
2450 4608 2578 4653 sunt
2607 4596 2824 4665 Judteo,
2857 4615 3094 4670 quorum
3124 4601 3262 4656 nihil
3297 4601 3516 4672 gentilis
3555 4599 3758 4664 habuit.
3787 4591 3839 4646 In

2279 4703 2530 4758 corpore,
2563 4687 2692 4758 quia
2727 4689 2981 4744 liberavit
3007 4704 3104 4746 eos
3137 4691 3208 4746 ab
3229 4691 3497 4758 inimicis,
3519 4701 3576 4748 et
3605 4687 3745 4747 dedit
3767 4681 3840 4737 eis

2279 4788 2480 4834 terram
2512 4779 2975 4850 repromissionis,
3002 4789 3108 4836 etc.
3128 4779 3189 4838 In
3219 4783 3423 4851 anima,
3446 4784 3576 4854 quia
3599 4771 3840 4838 instruxit

2277 4883 2373 4923 eos
2397 4883 2494 4938 per
2528 4868 2734 4942 legem,
2766 4878 2822 4924 et
2853 4871 3166 4928 habuerunt
3191 4873 3558 4944 cognitionem
3592 4870 3716 4934 Dei,
3741 4872 3836 4920 etc.

2276 4962 2344 5019 Et
2372 4963 2544 5020 multa
2593 4964 2794 5020 similia
2821 4965 3054 5021 contulit
3089 4965 3204 5032 eis,
3271 4967 3410 5022 etin
3434 4980 3660 5038 corpore
3698 4967 3750 5016 et
3789 4954 3836 5008 in

2275 5055 2476 5110 anima.
2501 5053 2576 5110 De
2595 5054 2796 5126 quibus
2814 5054 2891 5110 ait
2908 5052 3111 5112 Paulus
3135 5075 3150 5112 :
3170 5055 3336 5112 Multa
3357 5057 3578 5128 quidem
3593 5055 3838 5123 reponere
3909 5085 3912 5092 -

2273 5159 2492 5215 possem
2535 5145 2604 5200 ad
2654 5143 3119 5216 comprobandum
3166 5147 3403 5218 amplius
3433 5162 3555 5204 esse
3593 5143 3835 5202 collatum

2270 5237 2457 5293 Iudaeo
2487 5253 2652 5308 quam
2693 5239 2910 5309 gentili;
2941 5240 3035 5296 sed
3073 5241 3334 5310 primum,
3381 5241 3436 5297 id
3478 5251 3562 5297 est
3589 5237 3712 5310 quia
3733 5231 3834 5286 «hoc

2269 5329 2626 5400 praecipuum,
2661 5339 2747 5386 est
2769 5331 2832 5386 ad
2862 5333 3198 5401 probandum
3233 5333 3378 5403 quod
3405 5333 3624 5389 intendo
3647 5333 3830 5400 ponam

2269 5417 2450 5484 istud,
2483 5417 2606 5474 ideo
2628 5419 2862 5490 amplius
2886 5421 3144 5476 collatum
3179 5437 3302 5502 esse
3321 5420 3540 5487 Judzeo,
3567 5422 3692 5494 quia
3719 5427 3828 5468 crc-

2270 5504 2416 5570 dita,
2465 5503 2518 5559 id
2565 5513 2652 5560 est
2683 5507 2964 5575 proposita
2998 5517 3133 5563 sunt
3175 5509 3287 5566 illis

2269 5609 2462 5650 mrum
2485 5597 2694 5666 eloquia
2726 5596 2840 5662 Dei,
2877 5609 3144 5667 pmcepta
3165 5615 3288 5670 quae
3317 5601 3462 5660 Deus
3481 5601 3626 5658 dedit
3651 5601 3703 5652 in
3726 5595 3828 5660 lege

2267 5695 2318 5738 et
2348 5686 2640 5755 prophetis.
2679 5686 2880 5740 Contra
2921 5689 3023 5743 hoc
3063 5689 3282 5747 Judams
3318 5692 3513 5748 iterum
3549 5713 3559 5746 :
3593 5691 3690 5744 Pcr
3713 5685 3826 5737 dam
3918 5693 3931 5704 '
