3978 6392
235 302 305 356 57
877 301 1241 363 exrosmo
1278 306 1345 363 lN
1383 293 1765 366 EPISTOLA'S
1788 312 2029 391 psum.
2072 316 2210 371 --IN
2251 319 2467 377 erisr.
2510 325 2603 378 an
2641 322 2802 383 non.
3412 344 3483 401 δε

231 413 453 483 eloquia
495 413 710 483 amplus
734 428 842 470 non
866 415 970 471 fuit
989 416 1178 475 ludam
1222 436 1388 492 quam
1418 424 1603 495 gentili
1628 466 1644 489 ,
1687 426 1815 497 quia
1847 436 1890 491 Α
1920 440 2144 498 peccata
2165 431 2469 503 hominum,
2510 447 2662 495 tanto
2695 438 2984 513 gloriosior
3013 454 3299 519 appareret
3329 456 3497 525 Deus,

233 516 344 556 non
371 503 609 559 credidit
634 505 868 575 eloquiis
899 506 1014 562 Dei.

304 593 450 651 Vere
477 596 557 651 ait
582 596 785 654 Paulus
811 616 822 651 :
857 602 1091 671 amplius
1114 619 1210 673 per
1239 606 1441 661 credita
1469 607 1685 678 eloquia
1714 608 1814 664 fuit

224 682 453 753 Judaao;
498 689 625 758 quia
658 691 709 743 si
740 691 958 761 quidam
983 692 1198 748 illorum
1219 694 1532 753 Iudaeorum
1568 716 1671 754 non
1701 717 1814 756 cre-

222 766 483 823 diderunt
517 772 751 842 eloquiis
780 773 901 842 Dei,
933 785 988 831 et
1031 777 1153 833 ideo
1181 782 1452 850 reprobati
1480 793 1641 851 sunt,
1680 787 1812 856 quid

222 858 457 929 impedit
483 861 552 916 ad
583 863 687 919 hoc
724 876 783 919 ut
818 881 925 920 non
958 867 1029 923 sit
1058 871 1292 940 amplius
1323 874 1578 929 collatum
1622 875 1810 934 Judzeo

220 961 393 1016 quam
419 950 608 1018 gentili
633 951 657 1005 ?
685 951 826 1007 Nihil
875 955 1062 1025 utique
1087 959 1340 1028 impedit;
1368 963 1517 1032 quia,
1545 978 1807 1035 quantum

218 1036 275 1090 in
309 1035 428 1093 Deo
457 1038 590 1107 fuit,
616 1046 942 1114 prmparavit
963 1062 1058 1102 eos
1079 1050 1145 1103 ad
1177 1051 1335 1107 ﬁdem
1354 1094 1368 1118 ,
1399 1054 1523 1109 licet
1545 1056 1807 1115 increduli

215 1130 679 1195 permansisscnt.
717 1132 853 1190 Vere
891 1136 937 1191 si
973 1138 1195 1208 quidam
1228 1141 1444 1197 illorum
1476 1160 1583 1200 non
1632 1149 1808 1204 credi-

223 1216 451 1285 derunt,
482 1221 620 1275 nihil
642 1222 893 1293 impedit;
926 1227 1054 1297 quia
1080 1227 1246 1297 Deus,
1276 1233 1421 1302 quod
1450 1236 1802 1305 promiserat,

215 1316 447 1379 propter
475 1311 909 1372 incredulitatem
932 1333 1124 1374 eorum
1151 1363 1166 1387 ,
1194 1322 1418 1392 implere
1439 1341 1547 1380 non
1574 1327 1800 1386 dimisit.

219 1399 487 1472 Nunquid
514 1405 658 1460 enim
686 1407 1034 1464 incredulitas
1067 1429 1248 1468 eorum
1278 1419 1645 1487 quorumdam
1683 1439 1805 1477 eva—

214 1492 397 1544 cuabit
420 1493 609 1561 ﬁdem,
659 1496 712 1551 id
741 1508 823 1553 est
846 1499 1213 1571 impletionem
1240 1508 1635 1575 promissorum
1667 1511 1805 1568 Dei?

212 1578 361 1635 Nihil
402 1584 593 1655 utique
635 1601 824 1643 eorum
854 1606 977 1662 quae
1015 1595 1269 1663 promisit
1297 1595 1440 1654 Deus
1470 1599 1799 1672 inexpletum

212 1670 456 1739 dimisit,
485 1685 542 1730 ct
568 1677 692 1733 ideo
724 1681 861 1736 nihil
890 1685 1126 1755 amplius
1150 1686 1375 1758 impedit
1414 1670 1673 1750 habuisse
1699 1694 1798 1750 Ju-

211 1761 392 1818 daeum
416 1807 431 1832 ,
471 1765 597 1823 licet
621 1769 840 1839 quidam
887 1773 941 1828 in
990 1774 1368 1835 incredulitate
1394 1782 1637 1839 damnati
1666 1786 1793 1842 sint.
1831 1764 1872 1822 Β

194 1850 414 1919 Quaero
444 1871 518 1912 an
547 1869 768 1929 propter
797 1862 1108 1922 incredulos
1130 1879 1391 1927 evacuata
1413 1873 1483 1928 sit
1504 1874 1638 1931 ﬁdes
1668 1876 1798 1932 Dei?

211 1944 317 2002 Sed
349 1948 497 2003 absit
527 1951 665 2019 hoc,
698 1963 757 2009 ut
804 1955 939 2011 ﬁdes
968 1956 1061 2013 Dei
1091 1958 1275 2031 aliquo
1311 1967 1473 2019 modo
1514 1968 1685 2035 possit
1712 1969 1793 2023 vel

208 2040 466 2095 credatur
492 2041 784 2100 Ivaeuari!
830 2048 981 2117 quia,
1014 2049 1137 2106 licet
1175 2053 1396 2124 quidam
1429 2056 1644 2112 illorum
1684 2074 1791 2114 non

206 2132 575 2201 crediderint,
611 2143 791 2219 tamen
828 2139 969 2195 Deus
997 2153 1075 2196 est
1106 2160 1266 2199 verax
1285 2186 1299 2212 ,
1331 2146 1383 2202 id
1415 2157 1499 2202 est
1542 2149 1793 2219 impletor

206 2221 458 2276 omnium
484 2239 609 2293 qua:
628 2214 900 2295 promisit.
936 2229 1081 2286 Deus
1109 2234 1299 2304 utique
1341 2250 1505 2291 verax
1548 2246 1664 2304 est,
1694 2239 1789 2294 sed

203 2314 375 2366 omnis
404 2314 563 2369 homo
585 2318 899 2391 quicunque
934 2324 1038 2390 sit,
1064 2340 1161 2381 seu
1185 2324 1406 2384 Iudaeus
1428 2346 1521 2385 seu
1545 2316 1786 2402 gentilis,

204 2404 436 2459 mendax
458 2415 567 2471 est,
606 2409 658 2463 id
689 2419 772 2466 est
798 2424 1070 2481 peccator.
1116 2416 1260 2473 Deus
1287 2420 1433 2474 enim
1474 2421 1541 2476 ad
1566 2424 1787 2479 salvan-

201 2493 329 2549 dum
355 2497 622 2565 veniens,
651 2515 867 2557 omnem
893 2504 1170 2561 hominem
1193 2510 1297 2564 sub
1323 2517 1784 2585 peccatoreperit,

200 2594 251 2638 et
279 2587 587 2643 secundum
624 2593 818 2649 merita
849 2596 1025 2652 salute
1070 2598 1371 2671 indignum.
1410 2601 1564 2660 Unde
1603 2608 1783 2676 palam

196 2684 282 2728 est
324 2675 493 2732 ﬁdem
532 2682 963 2741 ctsalvationem
1006 2686 1099 2743 Dei
1146 2688 1349 2747 Judmis
1391 2703 1446 2748 ct
1490 2675 1784 2766 gentilibus

195 2781 354 2835 aeque
391 2772 681 2838 provenire
713 2791 778 2830 ex
803 2777 994 2848 gratia.
1016 2778 1371 2840 Mendacium
1399 2786 1600 2843 dicitur
1620 2805 1782 2847 omne

197 2866 517 2928 peccatum;
542 2863 672 2932 quia
692 2867 871 2923 omnis
892 2879 1165 2937 creatura,
1191 2889 1313 2943 quae
1335 2878 1655 2933 naturaliter
1683 2881 1782 2936 ob-

1916 522 2196 581 dimittens
2239 528 2445 594 omnia,
2475 543 2743 603 quotquot
2775 546 2980 601 essent,
3017 541 3346 611 accipientes
3368 522 3495 606 inde

1915 616 2294 685 occasionem;
2340 619 2469 689 quia
2517 624 2607 677 ubi
2657 625 2942 681 abundavit
2986 630 3259 701 delictum,
3295 637 3492 708 [super-

1914 705 2201 762 abundavit
2242 710 2315 764 tbi
2348 711 2546 781 gratia,
2570 722 2625 769 et
2653 714 2869 773 similia.
2898 717 3055 786 Quod
3093 722 3183 778 hic
3205 705 3490 785 destruere

1914 795 2214 866 ingreditur
2234 798 2453 866 Paulus,
2489 812 2542 857 ct
2572 805 2705 861 satis
2748 808 2882 863 bene
2923 810 2990 865 ad
3033 827 3171 867 rem.
3203 813 3302 870 llic
3342 819 3489 874 enim

1911 889 2163 957 probabit
2187 906 2403 948 omnem
2433 895 2662 950 salutem
2683 913 2805 954 esse
2822 915 2887 955 ex
2911 903 3085 972 gratia
3114 903 3230 972 Dei,
3259 917 3314 963 et
3346 911 3490 964 nihil

1909 994 1974 1033 ex
2005 981 2199 1036 merito
2234 981 2491 1051 hominis,
2513 986 2702 1042 dicens
2727 1006 2739 1042 ε
2764 988 2902 1055 Quia
2937 994 3119 1049 omnis
3147 996 3313 1052 homo
3332 1014 3487 1054 men-

1914 1071 2023 1126 dax
2057 1088 2184 1129 rcus
2210 1074 2461 1131 inventus
2496 1087 2609 1145 est;
2666 1079 2811 1137 Deus
2857 1092 3038 1139 autem
3077 1100 3294 1143 omnem
3330 1105 3487 1146 reum

1903 1162 2213 1231 justiﬁcans
2241 1180 2305 1219 ex
2336 1166 2508 1236 gratia
2531 1169 2587 1222 in
2617 1171 2907 1239 promissis
2928 1190 3092 1231 verax
3115 1187 3218 1234 est.
3250 1178 3353 1236 Per
3381 1180 3487 1237 hoc

1906 1263 2130 1323 apparet
2162 1256 2308 1325 quod
2349 1257 2604 1328 iniquitas
2637 1270 2817 1316 nostra
2852 1268 3181 1321 commendat
3208 1269 3481 1338 justitiam

1907 1342 2021 1409 Dei,
2061 1345 2115 1399 id
2151 1354 2234 1401 est
2266 1349 2748 1405 commendabilem
2774 1350 2905 1408 facit
2927 1353 3119 1422 Deum,
3162 1373 3261 1428 per
3304 1362 3480 1416 solam

1903 1428 2130 1503 gratiam
2160 1434 2546 1504 justiﬁcantem
2594 1440 2844 1496 homines
2888 1458 2919 1498 a
2969 1447 3239 1514 peccatis;
3279 1459 3333 1503 et
3376 1450 3483 1506 hoc

1904 1520 2090 1590 utique
2119 1538 2307 1578 verum
2329 1533 2432 1590 est,
2466 1527 2594 1596 quia
2630 1538 2837 1597 quanto
2864 1533 3034 1602 gratia
3063 1534 3182 1604 ejus
3203 1536 3483 1606 copiosior

1901 1620 1985 1666 est
2006 1612 2060 1666 in
2084 1612 2463 1671 remissionem
2490 1628 2863 1685 peccatorum,
2902 1629 3052 1677 tanto
3081 1626 3271 1693 procul
3311 1627 3481 1682 dubio

1900 1702 2386 1758 commendabilior
2421 1714 2504 1761 est
2523 1705 2687 1763 Deus.
2716 1707 2821 1765 Sed
2844 1710 2970 1766 licet
2989 1728 3328 1786 quaecunque
3350 1733 3478 1788 pec—

1899 1799 2018 1846 cata
2050 1792 2159 1847 sint
2192 1794 2450 1862 dimittat,
2481 1813 2589 1853 non
2610 1807 2790 1855 tamen
2815 1801 2941 1857 inde
2967 1818 3191 1859 causam
3214 1808 3476 1875 peccandi

1896 1877 2007 1933 dat.
2041 1876 2305 1951 lniquitas
2344 1893 2531 1940 nostra
2564 1887 2911 1944 commendat
2932 1888 3127 1957 Deum,
3151 1893 3247 1947 sed
3284 1893 3332 1947 si
3367 1894 3474 1950 hoc

1895 1978 1999 2036 est,
2031 1972 2178 2040 quod
2224 1990 2290 2029 ex
2335 1975 2619 2046 iniquitate
2659 1988 2848 2035 nostra
2886 1982 3375 2039 commendabilior
3402 1985 3475 2041 sit

1896 2060 2058 2131 Deus,
2088 2064 2214 2133 quid
2249 2082 2316 2118 aa
2361 2066 2471 2121 lucc
2507 2068 2779 2123 dicemus?
2812 2070 3054 2126 Mirabile
3083 2074 3214 2143 quid
3259 2076 3476 2131 videtur

1893 2151 2018 2208 inde
2038 2156 2318 2226 consequi.
2338 2155 2462 2212 Ideo
2489 2158 2619 2228 quid
2639 2158 2904 2226 dicemus,
2918 2161 3046 2230 quia
3069 2164 3306 2233 nunquid
3325 2163 3470 2218 Deus

1891 2243 2102 2313 iniquus
2122 2254 2221 2311 est,
2247 2246 2374 2316 quia
2398 2248 2556 2317 infert
2584 2249 2740 2314 iram,
2770 2248 2823 2302 id
2845 2259 2926 2304 est
2949 2250 3231 2318 ultionem,
3247 2261 3471 2323 propter

1888 2342 2200 2404 peccatum,
2256 2338 2400 2406 quod
2452 2339 3026 2396 commendabiliorem
3074 2340 3204 2397 facit
3259 2342 3470 2400 Deum?

1891 2423 2158 2496 Equitati
2201 2427 2416 2483 videtur
2448 2429 2554 2485 hoc
2579 2445 2702 2486 esse
2753 2431 3109 2487 contrarium.
3154 2431 3270 2497 Hoc
3313 2436 3462 2504 quod

1887 2516 2011 2574 dico
2038 2534 2147 2574 non
2179 2520 2314 2575 satis
2355 2535 2477 2576 esse
2520 2536 2759 2592 aequum,
2805 2522 2932 2592 quia
2980 2524 3137 2594 punit
3178 2534 3466 2611 peccatum

1886 2611 2033 2681 quod
2061 2613 2406 2670 commendat
2437 2630 2584 2683 eum,
2627 2616 2774 2686 quod
2803 2624 2976 2672 totum
3024 2619 3143 2672 dico
3178 2621 3467 2675 secundum

1885 2701 2165 2770 hominem,
2198 2704 2251 2759 id
2283 2713 2367 2760 est
2398 2707 2699 2762 secundum
2728 2708 3023 2763 carnaliter
3048 2708 3461 2781 intelligentem.

1887 2790 1993 2847 Sed
2012 2808 2077 2848 ex
2104 2809 2191 2849 me
2223 2795 2326 2850 hoc
2359 2795 2481 2851 dico
2510 2813 2521 2846 :
2553 2796 2692 2851 absit
2718 2798 2822 2853 hoc
2864 2796 3086 2870 utDeus
3120 2800 3343 2870 iniquus
3370 2802 3463 2867 sit,

1882 2884 2011 2954 quia
2036 2894 2320 2955 peccatum
2354 2887 2536 2956 punit!
2561 2887 2627 2943 Et
2652 2889 2758 2944 hoc
2790 2890 2984 2959 prohat
3010 2892 3079 2945 ab
3102 2891 3454 2961 impossibili,

194 2949 351 3018 sequi
392 2951 555 3006 debet
580 2953 824 3011 Creatori
856 2975 978 3028 suo,
1033 2977 1158 3017 cum
1198 2954 1592 3037 transgreditur
1624 2987 1780 3026 man—
1881 2971 2258 3029 dicens:Vere
2293 2972 2436 3031 Deus
2465 2991 2575 3030 non
2620 2985 2705 3032 est
2736 2977 2982 3048 iniquus,
3010 2978 3248 3034 inferens
3284 2981 3458 3047 iram;

192 3038 387 3095 datum
417 3040 548 3109 Dei,
595 3046 913 3104 mendosam
946 3050 1074 3107 facit
1110 3064 1360 3111 naturam
1398 3073 1587 3126 suam,
1618 3062 1776 3117 dese-
1806 3091 1852 3152 η
1880 3065 2008 3136 quia
2039 3064 2294 3136 alioquin,
2320 3066 2373 3120 id
2396 3076 2500 3133 est,
2531 3068 2576 3122 si
2606 3067 2743 3122 Deus
2776 3069 2998 3137 iniquus
3022 3078 3187 3136 esset,
3202 3071 3462 3156 quomodo

192 3146 326 3187 rens
374 3135 670 3203 puritatem
708 3137 763 3193 in
813 3156 919 3210 qua
973 3152 1155 3199 creata
1195 3155 1296 3202 est.
1330 3147 1467 3215 Quia
1516 3149 1661 3207 Deus
1708 3154 1781 3209 sit
1807 3135 1852 3152 ”
1874 3135 2139 3225 judicabit
2163 3135 2306 3210 hunc
2332 3159 2622 3212 mundum?
2650 3157 2768 3213 Non
2810 3168 2895 3214 est
2924 3152 3255 3216 credendum
3284 3170 3344 3216 ut
3369 3162 3460 3216 illc

190 3237 379 3288 verax,
401 3240 591 3280 assero
621 3228 786 3284 etiam
811 3246 909 3300 per
936 3232 1230 3305 Scripturae
1252 3241 1640 3298 testimonium.
1665 3244 1781 3302 Iloc
1881 3249 1976 3319 qui
2004 3239 2332 3304 constitutus
2357 3258 2440 3304 est
2467 3250 2635 3319 judex
2668 3249 2834 3305 totius
2862 3250 3072 3317 mundi,
3096 3251 3320 3320 iniquus
3350 3254 3455 3317 sit,

186 3314 338 3368 enim
375 3314 503 3371 dico
528 3319 667 3373 sicut
696 3324 954 3393 scriptum
975 3336 1053 3380 est
1079 3329 1146 3383 de
1182 3330 1409 3387 veritate
1431 3332 1525 3388 Dei
1547 3335 1601 3390 in
1631 3338 1779 3407 psal-

187 3422 282 3461 mo
312 3427 326 3462 :
355 3408 506 3467 Deus
529 3414 717 3482 procul
745 3415 912 3471 dubio
947 3435 1111 3475 verax
1145 3433 1247 3477 est.
1279 3422 1369 3478 Ait
1396 3426 1539 3480 cnim
1566 3426 1733 3483 David
1764 3448 1776 3483 :

183 3498 516 3585 Justiﬁceris
568 3506 622 3558 in
644 3509 968 3564 sermonibus
1002 3514 1107 3567 tuis
1138 3512 1311 3581 (Psal.
1341 3531 1404 3581 ι,
1436 3516 1524 3588 6),
1554 3519 1606 3573 id
1647 3530 1729 3575 est
1762 3540 1775 3576 :

175 3581 544 3657 ejustiﬁcando
586 3610 694 3660 me,
731 3612 895 3652 verus
923 3615 1185 3670 apparens
1224 3603 1277 3657 in
1323 3606 1779 3674 promissionibus

188 3681 324 3735 tuis.
358 3680 497 3737 Illud
524 3693 584 3738 ut
608 3686 675 3740 ad
719 3690 1184 3746 continuationem
1217 3695 1410 3763 psalmi
1456 3697 1681 3768 legitur,
1721 3700 1775 3753 in

183 3787 300 3841 quo
326 3773 525 3843 agebat
561 3774 729 3833 David
758 3780 1056 3836 multorum
1098 3784 1394 3840 criminum
1422 3803 1550 3842 reus
1574 3830 1588 3853 ,
1622 3798 1679 3843 ut
1709 3790 1776 3845 de

181 3863 502 3931 proditione
554 3867 782 3936 militis,
828 3870 895 3926 de
944 3883 1119 3929 morte
1168 3876 1439 3945 proximi,
1492 3879 1559 3934 de
1586 3880 1773 3936 illicita

183 3959 635 4029 concupiscentia
678 3973 732 4017 et
770 3964 1038 4021 adulterio
1059 3969 1287 4040 agebat,
1340 3980 1399 4026 ut
1424 3973 1621 4030 borum
1649 3992 1771 4031 om-

183 4048 338 4102 nium
367 4062 803 4122 consequeretur
825 4058 1074 4122 veniam,
1106 4059 1172 4115 de
1197 4074 1304 4130 qua
1326 4072 1509 4118 certus
1532 4076 1647 4121 erat
1676 4084 1773 4137 per

182 4141 670 4209 repromissionem
700 4146 801 4201 sibi
827 4148 893 4202 de
922 4148 1142 4205 Christo
1172 4151 1367 4209 factam
1388 4197 1404 4220 ,
1432 4173 1555 4227 qum
1578 4159 1645 4213 ad
1675 4176 1771 4217 cos

181 4228 361 4284 solum
397 4228 540 4286 facta
582 4243 664 4288 est
711 4236 803 4305 qui
846 4253 943 4307 per
982 4238 1262 4297 Christum
1294 4245 1537 4302 salvandi
1574 4259 1766 4316 erant;

180 4320 325 4376 unde
343 4323 580 4378 conﬁdit
601 4340 659 4380 se
679 4329 1100 4385 emaculandum
1125 4333 1195 4387 ab
1221 4334 1325 4391 hoc
1348 4336 1603 4405 crimine,
1635 4341 1769 4396 alio-

182 4414 309 4482 quin
340 4415 496 4468 enim
526 4417 783 4489 indignus
807 4430 954 4477 esset
979 4421 1160 4479 futura
1184 4427 1499 4485 salvatione.

246 4503 525 4561 Praeterea
553 4511 851 4566 notandum
877 4522 959 4568 est
983 4516 1279 4584 quodcum
1326 4518 1516 4588 David,
1555 4525 1763 4582 nullum

180 4595 530 4661 prmtendens
588 4599 874 4666 meritum,
927 4616 992 4656 ex
1039 4605 1155 4659 sola
1197 4608 1369 4677 gratia
1428 4612 1667 4668 conﬁdat
1706 4631 1765 4670 se

181 4682 538 4751 salvandum,
589 4703 757 4759 seque
787 4691 840 4744 in
874 4693 1111 4762 peccatis
1140 4697 1497 4766 conﬁteatur,
1529 4718 1640 4773 quo
1667 4721 1763 4760 nc-

179 4789 264 4829 mo
288 4777 541 4831 sanctior
567 4779 694 4835 vixit
726 4781 779 4835 in
808 4782 953 4855 lege,
985 4786 1256 4841 neminem
1286 4804 1353 4844 ex
1382 4792 1580 4848 merito
1603 4810 1764 4864 posse

178 4865 420 4931 salvari,
472 4869 567 4923 sed
599 4885 696 4939 per
722 4873 897 4927 solam
923 4876 1171 4944 gratiam.
1206 4875 1532 4938 Justiﬁceris
1578 4886 1766 4956 utique

177 4952 227 5007 in
258 4958 617 5015 sermonibus
640 4962 779 5026 tuis,
805 4973 857 5016 et
894 4965 1071 5020 vincas
1102 4967 1331 5038 impios,
1356 4987 1474 5025 cum
1494 4974 1761 5041 judicaris

177 5046 243 5100 ab
293 5047 410 5104 illis
468 5066 581 5106 non
627 5069 750 5109 esse
804 5054 975 5112 Filius
1005 5057 1134 5125 Dei,
1169 5076 1291 5115 cum
1328 5062 1517 5118 vincas
1566 5081 1660 5120 eos
1697 5068 1764 5121 de

178 5133 275 5192 hoc
293 5138 655 5208 justiﬁeando
690 5145 941 5203 homines
969 5149 1112 5204 sicut
1151 5152 1497 5221 promisisti.
1526 5155 1628 5225 21
1667 5155 1760 5211 Vel

177 5228 367 5286 vincas
422 5248 548 5288 cum
591 5234 887 5304 judicaris,
935 5240 987 5294 id
1033 5250 1116 5296 est
1154 5243 1500 5313 participaris
1554 5247 1757 5313 alicui,

180 5323 421 5377 utmihi.
471 5323 642 5380 Aiunt
693 5330 837 5382 enim
889 5346 974 5385 me
1021 5347 1128 5385 non
1177 5333 1495 5389 salvandum
1539 5349 1759 5409 propter

180 5423 484 5480 peccatum,
523 5416 648 5472 licet
677 5418 811 5472 mihi
843 5422 1210 5498 repromissus
1242 5423 1338 5479 sis.
1375 5423 1474 5480 llic
1498 5426 1757 5496 quiddam

181 5501 483 5572 ingreditur
504 5505 726 5572 Paulus,
751 5511 895 5579 quod
918 5511 987 5566 ab
1016 5513 1228 5582 incepto
1254 5514 1490 5571 alienum
1514 5518 1754 5585 videtur;

183 5590 563 5663 imponebatur
586 5601 731 5655 enim
758 5602 859 5672 ipsi
885 5612 940 5658 et
963 5605 1086 5659 aliis
1111 5609 1397 5677 apostolis,
1422 5612 1566 5680 quod
1596 5613 1757 5668 doce-

180 5696 296 5740 rent
321 5688 526 5745 bonum
556 5708 677 5747 esse
708 5709 951 5763 peccare,
1001 5697 1126 5765 quia
1160 5711 1364 5768 quanto
1389 5702 1540 5772 plura
1573 5714 1751 5760 essent

1879 3349 1933 3394 et
1962 3340 2065 3395 hoc
2099 3340 2451 3409 impossibile.
2484 3337 2618 3395 Vere
2645 3340 2690 3395 si
2724 3340 2947 3409 iniquus
2973 3350 3059 3396 est
3086 3340 3252 3408 Deus,
3291 3358 3457 3398 mun-

1879 3429 2009 3485 dum
2056 3445 2162 3484 non
2188 3429 2473 3500 judicabit,
2502 3431 2631 3501 quia
2668 3446 2768 3486 nec
2802 3446 2889 3486 me
2934 3432 3134 3487 solum.
3165 3431 3248 3487 Mc
3274 3443 3457 3487 autem

1878 3521 2000 3574 ideo
2024 3535 2134 3574 non
2157 3520 2423 3588 judicabit
2451 3522 2517 3577 de
2557 3531 2801 3591 peccato,
2825 3522 2954 3592 quia
2983 3522 3062 3578 sic
3084 3523 3311 3593 gloriam
3335 3523 3459 3594 ejus

1878 3625 2069 3681 augeo.
2087 3608 2146 3665 Si
2167 3611 2305 3664 enim
2328 3612 2382 3665 in
2404 3628 2514 3666 meo
2541 3612 2832 3674 mendacio,
2850 3612 2900 3667 id
2925 3622 3008 3668 est
3030 3623 3251 3684 propter
3270 3630 3455 3669 meum

1877 3706 2160 3769 peccatum
2185 3718 2197 3752 :
2227 3700 2513 3754 abundavit
2534 3702 2725 3754 veritas
2746 3700 2869 3767 Dei,
2894 3701 2946 3756 id
2974 3710 3058 3757 est
3084 3703 3456 3757 abundantius

1877 3790 2182 3844 ostenditur
2228 3789 2370 3844 Deus
2421 3806 2487 3844 ex
2530 3791 2756 3845 veritate
2792 3792 3178 3860 promissionis
3220 3808 3334 3848 sua:
3361 3793 3447 3847 di—

1876 3883 2342 3953 misissepeccata.
2368 3880 2677 3939 Abuudavit
2701 3881 2823 3935 dico
2858 3881 2911 3934 in
2938 3881 3110 3952 gloria
3135 3883 3302 3952 ipsius
3324 3882 3453 3937 Dei:

1873 3973 2002 4044 quia
2035 3981 2240 4043 quanto
2270 3971 2424 4041 plura
2456 3970 2684 4035 dimisit,
2707 3980 2858 4025 tanto
2881 3971 3173 4041 gloriosior
3198 3972 3265 4027 dc
3289 3972 3455 4027 mise-

1872 4062 2107 4118 ricordia
2158 4061 2527 4134 cognoscitur.
2583 4059 2638 4115 Si
2683 4061 2874 4130 utique
2918 4072 3202 4132 peccatum
3267 4078 3452 4116 meum

1871 4169 2036 4210 causa
2067 4164 2149 4211 est
2179 4153 2364 4227 gloriae
2386 4153 2528 4222 ejus,
2548 4152 2675 4223 quid
2696 4152 2889 4219 adhuc,
2918 4152 2969 4208 id
2991 4162 3075 4208 est
3093 4169 3264 4224 quare
3285 4153 3450 4208 etiam

1871 4245 1926 4300 in
1958 4247 2061 4303 hoc
2091 4245 2295 4301 mundo
2319 4254 2368 4300 et
2412 4260 2505 4315 ego
2537 4244 2619 4315 (ut
2643 4245 2781 4301 alios
2812 4243 3086 4317 omittam)
3123 4244 3362 4314 judicor,
3395 4242 3449 4298 id

1870 4346 2293 4394 esteontemnor
2327 4346 2578 4409 tanquam
2606 4338 2887 4407 peccator?
2911 4334 3172 4392 Deberem
3218 4336 3286 4392 de
3321 4351 3450 4407 pcc-

1794 4438 1845 4498 1)
1870 4433 1992 4485 cato
2008 4429 2112 4485 hoc
2133 4429 2308 4501 argui,
2323 4429 2379 4483 in
2401 4445 2510 4500 quo
2536 4443 2711 4503 augeo
2734 4427 2962 4499 gloriam
2994 4426 3122 4483 Dei?
3147 4426 3259 4483 Cur
3283 4428 3451 4484 etiam

1869 4536 1976 4575 non
2006 4519 2236 4576 facimus
2263 4521 2427 4588 mala,
2450 4530 2510 4577 ut
2534 4522 2679 4577 bona
2701 4518 3092 4577 misericordia:
3110 4517 3203 4575 Dei
3225 4536 3322 4590 per
3343 4521 3449 4575 hoc

1868 4612 2089 4668 veniant
2126 4613 2180 4667 in
2210 4622 2586 4685 augmentum,
2633 4614 2772 4667 sicut
2823 4626 2926 4667 nos
2966 4610 3392 4682 blasphemamur
3416 4628 3446 4667 a

1867 4698 2192 4774 quibusdam
2225 4703 2485 4760 credere?
2520 4702 2669 4759 Sicut
2698 4705 2862 4760 etiam
2896 4719 2989 4757 nos
3025 4702 3178 4756 aiunt
3216 4703 3289 4756 illi
3328 4704 3450 4772 qui-

1867 4795 1990 4850 dem
2037 4810 2146 4849 non
2183 4795 2360 4850 solum
2393 4795 2631 4859 credere,
2664 4795 2757 4850 sed
2793 4793 2959 4849 etiam
3005 4792 3202 4858 dicere,
3234 4800 3290 4845 et
3314 4807 3449 4860 prm-

1867 4886 2051 4942 dicare
2077 4884 2182 4941 hoc
2210 4870 2351 4950 aliis,
2379 4885 2642 4954 faciamus
2669 4883 2830 4948 mala,
2855 4884 2907 4937 id
2935 4892 3019 4937 est
3042 4881 3292 4937 certatim
3322 4897 3449 4951 pec-

1865 4992 2073 5043 cemus,
2100 4986 2157 5030 ut
2187 4977 2397 5030 ueniant
2422 4974 2578 5041 bona,
2605 4975 2658 5029 id
2697 4982 2781 5029 est
2814 4982 2874 5027 ut
2902 4972 3047 5029 Deus
3076 4973 3272 5028 haheat
3300 4974 3445 5045 quo]

1866 5066 2238 5137 multipliciter
2299 5067 2557 5122 remittat.
2611 5066 2899 5120 Damnatia
2945 5081 3170 5137 quorum
3220 5065 3293 5119 ita
3343 5080 3446 5119 nos

1863 5139 2356 5231 blasphemantium
2386 5157 2536 5226 justa
2581 5166 2680 5222 est,
2730 5157 2781 5211 id
2827 5167 2911 5213 est
2951 5158 3100 5231 juste
3148 5154 3447 5212 damnandi

1863 5226 2117 5318 suntpro.
2142 5249 2243 5303 hac
2284 5248 2640 5318 blasphemia.
2681 5247 2818 5315 Quia
2860 5250 2905 5302 si
2938 5226 3036 5321 pro
3069 5258 3292 5321 peccato
3327 5249 3446 5303 bla-

1867 5339 2125 5410 sphemia:
2153 5339 2341 5408 judico
2390 5340 2490 5396 hos
2528 5340 2723 5397 debere
2751 5342 3023 5407 damnari,
3053 5349 3266 5397 constat
3297 5340 3443 5412 quod

1867 5447 1975 5486 non
1999 5431 2233 5502 przedico
2262 5434 2407 5503 quod
2438 5448 2662 5503 peccare
2695 5434 2898 5489 bonum
2929 5435 3017 5490 sit.
3051 5434 3114 5489 lli
3141 5444 3322 5491 autem
3351 5432 3442 5505 qui

1865 5522 1945 5576 "sic
1979 5522 2283 5579 sentiebant
2317 5523 2384 5579 de
2418 5524 2812 5591 misericordia,
2840 5525 2893 5578 in
2923 5525 3294 5580 misericordia
3319 5540 3440 5578 esse

1865 5615 2091 5685 gratiam
2138 5614 2233 5671 Dci
2271 5616 2656 5686 przedicahant.
2688 5615 2825 5683 Quia
2864 5602 3117 5686 superius
3153 5615 3437 5684 probatum

1865 5715 1943 5760 est
1982 5722 2197 5761 onmem
2240 5708 2516 5763 hominem
2563 5724 2684 5763 csse
2734 5708 3070 5771 mendacem,
3113 5715 3165 5760 ct
3194 5703 3431 5759 Judmutr
