3978 6396
548 336 621 402 39
1108 334 1164 390 S.
1208 328 1555 388 BRUNONIS
1592 322 2241 384 CARTHUSIANORU‘
2274 322 2482 374 lNS'll'l
2506 322 2584 374 U'l
2599 323 2759 374 UlilS
2796 323 2945 375 UPl’.
2986 323 3165 375 PARS
3198 326 3260 375 It.
3733 324 3791 381 40

549 463 603 510 et
633 451 909 524 gentilem,
952 447 1140 519 igitur,
1173 461 1207 501 o
1244 445 1448 511 Judzec,
1478 444 1566 500 dic
1605 442 1761 506 mihi,
1785 439 1933 510 quid,
1964 438 2018 493 id
2045 447 2129 493 est
2155 442 2203 501 Α
2235 440 2441 502 rentur,
2461 444 2640 490 tamen
2663 435 2914 490 timorem
2929 435 3021 491 Dei
3048 446 3178 492 tunc
3202 453 3308 491 non
3335 436 3639 494 habuerunt
3661 452 3790 497 antcv

546 544 671 617 quae
702 557 870 599 causa
897 548 981 596 est
1022 554 1193 610 quare
1218 538 1525 609 praecellere
1552 533 1848 590 debeamus
1877 545 1991 595 eos,
2020 528 2127 583 sci-

544 638 675 693 licet
720 634 948 708 gentiles
997 632 1054 686 in
1096 628 1490 687 salvationem?
1536 624 1888 696 Nequaquam
1936 622 2127 690 utique

547 726 898 800 prwcellimus
928 741 1033 779 eos.
1060 722 1198 778 Vere
1221 737 1330 778 non
1359 710 1971 790 pmcellimus.Causati
1988 713 2128 768 enim

548 836 753 889 sumus,
802 820 864 875 id
898 827 984 875 est
1026 816 1474 872 convenientibus
1512 811 1697 869 causis
1735 820 1791 866 et
1820 808 2128 865 rationibus

551 909 1032 982 comprobavimus
1055 908 1271 962 Judwos
1303 914 1353 960 et
1383 902 1601 975 gentiles
1624 917 1803 956 omnes
1831 900 2127 972 (neminem

548 1002 782 1073 excipio)
813 1017 923 1056 esse
958 1015 1067 1055 non
1103 999 1278 1055 solum
1303 997 1359 1052 in
1389 1004 1635 1067 peccato,
1661 993 1755 1051 sed
1782 993 1857 1049 ita
1885 992 1980 1047 sub
2007 1008 2127 1062 pec-

547 1105 667 1150 cato
692 1096 1002 1165 depressos,
1026 1090 1171 1163 quod
1194 1104 1358 1145 nemo
1388 1104 1485 1160 per
1512 1103 1574 1144 se
1606 1094 1794 1158 posset
1821 1099 2124 1157 resurgere,

548 1187 668 1243 sine
693 1186 865 1257 gratia
886 1182 1167 1254 adiutrice.
1202 1179 1409 1237 Probat
1431 1180 1499 1235 de
1532 1177 1736 1235 Iudaeis
1768 1177 1915 1248 quod
1935 1190 2126 1232 omnes

549 1277 654 1333 sub
681 1282 903 1347 peccato
951 1274 1080 1339 sint,
1104 1272 1293 1328 dicens
1329 1289 1342 1325 :
1374 1269 1435 1324 ln
1481 1284 1549 1324 eo
1576 1268 1724 1338 quod
1776 1267 1898 1323 dico
1934 1280 2127 1323 omnes

547 1365 654 1436 22
684 1362 899 1419 Iudaeos
936 1362 1042 1417 sub
1070 1369 1295 1432 peccato
1321 1372 1464 1425 esse,
1496 1356 1779 1428 Scriptura
1807 1355 1942 1411 mihi
1968 1354 2125 1410 testi-

544 1454 787 1510 monium
815 1451 1080 1523 perhibet.
1105 1449 1220 1505 Hoc
1241 1448 1386 1504 enim
1408 1462 1597 1503 assero
1614 1447 1754 1500 sicut
1776 1445 2030 1514 scriptum
2049 1451 2127 1498 est

542 1544 602 1600 in
631 1544 843 1615 psalmo
875 1561 887 1597 :
912 1543 1038 1613 quia
1067 1557 1171 1595 non
1194 1549 1269 1595 est
1296 1540 1476 1610 justus
1513 1538 1810 1611 quisquam.
1842 1533 1975 1590 Illud
1998 1533 2127 1605 quia

542 1635 600 1690 in
632 1635 825 1690 ordine
867 1632 1066 1703 psalmi
1108 1631 1325 1703 legitur,
1355 1645 1463 1686 non
1491 1636 1578 1686 est
1604 1629 1793 1698 utique
1831 1626 2126 1698 quisquam

538 1722 746 1794 justus,
776 1723 831 1779 id
874 1732 959 1779 est
985 1723 1243 1779 deserens
1284 1722 1487 1777 malum
1541 1729 1597 1776 et
1638 1719 1844 1776 faciens
1897 1717 2123 1773 bonum.

544 1813 613 1870 Et
638 1815 745 1870 hoc
769 1815 911 1880 ideo,
951 1815 1079 1885 quia
1112 1832 1212 1869 non
1238 1824 1316 1870 est
1340 1814 1632 1885 quisquam
1654 1810 1974 1882 intelligens.
2002 1807 2128 1887 Ideo

543 1912 726 1959 autem
754 1920 864 1960 non
889 1905 1217 1976 intelligunt,
1248 1905 1378 1975 quia
1408 1920 1512 1958 non
1538 1911 1616 1958 est
1638 1902 1931 1974 quisquam
1956 1901 2130 1971 requis

542 2010 664 2049 rens
692 1994 881 2050 Deum.
910 1994 1048 2062 Quia
1071 1997 1118 2052 si
1146 1995 1316 2052 Deum
1352 1994 1714 2066 requirerent,
1741 1994 1933 2063 utique
1962 1992 2127 2048 intel-

540 2086 857 2158 ligerent,et
877 2087 1243 2158 intelligentes
1273 2092 1614 2143 sectarentur
1637 2085 1927 2156 justitiam.
1956 2082 2127 2140 Nemo

541 2175 599 2231 in
629 2175 832 2232 Judzeis
850 2177 1035 2248 justus
1063 2184 1166 2244 est,
1199 2177 1295 2234 sed
1330 2192 1524 2233 omnes
1551 2177 1965 2233 declinaverunt
1985 2176 2131 2232 male

540 2267 819 2338 operando
861 2269 916 2322 in
967 2268 1184 2339 seipsis.
1216 2266 1377 2335 Quod
1407 2283 1509 2323 nec
1554 2266 1830 2323 sulliciens
1859 2265 1963 2320 fuit
1996 2266 2123 2333 illis,

544 2357 642 2413 sed
687 2355 852 2411 etiam
901 2357 1034 2426 {acti
1085 2365 1208 2411 sunt
1242 2355 1482 2424 inutiles,
1529 2350 1583 2413 id
1621 2364 1707 2411 est
1754 2354 2126 2425 depravationi

542 2446 777 2501 aliorum
824 2444 1194 2511 intendentes;
1217 2446 1310 2516 qui
1341 2446 1477 2503 adeo
1522 2446 1951 2512 declinaverunt,
1981 2444 2128 2516 quod

543 2548 648 2590 non
672 2545 749 2590 est
784 2535 925 2592 inter
956 2551 1054 2592 eas
1080 2537 1170 2608 qui
1192 2538 1358 2607 faciat
1384 2537 1595 2593 bonum.

619 2627 730 2686 Nec
756 2629 881 2686 dico
911 2638 1001 2697 ut,
1034 2629 1283 2701 pluribus
1321 2645 1351 2685 a
1381 2629 1526 2687 bene
1571 2631 1827 2698 exclusis,
1867 2630 2035 2700 aliqui
2073 2630 2127 2684 in

544 2719 690 2776 bono
718 2730 1072 2787 remaneant;
1113 2721 1207 2776 sed
1236 2719 1345 2777 non
1391 2730 1476 2778 est
1509 2722 1649 2779 inter
1671 2736 1766 2779 eos
1794 2721 2001 2778 faciens
2027 2722 2127 2778 bo-

544 2824 700 2878 num,
725 2811 905 2867 eundo
927 2827 1090 2882 usque
1119 2812 1189 2865 ad
1221 2820 1385 2867 unum
1415 2810 1647 2885 (Psalm.
1679 2812 1800 2885 xm)
1828 2831 1841 2868 :
1865 2813 1996 2885 quia
2028 2827 2129 2869 nec

544 2912 689 2956 unus
723 2900 935 2957 faciens
959 2901 1163 2956 bonum
1197 2902 1341 2957 inter
1373 2908 1470 2979 eos
1504 2902 1853 2973 relinquitur.
1892 2901 1986 2959 Vel
2016 2916 2127 2958 non

542 3003 627 3050 est
650 2994 860 3051 faciens
888 2995 1119 3062 bonum,
1155 2995 1328 3051 donec
1360 2994 1614 3051 veniatur
1638 2995 1707 3050 ad
1734 3010 1929 3063 unum,
1964 2994 2020 3049 id
2044 3004 2130 3051 est

2230 526 2324 582 sed
2374 535 2497 597 post
2525 526 2737 601 oculos,
2792 527 2922 598 quia
2952 536 3416 599 contempserunt.
3447 527 3658 587 Diceret
3676 530 3792 598 ,ΐοι-

2230 618 2395 673 lassis
2444 616 2665 674 Iudaeus
2715 618 2831 674 haec
2880 619 3024 674 dicta
3082 634 3204 676 esse
3249 620 3317 675 de
3355 620 3560 692 gentili.
3609 621 3793 680 Contra

2230 709 2377 781 quod
2413 708 2617 767 Paulus
2648 729 2661 766 :
2697 708 2801 778 Tu,
2824 709 3065 779 Iudaeus,
3101 711 3352 769 fortassis
3381 713 3660 770 arbitraris
3693 715 3794 773 hac

2230 815 2338 856 non
2378 814 2500 858 esse
2529 802 2673 858 dicta
2701 802 2770 858 de
2813 812 2894 870 te;
2944 805 3039 859 sed
3078 819 3180 876 ego
3206 813 3262 859 et
3292 804 3607 875 quicunque
3636 808 3792 864 sancti

2229 896 2445 960 scimus,
2488 895 2799 950 auctoritati
2850 910 3086 966 quorum
3138 910 3250 951 non
3299 903 3386 951 est
3430 896 3792 964 obnitendum,

2230 988 2435 1042 scimus
2478 987 2667 1058 utique
2705 988 2956 1058 quoniam
2998 1002 3319 1059 qutccunque
3357 986 3594 1059 loquitur
3621 988 3718 1056 lett,
3745 990 3792 1044 id

2229 1086 2311 1134 est
2343 1079 2588 1149 psalmus
2616 1079 2739 1145 iste,
2773 1078 3157 1149 proculdubio
3188 1078 3429 1151 loquitur
3455 1078 3540 1134 his
3570 1080 3659 1151 qui
3686 1090 3793 1135 sunt

2230 1170 2283 1224 in
2310 1170 2438 1242 lege,
2466 1170 2518 1226 id
2546 1178 2632 1226 est
2655 1169 2889 1238 Iudaeis;
2916 1171 3021 1226 hoc
3049 1185 3152 1228 nos
3180 1171 3322 1227 scire
3350 1169 3605 1239 dicimus,
3634 1182 3688 1226 ut
3710 1188 3795 1243 per

2229 1261 2335 1317 hoc
2353 1261 2557 1317 dictum
2579 1261 2886 1316 obstruatur
2907 1278 3058 1318 omne
3080 1278 3158 1318 os.
3179 1258 3368 1319 Judmo
3389 1262 3539 1320 enim
3564 1264 3797 1319 convicto

2231 1367 2338 1406 non
2385 1361 2470 1408 est
2515 1353 2609 1423 qui
2641 1361 2925 1424 repugnet,
2956 1368 3080 1409 cum
3128 1354 3385 1426 gentilem
3439 1354 3544 1409 sub
3589 1366 3794 1426 peccato

2232 1461 2339 1500 non
2365 1445 2592 1502 dubium
2623 1446 2696 1502 sit
2721 1446 2840 1501 ulli.
2866 1445 2933 1501 Et
2954 1447 3035 1502 sic
3056 1448 3325 1504 convictis
3350 1447 3610 1503 omnibus
3631 1448 3795 1502 subdi-

2230 1542 2317 1590 tus
2346 1537 2442 1608 ﬁat
2477 1537 2648 1592 omnis
2677 1537 2926 1605 mundus,
2947 1546 3059 1593 tam
3084 1537 3140 1592 in
3167 1536 3372 1594 ludatis
3400 1553 3566 1609 quam
3599 1537 3650 1593 in
3679 1553 3794 1609 gen—

2234 1629 2441 1696 tilibus,
2471 1627 2606 1696 Deo;
2631 1629 2684 1687 id
2706 1636 2792 1686 est
2810 1628 3176 1686 conﬁteantur
3198 1645 3390 1687 omnes
3400 1644 3496 1701 per
3507 1629 3675 1687 solam
3687 1644 3795 1701 gra-

2232 1721 2364 1778 tiam
2392 1721 2485 1778 Dei
2515 1737 2575 1778 se
2602 1722 2822 1778 salvari.
2847 1720 2915 1778 Et
2938 1721 3149 1793 justum
3176 1730 3262 1778 est
3282 1730 3344 1777 ut
3365 1721 3551 1777 omnis
3577 1721 3795 1778 mundus

2230 1813 2480 1869 subditus
2503 1813 2574 1869 sit
2597 1810 2733 1881 Deo,
2756 1822 2811 1869 et
2842 1828 3004 1871 nemo
3028 1813 3168 1885 legi;
3208 1814 3459 1884 quoniam
3488 1828 3591 1867 non
3609 1811 3796 1882 justiﬁ-
3878 1845 3881 1848 ‹

2230 1906 2439 1961 cabitur
2470 1907 2666 1977 aliquis
2695 1922 2761 1962 ea:
2808 1908 3050 1977 operibus
3086 1906 3216 1977 legis
3246 1923 3428 1961 coram
3454 1905 3588 1974 Deo,
3611 1906 3710 1962 etsi
3745 1904 3793 1962 in

2229 1998 2402 2054 oculis
2429 1998 2711 2053 hominum
2745 1998 2930 2069 justus
2960 1998 3229 2054 videatur.
3258 1997 3366 2054 Sed
3395 1998 3582 2066 omnis
3604 1997 3694 2069 qui
3720 2001 3795 2053 est

2230 2088 2284 2144 in
2322 2089 2439 2162 lege
2472 2099 2758 2161 permanet
2805 2091 2879 2146 ibi
2928 2106 3079 2158 caro,
3133 2091 3187 2146 id
3224 2100 3312 2147 est
3360 2090 3618 2147 carnalis.
3674 2089 3795 2147 Vere

2228 2196 2390 2238 nemo
2410 2181 2802 2253 justilicabitur
2817 2197 2884 2237 ex
2912 2180 3169 2253 operibus
3192 2180 3349 2252 legis.
3370 2179 3516 2235 Nam
3537 2197 3630 2250 per
3652 2179 3795 2251 legent

2228 2272 2462 2328 habetur
2480 2274 2710 2345 cognitio
2738 2274 2964 2344 peccati,
2990 2282 3047 2328 et
3068 2288 3177 2329 non
3201 2272 3530 2344 justiﬁeatio
3554 2288 3586 2327 a
3612 2285 3791 2342 pecca-

2229 2362 2318 2418 tis.
2351 2361 2489 2429 Quia
2518 2363 2565 2419 si
2591 2363 2780 2433 aliqui,
2814 2371 2876 2418 ut
2898 2361 3111 2434 Moyses
3130 2371 3184 2418 et
3218 2360 3407 2428 David,
3450 2362 3559 2417 sub
3586 2362 3699 2432 lege
3721 2360 3795 2431 jua

2230 2452 2449 2508 stilicati
2481 2460 2630 2519 sunt,
2670 2469 2778 2509 non
2828 2454 2934 2508 hoc
2981 2453 3293 2510 habuerunt
3316 2468 3383 2509 ex
3427 2454 3570 2525 lege,
3595 2452 3686 2508 sed
3712 2465 3795 2524 per

2230 2546 2388 2603 ﬁdem
2420 2547 2649 2615 Christi,
2681 2565 2844 2619 quem
2871 2547 3287 2619 Redemptorem
3325 2547 3622 2604 credebant
3639 2556 3691 2604 et
3713 2562 3796 2603 ex-

2230 2639 2565 2711 spectabant.
2596 2637 2688 2694 Sic
2711 2654 2904 2695 omnes
2923 2637 3058 2709 justi
3094 2640 3198 2695 sub
3227 2638 3398 2696 veteri
3430 2638 3555 2710 lege
3583 2652 3686 2693 non
3714 2650 3797 2707 per

2229 2730 2423 2801 legem,
2457 2731 2551 2786 sed
2583 2745 2679 2800 per
2706 2729 2989 2786 Christum
3015 2731 3300 2802 iustiﬁcati
3331 2739 3485 2799 sunt,
3518 2745 3678 2801 quem
3697 2743 3799 2785 cre-

2229 2823 2419 2879 dentes
2442 2822 2832 2893 exspectabant
2859 2832 3173 2878 venturum.

2300 2910 2440 2970 Nota
2475 2934 2488 2969 :
2513 2915 2570 2970 in
2598 2914 2773 2986 prima
2811 2913 3124 2971 conditione
3149 2914 3409 2981 hominis,
3438 2912 3607 2970 homo
3627 2925 3798 2983 super-

2231 3006 2430 3062 biendo
2456 3005 2563 3078 23
2595 3005 2824 3073 cecidit;
2849 3021 3012 3077 quem
3054 3004 3200 3061 Deus
3227 3005 3321 3059 diu
3352 3004 3703 3075 exspectavit,
3727 3012 3796 3070 ut,

518 3075 609 3141 “ad
639 3084 920 3177 Christum
953 3100 1051 3177 P0?
1081 3086 1262 3142 ίίάθιη·
1300 3084 1421 3177 Qui
1442 3086 1726 3177 θηῖιη-Ῐίάθ
1749 3087 1816 3143 ad
1843 3086 2126 3143 Christum
2156 3112 2201 3177 ο
2233 3097 2277 3153 si
2310 3075 2645 3167 possetrper
2675 3075 2980 3152 naturalem
3006 3095 3341 3151 intellectum
3378 3101 3704 3166 resurgeret.
3728 3086 3798 3146 Ad

544 3177 773 3241 venerit,
805 3176 897 3232 hic
947 3176 1138 3246 utique
1165 3177 1372 3231 bonum
1402 3175 1553 3232 facit.
1584 3174 1706 3232 Non
1733 3186 1819 3233 est
1844 3177 1900 3232 in
1924 3177 2005 3233 eis
2031 3177 2126 3249 qui

544 3266 750 3321 bonum
774 3265 958 3333 faciat,
971 3267 1066 3321 sed
1096 3276 1278 3338 guttur
1297 3284 1475 3322 eorum
1497 3277 1575 3322 est
1596 3278 1779 3339 patens
1798 3267 2127 3339 sepulcrum;

544 3356 693 3427 quod
717 3357 947 3427 receptis
977 3357 1335 3413 cadaveribus
1378 3358 1529 3427 fetet,
1564 3369 1621 3415 et
1650 3361 1830 3417 adhuc
1878 3360 1944 3416 ad
1982 3362 2126 3418 reci-

546 3447 742 3517 pienda
771 3448 1037 3503 cadavera
1063 3456 1230 3519 patet.
1264 3446 1358 3504 Sic
1395 3448 1472 3503 illi
1512 3457 1568 3504 et
1592 3450 1661 3505 de
1695 3450 1975 3521 prioribus
1996 3467 2127 3522 pec-

547 3540 684 3595 catis
714 3537 901 3604 fetent,
928 3547 982 3593 et
1023 3538 1204 3594 adhuc
1245 3539 1312 3594 ad
1338 3539 1602 3609 patranda
1636 3542 1842 3597 swlera
1873 3541 2126 3610 inhiant;

547 3635 602 3684 et
629 3626 796 3699 (quod
831 3636 1016 3698 aperte
1052 3626 1233 3685 facere
1259 3643 1366 3683 non
1396 3629 1649 3701 possunt)
1673 3630 1907 3702 agebant
1931 3631 2129 3704 linguis

549 3720 657 3774 suis
692 3718 870 3773 dolose
894 3718 1071 3791 (Psal.
1102 3728 1222 3785 χιιι,
1258 3710 1506 3789 exulat),
1557 3721 1705 3777 aliud
1738 3722 2050 3793 cogitando,
2076 3733 2132 3779 et

538 3809 696 3866 aliud
727 3810 1059 3877 simulando,
1095 3820 1144 3863 et
1188 3811 1283 3864 sub
1317 3810 1476 3867 labiis
1503 3828 1685 3867 eorum
1710 3812 1892 3885 (Deut.
1930 3816 2127 3887 χχχιι),

549 3901 604 3955 ιιι
654 3909 739 3956 est
795 3901 852 3955 in
902 3901 1067 3957 corde
1095 3901 1242 3971 quod
1269 3908 1355 3958 cst
1400 3903 1504 3958 sub
1532 3903 1714 3970 labiis,
1766 3911 1851 3960 est
1880 3920 2128 3961 venenum

549 3992 794 4061 aspidum
808 3990 1104 4047 insanabile
1122 4008 1140 4045 :
1167 3992 1296 4063 quia
1320 4008 1504 4061 nemo,
1527 3994 1769 4065 quandiu
1791 3997 2133 4052 consenserit

553 4081 682 4148 illis,
699 4083 899 4151 poterit
913 4082 1115 4138 sanari.
1136 4082 1208 4139 0s
1228 4080 1450 4154 quorum
1472 4083 1787 4141 Iudaeorum
1812 4087 2025 4157 plenum
2051 4097 2129 4143 est

552 4171 940 4227 maledictione.
980 4170 1372 4229 Maledicebant
1411 4175 1558 4229 enim
1602 4175 1845 4245 Christo,
1886 4177 2132 4236 dicentes

552 4275 680 4314 eum
724 4258 895 4314 tilium
928 4259 1089 4327 fabri,
1136 4269 1192 4317 et
1220 4262 1441 4317 similia.
1470 4260 1701 4318 Plenum
1729 4273 1813 4321 est
1858 4265 2022 4321 etiam
2065 4281 2130 4323 os

551 4365 745 4406 eorum
777 4352 1136 4407 amaritudine
1159 4352 1391 4420 (Psalm.
1422 4353 1522 4426 ιιι).
1548 4354 1749 4412 Amara
1779 4358 1944 4413 verba
1979 4358 2130 4414 dice-

2233 3187 2379 3259 quod
2401 3196 2692 3258 postquam
2716 3188 2882 3243 homo
2924 3203 2983 3243 se
3008 3186 3340 3243 ineﬂicaeem
3365 3185 3651 3257 comperit,
3681 3183 3803 3240 dixit

2234 3278 2384 3350 quia,
2410 3278 2456 3334 si
2479 3277 2652 3349 legem
2686 3277 2933 3345 haberet,
2969 3278 3258 3348 perquam
3300 3276 3443 3331 mala
3486 3291 3522 3331 a
3562 3274 3733 3341 bonis,
3755 3282 3801 3327 et

2233 3386 2265 3426 e
2286 3385 2554 3426 converso
2582 3369 2723 3425 bona
2755 3385 2787 3424 a
2819 3369 2977 3424 malis
2996 3369 3351 3436 discerneret,
3381 3369 3464 3424 sic
3488 3368 3700 3425 tandem
3727 3381 3801 3420 re-

2233 3476 2456 3533 surgere
2482 3471 2683 3531 posset.
2712 3458 2856 3517 Dcus
2882 3468 3087 3527 autem,
3107 3469 3166 3515 ut
3192 3459 3471 3515 hominem
3503 3459 3699 3530 ubique
3718 3471 3802 3528 per

2234 3566 2293 3608 se
2323 3551 2675 3621 impotentem
2706 3550 3038 3619 ostenderet,
3082 3550 3233 3606 dedit
3271 3549 3444 3622 legem
3471 3565 3583 3622 qua
3618 3551 3750 3606 bona
3773 3560 3801 3601 a

2233 3642 2394 3698 malis
2423 3641 2735 3698 discernere
2758 3651 2976 3713 posset;
3010 3657 3111 3698 nec
3137 3649 3316 3698 tamen
3357 3642 3439 3698 sic
3465 3640 3684 3697 liberari
3712 3653 3801 3709 po-

2234 3733 2356 3789 tuit.
2400 3731 2543 3789 Deus
2578 3734 2767 3803 utique
2802 3734 2882 3790 sic
2909 3732 3157 3789 futurum
3194 3734 3263 3790 de
3300 3734 3525 3791 homine
3557 3734 3691 3790 bene
3720 3746 3800 3788 eo-

2233 3833 2515 3896 gnoverat,
2551 3823 2644 3880 sed
2676 3839 2776 3894 pro
2799 3832 2928 3880 voto
2959 3823 3201 3880 hominis
3229 3832 3284 3879 et
3328 3825 3635 3881 naturalem
3661 3822 3803 3879 intel‘

2234 3915 2436 3972 lectum
2492 3915 2719 3984 dimisit,
2760 3925 2817 3972 et
2872 3924 3058 3988 postea
3103 3917 3277 3988 legem
3326 3916 3576 3985 indulsit,
3616 3926 3694 3982 ut,
3715 3926 3802 3985 per

2234 4007 2351 4063 haec
2388 4022 2651 4064 concessa
2693 4023 2803 4064 non
2833 4008 3117 4075 liberatus,
3148 4009 3392 4066 crederet
3426 4024 3488 4065 se
3522 4008 3657 4064 nihil
3688 4020 3803 4068 esse

2235 4115 2332 4171 per
2362 4115 2421 4157 se
2436 4140 2452 4167 ,
2483 4109 2538 4156 et
2558 4098 2639 4156 sic
2660 4101 2728 4156 ad
2759 4101 2990 4172 gratiam
3011 4100 3105 4155 Dei
3129 4099 3466 4173 confugeret,
3490 4116 3656 4173 quam
3673 4098 3802 4154 Deus

2232 4201 2358 4264 post
2380 4192 2683 4248 naturalem
2713 4191 3067 4260 intellectum,
3099 4201 3223 4262 post
3252 4193 3447 4264 legem,
3474 4208 3601 4264 quas
3630 4191 3696 4247 ad
3723 4189 3803 4260 ju-

2238 4285 2621 4342 stiﬁcationem
2645 4299 2754 4339 non
2782 4282 3141 4350 suﬂiciebant,
3165 4284 3553 4340 convenienter
3572 4280 3801 4345 indulsit,

2234 4378 2524 4445 postquam
2541 4373 2656 4444 jam
2675 4388 2776 4429 nec
2788 4372 2967 4443 putari
2981 4381 3193 4443 poterat
3211 4372 3355 4429 aliud
3372 4389 3548 4445 genus
3560 4371 3803 4429 salvatio-

553 4444 708 4521 bant,
736 4443 1095 4500 inclamantes
1130 4464 1142 4500 :
1175 4444 1456 4518 Ct'uciﬁge,
1488 4448 1735 4518 cruci/ige
1774 4466 1894 4503 eum
1934 4449 2129 4520 (Marc.

2234 4443 2340 4521 nis.
2361 4443 2426 4518 Et
2439 4443 2566 4533 quia
2581 4462 2860 4534 perlegem
2878 4462 2991 4518 sola
3006 4462 3243 4534 cognitio
3256 4443 3487 4532 peccati,
3500 4463 3666 4534 igitur
3679 4471 3802 4515 nunc

552 4548 609 4599 χ,
642 4542 698 4588 et
720 4532 855 4588 Luc.
883 4534 1062 4604 xxiii).
1104 4533 1169 4589 Et
1194 4535 1369 4604 pedes,
1414 4536 1467 4591 id
1496 4545 1582 4592 est
1605 4536 1917 4595 all‘ectiones
1949 4555 2129 4595 eorum

551 4621 886 4691 Judaaorum,
915 4634 1044 4680 sunt
1073 4624 1268 4680 celoces
1299 4626 1369 4680 ad
1392 4627 1767 4696 effundendum
1797 4631 2126 4701 sanguinem.

550 4714 712 4774 Prius
735 4718 880 4772 enim
912 4718 1192 4773 voluntate
1217 4718 1523 4774 elTuderunt
1557 4720 1879 4792 sanguinem
1902 4721 2129 4791 Christi,

552 4826 716 4879 quam
750 4820 895 4865 actu.
927 4810 991 4865 Et
1013 4811 1141 4882 quia
1164 4811 1300 4867 adeo
1326 4811 1499 4882 iniqui
1522 4821 1669 4881 sunt,
1694 4813 1817 4870 ideo
1845 4815 1902 4868 in
1926 4816 2045 4883 viis,
2077 4816 2133 4871 id

554 4908 640 4955 est
663 4902 938 4970 operibus,
973 4919 1156 4957 eorum
1190 4912 1266 4959 est
1312 4904 1581 4972 contritio,
1622 4904 1676 4960 id
1703 4914 1789 4961 est
1810 4906 2009 4962 misera
2038 4921 2135 4977 per

556 4992 745 5047 orbem
796 5008 987 5048 eorum
1035 4995 1326 5066 dispersio,
1379 4994 1522 5052 facta
1567 5012 1664 5068 per
1711 4996 2006 5054 Romanos.
2039 4995 2137 5054 Est

557 5082 721 5138 etiam
752 5082 805 5136 in
835 5084 1095 5152 operibus
1123 5102 1312 5142 eorum
1356 5087 1672 5159 infelicitas,
1711 5089 1762 5143 id
1794 5098 1880 5144 est
1924 5089 2134 5144 anima-

559 5191 682 5231 rum
710 5175 1008 5243 damnatio,
1038 5191 1165 5247 qua:
1200 5177 1317 5233 sola
1352 5179 1641 5235 infelicitas
1675 5180 1903 5236 dicenda
1936 5189 2039 5237 est.
2069 5179 2137 5235 Et

561 5268 666 5322 hoc
698 5273 873 5320 totum
902 5265 1006 5321 fuit
1032 5267 1113 5322 eis
1165 5267 1307 5340 ideo,
1336 5270 1464 5338 quia
1494 5286 1824 5341 cognoscere
1854 5272 2134 5326 noluerunt

559 5357 699 5412 uiam
722 5358 892 5428 pacis,
917 5357 970 5413 id
991 5365 1073 5414 est
1098 5356 1510 5429 Christum,per
1535 5377 1696 5432 quem
1728 5362 1835 5419 itur
1861 5364 1928 5419 ad
1946 5379 2135 5420 veram

560 5461 770 5518 pacem.
810 5446 875 5501 Et
908 5447 1052 5502 sicut
1094 5462 1203 5502 non
1235 5459 1605 5521 cognoverunt
1649 5467 1775 5507 eum
1822 5454 2134 5521 dilectione,

562 5536 644 5591 sic
671 5554 769 5593 nec
790 5539 953 5593 etiam
987 5539 1201 5595 timore.
1234 5539 1356 5595 Non
1378 5552 1454 5596 est
1501 5543 1647 5598 enim
1694 5545 1854 5599 timor
1892 5545 1991 5600 Dei
2016 5556 2138 5601 ante

563 5629 742 5708 oculos
788 5648 970 5685 eorum
992 5648 1010 5687 :
1033 5632 1162 5703 quia
1211 5634 1426 5690 etiamsi
1457 5635 1510 5690 in
1539 5645 1732 5692 natura
1766 5639 2014 5695 timorem
2041 5639 2136 5696 Dei

564 5718 848 5788 haberent,
871 5732 921 5778 et
952 5722 1120 5779 Deum
1152 5724 1451 5782 timendum
1481 5744 1602 5783 esse
1646 5728 1782 5783 bene
1824 5730 2136 5787 reminisce.

2234 4561 2451 4610 tandem
2470 4557 2575 4609 hoc
2590 4562 2832 4620 ostenso,
2846 4555 2991 4607 mani
2996 4554 3129 4623 festa
3130 4554 3350 4623 justitia
3362 4564 3438 4608 est
3451 4554 3549 4609 Dei
3564 4557 3672 4609 sine
3683 4554 3801 4624 lege,

2233 4647 2286 4703 id
2307 4655 2392 4702 est
2413 4654 2660 4716 apertum
2680 4653 2765 4701 est
2774 4643 2944 4702 Deum
2960 4645 3262 4716 justilicare
3280 4646 3586 4714 credentes,
3612 4662 3702 4717 per
3720 4661 3801 4698 se-

2234 4737 2341 4792 lam
2358 4737 2586 4807 gratiam
2608 4735 2726 4790 sine
2747 4735 2897 4790 omni
2925 4736 3059 4807 lege.
3078 4734 3212 4790 Illud
3230 4746 3412 4792 autem
3425 4736 3685 4792 illativum
3701 4742 3800 4789 est:

2232 4826 2581 4898 qumjustitia
2604 4825 2697 4881 Dei
2720 4828 3005 4896 testiﬁcata
3025 4836 3109 4883 est
3128 4843 3225 4898 per
3237 4829 3467 4900 gratiam
3489 4827 3627 4893 ﬁeri,
3656 4845 3687 4882 a
3706 4825 3804 4894 lege

2236 4904 2408 4988 Moysi
2431 4924 2522 4970 eta
2545 4917 2755 4972 caeteris
2770 4915 3307 4986 prophetis.Probato
3321 4917 3469 4987 quod
3481 4916 3694 4987 justitia
3718 4913 3802 4967 Dei

2235 5007 2457 5064 ﬁatsinc
2467 5008 2602 5080 lege,
2629 5007 3017 5079 subjungitper
3028 5024 3151 5080 quae
3161 5009 3254 5063 tiat
3274 5026 3286 5063 :
3312 5026 3407 5079 per
3418 5010 3577 5066 ﬁdem
3591 5009 3801 5068 scilicet,

2233 5108 2290 5155 et
2316 5114 2410 5170 per
2431 5099 2754 5155 eliusionem
2785 5099 3067 5171 sanguinis
3090 5094 3325 5165 Christi,
3357 5101 3576 5157 dicens:
3599 5097 3801 5154 Justitia

2236 5188 2331 5246 Dei
2358 5207 2466 5246 non
2496 5191 2555 5247 lit
2588 5206 2684 5260 per
2714 5191 2886 5262 legem
2901 5233 2925 5264 ,θ
2941 5193 3036 5261 sed
3058 5193 3117 5246 lit
3149 5210 3242 5263 per
3272 5193 3432 5263 ﬁdem
3459 5192 3587 5248 Iesu
3616 5190 3800 5247 Christi

2236 5280 2293 5334 in
2316 5297 2493 5335 omnes
2518 5280 2640 5335 illos
2664 5282 2753 5351 qui
2781 5284 3021 5337 credunt.
3048 5282 3374 5354 Quicunque
3404 5284 3548 5340 enim
3577 5283 3631 5359 in
3652 5278 3797 5335 Chri‘

2238 5383 2383 5428 stum
2412 5373 2605 5440 credit,
2631 5373 3022 5443 justilicabitur
3046 5390 3074 5429 a
3098 5376 3357 5445 peccatis,
3383 5386 3434 5432 et
3468 5377 3631 5431 etiam
3657 5387 3801 5441 super
3884 5371 3895 5387 ‘

2239 5477 2454 5527 omnes;
2501 5462 2629 5532 quia
2661 5461 2990 5532 justilicatus
3033 5479 3313 5534 nunquam
3364 5473 3571 5519 tantum
3616 5457 3801 5517 mereri

2240 5561 2436 5621 potcSt,
2488 5553 2619 5623 quin
2660 5554 2831 5624 gratia
2874 5553 2968 5609 Dei
3016 5555 3272 5610 meritum
3310 5555 3432 5626 ejus
3468 5550 3799 5611 retribuendo

2243 5652 2480 5709 superet.
2519 5639 2656 5696 Vero
2696 5657 2887 5698 omnes
2919 5643 3289 5713 justiﬁcantur
3318 5661 3413 5714 per
3450 5644 3627 5704 ﬁdem.
3668 5639 3799 5694 Nam

2246 5747 2345 5783 non
2384 5741 2457 5784 est
2508 5731 2801 5799 distinctio,
2842 5742 2901 5787 ut
2932 5734 3019 5789 hic
3045 5734 3373 5804 iustiﬁcetur
3412 5753 3499 5805 per
3538 5733 3796 5791 meritum,
