3978 6420
175 336 238 398 Η

816 331 1183 391 EXPOSITIO
1218 324 1288 388 1N
1325 331 1708 399 EPISTOLAS
1744 330 1976 391 PAULI.
2015 356 2086 373 —-
2121 329 2191 387 IN
2227 315 2451 388 EPIST.
2494 332 2586 386 AD
2625 327 2791 389 non.

3371 333 3445 395 ιι

175 450 265 511 hic
285 462 390 522 per
414 446 672 520 gratiam,
701 452 987 516 propterea
1015 460 1125 504 non
1169 454 1256 503 est
1297 445 1602 514 distinctio,
1629 445 1765 517 quia
1792 451 1839 508 Α
1863 445 1948 518 An
1967 444 2115 501 enim
2132 443 2281 500 .Deus
2307 454 2522 502 creator
2543 454 2630 502 est
2653 455 2859 501 tantum
2879 432 3229 511 Judaei-um?
3254 451 3445 510 Nonne

168 555 371 605 oms,
399 535 697 593 tamJudiei
722 551 887 606 quam
915 535 1167 607 gentiles,
1195 543 1637 613 peccaverunt,ut
1662 551 1760 591 su—

172 646 269 704 pra
290 639 580 686 ostensum
606 634 800 693 est;.et
835 626 957 681 ideo
977 642 1154 685 omnes
1182 635 1331 699 egent
1356 626 1534 697 gloria
1560 626 1681 682 Dei.
1707 625 1763 685 id

171 730 255 780 est
266 721 565 793 justiﬁcari
587 736 685 792 per
707 719 881 776 Deum
903 738 917 775 :
942 719 1000 774 in
1020 735 1131 791 qua
1152 735 1213 777 re
1237 721 1763 800 gloriosusapparet

171 812 338 870 Deus.

238 903 489 977 ﬁgebant
528 904 720 976 utique
764 902 941 976 gloria
979 903 1107 973 Dei,
1145 904 1275 976 quia
1303 904 1593 975 justiﬁcati
1632 911 1763 961 sunt

168 997 341 1068 gratis
364 995 487 1051 sine
511 995 713 1051 merito
733 1008 927 1051 eorum
948 1011 962 1062 ;
999 1011 1093 1064 per
1125 995 1357 1066 gratiam
1386 995 1577 1065 ipsius,
1602 994 1657 1051 id
1675 1002 1763 1051 est

168 1102 266 1159 per
293 1085 621 1143 effusionem
647 1085 822 1142 sancti
852 1084 1112 1156 Spiritus,
1141 1086 1300 1157 cujus
1327 1086 1504 1159 gratia
1531 1086 1658 1142 data
1677 1093 1762 1142 est

166 1195 261 1251 per
284 1177 686 1249 praecedentem
727 1177 1160 1248 redemptionem,
1188 1193 1306 1248 qua:
1338 1185 1416 1232 est
1459 1177 1516 1230 in
1547 1175 1759 1232 Christo

166 1271 317 1340 Iesu,
345 1271 404 1327 id
442 1278 529 1327 est
572 1286 672 1341 per
702 1270 893 1326 datum
920 1266 1154 1340 pretium
1186 1269 1472 1342 sanguinis
1510 1268 1713 1325 Christi
1741 1284 1757 1325 :

166 1379 320 1435 quem
347 1361 541 1418 Jesum
565 1360 707 1415 Deus
728 1359 890 1416 Pater
909 1362 1206 1431 proposuit,
1220 1360 1275 1415 id
1298 1368 1382 1416 est
1403 1361 1459 1414 in
1477 1361 1761 1431 propatulo

167 1455 451 1511 hominem
486 1453 693 1510 factum
720 1453 928 1508 mundo
959 1453 1215 1523 exposuit
1238 1453 1661 1523 propitiatorem.
1699 1451 1761 1507 In

164 1542 393 1601 Christo
411 1545 559 1601 enim
586 1544 732 1601 Deus
763 1541 1093 1615 propitiatus
1121 1552 1205 1599 est
1227 1544 1432 1599 mundo
1457 1560 1551 1614 per
1578 1543 1758 1613 ﬁdem,

166 1636 221 1693 id
247 1645 337 1693 est
370 1637 459 1694 his
486 1637 584 1708 qui
617 1651 811 1693 sanam
838 1636 1002 1692 ﬁdem
1029 1637 1096 1692 de
1123 1635 1345 1692 Christo
1372 1626 1595 1692 habent.
1626 1635 1763 1692 Pro-

165 1728 483 1801 phiatOrem
502 1729 667 1785 etiam
695 1729 753 1782 in
778 1729 1037 1800 sanguine
1056 1728 1224 1799 ipsius
1245 1726 1482 1796 Christi;
1507 1728 1636 1800 quia
1660 1742 1763 1784 nec

163 1822 303 1879 ﬁdes,
321 1820 446 1878 sine
474 1820 745 1878 eﬁ‘usione
776 1820 1085 1892 sanguinis,
1114 1835 1217 1877 nec
1240 1820 1466 1892 sanguis
1498 1822 1620 1877 sine
1652 1822 1760 1878 ﬁde

163 1912 235 1968 ad
279 1912 869 1988 salutem‘proﬁceret.
912 1911 1059 1970 Deus
1107 1912 1299 1985 utique
1352 1912 1436 1971 sic
1474 1915 1765 1993 proposuit

165 2001 457 2061 Christum
484 2005 556 2081 ad
585 2007 937 2061 ostensionem
966 2005 1221 2076 justitire,
1261 2006 1317 2062 id
1344 2014 1449 2075 est,
1478 2016 1542 2062 ut
1575 2015 1761 2064 osten-

164 2094 319 2151 deret
343 2110 407 2151 se
421 2096 637 2167 justum
665 2104 721 2152 et
742 2112 1015 2165 veracem,
1045 2109 1256 2168 propter
1279 2098 1641 2154 remissionem
1664 2099 1759 2154 de-

164 2181 419 2239 lictorum
442 2185 880 2257 prwcedentium,
921 2187 976 2242 id
1008 2196 1115 2255 est,
1148 2196 1209 2243 ut
1235 2189 1537 2246 remitteret
1564 2189 1761 2246 delicta

163 2277 402 2334 Abrahae
432 2288 489 2334 et
523 2278 829 2350 justorum,
867 2280 1231 2351 praecedentia
1277 2282 1335 2335 in
1376 2284 1761 2339 sustentatione

165 2366 283 2423 Dei.
317 2366 466 2425 Deus
496 2369 647 2426 enim
675 2370 872 2427 delicta
899 2386 1093 2428 eorum
1117 2386 1245 2429 cum
1274 2371 1468 2429 ﬁerent
1493 2373 1762 2445 patienter

162 2459 453 2527 susﬁnuit,
476 2460 653 2518 donec
681 2462 736 2517 in
763 2472 1009 2520 temnere
1034 2463 1222 2536 gratiae
1257 2472 1517 2536 purgaret
1541 2465 1666 2521 illos
1691 2465 1761 2521 ab

166 2550 267 2608 eis.
298 2550 597 2624 Proposuit
641 2554 809 2610 etiam
837 2554 986 2612 Deus
1026 2541 1310 2613 Christum
1348 2555 1762 2627 propitiatorem

166 2644 234 2699 ad
260 2646 620 2701 ostensionem
644 2646 900 2717 justitile,
934 2647 989 2705 id
1035 2656 1141 2717 est,
1172 2648 1585 2720 justiﬁcationis
1622 2649 1759 2720 ejus,

166 2738 400 2806 scilicet,
442 2747 507 2795 ut
548 2740 605 2794 in
649 2739 747 2794 hoc
800 2748 1029 2813 tempore
1072 2741 1263 2815 gratia:
1293 2742 1572 2798 omnibus
1626 2742 1763 2800 satis

167 2840 456 2888 ostensum
504 2840 680 2901 esset;
725 2848 849 2890 cum
891 2848 1069 2905 neque
1112 2833 1381 2910 naturalis
1430 2834 1761 2903 intellectus,

167 2937 347 2994 neque
389 2922 479 2978 lex
516 2922 645 2978 data
682 2938 715 2978 a
756 2923 980 2997 vinculo
1026 2923 1236 2996 peccati
1279 2924 1571 2992 limaret,
1614 2924 1763 2996 quod

164 3014 318 3071 solus
343 3013 496 3071 Deus
520 3014 828 3087 justiﬁcare
866 3025 1071 3088 posset.
1106 3015 1241 3086 Hoc,
1287 3016 1537 3087 inquam,
1572 3004 1760 3072 oSten-

164 3106 390 3164 deretur
423 3118 484 3162 ut
504 3108 577 3164 sit
596 3106 740 3165 Deus
762 3109 878 3179 ipse
896 3109 1099 3180 justus,
1130 3109 1185 3164 id
1205 3117 1309 3175 est,
1341 3124 1503 3165 verax
1536 3109 1595 3164 in
1619 3124 1765 3165 com-

164 3200 409 3270 pletione
448 3199 887 3271 promissorum;
930 3210 981 3255 et
1022 3209 1083 3256 ut
1112 3201 1184 3258 sit
1202 3201 1511 3272 justiﬁcans
1543 3215 1763 3256 omnem

163 3306 284 3346 eum
310 3306 344 3347 a
368 3291 613 3363 peccatis
633 3293 723 3363 qui
751 3300 829 3347 est
852 3309 918 3347 ea:
941 3293 1047 3363 ﬁde
1078 3292 1209 3348 Iesu
1247 3292 1476 3348 Christi.‘
1498 3291 1761 3360 Quando-

165 3384 391 3454 quidem
428 3385 523 3457 (ut
556 3401 724 3456 supra
749 3385 1041 3456 probatum
1067 3385 1182 3458 est)
1221 3387 1403 3443 omnis
1423 3385 1640 3458 justitia
1666 3400 1764 3455 per

166 3473 329 3530 ﬁdem
351 3483 554 3550 est,et
584 3475 641 3530 in
671 3489 884 3532 omnes.
925 3474 1047 3532 Non
1084 3476 1233 3532 enim
1276 3475 1631 3552 distinguitur
1666 3474 1765 3530 Ju-

164 3566 321 3623 d'eus
346 3582 381 3625 a
406 3566 622 3640 gentili,
641 3583 772 3623 cum
801 3582 993 3624 omnes
1015 3583 1170 3639 mque
1202 3569 1580 3639 peccaverint;
1610 3582 1761 3639 ergo,

165 3672 198 3712 o
226 3657 444 3726 Iudaee,
476 3657 568 3712 ubi
594 3667 673 3713 est
713 3667 805 3713 tua
836 3658 1132 3730 gloriatio?
1153 3657 1275 3715 Non
1307 3659 1404 3715 tibi
1434 3659 1765 3731 relinquitur

164 3750 311 3808 unde
332 3751 457 3822 jam
495 3749 747 3823 glorieris
781 3748 836 3806 in
872 3751 1008 3823 lege,
1040 3767 1165 3807 cum
1190 3767 1288 3823 per
1315 3752 1487 3825 legem
1508 3754 1657 3808 nulla
1694 3753 1767 3809 sit

164 3843 516 3915 justiﬁcatio,
548 3844 645 3901 sed
668 3843 849 3901 omnis
878 3860 976 3916 per
996 3845 1181 3901 ﬁdem.
1208 3843 1500 3915 Propterea
1524 3844 1762 3912 exclusa,

169 3936 225 3992 id
243 3946 332 3993 est
352 3936 541 3992 ablata
571 3946 649 3992 est
678 3945 773 3993 tua
799 3936 1072 4011 gloriatio,
1096 3952 1205 4010 qua
1232 3953 1329 4009 per
1354 3938 1525 4009 legem
1553 3946 1606 3992 te
1626 3952 1765 4007 prae-

169 4025 386 4086 ferebas
415 4028 629 4102 gentili.
657 4028 765 4086 Sed
794 4046 886 4101 per
914 4046 1077 4102 quam
1103 4030 1266 4102 legem
1293 4030 1515 4086 exclusa
1541 4038 1625 4087 est
1649 4029 1766 4100 glo-

167 4120 406 4178 riﬁcatio
436 4130 547 4177 tuae
569 4122 744 4193 legis?
768 4121 854 4178 An
896 4137 993 4193 per
1026 4122 1263 4179 similem
1295 4122 1466 4193 legem
1499 4105 1764 4192 factorum

168 4212 351 4269 ablata
376 4213 499 4270 est?
527 4212 639 4270 Lex
663 4224 821 4271 vetus
841 4224 960 4271 erat
989 4215 1076 4270 lex
1110 4213 1413 4280 factorum;
1444 4213 1573 4284 quia
1608 4212 1764 4269 simi-

170 4302 294 4361 liter
313 4319 549 4361 necesse
570 4313 690 4361 erat
716 4305 772 4360 in
797 4320 863 4361 ea
896 4305 1113 4376 operari
1149 4294 1505 4372 immolando,
1538 4313 1766 4383 caeteros

169 4395 309 4453 ritus
336 4396 598 4472 carnales
623 4396 987 4466 observando,
1013 4397 1162 4453 velut
1184 4397 1241 4452 in
1271 4412 1405 4468 agro
1433 4406 1528 4452 aut
1550 4396 1660 4469 24
1684 4396 1765 4452 vi-

1788 1792 1836 1853 Β

1789 3136 1836 3201 C

1862 537 2005 594 sicut
2037 536 2348 597 Judaeorum
2378 538 2453 592 ita
2487 549 2538 593 et
2570 540 2803 609 gentium
2824 548 3039 595 creator
3061 542 3176 597 est?
3196 542 3318 599 Non
3347 537 3442 602 sn-

1861 625 1975 682 lum
2012 625 2347 695 Judieorum,
2378 627 2483 683 imo
2508 629 2674 684 etiam
2713 631 2947 700 gentium
2977 629 3122 687 Deus
3155 641 3257 688 est.
3300 633 3442 700 Quia

1861 706 1911 789 si
1942 734 2098 791 aeque
2140 719 2370 790 gentiles
2409 720 2617 775 creavit
2654 729 2716 776 ut
2751 719 2990 795 Judaeos,
3015 731 3233 779 constat
3266 723 3442 783 Deum

1859 819 2125 880 utrosque
2151 809 2291 865 velle
2313 810 2594 880 aequaliter
2626 812 2857 868 salvare.
2891 810 3032 869 Vere
3061 814 3154 883 qui
3186 814 3330 873 Deus
3360 826 3447 873 est

1860 895 2197 974 Judaeorum,
2221 908 2307 955 est
2333 899 2479 956 Deus
2499 901 2770 972 gentium;
2802 905 3054 975 quoniam
3073 906 3283 976 quidem
3306 925 3443 963 unus

1860 1000 1938 1047 est
1970 991 2111 1069 Deus
2153 992 2418 1048 omnium.
2455 992 2593 1060 Quia
2633 994 2680 1050 si
2715 1012 2859 1052 unus
2897 1004 3110 1053 tantum
3155 1007 3241 1054 est
3275 996 3442 1068 Deus,

1860 1092 2078 1142 constat
2111 1084 2365 1140 eumdem
2393 1100 2516 1141 esse
2559 1085 2730 1141 Deum
2773 1087 3016 1158 gentium
3054 1105 3218 1155 quem
3258 1099 3313 1146 et
3346 1090 3446 1146 Ju-

1860 1175 2123 1231 daeorum.
2158 1174 2595 1247 Quandoquidem
2623 1195 2758 1232 unus
2782 1180 3022 1251 gentium
3051 1190 3105 1237 et
3129 1182 3446 1242 Iudaeorum

1860 1276 1945 1325 est
1967 1267 2212 1335 Creator,
2242 1277 2459 1325 constat
2485 1269 2632 1340 quod
2653 1271 2744 1326 hic
2764 1287 2909 1326 unus
2937 1271 3080 1326 idem
3107 1278 3206 1339 est,
3236 1273 3328 1343 qui
3346 1273 3446 1342 ju-

1860 1360 2113 1430 stiﬁcavit
2153 1361 2626 1427 circumcisionem,
2668 1361 2720 1416 id
2759 1372 2843 1418 est
2888 1361 3105 1419 Iudaeos
3132 1380 3196 1417 ea:
3236 1365 3361 1434 ﬁde,
3392 1373 3448 1419 et

1860 1466 1971 1521 non
2000 1466 2094 1522 per
2116 1450 2310 1522 legem,
2340 1460 2391 1505 et
2423 1452 2516 1522 qui
2542 1451 2862 1521 justiﬁcavit
2894 1455 3232 1524 praeputium,
3278 1456 3332 1511 id
3362 1465 3447 1512 est

1862 1543 2090 1617 gentiles
2133 1542 2383 1599 similiter
2415 1560 2508 1614 per
2535 1544 2714 1614 ﬁdem.
2764 1527 2830 1598 iii
2864 1544 2957 1615 qui
2987 1545 3315 1601 insidiantur
3352 1547 3444 1601 ιιι-

1859 1642 2020 1702 teras,
2066 1634 2255 1690 dicunt
2301 1635 2563 1706 quiddam
2595 1636 2909 1707 expressius
2956 1637 3158 1705 notari,
3201 1654 3298 1708 per
3339 1639 3451 1694 hoc

1861 1726 2009 1796 quod
2029 1725 2107 1781 ait
2136 1742 2204 1783 ex
2234 1726 2358 1796 ﬁde,
2389 1743 2557 1798 quam
2583 1729 2676 1795 ubi
2702 1728 2779 1784 ait
2805 1745 2902 1800 per
2929 1730 3111 1785 ﬁdem.
3144 1728 3271 1785 Vult
3297 1731 3448 1786 enim

1861 1816 2149 1888 designare
2189 1817 2379 1875 dicens
2412 1834 2481 1874 ex
2520 1819 2647 1887 ﬁde,
2688 1821 2835 1891 quod
2869 1835 2972 1876 nec
3017 1820 3181 1875 etiam
3226 1818 3448 1892 aliquod

1861 1905 2080 1975 initium
2097 1907 2512 1980 justiﬁcationis
2538 1909 2847 1966 habuerint
2869 1909 3043 1967 Judmi
3086 1911 3193 1966 nisi
3226 1927 3293 1968 ex
3322 1912 3447 1968 ﬁde.

1862 1994 1939 2053 De
1972 1999 2225 2069 gentibus
2264 2015 2394 2054 vero
2435 2001 2565 2070 quia
2597 1998 2746 2056 nulla
2775 2010 2892 2058 erat
2919 2003 3193 2069 dubietas,
3222 2019 3332 2058 non
3362 2004 3444 2060 sic

1860 2087 2150 2159 expressit.
2180 2085 2284 2142 Sed
2312 2087 2654 2158 Augustinus
2683 2090 2817 2144 dicit
2848 2091 3197 2161 mquipollere
3230 2106 3297 2146 ex
3341 2092 3448 2148 ﬁde

1860 2185 1917 2258 et
1939 2193 2038 2248 per
2070 2178 2252 2247 ﬁdem,
2283 2194 2410 2234 cum
2444 2179 2573 2236 alibi
2598 2180 2742 2236 dicat
2768 2180 3064 2251 Apostolus
3097 2181 3315 2239 Judaeos
3350 2199 3450 2253 per

1861 2268 2045 2338 ﬁdem,
2076 2271 2306 2342 gentiles
2337 2286 2405 2326 ex
2440 2270 2546 2327 ﬁde
2573 2270 2886 2342 justiﬁcari.
2930 2272 2999 2328 Et
3040 2274 3169 2345 quia
3211 2275 3452 2331 dicimus

1861 2376 1960 2432 per
1979 2360 2141 2417 ﬁdem
2163 2363 2337 2419 solam
2355 2363 2649 2434 justiﬁcari
2673 2364 2791 2420 sine
2816 2365 3075 2435 operibus
3098 2366 3232 2438 legis
3256 2409 3277 2437 ,ἢ
3299 2382 3447 2437 ergo,

1862 2452 1918 2509 id
1947 2464 2026 2509 est
2054 2469 2124 2509 an
2154 2462 2377 2525 propter
2404 2454 2508 2510 hoc
2529 2454 2851 2509 destruimus
2883 2454 3045 2526 legem
3068 2472 3160 2526 per
3180 2455 3339 2525 ﬁdem
3360 2456 3453 2511 in-

1861 2543 2117 2601 ductam?
2136 2545 2290 2600 Absit
2322 2547 2428 2602 hoc
2456 2554 2518 2601 ut
2539 2545 2676 2602 ﬁdes
2696 2547 2870 2618 legem
2891 2547 3168 2603 destruat!
3200 2546 3311 2603 Nos
3338 2549 3451 2604 uti-

1862 2651 1970 2707 que
1995 2653 2106 2693 non
2127 2636 2486 2705 destruimus,
2508 2637 2598 2692 sed
2622 2637 2805 2708 potius
2828 2639 3135 2707 statuimus,
3158 2638 3215 2694 id
3240 2646 3323 2696 est
3343 2647 3454 2696 sta-

1861 2727 2028 2784 bilem
2053 2737 2108 2785 et
2150 2730 2420 2786 valentem
2451 2730 2876 2801 comprobamus
2904 2728 3075 2787 fuisse
3111 2731 3294 2801 legem.
3330 2730 3451 2787 Nisi

1863 2816 2011 2876 enim
2037 2820 2173 2877 ﬁdes
2197 2831 2517 2893 sequeretur
2541 2814 2664 2894 quae
2683 2821 3032 2894 justiﬁcaret,
3062 2839 3164 2894 pro
3187 2831 3337 2879 certo
3362 2824 3452 2880 lex

1863 2925 2021 2974 vetus
2052 2917 2204 2973 irrita
2235 2926 2415 2988 esset;
2444 2918 2575 2990 quia
2608 2934 2786 2990 neque
2808 2935 2917 2989 res,
2948 2933 3126 2989 neque
3146 2914 3324 2989 ﬁgura
3349 2917 3451 2972 lie-

1865 3004 1968 3083 ret.
2005 3011 2111 3067 Sed
2141 3011 2306 3068 modo
2335 3013 2521 3068 valens
2557 3027 2680 3069 esse
2709 3012 2991 3083 probatur,
3020 3027 3117 3082 per
3145 3009 3251 3065 hoc
3300 3008 3450 3079 quod

1865 3103 2121 3176 ﬁguravit
2161 3104 2417 3176 gratiam,
2465 3120 2588 3174 quae
2643 3106 2723 3160 sic
2761 3104 3089 3175 justiﬁcaret
3121 3117 3219 3173 per
3260 3100 3447 3157 ﬁdem.

1867 3190 1996 3250 Vult
2040 3194 2207 3250 etiam
2271 3195 2630 3265 comprobare
2685 3211 2782 3267 per
2838 3194 3150 3264 exemplum
3215 3194 3452 3249 Abrahae

1863 3286 2027 3355 quod,
2044 3285 2131 3340 lex
2158 3284 2464 3356 justiﬁeare
2485 3301 2597 3341 non
2627 3287 2821 3356 possit,
2853 3294 2908 3341 et
2930 3286 3016 3342 ad
3040 3286 3146 3342 hoc
3172 3284 3306 3341 ﬁdes
3332 3286 3451 3342 sola

1864 3364 2117 3444 suﬁicia‘t,
2141 3377 2237 3446 qui
2264 3378 2588 3447 priusquam
2612 3377 2783 3449 legem
2821 3377 3260 3434 circumcisionis
3285 3376 3453 3434 habe-'-

1864 3476 1967 3537 ret,
1991 3484 2088 3540 per
2107 3468 2270 3524 ﬁdem
2300 3470 2476 3526 solam
2498 3468 2832 3544 justilicatus
2854 3477 2959 3539 est,
2984 3471 3194 3527 dicens.

1869 3630 1883 3637 -
1924 3632 1931 3638 .
2078 3648 2081 3651 _
2476 3582 2706 3641 CAPUT
2745 3585 2834 3641 IV.

1943 3675 1962 3707 ι
2000 3655 2141 3725 Quid
2171 3673 2301 3730 ergo
2323 3656 2571 3713 dicemus
2603 3657 2879 3714 invenisse
2922 3651 3200 3713 Abraham
3239 3666 3449 3729 patrem

1872 3766 1889 3799 ‹
1926 3757 2173 3804 nostrum
2200 3749 2503 3805 secundum
2530 3750 2787 3806 carnem?
2814 3747 2871 3803 Si
2905 3749 3051 3804 enim
3080 3747 3357 3806 Abraham
3383 3766 3453 3806 ex

1871 3859 1890 3892 ι
1927 3843 2190 3912 operibus
2215 3842 2350 3914 legis
2379 3842 2713 3913 justiﬁcatus
2735 3850 2838 3909 cst,
2862 3841 3029 3898 habet
3071 3843 3322 3914 gloriam,
3356 3845 3453 3900 sed

1872 3953 1889 3986 ι
1930 3949 2039 3990 non
2093 3936 2239 4006 apud
2294 3934 2487 3991 Deum.
2539 3934 2684 4002 Quid
2742 3935 2888 3991 enim
2947 3931 3233 4007 Scriptura
3288 3938 3455 3994 dicit?

1868 4046 1890 4099 μ
1931 4025 2175 4082 Credidit
2216 4027 2490 4082 Abraham
2535 4026 2667 4095 Deo,
2699 4037 2754 4085 et
2798 4036 3111 4099 reputatum
3157 4022 3241 4085 est
3272 4029 3348 4085 illi
3384 4031 3453 4087 ad

1870 4138 1892 4191 ι
1922 4119 2193 4189 justitiam
2221 4118 2374 4189 (Gen.
2407 4137 2494 4187 xv,
2524 4119 2586 4187 6;
2617 4120 2796 4176 Galat.
2829 4137 2910 4188 iii,
2949 4114 3012 4189 ὃς
3037 4121 3157 4177 Jac.
3186 4139 3247 4189 ii,
3280 4122 3395 4195 25).
3426 4144 3446 4176 υ

1871 4231 1890 4263 ι
1928 4212 1989 4266 Ei
2014 4219 2196 4268 autem
2228 4212 2323 4284 qui
2361 4222 2620 4282 operatur
2655 4223 2863 4269 merces
2894 4228 3003 4269 non
3035 4208 3337 4287 imputatur
3366 4232 3454 4272 se-

1864 4322 1890 4376 i
1929 4303 2170 4359 cundum
2201 4303 2454 4375 gratiam,
2482 4303 2576 4359 sed
2607 4305 2906 4360 secundum
2935 4306 3200 4363 debitum.
3231 4306 3295 4364 Ei
3318 4324 3450 4365 vero

1872 4414 1892 4447 ι
1928 4396 2024 4467 qui
2047 4411 2156 4451 non
2183 4404 2464 4467 operatur,
2504 4396 2745 4452 credenti
2785 4406 2966 4453 autem
3003 4392 3058 4453 in
3085 4414 3212 4455 eum
3239 4401 3332 4472 qui
3356 4401 3467 4472 ju--

166 4503 288 4544 nea.
317 4487 469 4556 Quia
489 4488 537 4545 si
565 4487 712 4545 Deus
738 4488 871 4545 huic
895 4489 1000 4561 legi
1036 4475 1309 4546 factbrum
1333 4488 1497 4544 aliam
1525 4488 1759 4545 similem
1789 4486 1839 4548 D
1871 4506 1889 4539 ι
1926 4487 2124 4543 stiﬁcat
2151 4488 2403 4558 impium,
2441 4495 2727 4558 reputatur
2756 4489 2892 4545 ﬁdes
2923 4489 3043 4561 ejus
3079 4490 3146 4546 ad
3172 4492 3447 4563 justitiam

166 4578 342 4650 legem
370 4580 843 4651 superinduceret,
882 4581 1157 4637 videretur
1195 4581 1561 4653 incongruum
1592 4587 1647 4636 et
1672 4580 1758 4635 in-

166 4669 452 4739 diﬁerens,
477 4680 539 4727 ut
576 4687 675 4742 per
696 4670 840 4727 facta
871 4670 1014 4727 facta
1052 4672 1349 4742 repelleret.
1396 4670 1521 4727 Ideo
1548 4671 1625 4725 ait
1658 4686 1760 4724 non

167 4776 262 4832 per
286 4764 469 4835 legem
512 4762 784 4819 factorum
823 4764 1047 4819 exclusa
1081 4772 1166 4818 est
1193 4764 1365 4834 gloria
1393 4773 1517 4831 tua;
1553 4762 1643 4816 sed
1670 4777 1763 4832 per

165 4855 336 4928 legem
380 4857 535 4927 ﬁdei,
576 4855 632 4911 id
673 4866 757 4911 est
797 4871 894 4926 per
934 4856 1095 4912 ﬁdem
1135 4857 1562 4927 justiﬁcantem,
1601 4856 1762 4926 cujus

164 4946 292 5003 ﬁdei
321 4949 415 5004 lex
438 4956 524 5004 est
550 4947 928 5018 Evangelium.
967 4947 1107 5005 Vere
1135 4964 1231 5019 per
1261 4950 1421 5004 ﬁdem
1455 4948 1761 5004 excluditur

165 5040 425 5113 gloriatio
476 5048 611 5095 tua:
657 5054 781 5115 nam
820 5039 955 5095 ﬁdes
992 5038 1104 5095 sola
1142 5039 1427 5110 justiﬁcat,
1465 5040 1583 5095 sine
1613 5038 1765 5093 omni

165 5148 336 5204 opere
363 5133 522 5207 legis.
567 5130 635 5186 Et
674 5132 803 5188 huic
842 5132 965 5188 loco
999 5133 1193 5188 inserit
1232 5120 1650 5200 auctoritatem,
1681 5132 1765 5187 di-

165 5238 301 5279 cens
329 5242 345 5277 :
376 5222 491 5295 Ego
515 5231 570 5280 et
593 5223 728 5294 justi
751 5239 967 5279 mecum
995 5224 1324 5279 arbitramur
1345 5225 1642 5295 justiﬁcari
1669 5223 1767 5278 lio-

167 5315 371 5369 minem
396 5331 493 5384 per
532 5315 708 5372 solam
759 5316 919 5386 ﬁdem
960 5318 1073 5372 sine
1112 5318 1356 5388 operibus
1389 5319 1538 5389 legis,
1584 5318 1639 5373 id
1680 5328 1766 5374 est

166 5404 299 5462 licet
321 5407 473 5462 nulla
494 5408 875 5478 praecesserint
902 5424 1066 5481 opera
1093 5409 1247 5480 legis,
1281 5411 1403 5467 sola
1419 5420 1603 5467 tamen
1627 5411 1761 5467 ﬁdes

168 5495 377 5551 sufﬁcit
397 5495 467 5551 ad
498 5497 738 5552 hominis
758 5496 1226 5575 justiﬁcationem.
1306 5544 1325 5552 η

238 5584 764 5666 Diceretludacus:
811 5587 1064 5667 concedo
1096 5606 1200 5667 per
1244 5591 1401 5647 ﬁdem
1437 5582 1762 5664 justiﬁcari,

170 5676 267 5737 sed
294 5674 452 5737 solos
482 5675 719 5744 Iudaeos.
748 5678 952 5733 Contra
978 5679 1084 5735 hoc
1108 5678 1312 5761 Paulus
1339 5700 1351 5735 :
1377 5680 1494 5736 Non
1524 5692 1608 5738 est
1637 5699 1760 5738 cre-

108 5798 111 5801 ι
171 5766 418 5824 dendum
438 5770 584 5825 ouod
604 5767 749 5825 Deus
772 5767 988 5828 Juda’os
1011 5772 1158 5851 solos
1181 5788 1276 5844 per
1296 5773 1455 5829 ﬁdem
1476 5760 1757 5843 justiﬁcet.

504 5863 782 5942 ΡΑτιιοι..
816 5864 1027 5928 CLIII.
1078 5922 1081 5927 .
1185 5917 1188 5920 .
1249 5933 1255 5940 ,

1874 4601 1894 4634 ε
1932 4582 2233 4641 secundum
2260 4582 2605 4654 propositum
2635 4584 2826 4656 gratia:
2868 4583 2993 4653 Dei;
3025 4572 3169 4642 sicut
3195 4594 3251 4643 et
3278 4587 3449 4649 David

1866 4691 1894 4755 μ
1930 4673 2062 4729 dicit
2085 4674 2479 4731 beatitudinem
2523 4675 2784 4744 hominis,
2810 4676 2899 4732 cui
2928 4675 3073 4733 Deus
3098 4689 3319 4750 accepto
3348 4679 3453 4738 fert

1875 4783 1893 4817 σ
1924 4765 2196 4838 justitiam
2240 4766 2358 4822 sine
2379 4768 2638 4838 operibus
2664 4787 2679 4821 :
2713 4758 2733 4821 ἑ
2761 4768 2911 4824 Beati
2938 4776 3173 4845 quorum
3205 4762 3452 4830 remissis

1876 4876 1894 4909 ι
1934 4867 2063 4914 sunt
2098 4858 2415 4931 iniquitates
2466 4868 2519 4915 et
2561 4876 2795 4931 quorum
2842 4868 2984 4915 tecta
3028 4844 3176 4916 sunt‘
3205 4871 3448 4932 peccata.

1876 4969 1894 5003 ι
1933 4949 2132 5027 Beatus
2163 4940 2253 5008 vir.
2279 4944 2370 5009 cui
2403 4968 2514 5008 non
2543 4952 2831 5023 imputavit
2863 4950 3130 5010 Dominus
3168 4964 3454 5025 peccatum

1873 5062 1905 5094 ιτ
1930 5030 2284 5113 (Ρεαιξιιιιι,
2318 5046 2391 5115 l).
2429 5063 2448 5096 ι
2490 5043 2778 5099 Beatitudo
2796 5032 2932 5116 ergo
2958 5045 3076 5101 haec
3119 5045 3175 5100 in
3207 5047 3449 5103 circumo

1874 5155 1892 5187 ‹
1926 5135 2387 5217 cisionelantum
2406 5128 2610 5205 manet,
2641 5153 2711 5192 an
2739 5138 2904 5193 etiam
2935 5139 2989 5193 in
3031 5140 3336 5211 praeputio?
3362 5140 3455 5196 Di-

1875 5246 1893 5298 ς
1932 5228 2110 5283 cimus
2154 5229 2301 5284 enim
2337 5230 2466 5299 quia
2506 5239 2760 5301 reputata
2784 5218 2887 5286 est
2929 5230 3163 5288 Abrahae
3207 5233 3342 5290 ﬁdes
3384 5233 3455 5291 ad

1875 5336 1893 5390 ε
1931 5317 2223 5399 justitiam.
2247 5315 2534 5384 Quomodo
2568 5335 2698 5400 ergo
2728 5330 2976 5405 reputate
2998 5314 3102 5389 est,
3136 5324 3189 5379 in
3215 5324 3456 5382 circum-

1875 5428 1895 5482 ς
1929 5408 2158 5475 cisiOne,
2184 5425 2274 5489 an
2318 5410 2372 5464 in
2414 5413 2714 5482 praeputio?
2750 5411 2871 5469 Non
2906 5405 2972 5469 'in
3007 5416 3451 5487 circumcisione,

1874 5516 1895 5575 ι
1929 5500 2024 5556 sed
2050 5501 2105 5569 in
2137 5492 2516 5572 prieputio.-Et
2539 5505 2754 5576 signum
2779 5495 3453 5577 aecepit'eircumcisionis

1875 5612 1894 5644 α
1932 5584 2272 5665 signaculum
2299 5594 2528 5665 justitiae
2555 5595 2676 5651 ﬁdei
2700 5612 2821 5665 quin
2855 5580 2938 5654 cst
2973 5599 3029 5653 in
3071 5590 3359 5670 praeputio,
3395 5611 3454 5657 ut

1876 5703 1894 5735 α
1931 5685 2001 5740 sit
2026 5693 2182 5756 pater
2210 5680 2457 5742 omnium
2497 5672 2831 5755 credentium
2875 5679 2972 5761 per
3014 5683 3363 5762 praeputium,
3392 5700 3455 5749 ut

1875 5762 1893 5827 ὲ
1937 5785 2218 5848 repetetur
2242 5788 2294 5843 et
2339 5765 2444 5834 illis
2486 5780 2554 5834 ad
2592 5772 2885 5851 justitiam.
2930 5780 2994 5834 Et
3034 5773 3101 5839 sit
3135 5781 3324 5855 [alias,
3359 5794 3417 5841 ut
3429 5797 3452 5859 λ

3047 5882 3109 5962 21
