3978 6436
568 330 642 431 ts
1119 360 1177 422 ε.
1219 360 1577 423 nuuuoms
1597 346 2239 445 CARTliUSlANOllUi‘l
2281 342 2771 417 ms‘rl'ruroms
2800 345 2960 418 εει».
3004 353 3186 421 PAltS
3223 356 3283 414 ut
3716 364 3770 423 α

575 507 596 541 ο
628 494 784 561 pater
824 475 1283 548 circunteisionis,
1308 494 1419 534 non
1442 469 1537 534 his
1570 484 1781 532 tantum
1807 475 1901 547 qui
1933 484 2060 531 Sunt
2086 490 2152 532 ex
2184 458 2229 537 Ᾱ
2258 463 2400 541 Quid
2421 476 2558 530 enim
2583 471 2863 546 Scriptura
2908 462 3079 529 dicit?
3128 471 3243 528 Hoc
3291 472 3507 542 scilicet,
3550 458 3771 534 Abraham

575 562 595 647 ἐ
630 569 1072 640 circumCisiOnc,
1118 565 1216 629 sed
1254 572 1311 626 et
1347 562 1439 627 his
1476 568 1570 641 qui
1611 575 1891 625 seetantur
1928 566 2153 639 vestigia
2255 564 2481 620 credidit
2512 564 2641 632 Deo,
2667 576 2718 622 et
2746 565 2877 621 illud
2903 566 3126 621 credere
3154 573 3443 635 reputatum
3467 575 3537 621 est
3562 568 3682 623 eiad
3698 571 3772 639 ju-

2254 653 2481 721 stitiam,
2509 653 2563 709 id
2593 662 2678 711 est
2704 670 2801 725 per
2828 654 2989 711 ﬁdem
3040 670 3148 725 qua
3198 653 3309 711 Deo
3338 655 3571 722 credidit,
3614 659 3777 716 meruit

2248 745 2561 817 iustiﬁcari.
2591 744 2907 817 Reputatum
2936 754 3034 813 est,
3082 746 3206 802 ideo
3257 746 3405 816 dicit,
3458 749 3576 819 quia
3610 748 3776 808 multo-

2251 838 2356 894 ties
2409 847 2466 894 et
2522 838 2755 895 diversis
2825 838 3166 910 temporibus
3215 839 3519 909 repromisit
3576 840 3667 897 hoc
3717 842 3777 898 illi

2255 921 2422 997 Deus,
2452 928 2683 984 etnulla
2706 929 2825 984 vice
2845 926 3123 983 Abraham
3146 929 3414 986 haesitavit
3434 972 3448 998 ,
3479 930 3566 987 sed
3602 942 3779 1002 semper

2251 1018 2500 1075 credidit.
2527 1018 2666 1086 Quia
2700 1019 2838 1076 dixit
2858 1017 2926 1076 de
2948 1018 3248 1087 Abraham,
3297 1036 3420 1075 eum
3444 1021 3633 1077 scilicet
3650 1022 3782 1092 iustis

2251 1107 2472 1163 ﬁcatum
2496 1123 2594 1179 per
2614 1108 2798 1177 ﬁdem,
2839 1117 2894 1165 et
2935 1123 3045 1165 non
3092 1124 3190 1179 per
3211 1123 3374 1180 opera
3405 1110 3553 1182 legis,
3599 1110 3781 1181 adaptat

2249 1201 2507 1257 omnibus
2529 1201 2718 1259 dicens
2744 1220 2758 1259 :
2791 1199 2913 1257 Non
2939 1200 3042 1258 soli
3068 1202 3304 1259 Abrahae
3323 1203 3425 1259 hoe
3445 1202 3520 1270 ﬁt,
3557 1202 3676 1257 nihil
3695 1202 3782 1261 sei-

2250 1290 2803 1362 licetjustilicationis
2844 1292 3093 1350 invenire
3126 1309 3193 1351 ex
3227 1294 3480 1366 operibus
3519 1295 3660 1367 legis,
3705 1295 3780 1351 sed

2249 1384 2414 1440 etiam
2435 1385 2585 1440 omni
2605 1386 2654 1440 ei
2683 1387 2772 1456 qui
2790 1393 3061 1456 operatur,
3081 1385 3134 1441 id
3157 1394 3242 1442 est
3272 1387 3365 1458 qui
3393 1386 3555 1459 legem
3573 1402 3779 1457 operum,

2250 1475 2306 1530 id
2334 1485 2419 1532 est
2445 1484 2706 1545 veterem,
2736 1487 2790 1533 et
2849 1492 2960 1533 non
3005 1478 3236 1550 gratiam
3270 1478 3659 1551 -sequitur:ilti
3701 1494 3784 1533 non

2250 1578 2590 1640 computatur
2614 1586 2810 1626 merces
2854 1570 3145 1625 secundum
3192 1571 3443 1642 gratiam,
3481 1570 3533 1627 id
3588 1579 3663 1627 est
3701 1560 3785 1627 iste

575 693 595 725 ι
633 663 780 736 ﬁdei,
819 682 942 739 qua:
975 674 1059 722 est
1083 658 1143 719 in
1168 662 1448 735 praeputio
1475 656 1648 734 patris
1676 659 1853 716 nostri
1894 659 2162 728 Abrahae.

576 783 596 815 ο
632 759 754 816 Non
775 758 921 815 enim
951 770 1048 828 per
1076 748 1260 827 'legem
1295 748 1588 824 promissio
1631 749 1887 816 Abrahae,
1923 757 2019 804 aut
2060 764 2151 804 se-

576 840 769 924 ..ιιιὶήὶ
792 838 937 918 ejus,
960 854 1015 902 ut
1039 839 1218 901 hmres
1241 851 1387 899 esset
1406 838 1618 907 mundi,
1646 839 1743 895 sed
1764 851 1861 910 per
1881 838 2152 909 justitiam

575 963 595 994 ι
630 941 778 997 ﬁdei.
809 934 1024 995 Sienim
1043 937 1140 1009 qui
1166 951 1232 993 ex
1254 936 1370 1006 lege
1385 931 1494 1004 25
1519 931 1762 988 haeredes
1793 939 1942 998 sunt,
1966 930 2141 986 exina-

575 1037 594 1085 ά
618 1033 744 1089 'nita
765 1040 850 1088 est
869 1028 1336 1098 ﬁdes,abolitaest
1354 1022 1671 1097 promissio.
1696 1021 1809 1079 Lex
1828 1021 1976 1077 enim
2010 1020 2150 1077 iram

572 1145 593 1175 1
626 1132 909 1195 operatur.
935 1120 1040 1177 Ubi
1067 1120 1213 1176 enim
1241 1132 1352 1173 non
1380 1123 1467 1173 est
1485 1115 1596 1182 lex,
1624 1129 1725 1171 nec
1751 1112 2147 1186 praevaricatio.

574 1235 592 1266 ι
629 1215 851 1271 ldeo‘ex
879 1214 982 1268 ﬁde
1018 1222 1077 1267 ut
1113 1209 1418 1267 secundum
1456 1207 1689 1280 gratiam
1727 1205 1885 1260 ﬁrma
1924 1203 1997 1261 sit
2025 1218 2152 1276 pro-

573 1326 592 1357 ι
635 1305 828 1361 missio
849 1302 997 1361 omni
1022 1301 1220 1360 semini
1246 1320 1260 1356 :
1285 1315 1397 1356 non
1420 1301 1469 1355 ei
1492 1298 1588 1368 qui
1612 1314 1678 1353 ex
1698 1297 1817 1369 lege
1842 1306 1925 1353 est
1945 1297 2146 1362 solum,

571 1418 590 1448 ι
634 1398 728 1453 sed
763 1406 817 1452 et
854 1396 911 1452 ei-
945 1395 1041 1467 qui
1079 1410 1148 1451 ex
1182 1393 1286 1449 ﬁde
1319 1400 1406 1448 est
1444 1390 1698 1457 Abralue,
1743 1389 1839 1461 qui
1877 1398 2031 1460 pater
2065 1396 2152 1444 est

569 1508 587 1540 ι
625 1488 872 1544 οιιιιιίιιιιι
896 1498 1152 1543 nostrum
1179 1504 1192 1540 :
1221 1483 1366 1542 sicut
1387 1483 1652 1553 scriptum
1678 1490 1763 1538 est
1787 1499 1800 1537 :
1838 1500 1856 1534 ι
1886 1480 2025 1548 Quia
2053 1496 2151 1551 pa-

564 1605 581 1634 ι
623 1591 762 1637 trem
791 1582 1092 1636 multarum
1114 1576 1354 1651 gentium
1389 1575 1547 1646 posui
1582 1586 1634 1630 te
1666 1572 1818 1646 (Gen.
1849 1589 1981 1640 xvu,
2012 1573 2090 1644 5),
2123 1591 2143 1625 ι

563 1696 580 1726 ι
620 1682 753 1730 ante
782 1672 956 1729 Deum
979 1667 1070 1727 cui
1099 1667 1381 1726 credidisti
1412 1687 1426 1723 :
1468 1666 1563 1739 qui
1594 1666 1835 1722 viviﬁcat
1876 1673 2155 1732 mortuos,
2250 1661 2449 1732 quaerit
2477 1663 2819 1718 remunerari
2847 1678 2957 1719 non
2985 1678 3084 1734 per
3103 1663 3336 1735 gratiam
3356 1662 3468 1730 Dei,
3500 1663 3586 1718 sed
3633 1677 3784 1718 sectiu-

563 1790 582 1820 ι
616 1778 671 1823 ει
695 1775 861 1823 vocat
884 1781 949 1822 ea
968 1779 1094 1837 qua:
1115 1763 1226 1821 non
1256 1770 1406 1831 sunt,
1444 1770 1708 1833 tanquam
1730 1777 1795 1817 ea
1829 1776 1952 1832 quae
1978 1768 2147 1816 sunt:
2183 1833 2215 1837 Α
2251 1754 2379 1808 dum
2402 1753 2727 1822 debitum,id
2754 1764 2839 1812 est
2872 1755 3175 1812 secundum
3205 1745 3353 1828 quod
3380 1755 3580 1814 meritis
3597 1770 3784 1827 operum

563 1878 579 1909 ι
625 1856 733 1926 Qui
761 1868 949 1915 contra
973 1833 1127 1930 spem
1167 1856 1222 1912 iu
1256 1868 1409 1926 spem
1435 1854 1686 1921 credidit,
1730 1862 1793 1908 ut
1819 1854 1973 1909 ﬁeret
1995 1862 2150 1924 pater
2179 1833 2226 1894 Β
2253 1861 2482 1902 suorum
2508 1847 2756 1903 debetur.
2782 1845 2852 1902 Ei
2874 1848 3103 1920 veroqui
3132 1865 3237 1904 non
3259 1858 3531 1921 aperatar,
3553 1848 3603 1904 id
3621 1855 3694 1904 est
3708 1846 3784 1918 qui

561 1968 580 1999 ι
618 1950 922 2006 inuitarum
945 1948 1188 2021 gentium
1212 1946 1513 2005 secundum
1538 1944 1688 2016 quod
1720 1944 1929 2000 dictum
1950 1952 2035 1999 est
2052 1942 2104 1999 ei
2131 1949 2152 1999 :~
2248 1937 2422 2010 legem
2450 1954 2678 2010 operum
2707 1954 2817 1994 non
2844 1940 3113 2011 sequitur,
3140 1940 3233 1995 sed
3253 1940 3483 1997 credenti
3516 1941 3571 1995 in
3592 1953 3695 1994 eum
3713 1937 3786 2009 qui

560 2059 579 2092 ι
623 2039 715 2097 Sic
731 2040 839 2097 erit
858 2055 1046 2097 semen
1076 2048 1251 2105 tuum,
1276 2038 1421 2094 sicut
1441 2036 1611 2094 stellae
1637 2035 1782 2102 eteli,
1809 2044 1864 2090 et
1884 2043 2146 2105 tanquam

561 2148 580 2182 ι
619 2144 788 2186 arena
832 2127 1003 2186 maris
1038 2126 1210 2201 (Gen.
1231 2143 1357 2195 xm,
1389 2126 1500 2198 15).
1534 2144 1554 2178 ι
1589 2124 1658 2180 Ει
1680 2140 1793 2181 non
1835 2124 2147 2181 inﬁrmatus

559 2241 581 2274 ι
620 2231 707 2279 εει
746 2221 804 2277 in
839 2221 965 2289 llde,
1003 2236 1107 2277 nec
1132 2218 1504 2276 consideravit
1532 2232 1735 2289 corpus
1768 2232 1932 2274 suum
1962 2231 2148 2274 emor-

563 2332 583 2365 ι
622 2325 820 2368 tuum:
863 2327 991 2390 cum
1018 2312 1133 2383 jam
1178 2310 1294 2367 fere
1327 2318 1550 2367 centum
1583 2317 1729 2366 esset
1762 2323 2057 2377 annorum,
2092 2318 2149 2365 et

563 2423 583 2465 ς
616 2411 924 2460 emortuam
947 2404 1172 2459 vulvam
1219 2401 1390 2458 Sane.
1422 2399 1483 2457 In
1517 2399 1946 2472 repromissione
1980 2400 2147 2456 etiam

562 2516 583 2549 ι
620 2495 715 2553 Dei
747 2512 859 2553 non
895 2494 1168 2553 haesitavit
1201 2493 1523 2561 diﬁideutia,
1565 2492 1663 2550 sed
1706 2491 2049 2550 confortatus
2079 2508 2147 2549 ex

501 2578 507 2584 ’
562 2609 583 2642 ι
619 2589 734 2646 ﬁde!
760 2588 900 2645 dans
957 2587 1192 2661 gloriam
1236 2585 1372 2654 Deo,
1419 2584 1739 2658 plenissime
1783 2585 1964 2641 sciens
2017 2583 2145 2656 quia

561 2700 582 2733 ι
618 2693 963 2752 qumcunque
994 2677 1250 2751 promisit
1286 2674 1455 2745 Deus,
1496 2684 1690 2749 potens
1734 2684 1820 2732 est
1861 2671 2145 2743 etfacere,

560 2788 582 2829 ι
626 2770 749 2827 ideo
782 2777 840 2826 et
881 2764 1193 2840 reputatum
1237 2776 1324 2826 est
1364 2767 1442 2823 illi
1482 2767 1551 2823 ad
1588 2765 1884 2839 justitiam.
1912 2763 2031 2822 Non
2062 2772 2149 2823 est

559 2880 582 2914 ι
619 2870 802 2919 autem
841 2860 1107 2933 scriptum
1137 2868 1351 2917 tantum
1387 2869 1609 2931 propter
1650 2859 1853 2930 ipsum,
1889 2857 2019 2930 quia
2055 2873 2144 2915 re-

514 2970 519 2975 ί
552 2972 581 3007 4
617 2962 870 3026 putatum
910 2963 996 3011 est
1039 2953 1116 3010 illi
1141 2953 1209 3010 ad
1232 2952 1529 3025 justitiam,
1557 2951 1653 3009 sed
1686 2960 1742 3008 et
1764 2959 1987 3023 prOpter
2019 2964 2142 3019 nos,

550 3060 580 3098 ε
617 3045 821 3117 quibus
862 3046 1208 3118 reputabitur
1231 3044 1586 3104 credentibus
1617 3045 1673 3100 in
1695 3060 1841 3102 eum.
1872 3042 1981 3112 Qui
2014 3057 2143 3100 sus-

558 3154 579 3190 ι
620 3134 809 3192 citavit
868 3135 1058 3194 Je'sum
1113 3136 1398 3195 Christum
1448 3135 1743 3193 Dominum
1791 3146 2042 3193 nostrum
2109 3152 2141 3194 a

2236 2031 2509 2103 justi/icat
2532 2033 2777 2105 impium,
2796 2032 2849 2087 id
2878 2041 2964 2090 est
2983 2034 3080 2105 qui
3101 2049 3170 2090 ex
3196 2033 3390 2106 impio,
3412 2033 3459 2091 si
3473 2026 3709 2097 credidit:
3721 2029 3787 2085 ia-

2246 2124 2322 2181 cit
2343 2124 2578 2195 justum,
2607 2125 2761 2196 ﬁdes,
2791 2126 3039 2197 inquam,
3067 2126 3185 2198 ejus
3229 2127 3502 2183 credentis
3552 2124 3788 2196 reputatur

2246 2215 2323 2271 illi
2353 2216 2424 2271 ad
2458 2215 2777 2288 justitiam:
2819 2216 2952 2287 quia
2995 2216 3336 2288 justiﬁcatur
3379 2216 3496 2273 sine
3524 2215 3660 2271 omni
3697 2227 3788 2268 me-

2246 2300 2355 2363 rito
2388 2323 2402 2362 :
2433 2322 2533 2380 per
2556 2308 2730 2365 solam
2758 2308 2943 2377 ﬁdem,
2979 2309 3124 2366 sicut
3151 2324 3319 2380 supra
3343 2317 3614 2365 ostensum
3647 2313 3719 2362 est
3743 2303 3787 2358 in

2246 2397 2545 2454 Abraham.
2571 2397 2669 2455 Vel
2694 2399 2889 2456 aliter:
2912 2399 3323 2471 Lieetdixerim
3350 2414 3447 2473 per
3468 2400 3620 2455 ﬁdem
3645 2396 3787 2453 solam

2247 2490 2367 2547 sine
2396 2490 2513 2563 iege
2535 2490 2847 2562 justiﬁcari,
2871 2499 3055 2549 tamen
3092 2493 3142 2548 ei
3183 2494 3278 2565 qui
3332 2502 3593 2565 operatur,
3640 2489 3690 2545 id
3721 2494 3790 2543 est

2247 2582 2343 2655 qui
2374 2590 2589 2656 tempus
2620 2583 2784 2640 habet
2810 2583 3096 2656 operandi,
3113 2598 3224 2639 non
3250 2593 3337 2640 est
3364 2581 3653 2639 vacandum
3677 2578 3787 2645 otio,

2246 2677 2342 2730 sed
2374 2673 2513 2730 bene
2534 2674 2810 2746 operando
2838 2674 3170 2731 credendum
3199 2685 3286 2732 est
3333 2672 3564 2731 venienti
3613 2669 3787 2745 grauat.

2245 2761 2367 2823 Non
2388 2765 2535 2823 enim
2557 2766 2758 2825 talibus
2778 2767 2874 2840 qui
2897 2775 3111 2824 aetatem
3136 2768 3400 2840 operandi
3430 2767 3623 2824 habent
3643 2765 3793 2834 impu-

2245 2865 2394 2913 tatur
2414 2873 2656 2928 merccs;
2705 2860 2801 2916 sed
2830 2859 2891 2916 ﬁt
2910 2852 3365 2929 retributio,'non
3395 2859 3565 2933 gratia
3587 2864 3789 2919 tantum.

2247 2950 2341 3007 sed
2364 2952 2664 3009 secundum
2685 2952 2951 3021 debitum,
2966 2952 3023 3008 id
3048 2959 3133 3010 est
3160 2952 3243 3010 sic
3266 2953 3466 3010 debent
3486 2948 3685 3017 mereri,
3703 2946 3793 3017 26

2247 3050 2307 3098 ut
2333 3058 2431 3114 per
2455 3044 2711 3101 meritum
2738 3044 2999 3117 adjuvent
3027 3045 3284 3123 gratiam.
3340 3044 3409 3101 Ei
3437 3060 3552 3101 vero
3591 3042 3671 3115 qui
3707 3052 3792 3093 nos

2245 3144 2514 3206 operatur,
2542 3137 2597 3193 id
2616 3145 2702 3194 est
2729 3138 2825 3210 qui
2871 3152 2985 3194 non
3012 3137 3179 3195 habet
3220 3146 3439 3210 tempus
3467 3132 3706 3209 operandi
3744 3137 3795 3186 ut

559 3246 580 3280 ι
614 3227 867 3285 mortuis.
891 3227 997 3296 Qui
1018 3229 1259 3291 traditus
1276 3237 1361 3286 est
1381 3236 1605 3301 propter
1623 3228 1821 3285 delicta
1850 3238 2061 3298 nostra,
2086 3238 2143 3286 et
2168 3201 2216 3268 ο
2245 3201 2397 3300 pueri
2422 3201 2606 3286 statim
2636 3201 2953 3299 morientes,
2978 3229 3073 3288 sed
3103 3201 3354 3289 credenti
3377 3230 3434 3287 in
3459 3201 3581 3287 eum
3611 3226 3695 3300 qui
3714 3237 3793 3296 per

552 3337 580 3374 ι
614 3318 918 3378 resurrexit
939 3328 1167 3393 propter
1188 3320 1643 3392 iustiﬁcationem
1670 3330 1939 3387 nostram.
1970 3340 1993 3375 ι

1194 3410 1500 3470 exeostrio.

622 3499 896 3569 Quoniam
923 3500 1143 3574 quidem
1166 3516 1231 3581 ex
1257 3501 1517 3575 Operibus
1540 3500 1675 3575 legis
1702 3502 1850 3559 nulla
1869 3502 2140 3574 justiﬁea-

547 3590 650 3667 tio,
672 3591 769 3649 sed
788 3606 888 3663 per
905 3592 1068 3651 ﬁdem
1100 3600 1335 3662 tantum,
1371 3609 1492 3664 ergo
1516 3592 1645 3667 quid
1670 3593 1944 3649 dicemus?
1965 3593 2140 3649 Abra-

547 3674 675 3737 ham
693 3689 900 3753 patrem
927 3689 1167 3738 nostrum
1195 3681 1277 3739 sic
1301 3682 1543 3755 gentium
1570 3690 1631 3738 ut
1680 3680 1993 3739 Iudaeorum
2049 3698 2140 3740 se:

547 3771 790 3829 cundum
815 3770 979 3829 ﬁdem
1002 3772 1281 3831 invenisse
1304 3774 1588 3829 secundum
1612 3773 1911 3840 carnem,id
1940 3782 2024 3829 est
2050 3778 2138 3830 se;

545 3863 790 3941 cundum
816 3864 1055 3922 carnalis
1079 3864 1216 3937 legis
1248 3865 1689 3922 observantiam?
1727 3863 1819 3920 Vel
1848 3865 1921 3921 ita
1951 3884 1963 3920 :
1996 3864 2139 3932 Quid

547 3957 782 4013 dicemus
807 3945 1067 4016 invenisse
1093 3976 1161 4016 ex
1196 3961 1381 4017 carnis
1408 3961 1830 4018 circumcisione
1866 3961 2139 4017 Abraham

543 4060 755 4124 patrem
777 4063 1017 4109 nostrum
1031 4095 1053 4124 ,
1080 4054 1135 4111 id
1155 4064 1240 4112 est
1259 4054 1621 4124 Judteorum,
1653 4055 1956 4113 secundum
2011 4072 2138 4112 ear-

550 4137 698 4213 nem,
718 4142 775 4203 id
802 4152 887 4201 εει
909 4145 1212 4202 secundum
1239 4143 1591 4217 propaginem
1638 4147 1848 4214 carnis;
1894 4146 1989 4217 qui
2013 4161 2137 4202 om-

547 4235 711 4292 nium
735 4236 1076 4313 credentium
1106 4245 1261 4309 pater
1289 4246 1375 4294 est
1399 4237 1701 4294 secundum
1737 4232 2137 4296 institutionem

547 4320 714 4385 ﬁdei?
739 4319 956 4386 Nullam
986 4331 1177 4402 utique
1197 4330 1642 4403 justiﬁeationem
1662 4344 1731 4387 ex
1766 4332 2026 4401 operibus
2059 4332 2139 4390 lei-

2242 3317 2406 3375 ﬁdem
2428 3319 2689 3391 justiﬁeat
2721 3320 2973 3391 impium,
3019 3320 3096 3377 illi
3144 3325 3427 3393 reputatur
3465 3317 3712 3392 ﬁdes'ejtu
3737 3313 3796 3368 ad

2138 3418 2139 3421 ‘
2232 3412 2530 3485 justitiam,
2558 3415 2613 3470 Id
2641 3425 2726 3470 est
2752 3412 2868 3470 sola
2890 3412 3024 3470 ﬁdes
3045 3411 3246 3471 suﬁicit
3267 3414 3336 3471 ad
3382 3410 3794 3486 justiﬁeationem

2240 3504 2384 3578 ejus,
2414 3504 2506 3562 cui
2534 3513 2719 3562 tenera
2735 3515 2869 3563 aetas
2898 3520 3064 3577 opera
3087 3507 3327 3578 negavit.

2248 3610 2255 3620 '
2316 3593 2472 3664 Sicut
2491 3595 2747 3666 superius
2785 3594 3037 3666 probavit
3076 3609 3175 3665 per
3203 3595 3516 3666 exemplum
3572 3587 3794 3652 Abrahae,

2241 3703 2460 3745 omnem
2487 3688 2797 3744 credentem
2814 3686 3106 3758 iustiﬁcari
3135 3701 3234 3758 per
3254 3688 3418 3743 ﬁdem
3434 3729 3451 3755 ,
3479 3686 3551 3742 ita
3577 3683 3662 3740 hic
3687 3693 3796 3752 pro—

2240 3782 2374 3838 bare
2401 3780 2591 3852 incipit
2618 3795 2715 3852 per
2744 3779 3129 3836 auctoritatem
3167 3778 3363 3844 David,
3388 3793 3602 3835 omnem
3618 3770 3795 3848 justiﬁ-

2239 3874 2510 3932 cationem
2533 3888 2655 3930 esse
2694 3888 2761 3928 ex
2783 3872 2977 3944 gratia.
3004 3869 3157 3949 Sicut
3186 3872 3338 3928 enim
3377 3872 3514 3928 ﬁdes
3560 3884 3652 3941 per
3689 3878 3798 3938 gra-

2240 3967 2395 4033 tiam,
2449 3966 2522 4022 ita
2562 3965 2777 4037 iustitia
2820 3981 2885 4021 ex
2910 3964 3025 4021 sola
3057 3963 3231 4036 gratia
3253 3965 3353 4021 Dei
3383 3965 3629 4021 habetur.
3665 3955 3797 4014 Unde

2238 4055 2320 4117 sic
2337 4060 2453 4115 ait:
2492 4056 2692 4114 rFides
2729 4066 3013 4129 reputatur
3057 4058 3208 4113 omni
3256 4057 3501 4115 credenti
3552 4054 3617 4112 ad
3650 4049 3799 4125 justi-

2239 4152 2400 4209 tiam:
2428 4170 2446 4203 ι
2478 4167 2601 4223 quae
2624 4149 2839 4221 justitia
2862 4159 2944 4206 est
2968 4149 3257 4205 seruudum
3287 4149 3612 4222 propositum
3635 4142 3799 4218 gratia:

2237 4240 2359 4310 Dei,
2403 4242 2456 4298 id
2503 4251 2590 4299 est
2641 4242 2823 4297 omnis
2866 4240 3188 4313 justiﬁcatio
3210 4241 3273 4297 ﬁt
3294 4258 3395 4314 per
3419 4233 3799 4315 gratiam‘Dei:

2236 4350 2367 4406 quas
2380 4344 2553 4406 gratia
2581 4332 2859 4405 proposita
2882 4343 2936 4390 et
2955 4342 3255 4404 praeparata
3282 4341 3372 4391 est
3391 4333 3542 4390 omni
3563 4322 3795 4388 credenti.

548 4413 633 4492 gis
661 4419 869 4477 invenit
894 4421 1205 4479 Abraham:
1235 4422 1381 4493 quod
1411 4423 1486 4478 ita
1504 4422 1719 4501 probat,
1740 4438 1840 4494 per
1860 4417 2135 4495 quoddam
2233 4424 2455 4483 Iustitia
2490 4426 2678 4498 utique
2706 4426 2766 4481 ﬁt
2803 4440 2901 4497 per
2951 4424 3183 4498 gratiam
3215 4423 3339 4494 Dei,
3397 4427 3537 4481 sicut
3582 4436 3686 4479 non
3713 4427 3801 4488 ego

436 4552 441 4561 .
545 4509 961 4569 inconveniens.
988 4511 1130 4570 Vere
1152 4513 1432 4570 Abraham
1456 4528 1564 4571 non
1586 4524 1672 4572 est
1686 4513 2019 4586 justiﬁcatus
2038 4502 2136 4587 per
2164 4532 2209 4589 ﬁ"
2236 4518 2411 4586 solus,
2440 4518 2533 4574 sed
2556 4523 2609 4572 et
2637 4515 2811 4572 David
2835 4517 3008 4574 dicit:
3038 4517 3166 4587 hoc,
3190 4519 3408 4575 scilicet
3432 4517 3554 4589 ejus
3595 4508 3800 4569 hominis

545 4602 743 4678 legem.
766 4596 905 4661 Nam
931 4606 980 4661 si
994 4606 1328 4677 justi/iectus
1349 4621 1471 4665 esse
1498 4569 1752 4664 credatur
1778 4623 1845 4664 ea:
1890 4569 2132 4679 operibu’s
2160 4569 2211 4630 Β
2234 4624 2356 4693 esse
2386 4569 2786 4676 beatitudinem,
2819 4608 2872 4665 id
2892 4618 2977 4665 est
3002 4608 3125 4666 vita:
3147 4569 3319 4681 hujus
3365 4569 3707 4670 muiiditiam,
3756 4606 3803 4655 et

543 4696 698 4769 legis,
732 4696 887 4755 habet
908 4698 1124 4770 quidem
1143 4698 1373 4771 gloriam
1397 4700 1539 4771 apud
1570 4699 1846 4769 homines,
1895 4700 1987 4756 sed
2029 4696 2133 4755 non
2233 4702 2290 4758 in
2320 4701 2506 4758 futuro
2534 4701 2701 4757 vitam
2729 4709 3017 4768 aeternam;
3046 4702 3134 4756 cui
3162 4700 3309 4756 Deus
3365 4709 3601 4772 accepto,
3636 4696 3687 4752 id
3732 4699 3802 4747 es!

544 4789 689 4860 apud
715 4789 880 4863 Deum
907 4790 1182 4865 gloriosus
1210 4791 1475 4864 es't,quia'
1496 4806 1596 4849 uec
1611 4791 1667 4847 in
1695 4798 1989 4865 conspectu
2010 4782 2131 4863 ejus
2231 4792 2552 4865 acceptabili
2581 4792 2693 4849 Deo
2719 4809 2733 4849 :
2766 4793 2852 4848 vel
2873 4793 2961 4847 cui
2989 4791 3131 4848 Deus
3161 4802 3405 4865 accepta,
3440 4793 3608 4848 idest
3651 4781 3801 4861 gralis

539 4880 875 4952 justiﬁcatus
899 4891 1004 4952 est,
1027 4884 1184 4956 quod
1214 4883 1555 4957 impossibile
1580 4893 1668 4943 est
1699 4894 1758 4941 ut
1785 4884 2015 4957 quilibet
2044 4884 2131 4956 ju-

542 4970 811 5030 stiﬁcatus
843 4975 986 5044 apud
1029 4972 1203 5033 Deum
1249 4976 1323 5034 sit
1374 4975 1734 5050 ingloriosus.
1775 4973 1874 5033 Vel
1910 4978 1987 5032 ita
2021 4997 2033 5033 :
2078 4966 2126 5035 si

539 5059 814 5119 Abraham
835 5063 1168 5135 justiﬁeatus
1197 5078 1367 5125 estex
1416 5070 1553 5140 lege,
1606 5068 1773 5125 habet
1807 5067 1936 5125 inde
1978 5061 2121 5127 reici

536 5153 766 5211 rendam
805 5155 1034 5227 gloriam
1079 5157 1290 5215 meritis
1332 5161 1482 5228 suis,
1517 5161 1609 5227 sed
1638 5177 1743 5217 non
1765 5160 1908 5233 apud
1930 5154 2119 5229 Deum,

536 5244 597 5303 id
625 5255 712 5304 est
733 5262 846 5304 non
873 5262 995 5304 esse
1023 5248 1128 5306 hoc
1149 5249 1493 5307 referendum
1522 5255 1711 5324 gratiae
1737 5252 1868 5310 Dei:
1904 5254 1998 5311 sed
2025 5254 2120 5310 de;

535 5352 734 5411 rogare
758 5340 948 5412 gratiae
974 5338 1090 5408 Dei,
1112 5350 1162 5397 et
1189 5341 1543 5414 derogantem
1566 5344 1857 5416 justiﬁcari
1902 5345 1997 5417 qui
2018 5346 2116 5411 in;

530 5430 718 5502 justus
741 5441 847 5499 est,
871 5432 1036 5489 simul
1064 5449 1187 5490 esse
1206 5448 1316 5490 non
1344 5444 1596 5506 possunt.
1641 5434 1900 5495 Probavit
1924 5454 2022 5509 per
2042 5438 2120 5505 le-

533 5539 659 5597 gem
679 5539 789 5580 non
809 5536 974 5595 posse
996 5526 1309 5597 iustiﬁcari,
1337 5542 1435 5599 per
1460 5529 1808 5600 prtemissum
1860 5520 2118 5593 inconvei

533 5618 694 5673 nicas
724 5618 920 5688 probat
947 5633 1044 5689 per
1076 5618 1239 5676 ﬁdem
1280 5620 1596 5695 jnstiﬁcari,
1646 5638 1742 5694 per
1796 5620 2110 5694 sequentem

532 5711 937 5778 auctoritatem,
987 5711 1177 5772 dicens
1210 5732 1223 5767 :
1264 5710 1608 5786 impossibile
1640 5723 1725 5771 est
1758 5707 2116 5785 exitipcribus

530 5798 671 5870 legis
697 5800 1007 5872 iustiﬁcari,
1038 5803 1135 5897 sed
1156 5804 1295 5870 ﬁdes
1319 5806 1608 5877 justiﬁeat,
1644 5805 2110 5878 te‘eISeriptura.

2230 4887 2349 4943 sine
2372 4886 2565 4968 merito
2587 4886 2689 4956 fert
2701 4885 2998 4957 justitiam,
3023 4884 3079 4940 id
3103 4893 3187 4940 est
3206 4900 3375 4956 quem
3398 4885 3546 4941 Deus
3564 4898 3630 4939 ex
3647 4874 3801 4968 gratia

2221 4966 2510 5053 justiﬁcat,
2532 4978 2645 5033 sine
2671 4975 2913 5049 operibus
2955 4976 3409 5047 justiﬁeationem
3462 4966 3802 5048 promerenti—

2227 5071 2351 5127 bus.
2378 5069 2494 5127 Hoc
2522 5070 2715 5140 utique
2741 5068 2820 5124 ait
2849 5066 3019 5123 David
3068 5068 3143 5124 ita
3173 5067 3367 5124 dicens
3400 5066 3632 5141 (Psalm.
3659 5072 3800 5125 xm,

2226 5158 2317 5236 i):
2356 5159 2512 5219 Beati
2534 5170 2663 5236 sunt
2692 5160 2769 5216 illi
2802 5176 3026 5233 quorum
3049 5158 3359 5233 iniquitates
3408 5161 3643 5216 remissa:
3668 5159 3800 5211 sunt.

2222 5232 2343 5311 Non
2358 5232 2697 5312 determinat
2715 5268 2813 5324 per
2831 5266 3018 5323 quem,
3035 5251 3131 5308 sed
3154 5267 3396 5324 sequens
3426 5264 3620 5308 versus
3640 5242 3802 5303 innuit

2223 5360 2255 5404 a
2286 5344 2516 5404 Domino
2538 5346 2639 5403 has
2664 5340 2888 5401 remitti.
2918 5341 3003 5400 Illi
3031 5346 3220 5416 utique
3242 5355 3379 5402 sunt
3409 5346 3551 5401 beati
3576 5361 3594 5401 :
3619 5338 3800 5412 iniqui-

2221 5447 2355 5520 tates
2376 5453 2619 5520 quorum,
2647 5437 2702 5494 id
2723 5440 2809 5494 est
2838 5437 2892 5493 in
2942 5437 3145 5509 quibus
3183 5438 3461 5495 naturalis
3490 5437 3663 5493 fomes
3688 5443 3801 5503 pec-

2218 5516 2326 5588 eati
2350 5516 2617 5599 remissus
2641 5538 2695 5585 et
2716 5528 3031 5586 debilitatus
3051 5539 3155 5599 est,
3183 5530 3333 5601 quod
3382 5531 3499 5600 iam
3528 5530 3586 5583 in
3631 5532 3799 5581 sctum

2199 5622 2456 5677 transire
2484 5633 2594 5675 non
2618 5629 2820 5689 potest,
2849 5619 2897 5676 si
2922 5619 3089 5677 velint
3119 5623 3199 5676 uti
3220 5616 3400 5686 libero
3430 5620 3659 5676 arbitrio
3685 5628 3800 5671 cou-

2217 5710 2438 5788 l'ortato.
2480 5709 2586 5766 Sed
2612 5711 2743 5787 quia
2773 5712 3066 5769 remissum
3119 5729 3242 5770 esse
3274 5711 3551 5769 fomitem
3604 5703 3797 5782 peccati

2194 5788 2706 5884 nousuilieeret'ad
2726 5801 2981 5861 salutem.
3006 5803 3111 5859 nisi
3141 5806 3424 5877 praeterita
3472 5810 3694 5875 peccata
3719 5795 3796 5853 di-
