3978 6408
698 328 722 342 δ’

221 350 292 416 i5

214 580 337 619 rum
373 568 612 626 actualta
645 583 782 628 tecta
811 579 935 630 sunt
980 593 1034 632 in
1080 579 1355 651 baptismo
1431 584 1596 644 Tecta
1645 568 1767 646 ideo
1801 608 1815 646 :

213 655 345 726 quia
384 655 533 716 Deus
553 660 671 730 jam
726 679 835 720 non
889 659 1036 725 videt
1079 671 1149 726 ad
1197 675 1560 743 puniendum.
1616 668 1816 737 Beatus

208 748 381 804 etiam
397 751 481 804 vir
492 751 581 807 ille
594 754 680 808 cui
701 754 960 813 Dominus
984 775 1087 815 non
1110 763 1391 835 imputavit
1407 780 1680 839 peccatum
1703 773 1817 829 ori-

207 839 413 912 ginale.
446 838 547 902 llic
575 861 683 902 non
730 851 965 908 multum
1017 854 1235 913 videtur
1285 838 1446 933 agere
1506 863 1575 920 de
1613 865 1810 938 gratia.

208 927 510 989 Sciendum
547 944 730 992 tamen
757 949 843 996 est
879 943 1027 1012 quod
1072 953 1222 1003 totus
1265 927 1513 1020 psalmus
1561 927 1815 1014 versatur

205 1020 362 1080 circa
382 1029 917 1087 commendationem
940 1036 1132 1106 gratiae
1161 1038 1286 1108 Dei,
1315 1051 1371 1097 et
1398 1046 1594 1114 probat
1630 1051 1810 1105 nemi-

203 1129 338 1170 nem
354 1131 522 1186 posse
541 1119 837 1191 iustiﬁcari
862 1125 971 1181 nisi
997 1143 1096 1198 per
1114 1133 1368 1202 gratiam.
1389 1134 1660 1202 Quoniam
1684 1141 1812 1211 qui-

201 1199 327 1260 dem
377 1205 453 1262 ita
498 1207 702 1281 legitur
739 1211 797 1270 in
825 1212 998 1273 David
1033 1237 1048 1274 ε
1081 1199 1226 1294 Ergo
1274 1239 1374 1295 per
1415 1199 1806 1290 auctoritatem

201 1294 347 1354 hanc
377 1309 596 1358 constat
625 1306 776 1374 quod
811 1308 1104 1380 isatitudo,
1136 1315 1191 1370 id
1216 1294 1300 1373 est
1319 1318 1644 1389 justiﬁestio
1674 1324 1808 1396 (sic-

199 1398 260 1445 ut
313 1392 526 1450 dictum
558 1399 664 1468 est)
687 1399 749 1469 ﬁt
779 1417 876 1472 per
893 1405 1152 1474 gratiam.
1183 1405 1291 1464 Sed
1329 1426 1454 1467 cum
1486 1413 1567 1470 sic
1587 1392 1702 1484 ﬁat,
1731 1416 1807 1474 vi.

196 1483 430 1543 deamus
453 1502 522 1542 an
546 1489 666 1546 haec
690 1492 973 1552 beatitudo
1006 1509 1220 1556 mortem
1241 1501 1302 1558 iu
1317 1483 1716 1577 cirumcisione,
1747 1509 1804 1566 id

194 1585 281 1630 est
300 1577 361 1632 in
391 1577 597 1638 iudicis
620 1592 832 1642 tantum
859 1605 872 1642 :
903 1605 975 1644 an
999 1590 1143 1648 sicut
1167 1593 1224 1648 in
1249 1593 1478 1667 iudicis,
1509 1600 1589 1657 sic
1635 1603 1808 1660 etiam

193 1667 251 1721 in
275 1674 568 1742 prttputt'o,
592 1675 648 1732 id
678 1686 764 1734 est
789 1679 847 1735 in
897 1683 1214 1753 gentilibus.
1257 1686 1388 1745 Vult
1435 1691 1634 1751 iterum
1672 1710 1804 1767 pro-

193 1759 329 1817 bare
357 1777 459 1832 per
480 1765 762 1825 Abraham
791 1771 908 1842 qui,
932 1774 1257 1847 priusquam
1285 1759 1798 1856 crreumcideretur,

191 1867 289 1922 per
328 1853 495 1912 ﬁdem
513 1857 850 1929 justiﬁeatus
884 1863 1010 1935 fuit,
1042 1869 1125 1924 sic
1158 1872 1388 1940 gentiles
1418 1891 1515 1945 per
1566 1853 1800 1948 gratiam
1829 1853 1875 1921 Β

184 1945 506 2019 iustiﬁcari,
539 1960 601 2007 ut
622 1951 861 2025 Judaaos,
883 1957 1072 2016 dicens
1104 1979 1118 2016 :
1150 1960 1277 2018 Ideo
1306 1980 1495 2036 quaero
1518 1945 1592 2024 an
1613 1971 1797 2033 incir-

189 2042 518 2100 cumcisioue
542 2046 744 2115 solum,
769 2065 842 2103 an
873 2050 932 2104 in
951 2054 1214 2123 praeputio
1241 2068 1462 2115 maneat
1493 2060 1608 2117 haec
1623 2061 1793 2132 justi-

187 2132 409 2190 ﬁeatio:
435 2137 567 2207 quia
590 2154 693 2195 nos
721 2141 947 2197 dicimus
969 2145 1109 2215 quod
1130 2146 1261 2216 ﬁdes
1295 2148 1526 2206 Abrahae
1548 2163 1793 2224 reputate

180 2233 262 2278 est
290 2225 347 2280 ei
378 2227 451 2280 ad
480 2227 779 2300 justitiam,
805 2232 860 2288 id
879 2237 1137 2306 estquod
1161 2237 1441 2296 Abraham
1489 2258 1586 2313 per
1628 2245 1791 2302 ﬁdem

177 2316 520 2387 justiﬁeatus
565 2323 682 2379 sit:
714 2334 918 2383 etcum
969 2345 1068 2398 per
1119 2331 1281 2388 ﬁdem
1309 2333 1642 2404 justiﬁcatus
1694 2339 1786 2409 sit,

178 2424 302 2480 ergo
323 2411 623 2469 dicendum
653 2426 824 2472 restat
843 2420 1129 2490 quomodo,
1157 2423 1212 2479 id
1235 2432 1320 2483 est
1362 2426 1419 2482 in
1473 2443 1587 2500 quo
1639 2439 1787 2488 statu

179 2510 434 2570 reputate:
461 2513 542 2558 est
568 2504 618 2561 ei
635 2506 770 2576 ﬁdes
789 2508 860 2562 ad
865 2509 1163 2580 justitiam,
1187 2529 1258 2569 an
1285 2515 1343 2570 iu
1361 2518 1783 2590 circumcisione,

176 2604 249 2644 an
273 2591 607 2665 priusquam
631 2596 1138 2670 circumcideretur,
1169 2603 1302 2661 dum
1323 2607 1505 2665 adhuc
1551 2621 1702 2668 esset
1727 2612 1785 2669 in

177 2687 476 2755 praeputio,
507 2687 562 2744 id
583 2696 670 2745 est
691 2688 748 2745 in
777 2691 1116 2763 gentilitate?
1147 2694 1346 2763 Quaero
1374 2699 1564 2772 inquo
1611 2711 1780 2771 statu,

175 2775 484 2847 sedpalam
513 2789 599 2836 est
640 2783 771 2854 quia
797 2783 854 2839 in
877 2784 1318 2846 circumcisionis
1371 2799 1618 2864 tempore
1667 2811 1781 2853 non

175 2876 259 2924 est
279 2868 624 2940 justiﬁcatus
651 2890 749 2945 per
770 2875 956 2944 ﬁdem,
1004 2879 1100 2935 sed
1129 2879 1260 2936 dum
1305 2883 1488 2941 adhuc
1533 2897 1782 2945 maneret

173 2958 226 3015 in
250 2964 544 3032 praeputio.
578 2964 718 3032 Quia
754 2968 802 3024 si
828 2969 1106 3026 Abraham
1148 2956 1566 3035 incircumcisus
1598 2980 1779 3038 adhuc

171 3065 266 3120 per
286 3053 456 3110 ﬁdem
488 3056 826 3126 justiﬁeatus
855 3071 962 3130 est,
1009 3079 1181 3135 quare
1243 3066 1497 3124 similiter
1547 3072 1776 3142 gentiles

171 3144 551 3206 incircumcisi
574 3168 684 3208 non
701 3153 1077 3225 justiﬁcentur
1102 3158 1149 3215 si
1173 3160 1334 3216 ﬁdem
1360 3162 1632 3220 habeant?
1659 3165 1772 3237 Op—

168 3250 400 3308 poneret
425 3241 630 3298 iterum
657 3243 880 3304 Judaeus
909 3266 922 3304 :
956 3247 1014 3305 Si
1048 3249 1399 3310 circumcisio
1427 3255 1566 3312 nihil
1590 3257 1660 3314 ad
1681 3259 1775 3330 ju-

168 3331 562 3391 stiﬁcationem
587 3336 825 3396 Abrahae
851 3341 1078 3412 profuit,
1103 3359 1276 3415 quare
1294 3356 1588 3419 postquam
1613 3349 1776 3422 justi-

165 3420 363 3481 ﬁcatus
393 3435 485 3483 est
507 3442 570 3485 se
598 3428 979 3489 circumcidit?
1015 3432 1356 3507 Opportune,
1404 3420 1656 3512 inquam,
1710 3451 1774 3500 ut

163 3516 456 3574 veritatem
503 3519 584 3576 rei
627 3536 796 3594 quam
844 3524 1082 3582 habebat
1114 3529 1386 3586 occultam
1442 3531 1498 3588 in
1560 3533 1766 3601 anima,

163 3607 431 3678 ﬁguraret
478 3610 536 3666 in
599 3627 767 3670 carne
797 3633 810 3669 :
839 3614 1129 3674 intendens
1173 3620 1350 3691 magis
1411 3620 1608 3678 docere
1659 3624 1769 3680 cir-

161 3700 565 3758 cumcisionem
597 3704 782 3761 cordis
802 3721 970 3776 quam
1003 3709 1211 3777 carnis,
1242 3711 1389 3781 quod
1409 3713 1764 3784 aequipollen-

162 3801 239 3848 ter
257 3794 362 3849 ait.
385 3794 456 3850 Et
477 3794 608 3852 licet
645 3796 925 3854 Abraham
950 3799 1004 3854 in
1031 3801 1300 3872 praeputio
1318 3803 1653 3874 justiﬁeatus
1671 3807 1762 3874 sit,

164 3891 347 3942 tamen
380 3895 575 3956 postea
607 3890 809 3959 accepit
832 3890 889 3946 in
910 3906 1078 3947 carne
1103 3893 1312 3964 signum
1342 3895 1763 3954 circumcisionis

162 3976 649 4046 etjustiﬁcationis
682 3981 902 4048 habitae,
929 3997 1041 4038 non
1067 3992 1130 4039 ut
1154 4001 1254 4056 per
1283 3986 1761 4046 circumcisionem

159 4067 577 4137 iustiﬁcaretur,
600 4072 696 4128 sed
720 4073 881 4130 utsic
907 4075 1290 4134 ostenderetur
1305 4078 1511 4149 justus.
1531 4079 1760 4152 Signum

160 4159 276 4217 dico
300 4177 419 4217 non
450 4171 701 4233 apertum
727 4165 1008 4236 omnibus,
1060 4167 1158 4224 sed
1206 4169 1565 4241 signaculum,
1611 4173 1761 4244 quod

159 4253 420 4321 quiddam
451 4256 733 4312 occultum
755 4258 1062 4316 contineret
1096 4277 1110 4314 :
1139 4277 1172 4318 a
1214 4262 1572 4321 similitudine
1619 4281 1761 4323 rem

158 4345 240 4398 cui
261 4346 612 4416 imprimitur
631 4339 908 4421 Sigillum,
939 4367 1062 4422 qua:
1109 4352 1166 4408 in
1221 4370 1280 4410 se
1331 4357 1577 4412 continet
1610 4358 1759 4428 quod

156 4444 303 4491 extra
326 4452 444 4492 non
475 4451 719 4508 apparet.
765 4441 860 4496 Sic
905 4443 1258 4502 circumcisio
1303 4448 1488 4504 carnis
1537 4448 1758 4520 signum

157 4526 377 4594 quidem
407 4537 529 4584 erat
558 4529 834 4588 interioris
863 4531 1112 4604 justitiae,
1143 4539 1292 4608 quod
1321 4538 1411 4594 vix
1452 4539 1621 4609 aliqui
1664 4539 1762 4596 Ju-

155 4616 248 4675 daei
319 4636 463 4677 sane
509 4625 880 4681 attendebant.
949 4626 1304 4701 Signaculum
1350 4632 1477 4691 dico
1519 4637 1754 4706 justitia:

154 4711 292 4782 ﬁdei,
322 4715 382 4771 id
405 4723 493 4771 est
506 4715 926 4786 'jttstiﬁcationis
946 4721 1149 4780 habitae
1177 4726 1284 4797 27
1306 4742 1403 4797 per
1423 4729 1607 4799 ﬁdem,
1629 4746 1754 4802 qua:

154 4803 278 4863 ﬁdes
307 4817 370 4864 et
389 4824 511 4879 qua:
531 4809 747 4879 justitia
768 4821 846 4866 est
874 4813 932 4867 in
968 4817 1251 4885 prwputio,
1290 4817 1346 4875 id
1375 4829 1460 4877 est
1498 4823 1753 4879 conside-

151 4904 298 4952 ratur
330 4897 393 4954 in
427 4898 707 4954 Abraham
733 4909 978 4972 tempore
1016 4907 1284 4975 praaputii,
1314 4917 1370 4964 et
1415 4913 1748 4969 convenien-

152 4994 226 5041 ter
253 4989 312 5044 in
345 4999 582 5046 eostatu
607 4991 884 5050 Abraham
908 4995 1241 5066 justiﬁeatus
1287 5011 1392 5070 est,
1445 5013 1502 5058 ut
1553 5006 1629 5062 ita
1678 5009 1750 5063 sit

147 5088 312 5149 pater,
347 5081 404 5137 id
433 5091 522 5138 est
546 5085 827 5142 institutor
852 5090 1156 5146 secundum
1200 5092 1432 5150 formam
1461 5096 1607 5166 ﬁdei,
1637 5115 1747 5156 non

148 5171 322 5229 solum
350 5173 692 5243 Iudaeorum,
723 5180 818 5235 sed
840 5189 896 5236 et
949 5185 1186 5239 omnium
1239 5187 1600 5256 credentium;
1654 5193 1746 5262 sit,

148 5261 394 5335 inquam,
427 5277 585 5338 pater
602 5269 728 5326 ﬁdei
759 5273 1006 5330 omnium
1035 5292 1130 5346 per
1172 5282 1516 5351 prmputium,
1562 5283 1617 5339 id
1661 5295 1746 5342 est

147 5367 240 5422 per
260 5356 428 5412 ﬁdem
451 5357 506 5412 in
530 5366 774 5431 tempore
801 5366 1053 5435 praeputii
1078 5367 1340 5426 habitam.
1377 5371 1446 5429 Et
1471 5378 1746 5446 quemadw

147 5445 367 5501 modum
396 5448 497 5514 illi,
521 5449 601 5507 sic
625 5452 739 5507 illis
767 5456 1025 5513 omnibus
1072 5460 1422 5521 credentibus
1463 5445 1738 5540 reputatur

146 5537 366 5594 credere
387 5556 553 5596 suum
576 5543 647 5598 ad
662 5544 961 5614 justitiam.
995 5548 1062 5606 Et
1083 5553 1226 5609 sicut
1271 5537 1548 5616 Abraham
1584 5574 1738 5634 pater

145 5635 225 5681 est
244 5629 394 5699 ﬁdei,
437 5634 512 5689 ita
542 5636 613 5690 sit
641 5647 810 5707 pater,
843 5640 896 5696 id
923 5651 1009 5698 est
1043 5643 1342 5716 institutor,
1368 5629 1736 5712 circumcisio¢

147 5721 247 5788 nis,
281 5722 337 5778 id
355 5735 441 5782 est
457 5727 889 5800 iustiﬁcationis,
920 5751 1044 5806 quae
1095 5754 1162 5795 ex
1213 5742 1318 5799 ﬁde
1353 5749 1729 5819 consequitur.

147 5809 226 5868 Sit
245 5827 402 5886 pater
433 5819 557 5878 dico
585 5840 686 5879 non
714 5826 796 5880 liis
842 5837 1046 5884 tantum
1077 5834 1165 5902 qui
1204 5846 1326 5890 sunt
1361 5854 1423 5892 ex
1453 5809 1734 5896 circumci-

893 363 1262 430 EXPOSITIO
1299 367 1366 431 IN
1409 369 1793 438 EPISTOLAS
1827 377 2056 444 PAULI.
2095 423 2164 435 —
2195 384 2262 451 IN
2293 392 2512 460 EPIST.
2555 402 2648 460 AD
2687 402 2852 466 ROM.

215 474 590 546 mitterentur,
614 471 768 538 addit
835 483 907 539 Et
937 485 1080 544 beati
1128 501 1256 547 sunt
1295 491 1394 561 illi,
1427 505 1644 566 peccata
1678 515 1823 570 ηηο-
1849 509 1897 567 Α
1921 507 2069 564 sione
2101 513 2307 583 carnis,

2360 517 2412 574 id
2443 529 2527 577 est
2545 519 2750 582 iudicis
2770 563 2786 591 ,
2815 530 2906 583 sed
2935 531 3100 590 etiam
3145 540 3402 601 omnibus
3434 545 3520 602 his

1918 599 2011 668 qui
2029 612 2301 660 sectantur
2329 611 2550 684 vestigia
2584 616 2712 685 ﬁdei
2761 620 3016 691 Abrahae,
3066 631 3315 701 exemplo
3370 636 3521 695 illius

1917 688 2056 748 bene
2077 699 2353 766 operando
2377 717 2474 772 per
2516 704 2701 778 ﬁdem,
2749 726 2872 782 qua:
2915 688 3051 773 ﬁdes
3097 729 3182 776 est

1919 787 2163 876 tempore
2191 793 2464 862 prteputii,
2491 798 2665 866 patris
2687 805 2861 860 nostri
2882 806 3136 867 Abrahm.
3172 811 3310 871 Vere
3335 817 3516 876 Abra-

1915 872 2046 930 ham
2073 888 2228 947 pater
2248 882 2352 938 erit
2375 887 2622 946 omnium
2652 895 3014 968 credentium,
3050 917 3156 957 nou
3191 918 3286 975 per
3340 906 3511 981 legem

1913 968 2009 1024 sed
2037 985 2134 1040 per
2155 972 2336 1030 ﬁdem.
2365 975 2502 1034 Nam
2530 981 2694 1052 hujus
2723 985 2801 1040 rei
2840 991 3124 1056 promissio
3142 1035 3158 1062 ,
3189 968 3418 1068 scilicet:
3450 1009 3516 1057 ut

1910 1070 2056 1117 esset
2078 1062 2251 1122 hieres
2273 1070 2483 1139 mundi,
2510 1074 2656 1143 quod
2682 1075 2822 1135 idem
2853 1091 2940 1138 est
2959 1086 3108 1154 quod
3129 1101 3253 1144 esse
3297 1062 3512 1160 patrem

1909 1153 2158 1210 omnium
2186 1160 2430 1229 gentium
2465 1180 2478 1217 :
2508 1164 2646 1234 haec,
2672 1167 2918 1241 inquam,
2944 1153 3243 1246 promissio
3273 1197 3378 1236 non
3423 1193 3513 1241 est

1908 1241 2051 1337 facta
2073 1263 2166 1317 per
2183 1247 2371 1321 legem,
2403 1252 2455 1309 id
2480 1267 2566 1312 est
2589 1260 2784 1317 merito
2805 1241 2961 1337 legis,
2993 1269 3089 1324 sed
3120 1272 3320 1328 merito
3342 1273 3466 1330 ﬁdei
3489 1293 3506 1330 ε

1907 1335 2055 1404 quod
2091 1337 2137 1393 si
2165 1355 2274 1395 non
2304 1351 2392 1398 est
2413 1346 2747 1414 promissum
2777 1335 2877 1422 per
2908 1355 3102 1426 legem,
3135 1375 3240 1417 nec
3293 1363 3506 1434 impleri

1905 1424 2067 1524 debet
2115 1445 2211 1500 per
2257 1433 2462 1506 legem;
2511 1441 2663 1509 quod
2688 1442 2770 1499 sic
2823 1445 2904 1500 ait
2934 1424 3238 1508 :i’romisit
3277 1424 3506 1524 quidem

1895 1513 2048 1576 Deus
2077 1519 2308 1578 Abrahae
2334 1533 2431 1580 aut
2454 1530 2645 1583 semini
2662 1531 2798 1601 ejus,
2824 1535 2878 1590 id
2900 1545 2986 1593 est
3006 1539 3248 1610 Christo,
3282 1513 3341 1598 ut
3367 1555 3506 1602 esset

1903 1605 2069 1662 luem
2105 1614 2324 1677 mundi;
2350 1615 2444 1672 ubi
2466 1618 2676 1678 dictum
2698 1633 2824 1679 est:
2856 1625 3007 1685 Dabo
3050 1605 3245 1702 gentes.
3266 1634 3506 1692 haeredi-

1901 1702 2067 1771 tatem
2097 1706 2244 1756 tuam
2270 1702 2422 1774 (Gen.
2450 1709 2612 1781 xvn),
2637 1719 2744 1768 etc.
2777 1713 2915 1785 Hoc,
2939 1717 3163 1789 inquam
3182 1762 3198 1788 ,
3226 1738 3335 1780 non
3367 1737 3502 1795 pro-

1902 1786 2053 1843 misit
2075 1805 2172 1860 per
2207 1792 2403 1865 legem,
2427 1801 2519 1853 sed
2543 1817 2638 1871 per
2653 1802 2928 1872 justitiam
2963 1786 3111 1878 ﬁdei,
3141 1786 3196 1866 id
3249 1822 3334 1870 est
3367 1786 3504 1886 quas

1895 1875 2112 1948 justitia
2159 1899 2229 1940 ex
2278 1887 2385 1944 ﬁde
2439 1895 2710 1964 sequitur,
2762 1914 2930 1970 quam
2954 1875 3116 1958 ﬁdem
3143 1875 3500 1981 _etjustitiatn

1899 1968 2026 2026 ﬁdei
2067 1984 2283 2043 oportet
2313 1978 2516 2038 habere
2553 1968 2895 2060 omnes-{qui
2927 2007 2986 2048 se
3013 1973 3204 2051 volunt
3227 2012 3501 2056 annume-

1896 2061 2007 2116 rari
2035 2063 2090 2118 in
2121 2068 2492 2126 hereditatem
2519 2073 2726 2133 Christi
2760 2098 2773 2134 :
2802 2080 3080 2139 Abraham
3111 2095 3294 2142 autem
3329 2089 3494 2146 ﬁdem

1895 2149 1950 2205 in
1975 2168 2034 2208 se
2055 2154 2270 2226 habuit,
2299 2169 2356 2217 et
2380 2161 2655 2232 justitiam
2681 2180 2847 2239 quam
2864 2182 3084 2242 oportet
3113 2177 3320 2236 imitari
3347 2179 3497 2237 ﬁlios

1888 2239 2034 2311 ejus.
2076 2243 2211 2302 Vere
2244 2264 2343 2319 per
2373 2253 2549 2324 legem
2602 2272 2714 2313 non
2744 2260 2807 2315 ﬁt
2834 2239 3134 2331 promissio
3161 2285 3174 2323 :
3207 2269 3338 2341 quia
3371 2274 3419 2326 si
3453 2272 3496 2328 ii

1893 2339 2106 2392 tantum
2129 2341 2220 2410 qui
2245 2353 2374 2400 sunt
2396 2361 2463 2400 ea:
2499 2346 2629 2419 lege,
2667 2351 2720 2406 1d
2747 2361 2834 2408 est
2847 2352 3044 2426 Judaei,
3095 2339 3491 2420 suntfhaaredes

1889 2429 2282 2496 promissionis
2299 2435 2553 2508 Abrahae,
2581 2456 2716 2514 ergo
2735 2438 2870 2515 ﬁdes
2915 2446 3123 2508 Christi
3172 2462 3252 2509 est
3301 2457 3495 2511 exina-

1887 2520 2026 2590 nita,
2068 2523 2124 2580 id
2153 2536 2237 2583 est
2258 2527 2440 2587 inanis
2471 2542 2579 2602 est,
2611 2544 2667 2591 et
2691 2535 2898 2596 frustra
2932 2543 3222 2615 recepistis
3259 2563 3403 2616 eam,
3451 2565 3491 2607 ο

1885 2609 2081 2686 Judaei,
2105 2618 2265 2678 silex
2299 2624 2601 2684 suﬁicicbat
2624 2631 2804 2701 vobis,
2847 2643 2911 2691 ut
2953 2609 3201 2696 hau-edes
3233 2645 3430 2702 essetis
3465 2661 3482 2700 :

1884 2709 2032 2777 quod
2059 2713 2358 2772 maximum
2382 2717 2778 2782 inconveniens
2817 2726 3080 2797 judicatis
3131 2734 3364 2804 vosipsi,
3420 2747 3487 2793 ut

1883 2796 2018 2855 ﬁdes
2040 2799 2243 2859 Christi
2275 2804 2479 2866 frustra
2528 2812 2620 2868 sit.
2675 2811 2787 2872 Nec
2821 2796 2946 2875 hoc
2999 2821 3180 2878 solum
3225 2796 3486 2894 est,'sed

1880 2890 2048 2948 etiam
2089 2895 2135 2952 si
2162 2895 2336 2957 Judaei
2365 2903 2545 2960 solum
2573 2907 2820 2968 haeredes
2845 2922 2996 2983 sunt,
3027 2915 3110 2972 sic
3143 2890 3370 2987 abolita,
3425 2921 3482 2978 id

1879 2995 1965 3042 est
1984 2986 2180 3058 deleta,
2203 3005 2280 3048 est
2309 2999 2594 3066 promissio
2621 3011 2677 3059 et
2712 3002 2848 3061 falsa
2881 3023 2894 3061 :
2931 3009 3081 3078 quod
3111 3010 3320 3068 dictum
3349 2986 3437 3069 est
3462 3031 3482 3071 :

1878 3074 1938 3133 ln
1965 3082 2175 3140 semine
2199 3094 2296 3142 tuo
2318 3088 2710 3150 benedicentur
2727 3074 3122 3172 omnesgeiites
3139 3101 3292 3174 (Gen.
3311 3105 3476 3179 xvu),

1800 3191 1848 3257 ο
1877 3183 2004 3226 cum
2032 3171 2089 3226 in
2123 3173 2258 3232 solis
2275 3175 2478 3236 .ludaais
2504 3181 2618 3239 haec
2645 3171 2955 3244 benedictio
2971 3189 3085 3246 ﬁat.
3120 3171 3260 3250 Vere
3281 3195 3375 3266 qui
3403 3171 3476 3254 e'i

1875 3259 1994 3334 lege
2021 3275 2406 3339 sunttantum,
2444 3287 2552 3330 non
2578 3286 2859 3336 merentur
2890 3259 3474 3348 hereditatem-Nam

1871 3350 1960 3408 lea:
2012 3368 2264 3428 operatur
2309 3373 2365 3419 et
2398 3377 2644 3424 meretur
2670 3372 3022 3448 solummodo
3047 3378 3229 3435 iram:
3257 3382 3389 3453 quia
3425 3385 3477 3442 si

1871 3445 1967 3517 qui
1991 3449 2095 3505 sub
2125 3451 2242 3526 lege
2266 3454 2405 3513 bene
2434 3461 2642 3530 operati
2673 3475 2824 3533 sunt,
2867 3445 2972 3538 per
3002 3468 3165 3527 ﬁdem
3211 3445 3318 3532 hoc
3345 3475 3473 3547 fuit,

1868 3545 1926 3593 et
1970 3555 2080 3596 non
2142 3557 2241 3613 per
2290 3547 2482 3620 legem.
2515 3550 2655 3610 Vere
2699 3557 2784 3613 lex
2831 3571 3092 3631 operatur
3128 3565 3302 3634 iram;
3339 3585 3472 3628 nam

1867 3633 2394 3707 praevaricationem,
2446 3653 2503 3698 et
2529 3660 2655 3702 vere
2690 3652 3238 3719 praevaricationem:
3266 3675 3394 3716 nam
3422 3662 3474 3718 si

1866 3727 1960 3782 ubi
1989 3746 2094 3785 non
2117 3742 2194 3786 est
2220 3733 2326 3804 leas,
2360 3753 2464 3792 non
2489 3749 2568 3795 est
2612 3747 3012 3817 pravaricatio,
3067 3762 3124 3809 et
3153 3754 3471 3830 ubicunque

1865 3828 1950 3875 est
1977 3825 2372 3896 praevaricatio,
2399 3830 2472 3886 ibi
2505 3833 2591 3889 lex
2621 3844 2725 3892 est.
2759 3836 2987 3911 Propter
3030 3847 3341 3916 supradicta
3369 3825 3470 3921 qui

1863 3925 1930 3966 ex
1959 3913 2078 3986 lege
2113 3927 2263 3986 sunt,
2295 3920 2538 3979 haeredes
2588 3941 2699 3983 non
2752 3940 2919 3987 erunt
2957 3947 2970 3986 :
3011 3913 3114 3991 sed
3130 3938 3250 3994 ideo
3275 3913 3469 4012 qui-ea:

1863 4001 1968 4072 ﬁde
2003 4015 2150 4074 sunt,
2179 4007 2422 4069 haeredes
2443 4025 2626 4086 erunt,
2651 4027 2710 4073 ut
2734 4023 3019 4091 promissio
3054 4026 3196 4085 facta
3253 4001 3310 4086 ei
3359 4032 3467 4089 im-

1859 4197 1965 4257 est,
2001 4193 2153 4248 omni
2183 4194 2419 4253 imitanti
2477 4199 2755 4260 Abraham
2798 4219 2899 4278 per
2940 4210 3139 4267 ﬁdem:
3166 4230 3269 4270 non
3298 4219 3347 4272 ei
3373 4235 3465 4274 so-

1859 4275 1970 4332 lum
1991 4281 2084 4352 qui
2107 4299 2172 4337 ea:
2206 4284 2316 4358 lege
2341 4297 2449 4355 est,
2479 4288 2534 4344 id
2561 4300 2646 4347 est
2665 4275 2875 4365 Iudico,
2908 4299 3000 4353 sed
3025 4301 3191 4358 etiam
3231 4307 3381 4361 omni
3409 4309 3462 4364 ei

1858 4370 1951 4440 qui
1977 4380 2056 4426 est
2075 4390 2142 4427 ea:
2165 4376 2272 4445 ﬁde
2290 4377 2541 4449 Abrahae,
2575 4382 2628 4438 id
2650 4393 2754 4453 est,
2784 4388 2880 4458 qui
2908 4402 3007 4460 per
3028 4390 3190 4448 ﬁdem
3210 4396 3462 4466 sequitur
3551 4413 3554 4417 ‘

1857 4460 2169 4546 Abraham:
2203 4470 2295 4539 qui
2329 4470 2605 4529 Abraham
2638 4486 2718 4532 est
2741 4488 2900 4550 pater
2929 4485 3164 4540 omnium
3196 4460 3457 4558 nas-trum,

1791 4537 1838 4594 Ῐ)
1862 4562 1974 4608 tam
1997 4537 2281 4626 gentilium
2308 4577 2474 4632 quam
2496 4537 2834 4638 Judmortim,
2867 4537 3172 4631 secundum

1860 4645 1987 4701 ﬁdei
2014 4657 2068 4704 et
2088 4651 2335 4719 justitiae.
2391 4653 2553 4712 Pater
2613 4659 2805 4731 utique
2854 4666 3103 4722 omnium
3151 4677 3255 4736 est,
3314 4670 3462 4728 sicut

1857 4738 2124 4809 scriptum
2149 4753 2235 4800 est
2269 4745 2326 4801 in
2355 4745 2574 4805 Genesi.
2603 4749 2740 4808 lllud
2773 4755 2905 4825 quia
2929 4758 2999 4813 ad
3029 4759 3279 4816 ordinem
3306 4761 3456 4818 litte-

1857 4845 1934 4886 rae
1966 4836 2035 4888 de
2067 4850 2175 4905 qua
2228 4849 2507 4910 sumptum
2568 4852 2674 4911 est,
2733 4848 3150 4920 respicitzhoc,
3204 4853 3454 4925 inquam,

1856 4921 2123 4991 scriptum
2152 4935 2240 4982 est
2265 4943 2278 4979 :
2308 4926 2426 5000 Ego
2447 4930 2693 5001 disposui
2736 4943 2810 5003 te,
2863 4937 3166 5009 Abraham,
3203 4921 3454 5002 futurum

1854 5021 2066 5082 patrem
2118 5019 2420 5074 secundum
2482 5021 2884 5084 institutionem
2955 5030 3083 5088 ﬁdei
3151 5035 3452 5096 multarum

1849 5103 2092 5174 gentium
2121 5124 2134 5160 :
2169 5115 2223 5162 te
2245 5108 2368 5164 dico
2393 5111 2775 5182 perjustitiam
2809 5116 3016 5177 factum
3071 5132 3200 5180 ante
3252 5125 3449 5199 Deum,

1850 5191 1902 5249 id
1927 5204 2032 5263 est,
2063 5197 2119 5253 in
2154 5199 2495 5272 beneplacito
2524 5203 2620 5262 Dei
2646 5209 2736 5264 cui
2761 5213 3063 5274 credidisti.
3433 5191 3446 5199 '
3513 5289 3516 5291 λ

1920 5286 2058 5346 Hinc
2085 5304 2394 5364 sequuntur
2417 5298 2583 5355 verba
2626 5299 2782 5360 Pauli
2816 5324 2830 5361 :
2860 5307 2966 5374 Qui
3017 5309 3164 5368 Deus
3207 5324 3446 5372 mortuos

1842 5391 2068 5452 peccato
2090 5385 2273 5443 vivere
2295 5385 2444 5458 facit,
2468 5392 2801 5463 justiﬁeatos
2823 5413 2923 5471 per
2942 5401 3102 5460 ﬁdem
3130 5421 3142 5458 :
3171 5421 3273 5463 nec
3323 5415 3449 5464 tan-

1841 5482 1958 5532 tum
2008 5477 2268 5548 viviﬁcat,
2322 5484 2418 5540 sed
2445 5486 2612 5543 etiam
2661 5505 2759 5561 per
2799 5495 3029 5566 gratiam
3055 5508 3206 5554 uocat
3233 5516 3296 5555 ea
3324 5517 3445 5572 qua

1841 5583 1946 5622 non
1969 5579 2113 5637 sunt,
2147 5571 2202 5628 id
2224 5581 2310 5629 est
2339 5577 2590 5647 gentiles,
2640 5583 2736 5652 qui
2785 5595 3008 5658 propter
3051 5605 3161 5646 non
3194 5571 3441 5652 habitam

1840 5661 2014 5734 legem
2038 5665 2174 5744 nihil
2199 5683 2325 5724 esse
2350 5670 2605 5728 videntur
2633 5691 2646 5726 :
2677 5685 2950 5749 tanquam”.
2962 5697 3026 5736 ea
3064 5699 3182 5755 qua:
3208 5694 3354 5755 sunt,
3379 5683 3444 5746 id

1839 5762 1942 5821 est,
1976 5757 2441 5827 quemadmodum
2475 5773 2632 5820 vocat
2657 5765 2876 5826 Judzeos
2909 5774 3006 5842 qui
3037 5789 3096 5829 se
3122 5776 3272 5832 solos
3311 5791 3466 5845 esse

1839 5861 1935 5915 per
1960 5847 2130 5919 legem
2152 5850 2477 5921 gloriantur.
2530 5854 2786 5915 Proba-vit
2831 5863 3088 5934 superius
3130 5883 3227 5938 per
3259 5868 3436 5928 Abra-
