3978 6402
495 395 574 468 ἠ
673 351 718 418 ’·
1044 406 1100 460 s.
1145 403 1491 461 BRUNONlS
1526 355 2169 459 caurudsusontm
2209 393 2698 453 msrtruroms
2735 392 2887 452 ora.
2925 387 3108 451 PARS
3145 393 3209 449 u.
3693 367 3760 452 ti

484 528 641 581 -ham
669 537 891 580 omnem
921 519 1372 592 justiﬁeationem
1395 531 1519 573 esse
1546 531 1611 570 ex
1645 514 1748 569 ﬁde
1773 531 1786 567 :
1820 520 1880 567 ut
1909 518 2092 566 autem
2124 513 2167 573 A
2197 517 2364 577 serat,
2391 525 2514 581 quae
2539 507 2607 565 de
2631 523 2698 564 eo
2727 508 2864 564 dixit
2909 507 3131 577 adaptat
3179 521 3294 562 suae
3341 505 3646 576 intentioni,
3688 509 3764 565 di-

510 613 940 686 iuplcnitudine
966 609 1091 667 ﬁdei
1115 608 1353 680 perfecte
1377 608 1655 662 imitemur
1675 602 1974 668 Abraham,
2003 601 2098 658 de-

489 739 494 748 -
513 706 771 762 terminat
793 703 1111 774 qualitatem
1137 699 1261 756 ﬁdei
1289 697 1520 754 Abrahae
1543 715 1556 750 :
1583 703 1644 750 ut
1670 694 1812 750 sicut
1835 707 2096 764 quaecun-

488 811 622 866 -que
645 793 946 851 secundum
972 791 1156 848 visum
1181 789 1461 844 hominum
1478 783 1847 855 impossibilia
1869 780 2099 838 credidit

493 886 620 944 ~sibi
647 901 745 958 per
774 883 946 940 Deum
976 883 1210 954 impleri,
1240 880 1328 936 sic
1352 886 1407 933 et
1458 891 1558 932 nos
1609 875 1679 930 dc
1711 875 1954 945 potentia
2001 871 2099 926 Dei

493 993 624 1034 mon
650 977 984 1042 haesitemus,
1006 977 1338 1045 opponentes
1358 969 1408 1024 ei
1451 968 1625 1040 legem
1661 973 1888 1020 naturae.
1944 961 2100 1018 Unde

515 1073 698 1142 sicait
727 1091 740 1128 :
774 1071 1008 1128 Abrahae
1045 1067 1155 1140 28
1181 1067 1384 1122 dictum
1413 1073 1540 1120 est:
1574 1062 1764 1116 Posuit
1799 1068 1848 1114 te
1893 1067 2100 1130 patrem

488 1164 816 1218 insultarunt
847 1164 1076 1234 gentium
1107 1174 1126 1213 :
1154 1158 1244 1230 qui
1284 1156 1562 1212 Abraham
1619 1151 1865 1219 credidit,
1916 1158 2100 1206 contra

497 1271 659 1324 Aspem
703 1255 760 1308 in
819 1269 982 1324 spem,
1040 1257 1228 1322 posset
1275 1249 1456 1305 dicere
1505 1253 1697 1302 contra
1760 1243 2096 1314 opinionem.

494 1343 657 1414 Spes
685 1343 898 1398 Domini
929 1351 1080 1396 certa
1111 1337 1447 1410 exspectatio
1500 1335 1578 1392 rei
1629 1334 1828 1391 futura:
1865 1333 2098 1400 dicitur;

498 1435 878 1506 sed-congrue
897 1433 1038 1487 dixit
1061 1441 1250 1486 contra
1286 1445 1462 1499 spem,
1495 1427 1623 1498 quia
1673 1426 1973 1482 secundum
2025 1425 2102 1481 le-

513 1541 634 1595 gem
667 1534 878 1580 naturae
899 1524 1016 1578 visa
1059 1522 1370 1578 annositate
1399 1535 1498 1574 sua
1545 1527 1600 1574 et
1630 1519 1912 1574 sterilitate
1959 1531 2102 1574 uxo-

501 1615 612 1681 'ris,
636 1614 944 1668 certissime
965 1611 1216 1682 sperabat
1249 1625 1355 1664 non
1381 1609 1494 1680 jam
1541 1623 1600 1664 se
1647 1608 1962 1663 habiturum
2017 1620 2106 1662 se-

497 1719 640 1759 men
667 1721 680 1756 :
705 1701 801 1758 sed
821 1709 1013 1757 contra
1036 1707 1212 1771 spem,
1242 1714 1411 1770 quam
1435 1698 1540 1754 sibi
1569 1698 1654 1752 lex
1678 1708 1888 1752 naturae
1927 1695 2105 1767 porrii-

499 1793 699 1864 gebat,
723 1791 954 1848 credidit
975 1790 1032 1846 in
1055 1781 1230 1862 spem,
1261 1805 1452 1861 quam,
1483 1789 1657 1846 fracto
1699 1789 1824 1860 jure
1873 1795 2102 1854 naturae,

519 1847 918 1951 omnipotentia
953 1880 1048 1936 Dei
1083 1847 1424 1952 suggerebat.
1439 1847 1718 1936 'Credidlt'
1748 1879 1937 1950 utique
1999 1847 2106 1934 hoc
2137 1847 2182 1904 Β

496 1981 575 2024 -ut
602 1973 752 2041 ﬁeret
772 1981 926 2042 pater
953 1971 1246 2026 multarum
1273 1973 1299 2032 .‘
1304 1971 1542 2043 gentium
1573 1988 1592 2026 :
1629 1971 1696 2027 de
1743 1986 1856 2042 quo
1902 1985 2102 2027 secun-

516 2063 650 2118 dum
680 2062 958 2118 hominem
992 2063 1130 2120 satis
1155 2063 1432 2134 ambigere
1459 2073 1667 2134 posset,
1713 2077 1837 2118 cum
1895 2063 2105 2120 videret

501 2168 574 2208 se
611 2151 780 2208 unius
829 2160 1044 2208 tantum
1087 2153 1186 2207 ﬁlii
1224 2155 1651 2223 procreatorem.
1696 2151 1958 2220 Credidit,
2015 2153 2131 2228 in-.

513 2259 701 2313 quam,
731 2243 864 2298 illud
896 2252 1072 2300 totum
1099 2244 1239 2314 quod
1275 2243 1476 2298 dictum
1505 2253 1583 2299 est
1611 2245 1682 2311 ei,
1712 2244 1768 2300 id
1793 2252 1879 2300 est
1927 2245 2106 2301 credi-

513 2334 596 2388 dit
621 2349 681 2388 se
701 2343 912 2403 patrem
949 2332 1203 2389 futurum
1261 2334 1583 2401 multorum,
1629 2351 1738 2391 non
1783 2337 1964 2391 solum
2013 2351 2105 2392 se-

511 2426 756 2481 cundum
784 2426 1136 2496 propaginem
1159 2425 1366 2492 carnis,
1391 2424 1488 2482 sed
1510 2426 1811 2481 secundum
1838 2426 2106 2482 imitatam

505 2515 751 2572 iormam
773 2515 926 2582 ﬁdei.
957 2515 1094 2584 Hoc,
1124 2517 1370 2589 inquam,
1403 2517 1610 2573 dictum
1637 2525 1722 2574 est
1762 2519 1814 2574 ei
1841 2535 1854 2572 :
1889 2517 1979 2574 Sic
2006 2518 2106 2574 erit

521 2626 701 2666 semen
726 2620 898 2680 tuum,
937 2609 1236 2677 Abraham,
1298 2629 1318 2662 α
1347 2610 1492 2666 sicut
1511 2609 1680 2666 stellas
1701 2600 1848 2678 coeli,
1872 2620 1928 2667 et
1963 2611 2110 2667 sicut

523 2715 691 2758 arena
720 2701 890 2758 maris
907 2699 1061 2772 (Gen.
1089 2701 1275 2773 xv,5).
1312 2699 1452 2756 iPer
1477 2701 1664 2758 stellas
1692 2702 1837 2770 coeli,
1860 2702 2112 2774 spiritua-

509 2794 595 2850 les
616 2793 759 2854 ﬁlios
787 2794 1042 2862 Abrahae,
1076 2796 1200 2851 luce
1231 2793 1494 2850 virtutum
1523 2795 1874 2866 conspicuos,
1897 2795 2102 2868 signiﬁ-

507 2891 624 2940 ‘cat.
651 2885 756 2941 Per
787 2901 1012 2942 arenam
1041 2886 1233 2952 maris,
1260 2885 1634 2942 infructuosos
1661 2887 1911 2944 carnales
1943 2887 2106 2943 ﬁlios.

518 2976 970 3047 Sic-promissum
1007 2987 1100 3036 est
1118 2977 1372 3045 Abrahae,
1406 2986 1461 3033 et
1485 2987 1708 3050 accepta
1743 2979 1844 3036 hac
1873 2979 2112 3050 promis-

511 3068 670 3134 sione
700 3067 944 3138 quandiu
965 3067 1337 3136 diﬁ‘erebatur,
1365 3079 1653 3140 propterea
1691 3085 1796 3124 non
1846 3079 1924 3126 est
1958 3057 2113 3141 iuﬁﬂ

515 3168 696 3216 matus
724 3160 782 3215 in
806 3159 912 3230 ﬁde
939 3177 958 3216 :
988 3170 1052 3216 ut
1079 3161 1266 3216 minus
1285 3161 1532 3216 crederet
1555 3160 1725 3217 ﬁrma:
1758 3148 2109 3233 promissioni

517 3248 624 3304 sibi
653 3246 844 3316 factae;
869 3257 1040 3320 utque
1067 3249 1262 3305 ﬁrmus
1285 3249 1341 3304 in
1365 3250 1476 3306 ﬁde
1490 3251 1775 3322 promissa:
1799 3251 1879 3306 rei
1906 3251 2108 3322 perdu-

513 3347 686 3405 raret,
738 3355 843 3398 non
869 3339 1224 3396 considerauit
1261 3357 1450 3411 corpus
1491 3358 1647 3396 suum
1702 3352 2020 3410 emortuum,
2055 3341 2112 3400 id

513 3437 606 3502 est
627 3442 736 3484 non
759 3428 1011 3499 pensavit
1029 3429 1334 3494 naturalem
1351 3429 1621 3486 defectum
1641 3432 1936 3503 generandi
1950 3445 2112 3502 posse

519 3519 814 3590 immutare
848 3519 1184 3576 voluntatem
1215 3517 1334 3586 Dei,
1390 3535 1510 3574 cum
1552 3531 1687 3574 esset
1742 3521 1850 3590 fere
1905 3530 2112 3576 centum

516 3627 812 3681 minorum,
840 3619 898 3666 et
935 3619 1151 3682 tempus
1179 3611 1474 3682 generandi
1501 3611 1615 3682 jam
1644 3611 1702 3666 in
1723 3627 1790 3666 eo
1821 3613 2114 3682 praeteriis-

521 3712 626 3760 set.
661 3703 728 3758 Et
756 3718 872 3760 non.
889 3703 1258 3761 consideravit
1283 3703 1493 3760 vulvam
1521 3702 1672 3760 Sara:
1693 3715 2010 3773 emortuam,
2058 3705 2113 3761 id

521 3805 606 3851 est
635 3795 890 3867 genitalia
935 3795 1125 3860 uxoris
1174 3794 1462 3863 defecisse,
1503 3804 1560 3852 et
1611 3795 1747 3854 vitio
1807 3797 2114 3853 sterilitatis

519 3885 882 3944 ct'annorum
911 3887 1255 3958 antiquitate.
1291 3885 1412 3943 Non
1443 3897 1528 3943 est
1555 3887 1862 3945 inﬁrmatus
1907 3888 1964 3944 in
2007 3888 2115 3944 ﬁde

523 3979 712 4052 primis
738 3979 1121 4048 promissionis
1149 3995 1162 4034 τ
1190 3979 1247 4034 in
1303 3980 1730 4049 repromissione
1781 3981 1945 4036 etiam
1993 3978 2115 4048 Dei,

519 4068 652 4144 quia
685 4066 830 4124 Deus
850 4069 1132 4134 multoties
1161 4070 1303 4126 idem
1327 4070 1432 4140 ipsi
1454 4072 1785 4140 repromisit.
1824 4071 1892 4127 lu
1943 4089 2117 4143 reproi-

527 4158 776 4212 missione
812 4158 1002 4230 utique
1027 4160 1143 4228 illa,
1171 4176 1284 4232 qua
1304 4159 1469 4228 Deus,
1519 4161 1843 4232 priusquam
1866 4163 2116 4220 ﬁniretur

523 4264 731 4328 annus,
757 4265 818 4323 se
843 4249 1102 4308 daturum
1133 4253 1304 4310 ﬁlium
1333 4253 1702 4324 promittebat,
1725 4256 1781 4310 iu
1806 4256 1910 4312 hac
1928 4255 2116 4326 utique

517 4359 628 4397 non
655 4341 921 4400 hwsitarit
977 4345 1294 4416 (ti/ﬁdentia.
1349 4345 1630 4402 ilacsitavit
1674 4347 1894 4418 quidem
1941 4348 2116 4404 admi-

501 4419 703 4516 grando
726 4443 782 4490 et
801 4435 1133 4492 revolvendo
1157 4452 1344 4494 secum
1379 4437 1702 4508 mysterium
1727 4439 1826 4513 rei,
1865 4440 1961 4516 sed
2004 4455 2116 4495 non

2199 613 2330 658 cens
2350 617 2374 668 ,ε
2407 599 2548 668 Quia
2574 600 2653 656 sic
2673 600 2902 655 credidit
2943 599 3238 666 Abraham,
3290 597 3412 653 idco
3445 599 3766 668 justiﬁcatus

2198 704 2302 749 est.
2325 690 2442 748 Hoc
2471 702 2654 748 tamen
2681 691 2748 748 de
2769 692 3041 747 Abraham
3077 707 3180 744 non
3227 691 3318 746 hic
3363 692 3617 761 scriptum
3658 701 3770 747 tan-

2201 782 2470 837 tummodo
2495 791 2709 852 propter
2742 781 2914 851 ipsum
2941 780 3240 846 Abraham,
3263 778 3328 834 de
3353 787 3504 834 tanta
3527 779 3628 836 ﬁde
3655 780 3768 835 lau-

2191 871 2463 928 dandum.
2525 866 2664 941 lloc,
2721 871 2950 936 scilicet,
2989 871 3116 941 quia
3159 879 3461 940 reputatum
3488 879 3564 924 est
3591 869 3672 924 illi
3705 867 3769 926 ad

2187 957 2467 1039 justitiam
2491 977 2510 1017 :
2535 963 2626 1016 sed
2645 962 2807 1016 etiam
2837 961 3102 1032 scriptum
3159 969 3374 1031 propter
3408 977 3522 1028 nos,
3577 960 3631 1016 in
3674 959 3771 1017 ﬁde

2198 1055 2433 1113 Abrahae
2457 1053 2910 1116 conformandos,
2941 1053 3129 1124 quibus
3173 1053 3520 1108 credentibus
3562 1053 3772 1108 credere

2202 1156 2450 1203 nostrum
2493 1146 2660 1216 (sicut
2698 1144 2753 1201 in
2808 1144 2900 1200 illo
2930 1143 3200 1216 videmus)
3229 1144 3390 1200 nobis
3415 1145 3484 1200 ad
3509 1143 3772 1214 justitiam

2202 1235 2920 1309 reputabitur..Credentibus
2945 1224 3068 1292 dico
3115 1236 3170 1290 in
3215 1251 3334 1290 eum
3373 1237 3464 1307 qui
3507 1235 3773 1291 suscitavit

2203 1327 2474 1384 Christum
2493 1327 2679 1383 Iesum
2709 1327 2994 1382 Dominum
3017 1335 3254 1381 nostrum
3278 1344 3311 1381 a
3333 1328 3577 1394 mortuis,
3608 1327 3659 1383 id
3699 1337 3775 1383 est

2203 1418 2348 1475 sicut
2367 1417 2666 1485 Abraham,
2687 1417 2834 1488 quod
2861 1408 3048 1472 contra
3073 1425 3323 1472 naturam
3345 1425 3484 1484 erat,
3508 1432 3540 1472 a
3565 1415 3673 1471 Deo
3721 1431 3775 1474 se

2196 1493 2557 1579 accepturum
2580 1507 2839 1574 credidit;
2865 1505 2945 1564 sic
2971 1521 3148 1578 neque
3172 1521 3277 1562 nos
3301 1506 3618 1572 haesitemus
3664 1520 3776 1560 cre-

2201 1598 2333 1654 dere
2355 1605 2410 1654 et
2433 1596 2704 1665 conﬁteri,
2740 1595 2868 1654 licet
2890 1607 3082 1654 contra
3119 1594 3214 1668 jus
3251 1605 3462 1654 natura:
3513 1597 3586 1654 sit
3633 1595 3778 1652 Chri-

2205 1700 2351 1749 stum
2381 1691 2688 1747 surrexisse
2711 1706 2744 1746 a
2774 1691 3028 1746 mortuis.
3064 1687 3171 1759 Qui
3199 1691 3346 1746 enim
3367 1697 3562 1746 auctor
3585 1695 3668 1746 est
3685 1704 3778 1744 na-

2207 1793 2364 1852 turae,
2399 1770 2544 1840 sicut
2568 1783 2774 1854 placuit
2792 1783 2968 1854 potuit
3001 1797 3125 1838 eam
3173 1782 3468 1852 invertere.
3501 1779 3629 1838 Haec
3673 1783 3776 1836 duo

2205 1891 2331 1947 quae
2359 1883 2704 1952 sequuntur:
2742 1875 2971 1929 traditus
3015 1883 3094 1930 est
3129 1875 3199 1928 ad
3249 1883 3493 1942 mortem,
3514 1881 3566 1928 et
3609 1887 3778 1927 resur-

2207 1953 2344 2023 rexit
2369 1976 2582 2040 prapter
2617 1967 3076 2038 justiﬁeationem,
3107 1966 3174 2022 ad
3221 1965 3596 2038 probationem
3626 1977 3779 2039 prte-

2203 2059 2507 2116 missorum
2529 2057 2840 2114 necessaria
2868 2073 2978 2112 non
3008 2065 3186 2125 erant,
3223 2057 3317 2114 sed
3362 2057 3432 2112 ad
3478 2055 3780 2113 instructio-

2207 2166 2332 2207 nem
2361 2149 2735 2207 Romanorum
2765 2149 2900 2205 vidit
2928 2164 2994 2205 ea
3041 2157 3366 2220 opportuna,
3410 2157 3466 2204 et
3495 2147 3616 2228 ideo
3646 2145 3780 2222 sub-

2204 2244 2389 2317 iunxit
2413 2261 2428 2298 :
2455 2242 2561 2310 Qui
2585 2243 2812 2298 traditus
2835 2251 2912 2298 est
2940 2257 2959 2296 :
2999 2257 3111 2298 non
3151 2241 3477 2298 determinat
3521 2241 3590 2297 ad
3635 2237 3778 2310 quid,

2206 2336 2304 2391 sed
2331 2335 2464 2391 satis
2485 2343 2634 2406 patet
2659 2334 2790 2406 quia
2840 2334 2910 2390 ad
2941 2341 3198 2390 mortem.
3225 2331 3294 2388 Et
3321 2335 3427 2390 hoc
3447 2343 3658 2404 prapter
3697 2347 3784 2386 ae-

2208 2427 2339 2482 licta
2363 2435 2563 2493 nostra,
2589 2426 2643 2482 id
2670 2435 2774 2493 est,
2806 2435 2870 2482 ut
2894 2441 2996 2504 nos
3024 2425 3313 2482 mundaret
3353 2441 3384 2481 a
3431 2425 3645 2481 delictis
3691 2437 3782 2478 no-

2208 2518 2359 2585 stris,
2380 2518 2658 2590 quietiam
2685 2519 2974 2573 resurrexit
3002 2525 3215 2589 propter
3226 2515 3669 2589 justiﬁcationem
3693 2531 3780 2570 uo-

2209 2618 2396 2677 stram,
2422 2610 2475 2664 id
2505 2618 2608 2677 est,
2635 2619 2697 2665 ut
2743 2623 2848 2664 nos
2881 2609 3177 2665 mundatos
3223 2623 3256 2664 a
3299 2609 3518 2665 delictis
3569 2607 3781 2673 nostris,

2209 2717 2306 2772 per
2325 2702 2650 2773 positionem
2673 2700 2938 2758 virtutum
2987 2701 3170 2774 justos
3203 2699 3460 2757 ediceret.
3519 2701 3627 2773 29
3673 2699 3781 2754 Non

2211 2793 2355 2859 ideo,
2389 2794 2486 2860 ait,
2509 2803 2760 2851 mortuus
2781 2803 2866 2851 est
2884 2803 3107 2866 propter
3121 2793 3315 2851 delicta
3340 2801 3560 2861 nostra,
3606 2807 3782 2850 resur—

2209 2884 2351 2940 rexit
2379 2885 3098 2966 propteqjustiﬁcationem,
3122 2885 3257 2956 quin
3287 2901 3437 2945 mors
3481 2887 3607 2968 ejus
3629 2899 3783 2942 causa

2211 2977 2286 3032 sit
2306 2985 2507 3033 nostrae
2524 2978 2771 3048 iustitiae,
2795 2987 2849 3034 et
2871 2978 3202 3035 resurrectio
3243 2993 3410 3054 causa
3449 2975 3784 3052 remissionis

2211 3075 2586 3138 peccatorum.
2616 3067 2722 3126 Sed
2747 3069 2873 3126 ideo
2899 3069 2976 3126 ait
2996 3070 3316 3138 resurrexit,
3348 3081 3579 3142 propter
3593 3067 3787 3141 justiﬁ-

2214 3153 2507 3227 cntionem,
2530 3168 2592 3216 ut
2609 3160 2919 3217 ostenderet
2937 3161 3396 3217 resurrectionem
3423 3161 3552 3232 ejus
3570 3160 3648 3218 sic
3676 3171 3786 3216 esse

2213 3265 2436 3307 causam
2459 3250 3108 3322 nostrasjustiﬁcationis,
3139 3261 3202 3308 ut
3248 3263 3395 3309 esset
3437 3253 3660 3326 signum
3713 3249 3786 3307 rei

2213 3341 2412 3399 futurae
2453 3343 2509 3398 in
2549 3343 2710 3400 nobis
2752 3360 2766 3398 :
2805 3345 3041 3415 duplicis
3091 3344 3301 3402 scilicet
3351 3344 3783 3403 resurrectionis.

2212 3432 2395 3490 Prima
2423 3443 2526 3501 est,
2547 3451 2656 3506 qua
2696 3435 2752 3490 in
2776 3436 3047 3506 baptismo
3067 3452 3100 3492 a
3124 3446 3302 3493 morte
3353 3439 3570 3509 peccati
3615 3449 3788 3493 resur-

2213 3527 2414 3597 gimus,
2444 3527 2513 3582 ad
2537 3525 2827 3582 vivendum
2849 3527 2907 3582 in
2937 3527 3171 3598 iustitia.
3203 3527 3330 3585 Haec
3379 3537 3570 3585 autem
3619 3519 3788 3585 resur-

2213 3615 2388 3671 rectio
2409 3616 2626 3684 animm,
2663 3632 2786 3688 qua
2823 3617 2978 3687 prius
3007 3622 3221 3673 mortua
3253 3619 3308 3673 in
3343 3621 3608 3690 peccatis,
3653 3631 3788 3674 nunc

2215 3717 2394 3764 autem
2417 3706 2724 3770 confortato
2753 3708 2926 3765 libero
2947 3709 3176 3767 arbitrio
3197 3719 3376 3782 potest
3425 3711 3602 3769 obniti
3651 3707 3787 3768 omni

2215 3797 2372 3853 mala:
2393 3797 2748 3870 suggestioni,
2769 3797 3051 3870 Deumque
3095 3801 3398 3872 cognoscit.
3432 3799 3682 3859 Secunda
3709 3813 3790 3856 re-

2215 3889 2482 3944 surrectio
2501 3896 2586 3945 est
2605 3888 2788 3946 futura
2815 3892 3120 3947 secundum
3144 3907 3344 3964 corpus
3375 3912 3388 3948 :
3420 3896 3663 3965 quando,
3689 3893 3788 3948 im-

2214 3979 2570 4050 passibilitate
2589 3989 2643 4036 et
2669 3980 3078 4038 immortalitate
3100 3993 3377 4054 resumpta
3396 4026 3412 4051 ,
3439 3981 3790 4056 conregnabi—

2215 4085 2340 4128 mus
2365 4071 2607 4140 Christo,
2637 4073 2685 4129 si
2707 4073 2882 4144 prima
2913 4076 3242 4131 resurrectio
3264 4077 3472 4149 integre
3501 4077 3666 4134 fuerit
3695 4091 3788 4132 cu-

2216 4163 2436 4230 stodita,
2463 4180 2587 4235 quae
2613 4166 2944 4222 resurrectio
2973 4165 3179 4222 Christi
3201 4175 3255 4224 et
3283 4165 3655 4238 Pentecostes,
3676 4179 3788 4239 quae

2215 4253 2282 4310 de
2301 4253 2490 4311 eadem
2517 4255 2914 4314 resurrectione
2937 4258 3154 4330 pendet,
3177 4259 3299 4315 ideo
3346 4246 3513 4316 variis
3542 4258 3790 4331 tempori-

2217 4341 2320 4400 bus
2345 4345 2710 4413 celebrantur,
2760 4348 2888 4418 quia
2931 4347 3113 4405 adhuc
3164 4358 3390 4406 ventura
3446 4353 3787 4424 praesignem,

2217 4450 2319 4492 nec
2345 4437 2524 4492 solum
2553 4438 2621 4492 de
2640 4439 2928 4509 praeteritis
2983 4449 3171 4512 agunt,
3226 4450 3288 4498 ut
3343 4441 3544 4498 festum
3597 4441 3792 4498 Νειιίςοὶ-

520 4513 804 4586 haesitavit
831 4542 929 4597 per
951 4526 1328 4595 difﬁdentiam,
1362 4537 1423 4583 ut
1451 4528 1714 4586 diﬁideret
1750 4547 1858 4585 non
1883 4513 2114 4602 implen-
2148 4549 2192 4605 ῃ
2218 4527 2364 4582 tatis.

525 4620 658 4674 dum
689 4618 793 4690 sibi
819 4626 996 4673 totum
1041 4619 1190 4689 quod
1217 4618 1359 4676 Deus
1379 4621 1726 4690 promiserat,
1777 4621 1868 4683 sed
1915 4623 2120 4693 confor-

520 4723 673 4770 tatus
701 4721 780 4766 est
804 4711 944 4781 ﬁdem,
963 4709 1102 4768 Cum
1127 4712 1273 4768 enim
1302 4721 1485 4782 posset
1514 4712 1752 4782 obiicere
1804 4729 1920 4768 rem
1954 4714 2118 4769 toties

525 4805 879 4883 promissam,
908 4803 1002 4860 diu
1035 4805 1358 4862 sustinendo
1387 4822 1398 4857 :
1440 4805 1676 4860 Dubium
1703 4820 1792 4859 me
1831 4820 1982 4859 mora
2038 4803 2118 4860 fa-

525 4896 623 4960 .cit,
685 4894 879 4952 fortior
925 4898 982 4952 in
1023 4896 1346 4957 credulitate
1380 4897 1456 4953 rei
1495 4896 1780 4967 promissae
1837 4895 2113 4952 surrexit:

540 4988 678 5063 dum
710 4985 836 5042 inde
865 4980 1090 5058 gloriam
1116 4987 1225 5044 Deo
1251 5007 1269 5044 :
1297 4988 1438 5045 nihil
1467 4988 1677 5046 meritis
1705 4987 1822 5042 suis
1866 4988 1934 5041 de
1975 4987 2120 5044 bono

527 5080 710 5157 huius,
723 5080 1104 5150 promissionis
1133 5082 1414 5137 ascribens
1447 5081 1576 5137 :sed
1623 5081 1676 5135 in
1713 5080 1968 5135 omnibus
2001 5080 2118 5150 glo-

2835 4621 3066 4678 CAPUT
3106 4621 3169 4678 V.

2301 4731 2320 4764 (
2363 4711 2654 4768 iustiﬁcati
2686 4713 2852 4784 igitur
2895 4730 2962 4770 ex
2991 4713 3115 4780 ﬁde,
3143 4729 3333 4786 pacem
3382 4707 3683 4772 habeamus
3728 4710 3790 4767 ad

2229 4822 2254 4855 ς
2295 4802 2468 4857 Deum
2495 4817 2590 4872 per
2623 4801 2914 4859 Dominum
2946 4813 3196 4860 nostrum
3236 4803 3423 4860 Jcsum
3471 4805 3746 4862 Christum
3776 4818 3788 4854 :

2229 4915 2249 4944 ο
2294 4911 2392 4966 per
2407 4909 2572 4966 quem
2601 4895 2868 4952 habemus
2915 4911 3198 4953 accessum
3227 4899 3346 4967 ‘per
3375 4899 3536 4954 ﬁdem
3572 4901 3628 4954 in
3674 4911 3796 4968 gra-

2232 5007 2254 5038 σ
2297 4988 2427 5042 tiam
2461 4987 2620 5042 istam
2670 4987 2722 5041 in
2752 5001 2861 5058 qua
2907 4999 3139 5054 stamus,
3174 4999 3228 5044 et
3270 4990 3571 5060 gloriamur
3615 4990 3672 5044 in
3701 4999 3794 5056 spe

2227 5097 2248 5130 ι
2293 5078 2480 5148 gloria:
2503 5077 2741 5134 ﬁliorum
2775 5077 2890 5133 Dei.
2921 5077 3041 5133 Non
3068 5079 3244 5134 solum
3269 5088 3472 5146 autem,
3506 5072 3791 5135 sed'etiam

529 5173 754 5225 rilicans
785 5171 974 5237 Deum,
1007 5173 1177 5226 sciens
1211 5174 1314 5228 hoc
1343 5173 1663 5242 plenissime,
1680 5173 1798 5228 sine
1819 5171 1971 5228 omni
2011 5171 2123 5226 bac-
2227 5189 2248 5220 ‹
2289 5169 2588 5241 gloriamur
2611 5169 2669 5223 in
2691 5169 3132 5225 tribulationibus
3157 5189 3170 5225 :
3197 5171 3431 5227 scientes
3453 5170 3600 5241 quod
3628 5167 3794 5223 tribu-

533 5261 792 5318 sitatione
828 5282 842 5316 :
869 5265 994 5334 quia
1023 5280 1340 5334 quwt'uuque
1370 5265 1611 5333 promisit
1633 5263 1797 5332 Deus,
1837 5272 2019 5334 potens
2047 5271 2125 5316 est
2228 5279 2247 5312 ι
2293 5259 2424 5315 latio
2449 5259 2768 5330 patientiam
2799 5269 3078 5332 operatur,
3105 5261 3366 5331 patientia
3391 5271 3570 5323 autem
3599 5259 3794 5330 proba-

530 5360 696 5410 etiam
728 5357 920 5427 facere,
941 5359 1098 5426 juxta
1122 5373 1342 5414 omnem
1387 5355 1608 5418 modum
1639 5371 1802 5426 quem
1839 5356 2112 5426 promisit.

526 5447 603 5516 £5
638 5447 758 5502 ideo
783 5448 914 5518 quia
935 5449 1116 5506 sciens
1139 5448 1428 5520 promissis
1468 5447 1562 5502 Dci
1601 5448 1917 5518 plenissime“
1961 5447 2121 5504 ﬁdem

534 5540 802 5605 adhibuit,
835 5555 943 5608 non
973 5541 1148 5596 solum
1175 5539 1505 5610 completum
1555 5549 1640 5596 cst
1681 5540 1732 5596 ei
1765 5540 2123 5610 promissum,

531 5647 664 5704 quia
695 5633 773 5695 sic
803 5631 1056 5700 credidit,
1083 5632 1178 5687 sed
1217 5631 1384 5687 etiam
1441 5641 1745 5701 reputatur):
1793 5640 1868 5686 est
1914 5631 2002 5706 illi
2051 5632 2122 5692 ad

525 5723 820 5791 justitiam,
855 5711 908 5777 id
942 5732 1027 5778 est
1056 5721 1254 5778 merito
1310 5730 1488 5777 tantze-
1519 5722 1642 5786 ﬁdei
1685 5723 1885 5778 meruit
1916 5723 2122 5798 justifi-

533 5813 668 5868 cari.
700 5813 835 5878 Quia
860 5815 1022 5884 modo,
1043 5814 1176 5872 satis
1208 5812 1431 5878 modum
1461 5813 1587 5880 fidei
1613 5813 1845 5870 Abrahae
1893 5823 2120 5893 cimes-

2229 5372 2250 5404 ι
2291 5353 2517 5418 tionem,
2562 5352 2813 5422 probatio
2861 5367 2992 5408 vero
3045 5367 3219 5422 spem.
3274 5351 3410 5424 Spes
3455 5363 3632 5408 autem
3686 5361 3794 5403 non

2230 5463 2250 5494 ι
2295 5443 2620 5500 confundit:
2653 5445 2783 5514 quia
2811 5444 3052 5500 charitas
3079 5443 3176 5499 Dei
3204 5441 3400 5501 diﬁ'usa
3425 5445 3590 5500 estin
3619 5438 3794 5497 cordt-

2231 5560 2250 5595 I
2293 5542 2396 5598 bus
2416 5542 2644 5606 nostris,
2669 5552 2768 5610 per
2809 5539 3072 5610 Spiritum
3103 5549 3354 5596 sanctum
3396 5541 3492 5610 qui
3532 5540 3692 5594 datus
3713 5539 3794 5590 est

2231 5653 2252 5687 ς
2295 5632 2473 5690 nobis.
2508 5632 2581 5688 Ut
2600 5633 2732 5704 quid
2757 5632 2903 5687 enim
2927 5631 3201 5698 Christus,
3239 5646 3364 5688 cum
3389 5633 3569 5687 adhuc
3597 5621 3792 5683 inﬁrmi

2233 5745 2251 5777 ε
2293 5739 2566 5792 essemus,
2589 5724 2891 5780 secundum
2936 5731 3152 5792 tempus
3193 5737 3296 5801 pro
3329 5723 3511 5786 impiis
3551 5727 3793 5776 mortuus

2235 5835 2258 5869 ι
2297 5817 2414 5873 est?
2443 5815 2543 5872 Vix
2563 5817 2710 5872 enim
2739 5829 2840 5886 pro
2865 5813 3021 5886 justo
3055 5814 3180 5884 quis
3215 5815 3471 5870 moritur.
3515 5811 3649 5866 Nam
3695 5817 3796 5878 pro
