3978 6430
1172 345 1238 368 ⁸ου.
1253 350 1310 370 Mi
1318 350 1339 367 η’

214 416 272 488 4⁵9
858 428 1222 489 EXPOSJTIO
1258 429 1327 489 IN
1360 431 1742 493 EPISTOLAS
1779 439 2006 496 PAULI.
2048 473 2116 481 —
2156 441 2222 496 ΙΝ
2264 440 2481 499 EPIST.
2525 445 2615 499 Al)
2655 447 2810 503 R031.
2880 526 2885 531 ι
2946 510 2949 511 ν

3375 461 3461 520 8ο.

220 571 236 604 ι
276 549 406 604 bono
436 545 665 646 forsitan
694 547 818 617 quis
840 549 1039 605 audeat
1066 552 1255 608 mori?
1293 552 1654 638 Commendat
1681 573 1774 614 au-
1796 561 1848 618 Α
1870 556 2074 640 Paulus
2104 577 2115 612 :
2149 559 2259 644 .Per
2283 579 2458 633 quem,
2501 564 2598 646 Clu
2614 566 2803 645 istum,
2843 570 3007 625 etiam
3052 590 3338 646 accessum,
3390 580 3445 637 id

215 659 233 693 ι
271 649 368 694 tem
400 637 736 703 ,cbaritatem
767 654 923 694 suam
962 640 1110 697 Deus
1154 642 1212 697 in
1263 635 1442 710 nobis,
1485 647 1765 716 quoniam,
1815 644 1823 652 ’

214 750 231 783 ι
269 730 311 785 si
332 746 453 785 cum
473 729 655 784 adhuc
678 737 992 799 peccatores
1020 748 1271 790 essemus
1304 738 1604 794 secundum
1628 750 1767 797 tem-

213 840 230 874 σ
267 837 380 892 pus,
412 818 665 876 Christus
690 836 790 890 pro
818 821 977 877 nobis
1002 833 1252 879 mortuus
1273 835 1378 894 est,
1409 828 1771 901 multoigitur

212 934 229 965 ε
267 906 440 986 magis,
468 905 616 968 nunc
652 913 939 984 justiticati
982 915 1039 970 in
1082 919 1350 989 sanguine
1396 920 1599 991 ipsius,
1632 925 1769 980 salvi

210 1025 226 1056 ι
262 1003 460 1060 erimus
506 1004 575 1059 ab
608 1003 690 1059 ira
716 1000 814 1075 per
848 1005 1051 1077 ipsum.
1087 1006 1145 1062 Si
1186 1008 1340 1064 enim
1383 1026 1510 1067 cum
1560 1015 1771 1073 inimici

208 1115 225 1145 ε
264 1094 526 1160 essemus,
557 1094 900 1174 reconciliati
927 1096 1122 1153 sumus
1146 1096 1257 1155 Deo
1279 1115 1377 1170 per
1398 1112 1629 1165 mortem
1646 1102 1770 1160 Filii

185 1173 225 1236 ’‹
263 1200 405 1255 ejus,
440 1185 616 1240 multo
664 1185 842 1258 magis
881 1173 1232 1244 reconciliati
1278 1190 1412 1246 salvi
1456 1192 1665 1249 erimus
1711 1195 1768 1259 in

206 1294 224 1328 ς
262 1276 363 1329 vita
388 1275 582 1345 ipsius.
612 1273 731 1331 Non
769 1277 947 1334 solum
995 1282 1200 1344 autem,
1230 1280 1327 1339 sed
1373 1290 1428 1337 et
1469 1283 1770 1354 gloriamur

205 1388 223 1421 ς
257 1368 307 1422 in
336 1367 449 1423 Deo
476 1384 574 1438 per
601 1367 894 1425 Dominum
931 1379 1181 1427 nostrum
1226 1371 1413 1429 Jesum
1459 1373 1767 1444 Christum,

204 1478 221 1511 ι
256 1475 346 1529 per
371 1475 538 1530 quem
565 1475 719 1527 nunc,
732 1461 1237 1518 reconciliationem
1275 1465 1607 1535 accepimus.
1628 1465 1760 1523 Pro-

204 1568 221 1600 ι
258 1561 435 1621 pterea
484 1550 632 1606 sicut
675 1567 772 1622 per
827 1567 1000 1607 unum
1050 1554 1329 1610 hominem
1375 1562 1661 1628 peccatum
1710 1559 1768 1619 in

202 1662 220 1695 ‹
258 1643 396 1699 hunc
431 1645 700 1700 mundum
722 1644 966 1712 intravit,
988 1652 1045 1701 et
1065 1661 1164 1717 per
1183 1657 1467 1717 peccatum
1494 1664 1680 1716 mors;
1714 1657 1769 1705 et

202 1754 219 1787 ι
255 1732 321 1789 ita
349 1734 405 1790 in
438 1750 635 1791 omnes
685 1736 938 1792 homines
980 1752 1131 1793 mors
1187 1739 1535 1808 pertransiit,
1573 1741 1630 1797 in
1658 1756 1768 1812 quo

182 1825 219 1878 ἰ
253 1840 436 1882 omnes
464 1836 851 1897 peccaverunt.
881 1826 1068 1898 Usque
1089 1828 1156 1884 ad
1179 1829 1351 1901 legem
1392 1831 1538 1887 enim
1569 1846 1767 1902 pecca-

1870 641 2216 720 estprimum
2256 653 2481 723 gradum
2511 641 2761 713 veniendi
2798 659 2866 715 ad
2890 660 3031 717 hanc
3069 641 3445 737 gratiam,'ha-

1870 738 2048 795 bemus
2073 757 2091 796 :
2119 758 2284 812 quam
2312 746 2539 816 gratiam
2571 752 2962 820 consequimur
2987 770 3080 824 per
3100 756 3278 825 ﬁdem,
3306 760 3465 831 sicut;

1856 830 2331 905 ,iustiﬁcationem,
2365 838 2519 907 .quia
2570 850 2622 895 ct
2670 842 2804 897 ﬁdes
2842 843 3147 913 justilicat;
3206 858 3260 904 ει
3313 829 3502 933 Meg?

1869 924 2103 994 gratiam
2155 925 2297 983 hanc
2343 929 2438 987 .dat
2478 932 2533 985 in
2566 949 2670 1003 qua
2712 935 2884 1005 gratia
2916 952 3014 991 nos
3041 947 3263 1008 stamus,
3294 941 3346 995 id
3367 952 3449 997 est
3564 942 3595 957 "

1868 1029 2304 1084 perseveramus.
2350 1020 2479 1076 Adae
2531 1024 2748 1094 quidem
2803 1028 2973 1082 multa
3030 1029 3202 1097 gratia
3246 1033 3447 1088 collata
3482 1062 3497 1097 ι,

1867 1115 1981 1174 est,
2025 1108 2120 1164 sed
2170 1109 2226 1164 in
2255 1125 2319 1165 ea
2353 1127 2460 1167 non
2491 1116 2659 1172 stetit.
2689 1115 2761 1170 Et
2796 1119 3007 1189 stando
3048 1120 3105 1174 in
3141 1121 3244 1177 hac
3260 1126 3447 1193 gratia
3470 1103 3503 1193 ξς

1868 1196 2165 1270 gloriamur
2201 1202 2257 1255 in
2298 1217 2387 1272 spe
2428 1204 2612 1274 gloriae
2647 1180 2905 1277 ﬁliorum,
2926 1210 2987 1290 id
3009 1222 3091 1268 est
3119 1218 3185 1268 ex
3224 1180 3303 1269 et:
3321 1216 3448 1286 quia
3469 1180 3506 1282 1,

1858 1291 2175 1348 certissime
2219 1308 2505 1364 speramus
2540 1311 2641 1353 nos
2679 1299 2961 1357 habituros
3012 1302 3240 1377 gloriam
3282 1319 3447 1375 quam

1867 1385 2072 1442 habent
2088 1386 2183 1443 ﬁlii
2218 1386 2348 1453 Dei;
2371 1405 2476 1445 non
2496 1389 2666 1445 solum
2690 1403 2884 1460 autem,
2914 1386 3011 1464 spe
3034 1394 3201 1466 hujus
3240 1396 3447 1467 gloriae,

1866 1470 1958 1524 sed
2011 1471 2171 1526 etiam
2232 1471 2528 1543 gloriamur
2580 1474 2635 1526 in
2687 1475 3137 1533 tribulationibus.
3197 1476 3325 1533 Haec
3367 1487 3452 1536 est

1867 1562 2108 1618 maxima
2142 1562 2337 1632 virtus,
2384 1565 2438 1619 iu
2485 1565 2589 1621 hoc
2616 1566 2854 1638 gaudere
2883 1570 3029 1639 quod
3073 1570 3323 1626 naturale
3367 1578 3452 1625 est

1866 1651 2162 1710 formidare
2188 1674 2200 1708 :
2236 1655 2358 1711 ideo
2408 1655 2464 1711 in
2490 1657 2938 1719 tribulationibus
2967 1650 3289 1731 gloriamur,
3320 1648 3471 1733 quia‘

1865 1746 2089 1800 scientes
2112 1762 2306 1804 sumus
2336 1748 2474 1818 quod
2518 1748 2795 1804 tribulatio
2832 1752 3143 1821 patientiam
3179 1761 3448 1829 operatur,

1868 1833 1922 1891 id
1951 1844 2035 1892 est
2072 1837 2201 1907 quia
2228 1853 2363 1893 usus
2393 1847 2447 1893 et
2477 1841 2818 1897 consuetudo
2842 1842 3256 1905 tribulationum
3280 1844 3453 1901 nutrit

198 1933 218 1969 ι
254 1913 361 1972 tum
382 1918 587 1974 eratin
634 1919 862 1974 mundo.
889 1918 1182 1976 Peccatum
1217 1899 1399 1978 autem
1442 1938 1553 1977 non
1569 1899 1767 1994 impu-
1803 1899 2205 1998 Bpatienti-am.
2240 1925 2515 1983 Patientia
2560 1939 2739 1984 autem
2773 1924 3028 2002 operatur
3066 1922 3450 2004 probationem,

200 2031 215 2064 ι
257 2012 492 2081 tabatur,
527 2029 654 2070 cum
680 2015 769 2070 lex
816 2031 926 2069 non
970 2025 1154 2072 esset:
1193 2017 1286 2074 sed
1319 2017 1567 2089 regnavit
1615 2034 1768 2075 mors

198 2124 214 2155 ι
252 2106 316 2160 ab
338 2100 514 2161 Adam
540 2122 718 2177 usque
748 2107 817 2162 ad
849 2105 1097 2179 Moysen,
1120 2107 1288 2165 etiam
1317 2109 1371 2163 in
1400 2124 1497 2164 eos
1523 2110 1616 2180 qui
1655 2114 1767 2167 non

197 2211 214 2248 ι
251 2191 617 2267 peccaverunt
636 2197 691 2251 in
708 2196 1122 2253 similitudinem
1139 2197 1606 2269 prmvaricationis
1616 2199 1765 2267 Adae,

181 2288 218 2337 ἰ
254 2287 342 2357 qui
363 2287 662 2343 est'l'orma
690 2287 881 2344 futuri.
914 2288 1023 2345 Sed
1054 2306 1163 2345 non
1197 2289 1342 2346 sicut
1381 2289 1662 2358 delictum,
1690 2292 1767 2346 ita

178 2399 214 2457 ⁵ι
253 2389 301 2435 ct
339 2380 577 2436 donum.
632 2380 688 2435 Si
738 2381 885 2435 enim
935 2381 1083 2437 illius
1126 2381 1322 2438 delicto
1356 2382 1515 2437 multi
1546 2365 1766 2440 'mbrtui

179 2488 215 2544 ἰ
255 2480 393 2537 sunt,
418 2472 601 2525 multo
638 2471 813 2542 magis
840 2472 1013 2543 gratia
1039 2471 1136 2527 Dei
1183 2481 1236 2528 et
1270 2473 1476 2529 donum
1506 2473 1561 2528 in
1592 2472 1767 2544 gratia

175 2548 217 2613 ἰ
245 2562 411 2618 unius
446 2562 694 2619 hominis
735 2562 864 2619 Jesu
910 2562 1115 2621 Christi
1152 2565 1208 2619 iu
1261 2565 1447 2636 plures
1479 2563 1765 2638 [homines]

176 2638 212 2703 ἰ
245 2653 540 2709 abundavit
567 2672 584 2712 ε,
611 2663 664 2709 et
684 2670 794 2709 non
833 2654 977 2711 sicut
1008 2668 1106 2726 per
1140 2672 1309 2711 unum
1334 2666 1617 2727 peceatum
1638 2656 1767 2730 {de-

196 2765 211 2796 ι
248 2742 456 2819 lietum]
486 2765 499 2800 :
532 2747 608 2801 ita
640 2755 696 2803 et
727 2747 954 2803 donum.
999 2747 1135 2804 Nam
1159 2749 1431 2820 judicium
1466 2765 1534 2804 ex
1572 2763 1683 2804 uno
1707 2748 1764 2804 in

173 2856 212 2910 _c
249 2838 782 2907 condemnationem,
806 2841 979 2912 gratia
1005 2850 1187 2897 autem
1225 2858 1289 2897 ex
1339 2843 1527 2899 multis
1552 2843 1766 2899 delictis

176 2946 212 3003 is
249 2927 298 2981 in
316 2928 805 2998 justiﬁeationcm.
836 2929 898 2985 Si
921 2932 1068 2987 enim
1094 2932 1149 2987 iu
1174 2933 1341 2989 unius
1386 2934 1586 2990 delicto
1616 2949 1766 2991 mors

195 3036 212 3068 ι
251 3021 499 3092 regnavit
540 3036 641 3095 per
677 3018 885 3089 unum,
929 3023 1104 3078 multo
1148 3024 1325 3097 magis
1368 3025 1765 3083 abundantiam

193 3129 211 3160 ο
247 3104 426 3181 gratiae
450 3120 510 3166 et
530 3111 844 3167 donationis
875 3123 933 3168 et
951 3113 1178 3184 justitire
1195 3117 1547 3188 accipientes,
1572 3116 1626 3172 in
1650 3118 1762 3172 vita

194 3220 210 3254 σ
250 3204 557 3275 regnabunt
586 3219 685 3274 per
706 3220 879 3260 unum
902 3204 1088 3262 Jesum
1111 3205 1413 3263 Christum.
1430 3208 1599 3281 Igitur
1623 3210 1765 3265 sicut

192 3313 208 3345 ι
245 3308 334 3367 per
356 3296 531 3353 unius
568 3295 828 3352 delictum
851 3296 906 3352 in
934 3312 1125 3355 omnes
1148 3298 1398 3356 homines
1422 3300 1476 3356 in
1509 3301 1765 3356 condem-

192 3406 208 3437 ι
246 3390 549 3457 nationem,
589 3390 671 3445 sic
699 3398 755 3445 et
802 3405 901 3460 per
947 3391 1114 3446 unius
1161 3391 1431 3462 justitiam
1469 3390 1525 3446 in
1573 3408 1763 3448 omnes

198 3497 217 3530 ‹
250 3478 506 3536 homines
529 3482 584 3535 in
616 3481 1066 3552 jttstiftcationcm
1103 3481 1247 3539 vitaz.
1279 3483 1432 3539 Sicut
1460 3484 1606 3541 enim
1667 3500 1765 3555 per

191 3590 207 3619 ι
248 3570 681 3626 iuobedientiam
714 3572 880 3628 unius
908 3572 1171 3640 hominis,
1211 3583 1526 3643 peccatores
1555 3573 1761 3629 consti-

172 3680 206 3735 γ(
246 3663 340 3717 tuti
375 3671 518 3719 sunt
552 3662 732 3728 multi,
773 3662 848 3718 ita
879 3670 934 3718 et
978 3680 1077 3735 per
1118 3664 1283 3719 unius
1313 3663 1588 3738 [hominis]
1635 3665 1765 3722 obe-

190 3771 207 3804 ι
246 3750 515 3809 dientiam
559 3753 695 3823 justi
745 3754 1151 3810 constituentur
1202 3756 1380 3810 multi.
1426 3754 1539 3811 Lex
1580 3765 1762 3811 autem

190 3862 206 3895 σ
244 3845 601 3911 suliintravit,
650 3832 711 3899 ut
755 3844 1060 3901 abundaret
1103 3846 1401 3914 delictum;
1446 3845 1537 3902 ubi
1580 3856 1762 3902 autem

188 3954 207 3987 ι
243 3936 545 3994 abundavit
566 3935 1334 4006 delictum,superabuudavit
1377 3945 1433 3992 et
1471 3937 1665 4009 gratia,
1704 3947 1765 3993 ut

190 4045 209 4078 α
245 4026 379 4085 sicut
412 4029 675 4101 regnavit
704 4035 990 4100 peccatum
1034 4027 1090 4083 in
1124 4038 1379 4096 mortem,
1403 4029 1476 4084 ita
1504 4038 1559 4085 et
1587 4029 1763 4101 gratia

191 4137 209 4170 ι
246 4129 434 4192 regnet
463 4136 569 4191 per
586 4119 859 4190 justitiam
882 4121 938 4175 in
967 4120 1135 4175 vitam
1165 4128 1557 4192 aeternam,per
1575 4120 1762 4180 Jesum

189 4228 208 4259 ί
246 4206 534 4269 Christum
565 4210 858 4269 Dominum
884 4220 1157 4268 nostrum.
1205 4231 1225 4264 ι

548 4304 553 4309 ⁴
760 4356 763 4359 ,
818 4318 1121 4361 exrosmo.

245 4388 706 4462 Quandoquidem
735 4393 1065 4449 sufﬁcienter
1104 4410 1171 4450 ex
1225 4393 1599 4466 superioribus
1629 4409 1760 4466 pro-

180 4478 355 4537 batum
405 4489 502 4538 est
554 4496 775 4536 omnem
824 4482 1271 4553 justiﬁeationem
1324 4501 1448 4542 csse
1498 4501 1565 4541 ex
1625 4485 1757 4551 ﬁde;

1868 2015 1922 2070 id
1949 2024 2033 2071 est
2052 2017 2430 2087 purgationem
2455 2035 2470 2086 ;
2514 2019 2642 2088 quia
2668 2019 2811 2075 sicut
2838 2037 3035 2089 aurum
3064 2033 3328 2094 purgatur
3356 2039 3453 2095 per

1867 2105 2069 2179 ignem,
2094 2107 2171 2161 sic
2197 2107 2354 2176 quod.
2386 2106 2441 2161 in
2474 2108 2613 2179 istis
2640 2110 2982 2179 purgandum
3008 2120 3090 2166 est
3123 2112 3247 2182 igne
3277 2113 3453 2167 tribu-

1866 2195 2088 2252 lationis
2141 2196 2467 2267 excoquitur
2501 2216 2512 2252 :
2546 2199 2693 2253 unde
2734 2216 2829 2256 eos
2870 2201 2966 2271 qui
3008 2201 3066 2256 iu
3097 2202 3450 2262 tribulatione

1864 2286 2034 2342 vitam
2072 2286 2290 2353 finiunt,
2317 2298 2538 2344 sanctos
2566 2289 2685 2344 sine
2711 2289 2895 2360 aliqua
2932 2290 3276 2348 hzesitatione
3321 2307 3453 2351 con-

1868 2379 2135 2447 ﬁdimus,‘
2167 2380 2299 2451 quia
2350 2381 2618 2454 quidquid
2668 2382 2824 2452 prius
2874 2394 3258 2452 peccaverunt,
3309 2384 3453 2457 ignis

1867 2469 2239 2526 tribulationis
2269 2478 2443 2526 totum
2483 2472 2723 2528 excoxit.
2773 2470 2883 2526 Eos
2932 2486 3065 2527 vero
3112 2474 3206 2543 qui
3237 2473 3288 2527 in
3320 2489 3455 2545 pace

1865 2562 2033 2617 vitam
2057 2561 2276 2630 finiunt,
2305 2571 2796 2634 quantumcunque
2839 2562 3185 2619 laudabiliter
3217 2564 3453 2619 vixerint

1870 2654 2055 2726 (nemo
2084 2655 2229 2710 enim
2257 2654 2377 2710 sine
2402 2654 2563 2710 sorde
2589 2654 2695 2723 est)
2728 2653 2847 2723 sine
2867 2663 3015 2710 certa
3060 2654 3451 2712 miraculorum

1866 2745 2203 2812 ostensione,
2233 2746 2290 2801 in
2316 2747 2567 2818 catalogo
2593 2755 2908 2803 sanctorum
2957 2760 3067 2800 non
3116 2761 3452 2814 annumera¢

1866 2853 2009 2893 mus.
2042 2836 2302 2892 Probatio
2330 2855 2447 2893 vero
2481 2846 2740 2910 operatur
2775 2854 2953 2908 spem;
2980 2837 3285 2893 certissime
3308 2837 3453 2891 enim

1866 2945 2089 3001 sperare
2121 2938 2324 3001 potest,
2373 2928 2468 3002 qui
2521 2930 2855 2987 sulIicienter
2880 2928 3142 3001 purgatus
3187 2937 3291 2985 est.
3325 2927 3452 2999 Spes

1866 3030 2043 3076 autem
2065 3020 2146 3077 sic
2171 3030 2295 3093 post
2318 3022 2697 3093 purgationem
2722 3021 2905 3076 habita
2934 3037 3037 3073 non
3067 3019 3363 3090 confundit,
3398 3020 3451 3073 id

1865 3121 1970 3181 est,
2021 3129 2130 3168 non
2179 3112 2311 3169 facit
2355 3113 2680 3169 erubescere
2735 3128 2831 3168 eos
2890 3112 2985 3184 qui
3043 3120 3283 3185 sperant,
3313 3128 3452 3182 ques

1865 3206 2069 3261 faceret
2111 3203 2466 3261 confusibiles
2507 3203 2553 3259 si
2614 3203 2882 3274 inexpleta
2918 3211 3085 3259 esset.
3134 3201 3275 3258 Vere
3327 3219 3452 3273 spes

1865 3314 1974 3354 non
1994 3296 2301 3363 confundit,
2343 3296 2439 3352 sed
2485 3295 2820 3367 implebitur,
2845 3294 2992 3366 quod
3029 3304 3235 3350 certum
3282 3293 3452 3350 habe-

1864 3404 1989 3445 mus
2037 3404 2135 3460 per
2182 3386 2448 3458 Spiritum
2491 3395 2743 3443 sanctum
2790 3387 2887 3457 qui
2926 3386 3087 3441 datus
3136 3395 3219 3442 est
3264 3386 3447 3442 nobis.

1866 3479 2105 3551 Spiritus
2133 3480 2280 3535 enim
2317 3489 2558 3543 sanctus,
2582 3477 2696 3549 jam
2741 3493 2847 3534 nos
2872 3493 2936 3532 ex
2973 3485 3125 3547 parte
3165 3478 3451 3544 deiﬁeaus,

1864 3571 2245 3627 eertitudiuem
2283 3570 2375 3626 dat
2414 3588 2426 3624 :
2469 3569 2599 3641 quia
2645 3585 2749 3625 nos
2789 3569 3029 3640 plenarie
3070 3566 3453 3624 deitieabimur

1855 3662 1920 3719 in
1944 3662 2148 3730 futuro,
2184 3661 2475 3717 illuminati
2520 3661 2823 3717 secundum
2858 3660 3098 3715 animam
3125 3660 3322 3731 majori
3350 3676 3447 3739 co-

1864 3754 2106 3825 gnitione
2151 3752 2279 3819 Dei,
2315 3761 2370 3808 et
2410 3753 2713 3808 secundum
2763 3768 2963 3824 corpus
3007 3750 3452 3822 incorruptibiles

1864 3844 2053 3902 futuri.
2084 3844 2222 3911 Quia
2249 3842 2486 3915 Spiritus
2509 3852 2734 3899 sanctus
2762 3842 2923 3898 datus
2947 3843 3017 3897 sit
3047 3843 3206 3898 nobis
3227 3853 3450 3913 apparet

1862 3951 1929 3991 ex
1953 3952 2039 4003 eo,
2073 3936 2199 4006 quia
2238 3934 2475 3988 charitas
2506 3932 2604 3988 Dei
2654 3933 2855 4003 diffusa
2880 3941 2957 3990 est
2998 3932 3053 3986 in
3075 3931 3321 3986 cordibus
3354 3948 3449 3985 no—
3524 3966 3531 3974 ι

1862 4028 2011 4094 stris,
2062 4026 2115 4082 id
2150 4034 2237 4082 est
2283 4025 2411 4097 quia
2459 4024 2681 4080 dilectio
2735 4024 2829 4080 Dei
2885 4022 3212 4094 ampliﬁcata
3257 4031 3341 4078 cst
3392 4024 3461 4079 iu.

1863 4119 2121 4177 cordibus
2141 4118 2368 4184 nostris,
2398 4118 2524 4189 quia
2562 4117 2740 4187 parati
2774 4132 2967 4173 sumus
2994 4131 3095 4186 pro
3137 4130 3204 4169 eo
3241 4124 3296 4169 ct
3331 4116 3448 4187 pati

1861 4220 1917 4268 et
1945 4211 2106 4267 mori.
2132 4208 2231 4265 Vel
2263 4208 2419 4265 aliter
2449 4229 2461 4263 :
2490 4224 2617 4267 vere
2652 4224 2762 4267 non
2789 4206 3097 4274 confundit,
3132 4205 3227 4262 sed
3251 4207 3447 4277 imple-

1862 4304 2047 4360 bitur:
2085 4303 2233 4376 quod
2262 4310 2408 4374 patet
2435 4317 2503 4357 ex
2529 4317 2614 4368 eo,
2647 4303 2773 4373 quia
2821 4300 3059 4356 charitas
3105 4298 3206 4354 Dei
3246 4299 3447 4369 diffusa

1862 4406 1961 4464 est,
1993 4396 2047 4453 id
2074 4405 2178 4464 est,
2209 4395 2338 4467 quia
2386 4393 2531 4451 Deus
2581 4393 2797 4449 abunde
2851 4390 3028 4464 diligit
3058 4408 3180 4459 nos,
3228 4400 3281 4446 ct
3318 4392 3450 4462 quia

1863 4488 2104 4544 eharitas
2149 4486 2243 4543 Dci
2276 4487 2410 4543 adeo
2432 4484 2637 4541 ferveat
2668 4501 2797 4557 erga
2835 4499 2958 4541 nos.
3004 4481 3121 4540 Hoc
3178 4483 3449 4539 sentimus

182 4568 335 4638 igitur
367 4571 674 4641 justi/icali
713 4586 779 4624 ea:
813 4571 938 4640 ﬁde,
986 4573 1267 4629 habeamus
1313 4592 1528 4646 pacem,
1577 4575 1632 4630 id
1679 4584 1762 4630 est
1794 4589 1838 4645 ι)
1864 4580 1917 4635 in
1952 4580 2211 4636 cordibus
2231 4579 2435 4635 nostris
2456 4577 2780 4633 illuminatis
2801 4592 2893 4647 per
2916 4573 3181 4647 Spiritum
3197 4583 3450 4627 sanctum

179 4664 531 4718 concordiam
588 4662 731 4717 inter
783 4677 923 4718 nos:
963 4672 1025 4720 ut
1057 4680 1233 4735 neque
1281 4665 1502 4723 Judarus
1550 4666 1758 4738 gentili,

180 4765 269 4807 nec
298 4754 532 4825 gentilis
551 4752 741 4808 Judan
786 4752 842 4806 in
885 4752 991 4808 hac
1018 4769 1158 4811 nova
1188 4757 1361 4826 gratia
1390 4772 1448 4813 se
1484 4756 1756 4828 praeferat.

180 4834 240 4896 Ut
260 4852 447 4898 autem
486 4843 667 4914 magis
709 4857 806 4899 eos
828 4851 884 4898 et
920 4859 951 4897 a
978 4842 1250 4900 discordia
1278 4847 1568 4914 deterreat,
1599 4857 1653 4904 et
1691 4849 1760 4905 ad

179 4936 530 4990 concordiam
595 4935 836 5001 inducat,
895 4935 1023 4990 ait.
1086 4935 1386 4992 Habeamus
1448 4956 1630 5009 pacem
1688 4941 1759 4994 ad

177 5023 355 5083 Deum.
402 5028 465 5082 Si
512 5027 659 5082 enim
703 5028 846 5083 inter
888 5044 989 5084 nos
1027 5026 1305 5085 discordes
1353 5030 1651 5098 fuerimus,
1691 5033 1759 5087 ad

177 5115 342 5175 Deum
371 5121 573 5192 utique
603 5135 794 5191 pacem
825 5136 933 5175 non
976 5121 1262 5177 habemus.
1308 5121 1617 5177 Habeamus
1638 5124 1759 5178 dico

177 5223 354 5278 pacem
384 5229 487 5283 per
510 5211 798 5266 Dominum
823 5212 931 5283 30
960 5223 1201 5266 nostrum
1243 5212 1424 5267 Iesum
1464 5213 1755 5281 Christum,

178 5303 259 5355 cui
293 5303 352 5358 in
391 5302 660 5358 omnibus
689 5302 909 5360 obedire
949 5303 1213 5358 debemus
1240 5321 1252 5357 :
1282 5302 1375 5373 qui
1421 5305 1560 5359 tradi
1590 5305 1762 5359 voluit

177 5389 240 5445 ad
268 5402 513 5448 mortem
565 5401 787 5463 propter
825 5393 1020 5449 delicta
1078 5399 1288 5458 nostra,
1332 5403 1435 5449 etc.
1477 5393 1583 5448 Per
1608 5410 1760 5465 quem

176 5478 460 5540 Christum
495 5500 605 5540 non
630 5485 808 5539 solum
843 5485 1040 5541 delicta
1088 5484 1315 5541 dimissa
1357 5494 1513 5552 sunt,
1554 5487 1662 5542 vita
1702 5497 1758 5543 et

167 5570 380 5641 “iustitia
422 5575 575 5642 data,
607 5576 701 5631 sed
735 5576 901 5631 etiam
936 5576 1185 5632 habemus
1234 5580 1462 5648 gratiam
1493 5579 1672 5645 istam,
1701 5579 1755 5635 id

176 5674 250 5722 est
273 5675 388 5724 tam
430 5667 810 5734 excellentem,
835 5676 898 5722 ut
923 5668 1191 5738 depellere
1217 5670 1436 5726 morbos
1470 5669 1755 5741 facereque

181 5759 464 5816 miracula.
508 5746 611 5815 Sed
664 5775 733 5815 ne
760 5759 933 5815 Judaei
975 5760 1332 5832 opinarentur
1358 5778 1455 5832 per
1495 5763 1750 5819 meritum

176 5847 305 5919 legis
333 5852 578 5921 aliquem
625 5850 852 5922 gradum
897 5852 1094 5909 habere
1142 5854 1197 5908 in
1230 5853 1366 5909 hanc
1402 5855 1653 5926 gratiam,
1680 5855 1755 5911 ait

1862 4672 1952 4743 qui
1974 4671 2131 4724 datus
2162 4678 2240 4724 est
2277 4669 2443 4723 nobis.
2488 4667 2696 4722 Probat
2720 4665 2867 4735 quod
2890 4681 3017 4734 spes
3042 4663 3210 4735 (sicut
3236 4662 3447 4727 dictum

1861 4761 1966 4832 est)
1991 4759 2299 4831 impleatur,
2323 4757 2555 4813 diversis
2582 4755 2650 4812 de
2671 4756 2855 4811 causis
2885 4774 2898 4809 :
2936 4763 3052 4809 tum
3084 4752 3213 4824 quia
3253 4753 3300 4808 si
3330 4767 3445 4807 non

1862 4851 2200 4923 impleretur,
2224 4848 2429 4904 frustra
2451 4847 2595 4904 Deus
2614 4846 2781 4902 homo
2810 4854 2957 4901 esset
2979 4843 3177 4910 factus,
3206 4852 3444 4900 mortem

1860 4950 2156 5017 gustasset,
2187 4939 2292 4995 nisi
2330 4954 2478 5008 spem
2530 4935 2964 4991 consummando
3010 4934 3159 5004 quod
3206 4944 3448 5004 coeperat

1862 5035 1949 5105 pie
1974 5032 2279 5105 perﬁceret.
2310 5029 2447 5083 Tum
2478 5028 2641 5083 etiam
2677 5027 2822 5093 ideo,
2853 5025 2899 5082 si
2928 5041 3053 5080 cum
3097 5026 3251 5097 impii
3296 5039 3446 5081 esse-

1862 5143 1986 5183 mus
2017 5134 2073 5189 et
2116 5121 2485 5183 damnationis
2531 5119 2788 5175 meritum
2838 5127 2985 5174 esset
3024 5118 3079 5173 in
3112 5118 3268 5200 nobis
3316 5126 3442 5173 tan-

1861 5227 2013 5286 tum,
2068 5214 2199 5288 quid
2254 5213 2435 5268 facere
2481 5210 2655 5266 voluit
2708 5218 2769 5264 ut
2821 5224 2924 5280 pro
2968 5208 3160 5275 nobis,
3220 5208 3439 5279 impiis,

1861 5309 2229 5366 difﬁcultatem
2273 5304 2468 5361 monis
2498 5304 2739 5369 subiret,
2791 5317 2899 5357 non
2935 5310 3019 5357 est
3055 5301 3439 5371 ambigendum

1861 5403 1995 5474 quin
2024 5418 2146 5468 nos,
2173 5401 2287 5472 jam
2316 5397 2646 5471 justiticatos
2690 5404 2745 5452 ct
2785 5395 2900 5467 jam
2957 5393 3215 5449 meritum
3263 5393 3441 5449 salva-

1861 5493 2029 5549 tionis
2060 5492 2476 5564 praetendentes,
2520 5491 2700 5545 salvos
2734 5486 2940 5543 faciat:
2986 5485 3128 5558 quod
3172 5483 3330 5539 facile
3356 5490 3442 5541 est

1860 5583 1931 5652 ei,
1965 5584 2093 5654 quia
2122 5599 2232 5638 non
2261 5591 2472 5653 oportet
2505 5596 2628 5636 eum
2678 5579 2915 5650 amplius
2959 5578 3118 5633 mori.
3171 5573 3328 5630 Unde
3354 5572 3437 5630 sic

1861 5674 1937 5730 ait
1963 5693 1976 5729 :
2014 5673 2153 5730 Vere
2182 5689 2308 5745 spes
2331 5688 2440 5728 non
2481 5669 2788 5736 confundit,
2818 5669 2911 5725 sed
2939 5666 3271 5738 implebitur,
3303 5665 3434 5735 quia

1861 5766 1966 5822 nisi
2016 5766 2156 5825 sicut
2225 5779 2511 5836 speramus
2577 5767 3052 5818 consummaretur
3109 5776 3118 5809 :
3178 5751 3245 5809 Ut
3305 5752 3436 5821 quid

1863 5856 2102 5915 Christus
2150 5867 2385 5913 mortuus
2431 5866 2506 5911 cst
2550 5856 2731 5928 justus
2788 5869 2883 5925 pro
2920 5849 3133 5921 impiis?
3170 5846 3267 5903 Vel
3316 5863 3435 5905 vice
3506 5901 3517 5909 _

3654 670 3662 679 μ

3631 688 3659 705 ιγ)

3634 705 3659 725 /.

3608 754 3679 775 71‘;

3593 779 3620 793 ,ι

3596 794 3649 811 γῆν
3665 796 3685 811 ,”

3687 810 3723 839 δέ

3686 842 3725 851 μ..
