4018 6288
497 371 604 428 δι’

1045 371 1104 428 S.
1147 368 1496 430 BRUNONIS
1533 365 2180 426 CARTHUSIANORUM
2220 365 2710 424 lNSTlTUTORlS
2747 364 2901 421 OPP.
2939 363 3121 422 PARS
3158 351 3245 439 ll...
3708 362 3780 420 52

495 481 814 554 impiorum,
853 479 981 553 quia
1033 481 1188 554 impii
1215 483 1356 546 mori
1403 483 1662 539 deberent
1707 495 1808 552 pro
1857 487 2083 550 peccato
2111 479 2440 543 Amandum
2481 477 2638 546 hunc,
2663 477 2718 534 id
2741 486 2846 546 est,
2887 477 3024 534 adeo
3051 476 3312 534 miserum
3357 489 3455 547 per
3492 485 3778 548 peccatum

495 587 638 642 suo,
703 573 790 628 vel
852 587 1018 630 causa
1086 573 1382 654 impiorum
1453 571 1916 628 redimendorum.
1985 569 2082 624 Di-

493 672 646 746 ceret
691 665 892 736 aliquis
927 665 1058 736 quia
1109 677 1362 723 mortuus
1407 671 1510 732 est,
1534 663 1656 719 ideo
1710 679 1820 719 non
1879 671 2078 736 potest.

495 754 751 812 Mortuus
815 756 938 812 dico
984 759 1271 813 secundum
1328 765 1572 826 tempus:
1619 755 1708 812 die
1761 756 1908 813 enim
1975 765 2083 812 ter—

491 847 572 903 tia
620 847 878 904 surrexit.
941 845 1142 904 lterum
1195 847 1595 904 adversarius:
1647 846 1804 920 impii
1859 846 2090 919 quidem

491 937 746 1006 fueratis,
801 937 896 995 sed
935 938 1051 1010 jam
1091 947 1336 1009 tempore
1365 937 1561 994 mortis
1604 938 1726 1012 ejus
1756 938 2079 1010 jnstiiicati:

487 1030 676 1101 impiis
727 1030 854 1087 dico
898 1030 974 1088 ita
1022 1045 1144 1088 cum
1199 1030 1374 1085 adhuc
1429 1039 1675 1102 tempore
1723 1031 1918 1088 mortis
1969 1045 2084 1088 suae

489 1121 702 1192 inﬁrmi
747 1137 1008 1190 essemus,
1054 1121 1110 1178 id
1153 1131 1270 1191 est,
1314 1123 1370 1178 in
1421 1123 1698 1194 impietate
1753 1123 2082 1194 perdurare-

491 1226 642 1268 mns.
689 1211 915 1267 Frustra
968 1211 1154 1282 justus
1205 1224 1446 1275 mortuus
1506 1224 1585 1268 est
1627 1229 1722 1285 pro
1768 1215 1983 1285 impiis,
2035 1213 2084 1269 si

483 1301 822 1375 jnstilicatos
885 1303 1098 1370 salvare
1155 1305 1378 1368 deserit.
1428 1303 1550 1361 Non
1603 1315 1690 1370 est
1748 1305 2082 1362 credendum

487 1392 640 1462 quod
663 1392 1000 1466 inexpletum
1024 1396 1283 1466 dimittat,
1311 1414 1412 1469 pro
1433 1413 1545 1470 quo
1567 1407 1774 1458 tantam
1803 1398 2084 1460 diiliculta-

487 1493 601 1539 tem
650 1485 840 1554 subiit.
895 1487 1114 1554 Diceret
1160 1490 1392 1562 aliquis:
1423 1491 1620 1546 Fuitne
1659 1491 1798 1550 adeo
1821 1507 2082 1564 magnum

485 1573 593 1644 31
628 1574 768 1632 mori
804 1591 904 1663 pro
941 1578 1168 1663 impiis?
1203 1567 1282 1640 ita
1320 1581 1565 1658 inquam.
1625 1580 1727 1638 Via
1764 1583 1905 1638 enim
1942 1583 2081 1656 quis,

487 1667 546 1724 id
573 1675 657 1724 est
677 1659 895 1741 aliquis,
927 1671 1013 1738 vel
1028 1659 1218 1738 morte
1245 1673 1463 1748 dignus,
1498 1675 1583 1731 vel
1619 1673 1729 1732 cito
1757 1675 2081 1744 moriturus,

485 1761 718 1816 moritur
749 1779 844 1842 pro
862 1763 1034 1844 justo,
1073 1765 1128 1820 id
1165 1773 1270 1834 est,
1317 1765 1402 1822 vel
1447 1765 1564 1822 vice
1601 1767 1688 1826 vel
1721 1781 1887 1824 causa
1921 1767 2079 1840 justi.

489 1851 648 1910 Unde
669 1869 929 1927 magnum
959 1855 1090 1936 quid
1120 1872 1241 1914 esse
1267 1866 1485 1916 constat
1515 1858 1820 1928 Christum,
1856 1859 1952 1932 qui
1989 1875 2081 1916 re-

489 1954 680 2016 spectu
715 1947 945 2016 justitiae
977 1964 1090 2006 suae
1123 1963 1234 2006 non
1275 1950 1579 2006 moriturus
1613 1959 1752 2017 erat,
1803 1951 1946 2008 mori
1980 1966 2082 2024 pro

487 2035 714 2105 impiis?
748 2035 876 2092 ideo
906 2037 1031 2103 dico
1063 2039 1156 2094 vix
1181 2025 1419 2112 aliquem
1446 2041 1589 2098 mori
1612 2057 1712 2113 pro
1730 2040 1882 2114 justo
1915 2061 1926 2096 :
1956 2058 2081 2097 nam

488 2129 716 2204 forsitan
754 2129 952 2206 aliquis
993 2131 1188 2198 audeat
1216 2133 1351 2188 mori
1381 2149 1478 2203 pro
1514 2133 1667 2192 bono.
1725 2131 1864 2206 Quia
1900 2133 1947 2192 si
1975 2133 2080 2190 dn-

486 2218 662 2282 bietas
709 2229 794 2276 est
831 2230 1018 2288 utrum
1044 2223 1171 2293 quis
1201 2223 1472 2282 moriatur
1497 2239 1598 2296 pro
1617 2225 1787 2294 beno,
1817 2241 2082 2298 magnum

486 2311 595 2373 fuit
621 2314 762 2370 mori
786 2313 1068 2380 Christum
1096 2316 1248 2387 pium
1274 2331 1374 2388 pro
1395 2316 1586 2388 impio,
1627 2316 1730 2373 Vix
1753 2318 1951 2390 aliquis
1983 2333 2082 2382 au-

486 2403 614 2463 deat
649 2403 791 2458 mori
819 2419 918 2478 pro
937 2404 1128 2480 justo;
1165 2406 1260 2461 sed
1299 2405 1556 2463 Christus
1585 2423 1687 2478 pro
1726 2408 1885 2465 nobis
1932 2423 2082 2464 mor-

373 2485 379 2490 ’
486 2502 619 2550 tuus
647 2504 755 2568 est,
778 2503 833 2551 et
857 2511 954 2568 per
979 2496 1084 2553 hoc
1106 2497 1596 2560 commendabilem
1619 2497 1750 2564 facit
1765 2499 1904 2554 Deus
1927 2517 2080 2560 suam

486 2585 804 2650 charitatem
837 2589 895 2654 in
933 2587 1082 2655 nobis
1105 2604 1124 2648 ε
1145 2591 1396 2662 quoniam
1431 2589 1479 2646 si
1508 2607 1628 2644 cum
1654 2591 1828 2646 adhuc
1850 2607 2079 2652 essemus

485 2687 806 2750 peccatores,
829 2687 1068 2740 mortuus
1096 2690 1172 2734 est
1199 2679 1462 2749 Christus,
1494 2681 1640 2753 quod
1664 2691 1774 2737 tam
1795 2681 2006 2738 diliicile
2026 2693 2083 2740 et

487 2767 792 2834 indebitum
827 2767 952 2838 fuit,
990 2770 1176 2842 justus
1208 2786 1304 2842 pro
1344 2771 1494 2826 nobis
1533 2771 1945 2843 peccatoribus;
1979 2773 2078 2844 igi-

487 2868 596 2926 tur,
641 2859 696 2926 id
727 2867 812 2926 est
844 2870 1150 2933 propterea,
1201 2861 1369 2917 multo
1414 2863 1585 2935 magis
1624 2863 1954 2920 credendum
1996 2873 2080 2920 est

485 2951 634 3024 quod
661 2966 765 3018 nos
780 2952 1071 3024 justiﬁcati
1097 2971 1254 3024 nunc,
1282 2955 1376 3028 qui
1404 2956 1559 3030 prius
1598 2965 1915 3028 peccatores
1952 2971 2079 3014 cra-

483 3057 633 3112 mus,
671 3043 726 3106 in
757 3047 1012 3116 sanguine
1054 3047 1246 3122 ipsius,
1276 3047 1330 3103 id
1356 3055 1440 3104 est
1465 3063 1564 3124 per
1593 3048 1916 3114 elfusionem
1946 3065 2079 3106 satr-

2187 569 2414 638 factum,
2446 580 2500 626 et
2526 579 2926 641 consequenter
2956 585 3051 641 per
3077 579 3352 640 peccatum
3389 569 3555 625 unius
3593 570 3778 626 homi-

2186 661 2275 717 nis
2299 660 2522 716 intravit
2549 675 2708 726 mors,
2735 667 2790 716 et
2817 657 3117 730 corporalis
3138 667 3192 714 et
3213 657 3521 728 "spiritualis
3555 659 3612 714 in
3643 675 3782 715 enn-

2185 751 2310 808 dem
2331 751 2610 807 hominem
2638 771 2651 806 :
2679 759 2730 806 et
2759 751 2839 806 ita
2868 751 2937 807 ab
2963 766 3030 808 eo
3057 751 3365 822 pertransiit
3399 766 3541 804 mors
3586 752 3644 806 in
3666 767 3784 806 om-

2187 861 2276 900 nes
2306 845 2561 900 homines.
2607 843 2676 899 Et
2714 844 2911 902 merito
2956 845 3026 900 ab
3069 858 3138 900 eo
3183 843 3240 898 in
3281 857 3496 910 omnes,
3527 843 3656 914 quia
3687 843 3781 900 hic

2186 942 2368 1000 fuitin
2397 959 2500 1015 quo
2531 950 2872 1014 peccauerunt
2903 957 3102 997 omnes.
3141 939 3200 996 In
3227 937 3432 996 lumbis
3463 940 3610 996 enim
3646 939 3782 998 Adae

2187 1045 2302 1094 tota
2341 1035 2434 1092 illa
2463 1050 2646 1091 massa
2680 1033 2908 1090 humani
2939 1032 3152 1106 generis
3181 1039 3405 1104 peccato
3447 1025 3780 1104 praevarica-

2185 1128 2353 1185 tionis
2385 1135 2642 1198 corrupta
2677 1135 2780 1183 est.
2821 1124 3054 1193 Quidam
3095 1123 3430 1196 protendunt
3473 1123 3622 1180 hunc
3654 1139 3782 1183 ver-

2184 1211 2332 1293 sum,
2365 1239 2541 1295 usque
2569 1223 2638 1279 ad
2673 1221 2807 1278 illud
2829 1222 2989 1293 longe
3020 1217 3250 1276 inferius
3279 1237 3292 1273 :
3321 1217 3488 1290 igitur
3515 1218 3662 1275 sicut
3681 1232 3784 1290 per

2169 1313 2372 1382 'unius,
2402 1324 2508 1370 etc.
2551 1311 2658 1368 Sed
2697 1313 2840 1372 sicut
2875 1310 3249 1382 exposuimus,
3293 1309 3429 1364 satis
3469 1307 3780 1363 abbreviari

2183 1413 2384 1477 potest.
2425 1402 2566 1460 Vere
2591 1416 2782 1457 omnes
2812 1406 3174 1472 peccaverunt
3203 1397 3258 1452 in
3285 1397 3479 1464 Adam,
3517 1396 3622 1453 etsi
3651 1404 3782 1452 ante

2185 1497 2360 1568 legem
2391 1495 2504 1552 fere
2541 1495 2612 1550 ab
2642 1493 2899 1550 omnibus
2932 1491 3038 1547 hoc
3065 1490 3425 1562 ignoraretur.
3487 1487 3782 1564 Peccatum

2184 1589 2324 1650 enim
2365 1597 2480 1643 erat
2510 1589 2568 1641 in
2608 1586 2804 1641 mundo
2847 1585 2922 1664 ab
2957 1582 3129 1638 Adam
3162 1599 3324 1654 usque
3347 1581 3418 1636 ad
3437 1581 3621 1653 legem.
3666 1579 3778 1636 Sed

2183 1679 2310 1736 licet
2337 1678 2412 1734 ita
2433 1686 2601 1746 esset,
2623 1685 2808 1733 tamen
2834 1676 2941 1730 hoc
2959 1682 3232 1746 peccatum
3260 1689 3362 1726 non
3384 1673 3778 1742 imputabatur,

2186 1772 2240 1828 id
2286 1780 2390 1840 est,
2443 1785 2604 1830 nemo
2648 1783 2776 1825 rens
2824 1781 2926 1839 pro
2967 1763 3218 1838 originali
3259 1763 3609 1836 jndicabatur
3652 1771 3784 1819 ante

2183 1863 2428 1937 Moysen,
2445 1879 2564 1916 cum
2585 1861 2671 1920 lex
2685 1877 2788 1918 non
2809 1867 2962 1926 esset,
2987 1873 3129 1930 quae,
3145 1865 3434 1928 postquam
3453 1855 3624 1923 venit,
3645 1855 3782 1925 pee-

2182 1967 2365 2014 catum
2397 1955 2503 2010 hoc
2521 1951 2796 2026 patefecit,
2821 1951 2908 2008 vel
2929 1949 3177 2008 dicamus
3212 1948 3270 2003 in
3309 1955 3441 2003 toto.
3481 1945 3780 2003 Peccatum

2183 2047 2292 2105 hoc
2319 2047 2540 2120 quidem
2583 2053 2700 2102 erat
2743 2043 2802 2100 in
2851 2041 3058 2100 mundo
3111 2049 3236 2098 ante
3269 2040 3464 2112 legem,
3513 2039 3611 2096 sed
3653 2037 3782 2094 ideo

2182 2141 2549 2206 nesciebatur,
2595 2137 2724 2209 quia
2773 2136 2984 2192 nullum
3030 2141 3314 2206 peccatum
3369 2131 3780 2204 imputabatur,

2182 2248 2309 2290 cum
2339 2231 2426 2288 lex
2448 2245 2558 2288 non
2585 2237 2752 2286 esset.
2793 2227 2860 2283 Et
2890 2227 3014 2283 licet
3051 2233 3336 2298 peccatum
3361 2223 3626 2296 originale
3649 2231 3784 2283 ante

2182 2325 2358 2398 legem
2381 2339 2491 2379 non
2515 2321 2898 2392 imputaretur,
2947 2325 3129 2374 tamen
3155 2331 3253 2386 per
3277 2315 3384 2371 hoc
3413 2313 3549 2370 satis
3573 2313 3780 2386 digno-

2151 2433 2154 2435 λ
2183 2417 2263 2474 sci
2296 2424 2475 2487 potest
2501 2413 2631 2483 quia
2663 2427 2806 2466 mors
2845 2407 3168 2479 corporalis,
3195 2421 3318 2478 quae
3354 2420 3519 2477 paena
3549 2403 3655 2461 fuit
3674 2419 3784 2476 pro

2183 2506 2458 2578 originali,
2493 2505 2584 2560 illa
2625 2499 2873 2576 regnavit
2905 2497 3284 2572 praemittendo
3326 2503 3454 2554 ante
3495 2510 3555 2552 se
3582 2509 3784 2551 omnes

2183 2599 2437 2664 miserias
2472 2611 2624 2665 suas,
2649 2595 2820 2662 sitim,
2849 2593 3072 2662 famem,
3095 2591 3298 2660 febres,
3329 2599 3385 2649 et
3419 2597 3638 2648 caetera.
3673 2589 3786 2645 lie-

2183 2688 2385 2766 gnavit,
2413 2687 2660 2758 inquam,
2689 2684 2753 2740 ab
2783 2683 2959 2738 Adam
2979 2697 3142 2753 usque
3165 2682 3236 2735 ad
3262 2679 3500 2750 Moysen,
3532 2695 3644 2736 non
3682 2693 3784 2736 50-

2183 2781 2296 2836 lum
2328 2779 2384 2834 in
2408 2794 2504 2836 eos
2545 2777 2640 2848 qui
2669 2775 2922 2848 originali
2953 2782 3176 2846 peccato
3205 2788 3305 2828 sua
3331 2779 3553 2843 peccata
3581 2771 3786 2841 adjun-r

2183 2881 2400 2940 xerunt,
2428 2871 2523 2928 sed
2551 2871 2712 2926 etiam
2741 2870 2795 2924 in
2817 2883 2903 2922 eos
2942 2867 3032 2940 qui
3067 2869 3167 2920 non
3201 2873 3564 2935 peccaverunt.
3602 2861 3671 2916 In
3698 2861 3782 2916 si-

2183 2964 2542 3026 militudinem
2585 2959 3044 3032 prwvaricationis
3087 2957 3240 3024 Adte,
3294 2955 3350 3010 id
3403 2963 3509 3024 est,
3561 2953 3682 3034 qui.
3709 2967 3780 3009 ex

2183 3065 2338 3128 parte
2373 3071 2474 3114 sua
2527 3069 2640 3115 non
2687 3052 2938 3114 similiter
2979 3046 3322 3126 prmvaricati
3363 3055 3518 3114 sunt,
3561 3045 3670 3118 32
3719 3054 3786 3102 ut

487 3134 670 3210 guinis
692 3135 832 3205 ejus,
864 3136 1001 3192 salvi
1029 3139 1246 3206 erimus,
1271 3137 1484 3195 liberati
1521 3141 1586 3194 ab
1627 3142 1711 3198 ira
1744 3157 1838 3212 per
1882 3143 2077 3212 ipsum,
2108 3166 2150 3226 (ε
2183 3148 2376 3213 Adam,
2419 3145 2488 3201 Hi
2514 3155 2642 3204 sunt
2669 3143 2881 3218 parvuli
2902 3143 2998 3218 qui
3019 3157 3127 3199 non
3149 3139 3392 3196 habuere
3413 3148 3626 3209 tempus
3647 3152 3783 3208 pec-

485 3241 653 3296 quem
691 3227 925 3303 amplius
965 3244 1076 3288 non
1112 3237 1323 3300 oportet
1349 3245 1379 3288 a
1411 3239 1556 3297 statu
1595 3247 1696 3288 suo
1726 3231 1948 3302 mutari,
1996 3234 2078 3288 uti

487 3317 710 3394 quando
749 3333 849 3394 pro
887 3321 1268 3400 peccatoribus
1313 3332 1544 3380 mortem
1589 3322 1776 3379 subiit.
1836 3323 1904 3380 Et
1949 3325 2079 3395 quia

481 3425 778 3488 possemus
801 3411 1113 3482 iustiﬁcari,
1138 3429 1238 3470 nec
1268 3423 1450 3472 tamen
1476 3429 1664 3486 pacem
1694 3415 1958 3492 perditam
1986 3432 2077 3472 re-

486 3515 750 3572 cuperare
777 3517 904 3568 cum
932 3501 1062 3571 Deo,
1085 3504 1162 3559 ait
1187 3523 1200 3568 :
1225 3503 1362 3561 Vere
1382 3504 1666 3576 jnstiﬁcati
1692 3505 1828 3566 salvi
1848 3506 2078 3580 erimus,

486 3592 620 3649 dum
656 3593 772 3664 jam
794 3593 1202 3664 justiﬁcationis
1230 3596 1486 3654 meritum
1513 3597 1923 3668 praetendimus,
1949 3597 2079 3670 quia

486 3703 609 3750 cum
629 3688 835 3748 inimici
863 3705 1116 3758 essemus,
1137 3699 1192 3746 et
1217 3690 1478 3754 meritum
1505 3690 1876 3750 damnationis
1906 3691 2080 3754 habe-

483 3793 694 3846 remus,
722 3795 904 3836 sumus
935 3780 1263 3840 reconciliati
1285 3779 1394 3837 Deo
1429 3797 1522 3852 per
1555 3797 1672 3837 rem
1694 3791 1806 3838 tam
1835 3797 2077 3856 gravem,

484 3879 548 3928 ut
569 3879 790 3932 mortem
813 3871 946 3936 Filii
965 3874 1100 3944 ejus.
1141 3873 1256 3936 Etsi
1286 3874 1439 3946 prius
1461 3873 1690 3942 inimici,
1717 3873 1881 3930 modo
1904 3882 2081 3930 morte

493 3961 622 4018 Filii
662 3964 783 4035 ejus
825 3981 1018 4029 sumus
1053 3966 1412 4034 reconciliati,
1445 3965 1613 4024 multo
1641 3967 1810 4044 magis
1849 3966 2080 4030 creden-

491 4051 624 4114 dum
652 4062 736 4110 est
761 4056 908 4126 quod
943 4071 1046 4114 nos
1069 4057 1422 4124 reconciliati,
1457 4064 1512 4112 et
1529 4056 1645 4126 jam
1674 4057 2080 4128 quodammodo

487 4145 724 4204 salutem
745 4149 1048 4226 promeriti,
1081 4147 1217 4214 salvi
1253 4150 1472 4214 erimus,
1498 4147 1566 4204 Et
1590 4150 1724 4212 satis
1753 4149 1944 4206 leviter
1971 4150 2082 4214 sal-.-

483 4237 637 4299 vabit
655 4253 758 4294 nos
780 4257 794 4302 ς
817 4239 947 4310 quia
973 4241 1031 4294 iu
1051 4240 1162 4294 vita
1185 4241 1378 4312 ipsius.
1418 4239 1540 4300 Non
1564 4241 1710 4296 enim
1729 4240 1845 4312 jam
1865 4251 2082 4312 oportet

485 4344 615 4386 eum
641 4330 803 4399 mori,
825 4331 969 4390 sicut
991 4331 1166 4404 prius.
1203 4331 1676 4394 Considerandum
1696 4341 1782 4390 est
1800 4333 2080 4404 quomodo

485 4421 705 4492 singula
737 4422 968 4494 singulis
989 4431 1249 4494 opponat.
1287 4421 1612 4486 Peccatores
1631 4423 1936 4495 justiﬁcati,
1973 4423 2080 4492 ini,

487 4515 618 4574 mici
639 4516 996 4582 reconciliati,
1027 4531 1126 4586 per
1153 4523 1384 4572 mortem
1411 4516 1464 4570 in
1491 4514 1622 4581 vita,
1661 4531 1765 4570 non
1795 4515 1966 4576 solum
1989 4531 2078 4576 sa-
2107 4510 2156 4572 D

486 4605 656 4666 intem
685 4605 802 4669 futu
837 4623 927 4662 am
959 4615 1361 4678 exspectamus,
1403 4607 1494 4668 sed
1535 4609 1698 4664 etiam
1732 4623 1829 4682 spe
1862 4617 1918 4664 et
1945 4625 2079 4680 gan-

485 4698 580 4756 dio
608 4701 756 4763 illius
775 4701 1070 4780 gloriamur
1091 4701 1147 4756 in
1171 4699 1362 4767 Deum,
1387 4700 1552 4760 etiam
1575 4700 1704 4764 dum
1728 4700 1818 4756 hic
1844 4716 2036 4756 sumus
2060 4719 2074 4758 :

485 4792 1022 4870 gloriamur,inqnit,
1041 4809 1136 4863 per
1157 4791 1444 4854 Dominum
1465 4803 1703 4852 nostrum
1723 4791 1909 4847 Iesum
1929 4791 2081 4858 Chri-

483 4895 650 4952 stum,
689 4902 784 4956 per
825 4901 978 4956 quem
1021 4901 1161 4946 nunc
1204 4885 1369 4954 paulo
1395 4893 1521 4946 ante
1543 4885 1838 4955 accepimus
1868 4883 2076 4952 inimici

487 4975 975 5038 reconciliationem
1003 4976 1072 5038 ad
1095 4974 1290 5036 Deum.

557 5067 871 5140 Opponeret
904 5066 1142 5138 aliquis:
1177 5065 1436 5128 Christus
1459 5066 1680 5138 quidem
1721 5067 1857 5130 satis
1891 5067 2078 5138 justus

483 5161 610 5228 fuit,
637 5160 733 5218 sed
761 5175 872 5220 non
910 5160 1125 5216 videtur
1157 5161 1370 5231 justitia
1413 5161 1534 5232 ejus
1569 5162 1843 5224 sulliciens
1871 5164 1938 5224 ad
1969 5163 2080 5226 sal-

483 5253 760 5314 vationem
795 5250 1062 5314 omnium.
1091 5253 1250 5319 Quod
1271 5252 1563 5323 Apostolus
1595 5254 1810 5324 probat,
1843 5253 2032 5316 dicens
2063 5273 2076 5308 :

484 5343 626 5398 Cum
665 5357 764 5413 per
793 5343 956 5403 unius
1003 5343 1426 5409 inobedientiam
1469 5345 1648 5400 omnis
1689 5346 1855 5402 homo
1893 5345 2080 5416 lapsus

481 5435 580 5504 sit,
609 5434 838 5505 dignum
877 5443 931 5492 et
970 5451 1125 5508 teque
1172 5445 1548 5508 comparatum
1597 5435 1830 5505 videtur,
1877 5446 1940 5498 ut
1981 5451 2082 5508 per

485 5525 655 5583 unius
680 5525 1050 5591 obedientiam
1071 5529 1258 5602 lapsus
1293 5528 1520 5594 humani
1539 5529 1751 5602 generis
1771 5537 2076 5598 reparetur,

484 5632 585 5695 per
619 5616 806 5676 Jesum
841 5619 1042 5680 solum.
1087 5621 1373 5694 Propterea
1414 5621 1758 5686 reconciliari
1795 5605 2076 5691 potuimus

485 5709 558 5772 nd
573 5709 952 5783 salvationem,
975 5715 1112 5770 sicut
1127 5731 1219 5786 per
1237 5731 1400 5768 unum
1417 5715 1678 5768 hominem
1705 5697 1945 5778 intravit,
1963 5727 2073 5767 non

491 5801 800 5866 immissum
833 5821 864 5860 a
891 5804 1022 5874 Deo,
1051 5805 1142 5859 sed
1166 5805 1401 5880 quadam
1428 5804 1684 5859 violentia
1717 5814 1986 5880 peccatum.
2018 5803 2072 5862 in

2181 3239 2362 3308 candi,
2387 3238 2482 3296 sed
2509 3235 2854 3294 solummodo
2883 3235 2951 3291 de
2975 3231 3227 3306 originali
3264 3239 3394 3290 sunt
3421 3229 3619 3304 puniti.
3663 3229 3779 3295 Qui

2177 3333 2352 3394 Adam
2397 3340 2474 3387 est
2510 3331 2683 3401 forma
2719 3328 2892 3399 futuri
2934 3326 3084 3392 Adae,
3126 3323 3182 3378 id
3215 3333 3299 3378 est
3331 3321 3556 3380 Christi.
3597 3319 3780 3376 Adam

2178 3425 2356 3480 forma
2377 3423 2582 3495 Christi
2609 3420 2733 3488 fuit,
2764 3419 2916 3494 quia,
2953 3418 3096 3475 sicut
3119 3417 3210 3472 ille
3233 3424 3388 3486 pater
3415 3422 3501 3470 est
3525 3412 3780 3472 omnium

2178 3513 2481 3572 secundum
2499 3527 2742 3578 carnem,
2764 3495 2846 3568 sic
2866 3507 3118 3566 Christus
3141 3515 3295 3578 pater
3315 3503 3555 3561 ﬁdelium
3581 3517 3784 3560 secun-

2177 3605 2309 3672 dum
2332 3605 2516 3661 ﬁdem.
2553 3603 2621 3658 Et
2652 3603 2795 3666 sicut
2836 3615 2902 3657 ex
2939 3599 3107 3661 latere
3125 3598 3256 3654 Adae
3283 3596 3606 3653 dormientis
3652 3589 3780 3652 for-

2178 3703 2326 3752 mata
2357 3703 2442 3753 est
2470 3691 2602 3762 Eva,
2635 3691 2716 3748 sic
2739 3706 2806 3746 ex
2841 3689 3009 3746 latere
3045 3685 3248 3746 Christi
3297 3683 3539 3756 soporati
3573 3697 3780 3740 somno

2179 3787 2376 3848 mortis
2398 3785 2454 3840 in
2474 3799 2638 3841 cruce
2661 3781 2926 3838 fabricata
2952 3788 3035 3836 est
3056 3777 3316 3836 Ecclesia.
3358 3775 3425 3832 Et
3450 3776 3572 3832 ideo
3593 3773 3782 3852 Adam

2179 3878 2356 3941 forma
2379 3876 2604 3944 Christi,
2635 3875 2764 3946 quia
2797 3873 2942 3930 Deus
2973 3870 3212 3927 decrevit
3260 3884 3356 3942 per
3395 3883 3569 3922 unum
3608 3857 3786 3921 Chri~

2171 3967 2326 4038 (stum
2370 3967 2682 4034 emendare,
2737 3965 2884 4043 quod
2923 3979 3020 4035 per
3057 3977 3228 4016 unum
3263 3959 3436 4015 Adam
3482 3967 3784 4043 peccatum

2179 4073 2284 4130 est.
2327 4061 2424 4118 Vel
2469 4061 2550 4117 sic
2579 4039 2826 4132 legamus
2853 4055 3154 4124 secundum
3195 4051 3546 4110 Ambrosium
3576 4070 3590 4106 :
3627 4039 3786 4108 Ver'e

2178 4170 2370 4212 omnes
2397 4143 2758 4224 peccaverunt
2787 4150 2844 4216 in
2863 4147 3067 4214 Adam;
3098 4161 3226 4201 nam
3264 4143 3528 4216 originale
3571 4157 3787 4214 pecca~

2181 4256 2297 4312 tum
2323 4255 2442 4302 erat
2467 4246 2524 4300 in
2549 4245 2755 4304 mundo
2795 4255 2973 4314 usque
3013 4239 3082 4294 ad
3126 4238 3324 4310 legem,
3383 4235 3490 4294 Sed
3537 4236 3666 4304 licet
3713 4235 3788 4292 in

2177 4339 2384 4404 mundo
2413 4347 2577 4406 esset,
2604 4345 2789 4393 tamen
2830 4350 2941 4391 non
2983 4333 3354 4404 imputabatur
3395 4329 3528 4386 illud
3573 4344 3790 4400 pecca-

2178 4441 2326 4499 tum;
2359 4431 2488 4501 quia
2513 4431 2600 4488 lex
2621 4444 2732 4484 non
2759 4435 2903 4484 esset
2929 4441 3052 4497 qua:
3073 4432 3358 4495 peccatum
3379 4423 3486 4480 hoc
3514 4420 3792 4490 insinua-

2181 4532 2264 4580 ret
2290 4543 2302 4582 :
2329 4521 2422 4580 sed
2449 4522 2576 4584 licet
2611 4519 2914 4580 nesciretur
2957 4517 3062 4572 hoc
3095 4524 3399 4588 peccatum,
3446 4523 3626 4570 tamen
3669 4527 3796 4590 pro

2181 4631 2343 4688 poena
2369 4613 2536 4683 hujus
2561 4612 2769 4684 peccati
2799 4607 3043 4684 regnavit
3080 4623 3229 4664 mors
3266 4606 3336 4666 ab
3375 4605 3549 4664 Adam
3593 4619 3798 4678 usque

2181 4709 2249 4770 ad
2284 4707 2527 4778 Moysen,
2556 4719 2664 4770 non
2701 4703 2879 4760 solum
2919 4701 2974 4766 in
3004 4715 3098 4756 eos
3121 4699 3212 4772 qui
3239 4697 3306 4754 de
3330 4696 3638 4753 actualibns
3679 4711 3796 4751 rc-

2180 4800 2286 4858 bus
2317 4805 2697 4870 peccaverunt,
2745 4795 2839 4860 sed
2878 4793 3042 4852 etiam
3073 4793 3128 4847 in
3154 4807 3251 4848 eos
3287 4791 3381 4861 qui
3409 4799 3804 4861 peccaverunt

2181 4891 2238 4946 in
2275 4887 2688 4953 similitudinem
2739 4873 3204 4967 praevaricationis
3243 4883 3392 4949 Adae,
3441 4881 3496 4936 id
3535 4891 3621 4936 cst
3673 4883 3802 4951 qui

2179 4999 2281 5056 pro
2316 4983 2434 5040 sola
2479 4980 2873 5048 similitudine:
2905 4979 3034 5050 quia
3059 4977 3281 5038 luerunt
3309 4976 3403 5032 filii
3435 4969 3802 5050 praevarica-

2179 5075 2314 5141 toris
2331 5074 2460 5130 Adae
2482 5072 2723 5138 damnati
2751 5080 2895 5134 sunt.
2933 5067 3182 5138 Ostendit
3202 5069 3452 5144 superius
3485 5066 3801 5132 Christum

2180 5179 2354 5227 unum
2401 5163 2756 5228 suliicientem
2811 5178 2935 5228 esse
2980 5162 3048 5216 ad
3103 5161 3458 5230 salvationem
3494 5160 3802 5231 omnium,

2179 5257 2306 5327 quia
2351 5255 2503 5312 solus
2529 5254 2702 5312 Adam
2729 5253 3002 5318 suiliciens
3031 5252 3136 5322 fuit
3161 5251 3230 5314 ad
3249 5241 3612 5324 perditionem
3643 5266 3754 5308 om
3775 5284 3804 5296 -

2179 5347 2355 5410 nium.
2415 5345 2481 5410 Et
2523 5345 2666 5414 sicut
2717 5361 3007 5416 personam
3060 5343 3268 5406 Christi
3331 5359 3580 5420 personae
3637 5341 3812 5404 Adae

2177 5437 2430 5514 contulit,
2466 5437 2548 5502 sic
2589 5452 2812 5502 causam
2853 5435 3093 5504 Christi,
3139 5435 3193 5490 id
3241 5443 3327 5492 est
3381 5432 3812 5504 obedientiam,

2177 5528 2404 5599 οΡΡοηίῐ
2429 5543 2608 5584 causa?
2633 5527 2781 5593 Adae,
2823 5541 2946 5596 qua!
2977 5533 3062 5592 est
3093 5523 3458 5582 inobedientia
3493 5541 3506 5578 :
3541 5532 3594 5588 et
3639 5523 3816 5594 θεῖε-

2176 5627 2324 5681 ctum
2353 5633 2534 5680 causae
2557 5616 2786 5684 Christi,
2827 5616 2880 5678 id
2921 5627 3007 5672 est
3039 5603 3494 5687 justificationcm
3539 5613 3594 5682 in
3622 5629 3814 5684 pra:-

2175 5711 2314 5768 senti
2343 5729 2356 5776 g
2388 5721 2442 5766 et
2469 5710 2636 5774 vitam
2667 5717 2926 5766 aeternam
2958 5709 3014 5776 in
3047 5707 3254 5774 futuro,
3293 5705 3520 5776 opponit
3551 5705 3818 5768 eﬁ'ectui

2176 5801 2341 5869 illius,
2373 5801 2422 5855 id
2449 5808 2528 5854 est
2559 5799 2718 5855 morti
2745 5800 3050 5878 temporali,
3084 5807 3138 5869 et
3158 5807 3370 5854 aeterna:
3399 5797 3810 5870 damnationi,
