3978 6410
198 385 262 442 53
873 391 1238 454 EXPOSITIO
1277 397 1343 454 IN
1382 396 1764 457 EPISTOLAS
1799 397 2029 461 mnu.
2056 389 2126 445 έ-
2165 401 2233 459 IN
2271 404 2488 463 EPIST.
2532 407 2622 463 AD
2661 408 2824 468 non.
2907 453 2912 456 .

3388 423 3475 480 δι

197 498 397 554 Probat
417 498 583 595 etiam
608 500 836 595 gratiam
851 503 1055 561 Christi
1070 506 1228 579 longe
1247 502 1486 580 amplius
1503 509 1780 566 abundare
1805 510 1856 573 A
1883 521 2252 581 peccatorum,
2302 517 2505 587 quibus
2551 522 2787 576 naturali
2833 523 3041 580 ratione
3089 526 3235 595 (licet
3290 530 3470 585 multa

196 598 415 662 peccato
441 591 591 647 Adae.
633 593 769 649 Cum
795 596 941 651 enim
969 597 1040 653 ab
1062 597 1233 655 Adam
1272 601 1535 674 originale
1568 611 1780 672 tantum

192 685 594 750 contraximus,
646 687 819 757 gratia
865 688 1067 744 Christi
1113 708 1222 747 non
1271 694 1448 749 solum
1495 695 1777 767 originale,

193 773 282 828 sed
304 789 434 830 cum
458 791 524 830 eo
543 792 884 850 quacunque
911 782 1140 837 actualia
1170 784 1379 841 dimisit
1402 785 1459 840 in
1483 787 1777 858 baptismo.

191 859 396 921 Littera
426 866 1008 942 sicjungitur:Adam
1041 883 1198 932 vetus
1243 875 1418 932 forma
1460 877 1565 934 fuit
1610 877 1780 942 futuri

190 957 344 1024 Ade;
380 959 474 1014 sed
501 959 625 1015 licet
667 977 776 1017 una
814 979 1047 1034 persona
1077 966 1172 1021 uni
1201 978 1349 1024 esset
1382 971 1655 1041 opposita,
1698 981 1781 1030 ta-

188 1066 310 1106 men
341 1067 527 1109 causa:
555 1062 684 1108 sunt
706 1055 1024 1114 dissimiles.
1069 1057 1191 1114 Non
1221 1061 1368 1116 enim
1397 1064 1535 1118 sicut
1561 1063 1665 1120 fuit
1689 1065 1780 1131 dc-

188 1142 374 1196 tictum
407 1145 558 1210 Adae,
585 1146 664 1200 ita
685 1156 769 1202 est
791 1149 957 1204 etiam
983 1151 1179 1206 donum
1205 1152 1300 1209 Dei
1323 1171 1446 1225 qua:
1471 1165 1556 1212 est
1580 1158 1774 1228 gratia.

188 1231 325 1288 Vere
353 1249 469 1289 non
502 1236 582 1296 sic
607 1235 710 1292 fuit
735 1239 940 1295 donum
965 1241 1192 1311 Christi,
1240 1255 1301 1302 ut
1328 1247 1582 1303 delictum
1606 1250 1774 1305 Adae:

185 1340 311 1379 nam
349 1324 560 1382 donum
602 1329 806 1386 Christi
842 1333 1014 1389 multo
1058 1336 1231 1407 magis
1275 1339 1573 1395 abundavit
1613 1356 1781 1412 super

182 1414 449 1471 delictum
475 1417 625 1484 Adae,
656 1421 783 1490 quia
817 1422 1076 1479 delictum
1107 1442 1278 1483 unum
1304 1428 1406 1484 fuit
1430 1432 1576 1501 quod
1610 1447 1777 1490 voca-

184 1523 308 1565 mus
337 1509 640 1578 originale;
689 1512 944 1570 Christus
971 1524 1153 1592 autem
1177 1528 1230 1574 et
1256 1520 1521 1591 originale
1549 1531 1603 1578 et
1629 1539 1779 1594 quae-

183 1615 403 1670 cunque
432 1603 666 1657 actualia
690 1604 916 1662 dimisit.
944 1605 1011 1662 Et
1031 1609 1257 1679 probat:
1284 1610 1424 1668 Vere
1447 1614 1599 1672 solus
1619 1613 1779 1670 Chri-

183 1700 301 1747 stus
324 1692 604 1749 sufficiens
628 1693 731 1751 fuit
752 1696 820 1752 ad
845 1697 1292 1768 justiﬁcationem
1320 1705 1587 1761 omnium.
1633 1705 1776 1763 Nam

181 1785 227 1838 si
268 1784 489 1852 delicto,
523 1785 578 1841 id
604 1795 690 1844 est
723 1804 822 1859 per
863 1789 1142 1859 delictum,
1187 1796 1344 1850 unius
1387 1795 1538 1864 Adae,
1585 1808 1640 1854 et
1683 1813 1780 1869 per

181 1890 353 1932 unum
394 1877 564 1948 (quod
602 1879 657 1934 in
698 1882 1054 1952 sequentibus
1093 1883 1308 1956 plenius
1348 1887 1776 1960 determinabit),

179 1967 232 2023 id
263 1978 348 2023 est
377 1985 478 2039 per
499 1968 922 2028 inobedientiam
949 1992 963 2028 :
988 1974 1035 2030 si
1060 1989 1158 2046 per
1184 1975 1312 2043 hoc,
1358 1977 1556 2048 inquit,
1605 1994 1777 2034 unum

179 2060 442 2115 delictum
491 2062 659 2132 (quod
699 2063 968 2134 originale
1010 2067 1296 2137 vocamus)
1350 2069 1506 2123 multi
1554 2077 1779 2144 peccato

178 2153 384 2208 mortui
429 2161 582 2219 sunt,
625 2156 1011 2214 contrahentes
1064 2157 1196 2214 illud
1241 2159 1504 2230 originale
1541 2177 1573 2216 a
1601 2161 1778 2240 primo

177 2254 329 2314 patre
351 2243 538 2312 (multi
563 2261 672 2301 non
696 2247 818 2303 ideo
840 2247 994 2316 dicit,
1039 2250 1172 2320 quin
1202 2265 1393 2306 omnes
1423 2252 1527 2307 hoc
1553 2262 1778 2323 peccato

177 2337 354 2407 pressi
382 2337 516 2404 sint,
548 2339 642 2394 sed
666 2355 775 2396 non
801 2355 993 2398 omnes
1022 2341 1077 2397 in
1104 2358 1170 2398 eo
1195 2343 1552 2413 perdurantes
1574 2343 1777 2401 detenti

179 2437 325 2494 sunt,
352 2429 692 2500 deponentes
726 2432 858 2487 illud
899 2433 1163 2505 originale
1191 2450 1286 2505 per
1308 2428 1586 2506 acceptam
1615 2435 1775 2508 ﬁdem

176 2519 409 2592 Christi)
437 2539 451 2577 :
485 2521 555 2590 si,
584 2521 779 2594 inquit,
806 2540 905 2595 per
925 2541 1096 2581 unum
1123 2526 1378 2582 delictum
1409 2527 1594 2594 unius,
1621 2527 1778 2598 multi

179 2614 379 2666 mortui
408 2623 554 2681 sunt,
590 2615 756 2671 multo
786 2618 957 2688 magis
980 2619 1282 2677 secundum
1305 2619 1622 2690 dignitatem
1653 2635 1778 2694 per-

177 2719 327 2761 sona:
354 2703 566 2762 Christi
593 2717 647 2763 et
680 2723 884 2776 causa,
916 2710 1214 2766 abundavit
1237 2713 1414 2783 gratia
1457 2711 1576 2780 Dei,
1611 2712 1663 2770 id
1692 2721 1778 2769 est

176 2796 436 2854 remissio
478 2808 848 2868 peccatorum.
901 2802 1212 2858 Abundavit
1255 2803 1419 2858 etiam
1459 2804 1678 2871 donum,
1720 2803 1776 2879 id

175 2896 254 2943 est
285 2890 673 2947 corroborati'o
715 2908 812 2964 per
859 2893 1121 2964 Spiritum
1166 2904 1439 2952 sanctum.
1477 2895 1774 2968 Postquam

173 2978 315 3033 enim
355 2979 592 3036 remissa
639 2992 769 3038 sunt
814 2993 1058 3054 peccata,
1109 2987 1421 3042 necessaria
1463 2996 1594 3044 sunt
1623 3003 1775 3043 arma

176 3067 418 3139 Spiritus
475 3073 674 3139 sancti,
728 3075 930 3146 quibus
986 3075 1310 3137 resistamus
1363 3078 1580 3137 diabolo
1633 3079 1775 3134 male

1887 612 2042 672 parte
2101 606 2405 679 debilitata)
2464 623 2753 680 possemus
2809 614 3081 672 resistere.
3162 618 3488 676 Videndum.

1869 694 2044 751 .etiam
2069 698 2237 767 quod,
2274 699 2399 756 licet
2432 701 2484 758 in
2512 713 2736 772 peccato
2763 704 2892 762 Adae
2916 709 3082 764 multa
3111 711 3462 767 consideren-
3487 754 3491 761 .

1867 794 1991 854 ,tur,
2023 798 2084 844 nt
2111 792 2388 860 superbia,
2425 794 2572 865 gula,
2608 805 2789 852 tamen
2821 815 2991 855 unum
3018 802 3195 857 solum
3219 803 3422 860 dicitur
3442 823 3466 861 ξ

1865 880 2008 950 quia
2044 881 2407 940 inobedientia
2437 887 2650 957 probat,
2693 891 2838 960 quod
2875 893 3047 962 gratia
3082 893 3463 964 justilicaverit

1878 985 1944 1024 ea:
1983 972 2165 1025 multis
2189 974 2418 1040 delictis,
2451 977 2638 1034 dicens
2667 998 2679 1033 :
2715 978 2853 1036 Vere
2884 998 2980 1053 per
3002 985 3230 1055 gratiam
3255 985 3460 1040 Christi

1863 1058 2248 1130 ,justiﬁcantur
2296 1064 2545 1122 homines
2582 1083 2651 1128 ex
2701 1067 2888 1126 multis
2939 1073 3172 1129 delictis.
3205 1070 3342 1128 Nam
3369 1088 3460 1126 ac-

1881 1162 2035 1222 cepta
2075 1153 2289 1225 justitia
2354 1157 2538 1227 (quod
2583 1161 2763 1231 majus
2808 1162 2924 1232 est)
2971 1166 3278 1236 regnahunt
3333 1179 3462 1222 cum

1879 1244 2099 1301 Christo
2135 1245 2190 1301 in
2222 1246 2331 1303 vita
2353 1263 2576 1317 aeterna,
2611 1253 2755 1321 quod
2780 1254 3191 1325 :equipollenter
3213 1256 3310 1312 ait.
3348 1254 3458 1310 Ho-

1879 1338 2059 1394 mines
2088 1341 2419 1410 accipientes
2450 1343 2837 1401 abundantiam
2881 1347 3067 1418 gratiae
3099 1349 3239 1418 ejus,
3269 1348 3323 1404 id
3354 1359 3458 1415 est,

1878 1430 2244 1488 abundantem
2273 1433 2674 1502 remissionem,
2705 1438 2833 1506 quia
2868 1454 2976 1494 non
3007 1439 3184 1495 solum
3220 1441 3460 1510 origina-

1879 1523 1972 1591 lis,
2022 1525 2115 1580 sed
2163 1526 2327 1581 etiam
2372 1527 2618 1582 omnium
2669 1529 2998 1597 actualium;
3033 1541 3088 1586 et
3141 1532 3457 1602 accipientes

1879 1616 2262 1672 abundantiam
2282 1619 2608 1684 donationis,
2642 1619 2695 1674 id
2720 1629 2823 1687 est,
2859 1621 2999 1676 dona
3026 1621 3261 1692 Spiritus
3284 1624 3461 1678 sancti

1879 1708 1947 1764 ad
1991 1708 2447 1765 confortationcm
2495 1710 2549 1766 in
2590 1711 2735 1766 bono
2774 1712 3174 1780 abundantem;
3222 1721 3278 1769 et
3310 1715 3458 1769 acci~

1878 1797 2090 1869 pientes
2120 1801 2510 1857 abundantiam
2547 1801 2799 1872 justitiw,
2840 1803 2892 1858 id
2935 1811 3040 1869 est,
3066 1803 3230 1873 justas
3259 1816 3459 1873 opera-

1881 1890 2047 1948 tionis
2093 1911 2107 1946 :
2151 1893 2282 1963 quia
2337 1901 2630 1964 postquam
2680 1895 2906 1951 dimissa
2959 1903 3089 1950 sunt
3137 1903 3361 1965 peccata
3407 1905 3486 1952 et...

1881 1979 2118 2052 Spiritus
2142 1992 2366 2039 sanctus
2401 1985 2740 2050 corroborat,
2795 1983 2876 2040 sic
2903 1985 3129 2039 demum
3160 1985 3286 2040 licet
3325 1985 3470 2041 bene

1879 2072 2135 2140 operari:
2171 2072 2309 2138 haec,
2365 2073 2609 2142 inquam,
2675 2071 3006 2141 accipientes
3071 2071 3462 2142 conregnabunt

1879 2160 1991 2217 Deo
2020 2161 2184 2232 positi
2212 2163 2268 2216 in
2289 2163 2398 2216 vita
2421 2171 2644 2228 aeterna,
2675 2177 2796 2232 quae
2818 2161 3024 2228 omnia,
3055 2170 3108 2216 ct
3129 2162 3382 2233 gratiam,
3406 2171 3465 2218 et

1877 2253 2250 2319 donationem,
2291 2263 2346 2309 et
2374 2269 2624 2325 regnum,
2658 2252 2927 2322 accipient
2957 2268 3050 2322 per
3086 2268 3250 2306 unum
3275 2250 3463 2306 Iesum
3552 2241 3562 2249 ’

1878 2343 2169 2400 Christum.
2202 2343 2268 2399 Et
2299 2359 2428 2400 vere
2470 2360 2568 2416 per
2605 2345 2753 2399 hunc
2799 2357 2968 2397 unum
3000 2360 3012 2397 :
3043 2343 3170 2413 quia
3191 2342 3238 2396 si
3269 2341 3323 2396 in
3362 2341 3462 2398 de-

1877 2439 2006 2494 licto
2036 2439 2202 2495 unius
2230 2437 2361 2494 Adze
2393 2437 2538 2509 quod
2568 2451 2736 2498 causa
2775 2433 2880 2490 fuit
2908 2435 3250 2506 perditionis,
3274 2449 3466 2505 regna.

1877 2528 1956 2583 vit
1989 2543 2159 2595 mors,
2191 2536 2247 2584 et
2277 2527 2594 2600 temporalis
2638 2535 2693 2581 et
2738 2534 2940 2582 interna
2974 2542 3068 2595 per
3124 2542 3288 2579 unum
3326 2525 3480 2580 deli-.

1877 2629 2042 2686 ctum,
2078 2619 2130 2675 id
2153 2627 2259 2687 est,
2306 2634 2404 2690 per
2452 2616 2899 2683 inobedientiam,
2955 2616 3130 2672 multo
3156 2615 3332 2687 magis
3369 2631 3466 2672 se.

1877 2714 2118 2770 cundum
2139 2712 2458 2785 dignitatem
2493 2725 2762 2783 personae,
2801 2723 2985 2766 causae
3019 2717 3075 2766 et
3119 2708 3368 2775 eﬂ'ectus,
3393 2707 3493 2769 hi—

1876 2805 1970 2878 qui
2013 2815 2142 2862 sunt
2177 2803 2509 2877 accipientes
2547 2801 2940 2858 abundantiam
2970 2802 3180 2874 gratiae,
3209 2801 3464 2883 donatio-

1877 2899 1964 2954 nis
1986 2906 2045 2954 et
2069 2896 2317 2968 justitite,
2352 2894 2661 2966 regnabunt
2709 2893 2765 2949 in
2793 2893 2902 2949 vita
2935 2907 3034 2964 per
3069 2909 3242 2949 unum
3268 2891 3461 2952 Jesum

1874 2987 2177 3046 Christum.
2223 2987 2494 3058 Quoniam
2531 2985 2752 3057 quidem
2803 2994 2860 3041 et
2887 2984 3190 3043 similitudo
3238 2991 3323 3045 est
3361 2983 3466 3049 ibi,

1875 3079 2013 3152 quia.
2037 3079 2211 3136 Adam
2253 3095 2419 3146 unus,
2456 3076 2712 3132 Christus
2743 3091 2885 3131 unus
2912 3094 2936 3134 ζ
2963 3084 3027 3130 et
3053 3074 3337 3146 majoritas
3369 3089 3460 3130 sc.-

172 3162 450 3218 suadenti.
514 3163 720 3233 Gratia,
767 3166 966 3238 inquit,
1013 3177 1067 3224 et
1118 3169 1324 3228 donum
1369 3171 1666 3227 abundavit
1717 3172 1775 3226 in
1800 3180 1846 3242 ο
1875 3171 2116 3232 cundum
2147 3171 2490 3242 dignitatem,
2519 3182 2641 3238 quae
2674 3167 2817 3223 dicta
2853 3175 2978 3267 est:
3003 3165 3177 3238 igitur
3197 3182 3239 3268 al
3269 3165 3486 3268 similis,
3550 3236 3559 3268 ὁ

172 3257 376 3325 gratia,
409 3256 467 3312 id
500 3267 586 3313 est
620 3274 717 3330 per
755 3260 988 3332 gratiam
1030 3261 1186 3316 unius
1217 3262 1464 3317 hominis.
1523 3262 1775 3334 Congrue

170 3347 243 3403 ait
286 3364 394 3419 per
442 3351 677 3419 gratiam
727 3371 741 3406 :
796 3353 925 3423 quia
971 3354 1432 3424 quemadmodum
1473 3357 1774 3411 contractio

170 3439 462 3511 originalis
485 3440 588 3497 fuit
608 3457 706 3513 per
727 3445 1130 3510 necessitatem,
1159 3445 1240 3500 sic
1265 3445 1495 3500 salvatio
1527 3445 1669 3501 facta
1689 3455 1774 3504 est

167 3539 262 3595 per
294 3529 562 3596 gratiam,
591 3530 643 3585 id
672 3539 758 3586 est
777 3548 875 3602 per
905 3534 1259 3589 voluntatem.
1301 3532 1472 3588 Nemo
1495 3535 1638 3592 enim
1664 3536 1770 3593 nisi

167 3633 230 3673 ex
258 3619 551 3677 voluntate
585 3623 850 3678 salvatur.
891 3623 1064 3691 Sicut,
1096 3625 1292 3696 inquit,
1319 3625 1578 3682 delictum
1607 3629 1772 3685 unius

166 3710 432 3775 diﬂ’usum
471 3723 559 3771 est
592 3715 644 3770 in
676 3717 901 3784 multos,
931 3718 1013 3773 sic
1042 3734 1198 3788 atque
1248 3728 1625 3789 comparatum
1664 3729 1769 3786 est,

166 3805 309 3872 quod
333 3805 517 3877 gratia
549 3806 714 3864 unius
739 3807 982 3864 hominis
1004 3809 1293 3870 abundavit
1320 3811 1376 3864 in
1405 3811 1604 3880 plures.
1645 3811 1764 3868 Non

165 3895 295 3954 dicit
323 3899 384 3961 in
411 3899 600 3968 plures
628 3899 859 3970 gratiam
904 3901 1234 3968 abundasse,
1277 3919 1442 3974 quam
1487 3904 1767 3974 delictum,

167 3990 256 4045 sed
301 3992 365 4045 in
415 3989 617 4061 plures,
671 3992 725 4047 id
765 4001 851 4049 est
884 3992 938 4047 in
964 3993 1184 4050 multos.
1225 3994 1343 4051 Non
1388 3997 1533 4051 enim
1577 4013 1770 4054 omnes

166 4083 361 4143 salvati
395 4092 548 4150 sunt,
593 4083 721 4155 quia
764 4085 1078 4141 noluerunt.
1121 4085 1296 4143 Unius
1341 4089 1580 4144 hominis
1622 4091 1766 4156 dico,

166 4175 260 4244 qui
282 4175 430 4231 nihil
457 4175 644 4230 minus
672 4175 850 4246 potuit
871 4193 1039 4248 quam
1068 4179 1239 4235 voluit
1263 4199 1276 4235 :
1310 4195 1438 4236 nam
1461 4180 1592 4235 Jesu
1620 4181 1772 4238 Chri-

163 4267 259 4333 sti,
281 4266 340 4321 id
372 4274 461 4321 est
483 4266 772 4322 salvatoris
791 4275 846 4322 et
867 4268 1032 4340 regis.
1075 4269 1230 4326 Sicut
1257 4285 1455 4328 causas
1477 4272 1685 4328 Christi
1715 4283 1771 4330 et

163 4358 289 4413 Adae
318 4358 735 4426 diversiticavit,
766 4358 846 4414 sic
873 4360 1100 4416 eﬂ'ectus
1131 4377 1424 4418 causarum
1446 4366 1770 4435 opponendo

162 4449 460 4523 distinguit
510 4448 700 4505 dicens
741 4469 754 4505 :
803 4451 959 4507 Sicut
1007 4447 1212 4508 donum
1259 4453 1462 4510 Christi
1508 4457 1616 4512 tale
1658 4473 1766 4512 non

1871 3269 1926 3317 et
1955 3276 1986 3315 a
2015 3259 2209 3330 majori
2237 3257 2438 3313 inferre
2458 3255 2884 3328 possum,,quod
2904 3255 3041 3311 sicut
3079 3271 3172 3325 per
3203 3253 3488 3326 delictum,

1872 3353 2030 3407 unius
2069 3351 2199 3406 Adae
2223 3350 2501 3422 (delictum
2537 3349 2684 3404 dicto
2717 3349 2993 3403 transiens
3031 3347 3085 3402 in
3119 3362 3309 3403 omnes
3354 3347 3488 3401 ho-n

1873 3444 2072 3514 mines)
2103 3453 2322 3499 ventum
2353 3450 2434 3498 est
2467 3442 2520 3497 in
2554 3440 3066 3497 condemnationem
3091 3481 3105 3506 ,
3159 3440 3239 3496 sic
3276 3448 3329 3494 et
3363 3456 3465 3506 per.

1867 3536 2136 3608 justitiam
2160 3535 2324 3591 unius
2336 3533 2543 3590 Christi
2564 3541 2937 3588 transeuntem
2955 3533 3008 3586 in
3024 3548 3200 3587 omnes
3223 3532 3466 3606 homines

1873 3627 2174 3683 secundum
2205 3627 2504 3697 potentiam
2531 3624 2806 3696 (Christus
2832 3625 2978 3681 enim
3010 3624 3284 3680 suﬂiciens
3327 3639 3454 3694 pre-

1872 3719 2009 3774 tium
2037 3735 2136 3790 pro
2163 3718 2422 3773 omnibus
2464 3717 2657 3787 dedit),
2706 3732 2804 3788 per
2840 3716 3026 3782 unius,
3060 3716 3256 3786 inquit,
3284 3715 3458 3786 justi...

1871 3811 2002 3865 tiam
2048 3818 2268 3866 ventum
2313 3809 2480 3866 estin
2525 3808 2969 3878 justiﬁcationem
3015 3809 3162 3861 vita’.
3207 3805 3467 3865 Ostendit

1872 3902 2004 3958 satis
2027 3901 2280 3971 superius
2308 3900 2453 3971 quod
2480 3899 2736 3955 Christus
2757 3908 2950 3970 potens
2978 3907 3138 3965 esset,
3163 3906 3218 3952 et
3244 3907 3460 3952 restaua

1872 4009 1996 4050 rare
2019 3992 2287 4049 sufﬁceret
2304 3989 2566 4063 quidquid
2591 3991 2804 4062 lapsum
2822 3989 2995 4046 fuerat
3023 4005 3118 4060 per
3140 3989 3334 4055 Adam,
3359 3988 3456 4044 sed.

1871 4101 1979 4141 non
2010 4084 2468 4145 determinaverat
2495 4083 2624 4154 quid
2658 4083 2713 4139 in
2740 4083 2844 4138 hac
2869 4082 3212 4152 reparatione
3247 4089 3452 4152 ageret,

1871 4192 1968 4234 seu
1995 4192 2091 4247 per
2111 4176 2433 4247 potentiam,
2457 4191 2556 4254 seu
2579 4190 2675 4245 per
2701 4174 2978 4240 meritum,
2995 4174 3138 4246 quod
3164 4173 3252 4228 hic
3271 4174 3462 4257 detep

1871 4269 2063 4334 minat,
2078 4269 2268 4325 dicens
2302 4287 2315 4323 :
2339 4267 2480 4336 Quia
2501 4267 2963 4338 quemadmodum
2977 4265 3148 4320 Adam
3174 4257 3315 4321 male
3337 4281 3451 4320 me-

1870 4362 2042 4419 tendo
2051 4377 2147 4432 per
2159 4360 2578 4417 inobedientiam
2591 4375 2783 4415 omnes
2799 4357 3177 4430 praacipitavit,
3199 4358 3280 4414 sic
3296 4357 3452 4413 Clarii

1872 4453 2146 4508 stusbene
2176 4451 2436 4507 merendo
2465 4467 2564 4522 per
2583 4450 2950 4508 obedientiam
2967 4462 3160 4506 omnes
3194 4448 3444 4505 redemit.

161 4537 278 4606 fuit,
303 4540 479 4612 quale
507 4540 765 4597 delictum
797 4541 959 4608 Adae;
987 4542 1068 4599 sic
1090 4544 1255 4599 etiam
1287 4561 1393 4598 non
1419 4547 1558 4599 sicut
1592 4545 1654 4622 fit
1674 4562 1768 4615 per
1797 4536 1844 4600 Ι)
1871 4544 2072 4605 Littera
2103 4544 2182 4600 sic
2200 4543 2451 4615 jungitur
2475 4562 2488 4598 :
2513 4541 2652 4598 Vere
2672 4557 2771 4613 per
2788 4542 3046 4598 delictum
3072 4541 3236 4597 unius
3256 4555 3462 4596 omnes

162 4650 325 4692 unum
359 4642 644 4704 peccatum
678 4633 828 4701 Adae,
864 4636 943 4690 ita
979 4635 1043 4691 tit
1079 4650 1176 4706 per
1203 4636 1400 4691 donum
1433 4635 1661 4705 Christi,
1710 4639 1764 4694 id

160 4732 240 4777 est
267 4723 510 4779 effectus
543 4724 751 4793 peccati
790 4724 923 4780 Adae
967 4734 1022 4780 et
1067 4726 1256 4796 gratim
1313 4726 1518 4783 Christi
1563 4728 1769 4785 diversi

160 4824 286 4870 sunt
327 4834 342 4869 :
395 4813 531 4884 quia
581 4824 867 4884 peccatum
916 4815 1026 4887 33
1081 4817 1333 4887 simplex,
1383 4818 1587 4873 donum
1635 4832 1766 4874 vero

159 4907 475 4978 multiplex.
519 4905 586 4962 Et
615 4906 720 4964 hoc
746 4908 940 4978 probat
959 4907 1154 4966 dicens
1181 4928 1193 4963 :
1224 4907 1363 4965 Vere
1401 4910 1626 4966 eﬂ'ectus
1648 4927 1769 4980 pec-

157 5000 261 5054 cati
294 4999 458 5064 Adae,
488 5007 544 5054 et
576 4998 804 5059 effectus
826 5000 1016 5070 gratiae
1059 4999 1156 5057 Dei
1200 5008 1309 5057 n’on
1359 5010 1489 5064 sunt
1533 5002 1760 5058 similes.

159 5089 305 5144 Nam
319 5091 635 5162 judicium,
664 5091 717 5147 id
740 5101 829 5150 est
848 5092 997 5162 justo
1036 5093 1312 5148 sententia.
1347 5092 1440 5148 Dei
1472 5093 1532 5149 ﬁt
1559 5095 1614 5147 in
1641 5110 1764 5147 ron-

156 5179 582 5247 demnationcm,
612 5181 677 5238 id
701 5189 789 5236 est
829 5181 1160 5239 condemnat
1203 5183 1344 5238 lilios
1389 5183 1519 5239 Adae
1548 5200 1613 5241 ea:
1659 5200 1764 5238 uno

154 5269 386 5337 delicto,
428 5270 484 5326 id
521 5279 608 5328 est
656 5272 1004 5332 solummodo
1052 5281 1273 5343 prepter
1320 5273 1614 5346 originale;
1666 5275 1763 5330 sed

155 5365 340 5432 gratia
379 5362 588 5420 Christi
622 5364 686 5427 ﬁt
721 5366 777 5424 in
795 5365 1265 5436 justiﬁcationem,
1312 5365 1364 5420 id
1393 5375 1480 5421 est
1501 5366 1767 5436 justiticat

155 5457 301 5512 ﬁlios
328 5471 468 5513 suos
496 5473 570 5513 est
587 5457 770 5518 multis
797 5457 1043 5525 delictis,
1067 5457 1119 5513 id
1147 5467 1231 5516 est
1269 5458 1350 5515 sic
1370 5458 1436 5514 de
1458 5460 1769 5522 actualibus

157 5559 214 5603 ut
244 5549 315 5604 de
343 5549 622 5622 originali.

223 5639 550 5697 Notandum
583 5651 668 5698 est
703 5643 849 5714 quod
879 5642 1012 5702 illud
1053 5643 1291 5715 primum
1340 5651 1625 5715 peccatum
1667 5644 1762 5700 de-

153 5732 402 5796 Lilitavit
422 5735 640 5805 quidem
673 5745 925 5791 naturam
954 5744 1222 5803 nostram,
1253 5745 1308 5792 et
1337 5738 1651 5807 proniorem
1681 5736 1758 5792 fe-

158 5826 228 5883 cit
264 5827 322 5884 in
360 5841 572 5897 casum,
607 5828 697 5885 sed
728 5837 910 5885 tamen
948 5846 1054 5885 non
1102 5828 1202 5884 fuit
1250 5845 1411 5888 causa
1464 5829 1756 5888 actualium

1869 4635 2324 4692 condemnantur.
2348 4632 2483 4688 Nam
2500 4650 2593 4704 per
2615 4633 3022 4691 inobedientiam
3035 4641 3086 4688 et
3101 4632 3244 4688 sicut
3255 4647 3350 4700 per
3365 4631 3455 4685 ina

1862 4725 2226 4782 obedientiam
2261 4726 2418 4779 unius
2447 4724 2674 4782 hominis
2701 4725 2980 4784 constituti
3003 4732 3125 4777 sunt
3149 4721 3302 4776 multi
3324 4731 3456 4793 pro.

1865 4818 2235 4888 catorcs,quia
2263 4833 2372 4874 non
2393 4832 2584 4874 omnes
2599 4824 2980 4877 remanserunt
3010 4815 3063 4869 in
3089 4822 3332 4884 peccato,
3362 4815 3462 4868 ita.

1867 4918 1917 4964 ct
1959 4926 2054 4979 per
2083 4910 2437 4964 obedientiam
2461 4909 2616 4962 unius
2649 4905 2853 4962 Christi
2878 4906 2984 4961 hoc
3013 4915 3456 4976 promerentem,-

1871 5004 2262 5059 constitucntur
2285 5000 2442 5056 multi
2461 4999 2622 5068 justi.
2639 4997 2794 5053 Multi
2816 4997 2958 5063 ideo,
2975 4997 3104 5068 quia
3121 5012 3230 5052 non
3253 5014 3461 5054 omnes.

1861 5093 2153 5164 iustiﬁcari
2171 5093 2479 5148 voluerunt.
2497 5090 2635 5146 Cum
2652 5090 2816 5146 modo
2828 5089 2976 5146 dicat
2992 5090 3274 5148 Christum
3289 5090 3462 5159 justi~.

1867 5184 2033 5241 ﬁcare
2046 5183 2296 5240 homines
2314 5197 2344 5238 a
2361 5183 2622 5253 peccatis,
2645 5182 2778 5239 dicit
2797 5181 2942 5254 quod
2961 5182 3125 5237 etiam
3143 5189 3462 5253 trausgres~

1867 5291 2025 5334 sores
2047 5275 2182 5348 legis
2201 5291 2232 5331 a
2254 5274 2703 5346 praevaricatione
2739 5283 2974 5347 acceptae
2996 5275 3132 5346 legis
3156 5274 3441 5345 justitlcat.

1864 5366 1934 5423 Et
1954 5368 2070 5424 hoc-
2087 5366 2208 5423 ideo
2233 5365 2458 5425 adducit
2481 5374 2543 5422 ut
2563 5365 2885 5436 comprobet
2907 5363 3125 5426 Judteos
3149 5363 3324 5435 magis
3345 5365 3462 5419 ob—.

1867 5459 2065 5516 noxios
2099 5473 2226 5516 esse
2259 5459 2448 5531 gratia:
2473 5457 2591 5524 Dei,
2627 5473 2791 5528 quam
2825 5457 2998 5512 etiam
3023 5457 3270 5527 gentiles,
3315 5455 3460 5525 qui--

1761 5591 1765 5596 -
1863 5553 1969 5609 bus
1993 5568 2052 5608 se
2077 5550 2440 5623 praeferebant
2475 5549 2528 5608 in
2562 5549 2667 5604 hac
2693 5563 2832 5604 nova
2865 5547 3038 5620 gratia
3083 5567 3106 5602 :-
3138 5546 3266 5618 quia
3313 5560 3460 5615 gen-.

1863 5644 1986 5701 tiles
2010 5645 2079 5701 de
2105 5642 2338 5699 naturali
2383 5641 2562 5698 solum
2604 5639 2682 5695 rei
2715 5647 2891 5705 erant,
2924 5636 3096 5694 Judaii
3125 5651 3257 5692 vero
3281 5643 3336 5690 et
3375 5634 3461 5689 de.

1865 5736 2133 5792 naturalis
2163 5743 2218 5790 et
2253 5734 2471 5805 scriptae
2507 5731 2642 5803 legis
2671 5728 3116 5801 praevaricatione
3155 5725 3232 5780 rei
3260 5735 3458 5787 erant.,

1867 5827 2074 5888 Littera
2097 5827 2175 5888 sic.
2208 5826 2454 5899 jungitur
2487 5845 2496 5880 :
2536 5821 2849 5880 Ohedientia
2876 5817 3082 5877 Christi
3117 5819 3320 5876 multus
3345 5819 3462 5889 j.u-.
