  <div class='ocr_page' id='page_1' title='image "/cluster/home/n/w/nwhite01/storage/ocr_20150623/153/hvd.32044015473812/033.png"; bbox 0 0 4018 6288; ppageno 0'>
   <div class='ocr_carea' id='block_1_1' title="bbox 1484 254 2101 333">
    <p class='ocr_par' dir='ltr' id='par_1_1' title="bbox 1484 254 2101 333">
     <span class='ocr_line' id='line_1_1' title="bbox 1484 254 2101 333; baseline 0.005 -3"><span class='ocrx_word' id='word_1_1' title='bbox 1484 254 1515 283; x_wconf 58' lang='grc' dir='ltr'><em>λ</em></span> <span class='ocrx_word' id='word_1_2' title='bbox 1571 286 1578 293; x_wconf 74' lang='lat'><strong><em>&#39;</em></strong></span> <span class='ocrx_word' id='word_1_3' title='bbox 1976 282 2101 333; x_wconf 45' lang='lat' dir='ltr'><strong>s1&quot;?</strong></span> 
     </span>
    </p>
   </div>
   <div class='ocr_carea' id='block_1_2' title="bbox 491 382 3779 455">
    <p class='ocr_par' dir='ltr' id='par_1_2' title="bbox 491 382 3779 455">
     <span class='ocr_line' id='line_1_2' title="bbox 491 382 3779 455; baseline 0.004 -12"><span class='ocrx_word' id='word_1_4' title='bbox 491 387 567 443; x_wconf 66' lang='grc' dir='ltr'><strong>δε</strong></span> <span class='ocrx_word' id='word_1_5' title='bbox 808 421 814 428; x_wconf 91' lang='grc'><strong><em>-</em></strong></span> <span class='ocrx_word' id='word_1_6' title='bbox 1033 385 1089 442; x_wconf 85' lang='lat' dir='ltr'><strong>S.</strong></span> <span class='ocrx_word' id='word_1_7' title='bbox 1126 385 1483 445; x_wconf 75' lang='lat' dir='ltr'><strong>BRUNONI‘S</strong></span> <span class='ocrx_word' id='word_1_8' title='bbox 1519 382 2169 443; x_wconf 68' lang='lat' dir='ltr'><strong>CARTHUSiANORUM</strong></span> <span class='ocrx_word' id='word_1_9' title='bbox 2205 385 2699 445; x_wconf 79' lang='lat' dir='ltr'><strong>INSTITUTORIS</strong></span> <span class='ocrx_word' id='word_1_10' title='bbox 2736 388 2886 446; x_wconf 85' lang='lat' dir='ltr'><strong>OPP.</strong></span> <span class='ocrx_word' id='word_1_11' title='bbox 2923 389 3104 449; x_wconf 82' lang='lat' dir='ltr'><strong>PARS</strong></span> <span class='ocrx_word' id='word_1_12' title='bbox 3142 392 3207 448; x_wconf 86' lang='lat' dir='ltr'><strong>ll.</strong></span> <span class='ocrx_word' id='word_1_13' title='bbox 3707 397 3779 455; x_wconf 81' lang='lat'><strong>56</strong></span> 
     </span>
    </p>
   </div>
   <div class='ocr_carea' id='block_1_3' title="bbox 488 488 3781 589">
    <p class='ocr_par' dir='ltr' id='par_1_3' title="bbox 488 488 3781 589">
     <span class='ocr_line' id='line_1_3' title="bbox 488 488 3781 589; baseline 0.005 -35"><span class='ocrx_word' id='word_1_14' title='bbox 488 500 791 561; x_wconf 66' lang='lat' dir='ltr'><strong>stiﬁcavit:</strong></span> <span class='ocrx_word' id='word_1_15' title='bbox 820 500 903 556; x_wconf 78' lang='lat' dir='ltr'><strong>lex</strong></span> <span class='ocrx_word' id='word_1_16' title='bbox 932 492 1116 562; x_wconf 82' lang='lat' dir='ltr'><strong>autem</strong></span> <span class='ocrx_word' id='word_1_17' title='bbox 1155 502 1416 560; x_wconf 78' lang='lat' dir='ltr'><strong>delictum</strong></span> <span class='ocrx_word' id='word_1_18' title='bbox 1457 502 1736 558; x_wconf 84' lang='lat' dir='ltr'><strong>abundare</strong></span> <span class='ocrx_word' id='word_1_19' title='bbox 1756 488 1894 557; x_wconf 81' lang='lat' dir='ltr'><strong>fecit</strong></span> <span class='ocrx_word' id='word_1_20' title='bbox 1922 520 1935 555; x_wconf 91' lang='lat'><strong>:</strong></span> <span class='ocrx_word' id='word_1_21' title='bbox 1971 501 2081 569; x_wconf 79' lang='lat' dir='ltr'><strong>lex,</strong></span> <span class='ocrx_word' id='word_1_22' title='bbox 2110 505 2164 566; x_wconf 75' lang='grc' dir='ltr'><strong>Α</strong></span> <span class='ocrx_word' id='word_1_23' title='bbox 2190 519 2212 554; x_wconf 66' lang='grc' dir='ltr'>ἰ</span> <span class='ocrx_word' id='word_1_24' title='bbox 2243 511 2372 559; x_wconf 90' lang='lat' dir='ltr'><strong>tuus</strong></span> <span class='ocrx_word' id='word_1_25' title='bbox 2401 512 2485 560; x_wconf 89' lang='lat' dir='ltr'><strong>est</strong></span> <span class='ocrx_word' id='word_1_26' title='bbox 2513 505 2712 569; x_wconf 87' lang='lat' dir='ltr'><strong>semel;</strong></span> <span class='ocrx_word' id='word_1_27' title='bbox 2755 504 2903 576; x_wconf 90' lang='lat' dir='ltr'><strong>quod</strong></span> <span class='ocrx_word' id='word_1_28' title='bbox 2925 516 3110 564; x_wconf 90' lang='lat' dir='ltr'><strong>autem</strong></span> <span class='ocrx_word' id='word_1_29' title='bbox 3132 507 3286 576; x_wconf 80' lang='lat' dir='ltr'><strong>vivit,</strong></span> <span class='ocrx_word' id='word_1_30' title='bbox 3315 508 3449 567; x_wconf 90' lang='lat' dir='ltr'><strong>vivit</strong></span> <span class='ocrx_word' id='word_1_31' title='bbox 3470 507 3601 567; x_wconf 91' lang='lat' dir='ltr'><strong>Deo.</strong></span> <span class='ocrx_word' id='word_1_32' title='bbox 3624 509 3705 589; x_wconf 67' lang='lat' dir='ltr'><strong>ita</strong></span> <span class='ocrx_word' id='word_1_33' title='bbox 3724 522 3781 571; x_wconf 86' lang='lat' dir='ltr'><strong>et</strong></span> 
     </span>
    </p>
   </div>
   <div class='ocr_carea' id='block_1_4' title="bbox 491 591 2086 665">
    <p class='ocr_par' dir='ltr' id='par_1_4' title="bbox 491 591 2086 665">
     <span class='ocr_line' id='line_1_4' title="bbox 491 591 2086 665; baseline 0.001 -17"><span class='ocrx_word' id='word_1_34' title='bbox 491 591 700 661; x_wconf 68' lang='lat' dir='ltr'><strong>inquit,</strong></span> <span class='ocrx_word' id='word_1_35' title='bbox 731 591 1083 660; x_wconf 85' lang='lat' dir='ltr'><strong>subintravit,</strong></span> <span class='ocrx_word' id='word_1_36' title='bbox 1105 594 1234 663; x_wconf 85' lang='lat' dir='ltr'><strong>quia</strong></span> <span class='ocrx_word' id='word_1_37' title='bbox 1264 601 1550 665; x_wconf 79' lang='lat' dir='ltr'><strong>peccatum</strong></span> <span class='ocrx_word' id='word_1_38' title='bbox 1578 592 1742 662; x_wconf 86' lang='lat' dir='ltr'><strong>prius</strong></span> <span class='ocrx_word' id='word_1_39' title='bbox 1767 592 2086 649; x_wconf 72' lang='lat' dir='ltr'><strong>intraverat.</strong></span> 
     </span>
    </p>
   </div>
   <div class='ocr_carea' id='block_1_5' title="bbox 483 680 2091 755">
    <p class='ocr_par' dir='ltr' id='par_1_5' title="bbox 483 680 2091 755">
     <span class='ocr_line' id='line_1_5' title="bbox 483 680 2091 755; baseline 0.001 -16"><span class='ocrx_word' id='word_1_40' title='bbox 483 680 736 739; x_wconf 54' lang='lat' dir='ltr'><strong>ilntram’t</strong></span> <span class='ocrx_word' id='word_1_41' title='bbox 758 683 847 740; x_wconf 73' lang='lat' dir='ltr'><strong>(ea:</strong></span> <span class='ocrx_word' id='word_1_42' title='bbox 871 684 941 741; x_wconf 87' lang='lat' dir='ltr'><strong>ad</strong></span> <span class='ocrx_word' id='word_1_43' title='bbox 968 684 1074 740; x_wconf 91' lang='lat' dir='ltr'><strong>hoc</strong></span> <span class='ocrx_word' id='word_1_44' title='bbox 1102 694 1163 739; x_wconf 88' lang='lat' dir='ltr'><strong>ut</strong></span> <span class='ocrx_word' id='word_1_45' title='bbox 1198 685 1492 740; x_wconf 76' lang='lat' dir='ltr'><strong>abundaret</strong></span> <span class='ocrx_word' id='word_1_46' title='bbox 1512 683 1786 750; x_wconf 79' lang='lat' dir='ltr'><strong>delictum,</strong></span> <span class='ocrx_word' id='word_1_47' title='bbox 1812 698 1925 739; x_wconf 90' lang='lat' dir='ltr'><strong>non</strong></span> <span class='ocrx_word' id='word_1_48' title='bbox 1956 680 2091 755; x_wconf 80' lang='lat' dir='ltr'><strong>qui‘a</strong></span> 
     </span>
    </p>
   </div>
   <div class='ocr_carea' id='block_1_6' title="bbox 485 763 2093 847">
    <p class='ocr_par' dir='ltr' id='par_1_6' title="bbox 485 763 2093 847">
     <span class='ocr_line' id='line_1_6' title="bbox 485 763 2093 847; baseline -0.001 -14"><span class='ocrx_word' id='word_1_49' title='bbox 485 774 590 833; x_wconf 59' lang='lat' dir='ltr'><strong>ilex</strong></span> <span class='ocrx_word' id='word_1_50' title='bbox 619 774 763 832; x_wconf 83' lang='lat' dir='ltr'><strong>mala</strong></span> <span class='ocrx_word' id='word_1_51' title='bbox 796 784 964 843; x_wconf 84' lang='lat' dir='ltr'><strong>esset,</strong></span> <span class='ocrx_word' id='word_1_52' title='bbox 989 776 1085 832; x_wconf 89' lang='lat' dir='ltr'><strong>sed</strong></span> <span class='ocrx_word' id='word_1_53' title='bbox 1109 777 1237 847; x_wconf 87' lang='lat' dir='ltr'><strong>quia</strong></span> <span class='ocrx_word' id='word_1_54' title='bbox 1268 776 1373 832; x_wconf 85' lang='lat' dir='ltr'><strong>sub</strong></span> <span class='ocrx_word' id='word_1_55' title='bbox 1395 770 1486 831; x_wconf 85' lang='lat' dir='ltr'><strong>illa</strong></span> <span class='ocrx_word' id='word_1_56' title='bbox 1512 763 1672 828; x_wconf 84' lang='lat' dir='ltr'><strong>erant</strong></span> <span class='ocrx_word' id='word_1_57' title='bbox 1698 789 1839 845; x_wconf 89' lang='lat' dir='ltr'><strong>quos</strong></span> <span class='ocrx_word' id='word_1_58' title='bbox 1864 788 1989 831; x_wconf 88' lang='lat' dir='ltr'><strong>reos</strong></span> <span class='ocrx_word' id='word_1_59' title='bbox 2009 773 2093 831; x_wconf 90' lang='lat' dir='ltr'><strong>fa-</strong></span> 
     </span>
    </p>
   </div>
   <div class='ocr_carea' id='block_1_7' title="bbox 492 864 2091 940">
    <p class='ocr_par' dir='ltr' id='par_1_7' title="bbox 492 864 2091 940">
     <span class='ocr_line' id='line_1_7' title="bbox 492 864 2091 940; baseline -0.002 -15"><span class='ocrx_word' id='word_1_60' title='bbox 492 876 671 935; x_wconf 85' lang='lat' dir='ltr'><strong>.ccret,</strong></span> <span class='ocrx_word' id='word_1_61' title='bbox 693 866 1092 940; x_wconf 21' lang='lat' dir='ltr'><strong>u‘juhendo,</strong></span> <span class='ocrx_word' id='word_1_62' title='bbox 1120 882 1235 923; x_wconf 87' lang='lat' dir='ltr'><strong>non</strong></span> <span class='ocrx_word' id='word_1_63' title='bbox 1265 865 1595 936; x_wconf 77' lang='lat' dir='ltr'><strong>adiuvando.</strong></span> <span class='ocrx_word' id='word_1_64' title='bbox 1623 864 1735 921; x_wconf 77' lang='lat' dir='ltr'><strong>Lex</strong></span> <span class='ocrx_word' id='word_1_65' title='bbox 1764 866 1943 923; x_wconf 87' lang='lat' dir='ltr'><strong>tribus</strong></span> <span class='ocrx_word' id='word_1_66' title='bbox 1967 866 2091 922; x_wconf 84' lang='lat' dir='ltr'><strong>mo-</strong></span> 
     </span>
    </p>
   </div>
   <div class='ocr_carea' id='block_1_8' title="bbox 504 952 2093 1033">
    <p class='ocr_par' dir='ltr' id='par_1_8' title="bbox 504 952 2093 1033">
     <span class='ocr_line' id='line_1_8' title="bbox 504 952 2093 1033; baseline 0.001 -21"><span class='ocrx_word' id='word_1_67' title='bbox 504 958 592 1014; x_wconf 85' lang='lat' dir='ltr'><strong>dis</strong></span> <span class='ocrx_word' id='word_1_68' title='bbox 617 960 925 1023; x_wconf 79' lang='lat' dir='ltr'><strong>habebatur</strong></span> <span class='ocrx_word' id='word_1_69' title='bbox 970 960 1025 1018; x_wconf 90' lang='lat' dir='ltr'><strong>in</strong></span> <span class='ocrx_word' id='word_1_70' title='bbox 1075 968 1321 1033; x_wconf 81' lang='lat' dir='ltr'><strong>tempore</strong></span> <span class='ocrx_word' id='word_1_71' title='bbox 1379 971 1503 1015; x_wconf 92' lang='lat' dir='ltr'><strong>suo.</strong></span> <span class='ocrx_word' id='word_1_72' title='bbox 1558 952 1899 1025; x_wconf 86' lang='lat' dir='ltr'><strong>Quibusdam</strong></span> <span class='ocrx_word' id='word_1_73' title='bbox 1944 957 2093 1014; x_wconf 88' lang='lat' dir='ltr'><strong>enim</strong></span> 
     </span>
    </p>
   </div>
   <div class='ocr_carea' id='block_1_9' title="bbox 492 1049 2095 1120">
    <p class='ocr_par' dir='ltr' id='par_1_9' title="bbox 492 1049 2095 1120">
     <span class='ocr_line' id='line_1_9' title="bbox 492 1049 2095 1120; baseline 0 -15"><span class='ocrx_word' id='word_1_74' title='bbox 492 1060 624 1105; x_wconf 81' lang='lat' dir='ltr'><strong>erat</strong></span> <span class='ocrx_word' id='word_1_75' title='bbox 652 1051 1000 1111; x_wconf 84' lang='lat' dir='ltr'><strong>solummodo</strong></span> <span class='ocrx_word' id='word_1_76' title='bbox 1057 1055 1113 1104; x_wconf 86' lang='lat' dir='ltr'><strong>in</strong></span> <span class='ocrx_word' id='word_1_77' title='bbox 1151 1050 1394 1119; x_wconf 86' lang='lat' dir='ltr'><strong>signum,</strong></span> <span class='ocrx_word' id='word_1_78' title='bbox 1431 1057 1494 1104; x_wconf 90' lang='lat' dir='ltr'><strong>ut</strong></span> <span class='ocrx_word' id='word_1_79' title='bbox 1527 1049 1764 1107; x_wconf 69' lang='lat' dir='ltr'><strong>Abrahae</strong></span> <span class='ocrx_word' id='word_1_80' title='bbox 1809 1069 1821 1104; x_wconf 88' lang='lat'><strong>:</strong></span> <span class='ocrx_word' id='word_1_81' title='bbox 1862 1050 1957 1120; x_wconf 90' lang='lat' dir='ltr'><strong>qui</strong></span> <span class='ocrx_word' id='word_1_82' title='bbox 1984 1050 2095 1106; x_wconf 89' lang='lat' dir='ltr'><strong>cir-</strong></span> 
     </span>
    </p>
   </div>
   <div class='ocr_carea' id='block_1_10' title="bbox 498 1141 2095 1214">
    <p class='ocr_par' dir='ltr' id='par_1_10' title="bbox 498 1141 2095 1214">
     <span class='ocr_line' id='line_1_10' title="bbox 498 1141 2095 1214; baseline -0.001 -16"><span class='ocrx_word' id='word_1_83' title='bbox 498 1141 783 1199; x_wconf 88' lang='lat' dir='ltr'><strong>cumcisus</strong></span> <span class='ocrx_word' id='word_1_84' title='bbox 814 1153 926 1212; x_wconf 90' lang='lat' dir='ltr'><strong>est,</strong></span> <span class='ocrx_word' id='word_1_85' title='bbox 961 1156 1070 1196; x_wconf 90' lang='lat' dir='ltr'><strong>non</strong></span> <span class='ocrx_word' id='word_1_86' title='bbox 1098 1150 1160 1196; x_wconf 91' lang='lat' dir='ltr'><strong>ut</strong></span> <span class='ocrx_word' id='word_1_87' title='bbox 1188 1155 1288 1212; x_wconf 85' lang='lat' dir='ltr'><strong>per</strong></span> <span class='ocrx_word' id='word_1_88' title='bbox 1322 1142 1428 1199; x_wconf 86' lang='lat' dir='ltr'><strong>hoc</strong></span> <span class='ocrx_word' id='word_1_89' title='bbox 1458 1142 1877 1214; x_wconf 78' lang='lat' dir='ltr'><strong>juStiticaretur,</strong></span> <span class='ocrx_word' id='word_1_90' title='bbox 1907 1142 2002 1198; x_wconf 84' lang='lat' dir='ltr'><strong>sed</strong></span> <span class='ocrx_word' id='word_1_91' title='bbox 2036 1143 2095 1196; x_wconf 83' lang='lat' dir='ltr'><strong>in</strong></span> 
     </span>
    </p>
   </div>
   <div class='ocr_carea' id='block_1_11' title="bbox 496 1229 2191 1304">
    <p class='ocr_par' dir='ltr' id='par_1_11' title="bbox 496 1229 2191 1304">
     <span class='ocr_line' id='line_1_11' title="bbox 496 1229 2191 1304; baseline -0.001 -16"><span class='ocrx_word' id='word_1_92' title='bbox 496 1232 726 1304; x_wconf 76' lang='lat' dir='ltr'><strong>signum</strong></span> <span class='ocrx_word' id='word_1_93' title='bbox 753 1230 1167 1304; x_wconf 84' lang='lat' dir='ltr'><strong>justiticationis</strong></span> <span class='ocrx_word' id='word_1_94' title='bbox 1186 1230 1302 1301; x_wconf 89' lang='lat' dir='ltr'><strong>jam</strong></span> <span class='ocrx_word' id='word_1_95' title='bbox 1335 1240 1572 1302; x_wconf 82' lang='lat' dir='ltr'><strong>acceptae</strong></span> <span class='ocrx_word' id='word_1_96' title='bbox 1600 1246 1699 1303; x_wconf 89' lang='lat' dir='ltr'><strong>per</strong></span> <span class='ocrx_word' id='word_1_97' title='bbox 1732 1231 1914 1287; x_wconf 81' lang='lat' dir='ltr'><strong>fidem.</strong></span> <span class='ocrx_word' id='word_1_98' title='bbox 1959 1229 2096 1286; x_wconf 88' lang='lat' dir='ltr'><strong>Aliis</strong></span> <span class='ocrx_word' id='word_1_99' title='bbox 2186 1238 2191 1242; x_wconf 87' lang='lat'>&#39;</span> 
     </span>
    </p>
   </div>
   <div class='ocr_carea' id='block_1_12' title="bbox 500 1323 2099 1398">
    <p class='ocr_par' dir='ltr' id='par_1_12' title="bbox 500 1323 2099 1398">
     <span class='ocr_line' id='line_1_12' title="bbox 500 1323 2099 1398; baseline -0.001 -19"><span class='ocrx_word' id='word_1_100' title='bbox 500 1324 591 1387; x_wconf 73' lang='lat' dir='ltr'><strong>lex</strong></span> <span class='ocrx_word' id='word_1_101' title='bbox 618 1332 737 1380; x_wconf 80' lang='lat' dir='ltr'><strong>erat</strong></span> <span class='ocrx_word' id='word_1_102' title='bbox 775 1323 1106 1398; x_wconf 60' lang='lat' dir='ltr'><strong>padagogus</strong></span> <span class='ocrx_word' id='word_1_103' title='bbox 1127 1341 1153 1379; x_wconf 58' lang='lat'><strong>&#39;:</strong></span> <span class='ocrx_word' id='word_1_104' title='bbox 1178 1324 1242 1378; x_wconf 77' lang='lat' dir='ltr'><strong>u&#39;t</strong></span> <span class='ocrx_word' id='word_1_105' title='bbox 1273 1324 1741 1395; x_wconf 86' lang='lat' dir='ltr'><strong>quemadmodum</strong></span> <span class='ocrx_word' id='word_1_106' title='bbox 1766 1334 1997 1395; x_wconf 90' lang='lat' dir='ltr'><strong>puerum</strong></span> <span class='ocrx_word' id='word_1_107' title='bbox 2028 1337 2099 1378; x_wconf 91' lang='lat' dir='ltr'><strong>ne</strong></span> 
     </span>
    </p>
   </div>
   <div class='ocr_carea' id='block_1_13' title="bbox 476 1405 2099 1488">
    <p class='ocr_par' dir='ltr' id='par_1_13' title="bbox 476 1405 2099 1488">
     <span class='ocr_line' id='line_1_13' title="bbox 476 1405 2099 1488; baseline -0.001 -17"><span class='ocrx_word' id='word_1_108' title='bbox 476 1416 801 1472; x_wconf 78' lang='lat' dir='ltr'><strong>&quot;insolescat</strong></span> <span class='ocrx_word' id='word_1_109' title='bbox 824 1415 1082 1487; x_wconf 87' lang='lat' dir='ltr'><strong>vagando</strong></span> <span class='ocrx_word' id='word_1_110' title='bbox 1118 1405 1402 1488; x_wconf 77' lang='lat' dir='ltr'><strong>pae&#39;dagogi</strong></span> <span class='ocrx_word' id='word_1_111' title='bbox 1440 1424 1655 1473; x_wconf 85' lang='lat' dir='ltr'><strong>coercet</strong></span> <span class='ocrx_word' id='word_1_112' title='bbox 1688 1416 1971 1483; x_wconf 88' lang='lat' dir='ltr'><strong>custodia;</strong></span> <span class='ocrx_word' id='word_1_113' title='bbox 2017 1413 2099 1471; x_wconf 90' lang='lat' dir='ltr'><strong>sic</strong></span> 
     </span>
    </p>
   </div>
   <div class='ocr_carea' id='block_1_14' title="bbox 499 1507 2098 1580">
    <p class='ocr_par' dir='ltr' id='par_1_14' title="bbox 499 1507 2098 1580">
     <span class='ocr_line' id='line_1_14' title="bbox 499 1507 2098 1580; baseline -0.001 -16"><span class='ocrx_word' id='word_1_114' title='bbox 499 1507 590 1564; x_wconf 82' lang='lat' dir='ltr'><strong>lex</strong></span> <span class='ocrx_word' id='word_1_115' title='bbox 640 1507 905 1570; x_wconf 84' lang='lat' dir='ltr'><strong>minando</strong></span> <span class='ocrx_word' id='word_1_116' title='bbox 949 1523 1168 1579; x_wconf 76' lang='lat' dir='ltr'><strong>pmnam</strong></span> <span class='ocrx_word' id='word_1_117' title='bbox 1216 1509 1505 1565; x_wconf 85' lang='lat' dir='ltr'><strong>coercebat</strong></span> <span class='ocrx_word' id='word_1_118' title='bbox 1536 1508 1805 1580; x_wconf 90' lang='lat' dir='ltr'><strong>quosdam</strong></span> <span class='ocrx_word' id='word_1_119' title='bbox 1854 1508 1933 1564; x_wconf 79' lang='lat' dir='ltr'><strong>ab&#39;</strong></span> <span class='ocrx_word' id='word_1_120' title='bbox 1971 1516 2098 1563; x_wconf 88' lang='lat' dir='ltr'><strong>actu</strong></span> 
     </span>
    </p>
   </div>
   <div class='ocr_carea' id='block_1_15' title="bbox 498 1599 2093 1672">
    <p class='ocr_par' dir='ltr' id='par_1_15' title="bbox 498 1599 2093 1672">
     <span class='ocr_line' id='line_1_15' title="bbox 498 1599 2093 1672; baseline 0 -17"><span class='ocrx_word' id='word_1_121' title='bbox 498 1600 734 1669; x_wconf 80' lang='lat' dir='ltr'><strong>peccati.</strong></span> <span class='ocrx_word' id='word_1_122' title='bbox 761 1599 898 1657; x_wconf 84' lang='lat' dir='ltr'><strong>Aliis</strong></span> <span class='ocrx_word' id='word_1_123' title='bbox 926 1602 1110 1656; x_wconf 90' lang='lat' dir='ltr'><strong>autem</strong></span> <span class='ocrx_word' id='word_1_124' title='bbox 1142 1610 1261 1657; x_wconf 89' lang='lat' dir='ltr'><strong>erat</strong></span> <span class='ocrx_word' id='word_1_125' title='bbox 1290 1602 1379 1657; x_wconf 77' lang='lat' dir='ltr'><strong>lex</strong></span> <span class='ocrx_word' id='word_1_126' title='bbox 1407 1615 1573 1657; x_wconf 90' lang='lat' dir='ltr'><strong>causa</strong></span> <span class='ocrx_word' id='word_1_127' title='bbox 1608 1599 2093 1672; x_wconf 79' lang='lat' dir='ltr'><strong>praevaricationis.</strong></span> 
     </span>
    </p>
   </div>
   <div class='ocr_carea' id='block_1_16' title="bbox 498 1689 2100 1765">
    <p class='ocr_par' dir='ltr' id='par_1_16' title="bbox 498 1689 2100 1765">
     <span class='ocr_line' id='line_1_16' title="bbox 498 1689 2100 1765; baseline 0.002 -20"><span class='ocrx_word' id='word_1_128' title='bbox 498 1689 562 1752; x_wconf 85' lang='lat' dir='ltr'><strong>lu</strong></span> <span class='ocrx_word' id='word_1_129' title='bbox 586 1690 886 1749; x_wconf 75' lang='lat' dir='ltr'><strong>hisautcm</strong></span> <span class='ocrx_word' id='word_1_130' title='bbox 916 1692 1134 1749; x_wconf 87' lang='lat' dir='ltr'><strong>duobus</strong></span> <span class='ocrx_word' id='word_1_131' title='bbox 1163 1693 1367 1763; x_wconf 87' lang='lat' dir='ltr'><strong>quibus</strong></span> <span class='ocrx_word' id='word_1_132' title='bbox 1395 1693 1483 1748; x_wconf 78' lang='lat' dir='ltr'><strong>lex</strong></span> <span class='ocrx_word' id='word_1_133' title='bbox 1527 1693 1583 1747; x_wconf 94' lang='lat' dir='ltr'><strong>in</strong></span> <span class='ocrx_word' id='word_1_134' title='bbox 1623 1693 1840 1764; x_wconf 85' lang='lat' dir='ltr'><strong>signum</strong></span> <span class='ocrx_word' id='word_1_135' title='bbox 1871 1693 2100 1765; x_wconf 67' lang='lat' dir='ltr'><strong>justitiae</strong></span> 
     </span>
    </p>
   </div>
   <div class='ocr_carea' id='block_1_17' title="bbox 502 1783 2095 1857">
    <p class='ocr_par' dir='ltr' id='par_1_17' title="bbox 502 1783 2095 1857">
     <span class='ocr_line' id='line_1_17' title="bbox 502 1783 2095 1857; baseline 0.001 -20"><span class='ocrx_word' id='word_1_136' title='bbox 502 1784 591 1838; x_wconf 81' lang='lat' dir='ltr'><strong>vel</strong></span> <span class='ocrx_word' id='word_1_137' title='bbox 648 1784 980 1856; x_wconf 64' lang='lat' dir='ltr'><strong>paedagogus</strong></span> <span class='ocrx_word' id='word_1_138' title='bbox 1028 1793 1149 1840; x_wconf 85' lang='lat' dir='ltr'><strong>erat</strong></span> <span class='ocrx_word' id='word_1_139' title='bbox 1195 1783 1714 1855; x_wconf 43' lang='lat' dir='ltr'><strong>nihil‘operabatur</strong></span> <span class='ocrx_word' id='word_1_140' title='bbox 1761 1804 1775 1839; x_wconf 88' lang='lat'><strong>:</strong></span> <span class='ocrx_word' id='word_1_141' title='bbox 1815 1786 1944 1857; x_wconf 83' lang='lat' dir='ltr'><strong>quia</strong></span> <span class='ocrx_word' id='word_1_142' title='bbox 2003 1784 2095 1856; x_wconf 91' lang='lat' dir='ltr'><strong>qui</strong></span> 
     </span>
    </p>
   </div>
   <div class='ocr_carea' id='block_1_18' title="bbox 2198 595 3778 674">
    <p class='ocr_par' dir='ltr' id='par_1_18' title="bbox 2198 595 3778 674">
     <span class='ocr_line' id='line_1_18' title="bbox 2198 595 3778 674; baseline 0.009 -27"><span class='ocrx_word' id='word_1_143' title='bbox 2198 612 2218 647; x_wconf 73' lang='grc' dir='ltr'>π</span> <span class='ocrx_word' id='word_1_144' title='bbox 2240 610 2341 651; x_wconf 91' lang='lat' dir='ltr'><strong>vos</strong></span> <span class='ocrx_word' id='word_1_145' title='bbox 2363 595 2672 653; x_wconf 79' lang='lat' dir='ltr'><strong>existimate</strong></span> <span class='ocrx_word' id='word_1_146' title='bbox 2701 611 2802 653; x_wconf 91' lang='lat' dir='ltr'><strong>vos</strong></span> <span class='ocrx_word' id='word_1_147' title='bbox 2835 606 3086 654; x_wconf 90' lang='lat' dir='ltr'><strong>mortuos</strong></span> <span class='ocrx_word' id='word_1_148' title='bbox 3110 599 3332 670; x_wconf 84' lang='lat' dir='ltr'><strong>quidem</strong></span> <span class='ocrx_word' id='word_1_149' title='bbox 3367 616 3491 658; x_wconf 89' lang='lat' dir='ltr'><strong>esse</strong></span> <span class='ocrx_word' id='word_1_150' title='bbox 3530 612 3778 674; x_wconf 86' lang='lat' dir='ltr'><strong>peccato,</strong></span> 
     </span>
    </p>
   </div>
   <div class='ocr_carea' id='block_1_19' title="bbox 2199 676 3782 767">
    <p class='ocr_par' dir='ltr' id='par_1_19' title="bbox 2199 676 3782 767">
     <span class='ocr_line' id='line_1_19' title="bbox 2199 676 3782 767; baseline 0.008 -27"><span class='ocrx_word' id='word_1_151' title='bbox 2199 686 2219 743; x_wconf 62' lang='grc' dir='ltr'><em>ι</em></span> <span class='ocrx_word' id='word_1_152' title='bbox 2246 686 2494 744; x_wconf 82' lang='lat' dir='ltr'><strong>viventes</strong></span> <span class='ocrx_word' id='word_1_153' title='bbox 2527 696 2711 744; x_wconf 89' lang='lat' dir='ltr'><strong>autem</strong></span> <span class='ocrx_word' id='word_1_154' title='bbox 2739 687 2853 744; x_wconf 90' lang='lat' dir='ltr'><strong>Deo</strong></span> <span class='ocrx_word' id='word_1_155' title='bbox 2888 689 2945 744; x_wconf 89' lang='lat' dir='ltr'><strong>in</strong></span> <span class='ocrx_word' id='word_1_156' title='bbox 2970 689 3192 747; x_wconf 83' lang='lat' dir='ltr'><strong>Christo</strong></span> <span class='ocrx_word' id='word_1_157' title='bbox 3211 690 3361 748; x_wconf 89' lang='lat' dir='ltr'><strong>Jesu.</strong></span> <span class='ocrx_word' id='word_1_158' title='bbox 3384 690 3504 765; x_wconf 86' lang='lat' dir='ltr'><strong>Non</strong></span> <span class='ocrx_word' id='word_1_159' title='bbox 3533 682 3665 767; x_wconf 87' lang='lat' dir='ltr'><strong>ergo</strong></span> <span class='ocrx_word' id='word_1_160' title='bbox 3686 676 3782 756; x_wconf 85' lang='lat' dir='ltr'><strong>re-</strong></span> 
     </span>
    </p>
   </div>
   <div class='ocr_carea' id='block_1_20' title="bbox 2199 780 3783 855">
    <p class='ocr_par' dir='ltr' id='par_1_20' title="bbox 2199 780 3783 855">
     <span class='ocr_line' id='line_1_20' title="bbox 2199 780 3783 855; baseline 0.007 -22"><span class='ocrx_word' id='word_1_161' title='bbox 2199 797 2220 831; x_wconf 72' lang='lat' dir='ltr'><strong>r</strong></span> <span class='ocrx_word' id='word_1_162' title='bbox 2248 788 2378 850; x_wconf 89' lang='lat' dir='ltr'><strong>gnet</strong></span> <span class='ocrx_word' id='word_1_163' title='bbox 2407 788 2694 851; x_wconf 90' lang='lat' dir='ltr'><strong>peccatum</strong></span> <span class='ocrx_word' id='word_1_164' title='bbox 2724 780 2780 835; x_wconf 91' lang='lat' dir='ltr'><strong>in</strong></span> <span class='ocrx_word' id='word_1_165' title='bbox 2809 790 2995 838; x_wconf 89' lang='lat' dir='ltr'><strong>vestro</strong></span> <span class='ocrx_word' id='word_1_166' title='bbox 3028 782 3245 838; x_wconf 81' lang='lat' dir='ltr'><strong>mortali</strong></span> <span class='ocrx_word' id='word_1_167' title='bbox 3266 799 3516 855; x_wconf 88' lang='lat' dir='ltr'><strong>corpore,</strong></span> <span class='ocrx_word' id='word_1_168' title='bbox 3551 793 3615 842; x_wconf 91' lang='lat' dir='ltr'><strong>ut</strong></span> <span class='ocrx_word' id='word_1_169' title='bbox 3646 787 3783 843; x_wconf 88' lang='lat' dir='ltr'><strong>obe—</strong></span> 
     </span>
    </p>
   </div>
   <div class='ocr_carea' id='block_1_21' title="bbox 2200 869 3784 946">
    <p class='ocr_par' dir='ltr' id='par_1_21' title="bbox 2200 869 3784 946">
     <span class='ocr_line' id='line_1_21' title="bbox 2200 869 3784 946; baseline 0.008 -23"><span class='ocrx_word' id='word_1_170' title='bbox 2200 888 2220 922; x_wconf 77' lang='grc' dir='ltr'>σ</span> <span class='ocrx_word' id='word_1_171' title='bbox 2248 869 2411 927; x_wconf 88' lang='lat' dir='ltr'><strong>diatis</strong></span> <span class='ocrx_word' id='word_1_172' title='bbox 2443 871 2904 942; x_wconf 87' lang='lat' dir='ltr'><strong>concupiscentiis</strong></span> <span class='ocrx_word' id='word_1_173' title='bbox 2937 872 3077 945; x_wconf 86' lang='lat' dir='ltr'><strong>ejus.</strong></span> <span class='ocrx_word' id='word_1_174' title='bbox 3122 872 3230 930; x_wconf 89' lang='lat' dir='ltr'><strong>Sed</strong></span> <span class='ocrx_word' id='word_1_175' title='bbox 3259 890 3437 946; x_wconf 88' lang='lat' dir='ltr'><strong>neque</strong></span> <span class='ocrx_word' id='word_1_176' title='bbox 3476 877 3784 936; x_wconf 79' lang='lat' dir='ltr'><strong>exhibeatis</strong></span> 
     </span>
    </p>
   </div>
   <div class='ocr_carea' id='block_1_22' title="bbox 2201 962 3783 1037">
    <p class='ocr_par' dir='ltr' id='par_1_22' title="bbox 2201 962 3783 1037">
     <span class='ocr_line' id='line_1_22' title="bbox 2201 962 3783 1037; baseline 0.008 -23"><span class='ocrx_word' id='word_1_177' title='bbox 2201 979 2220 1013; x_wconf 73' lang='grc' dir='ltr'>ι</span> <span class='ocrx_word' id='word_1_178' title='bbox 2250 962 2494 1018; x_wconf 89' lang='lat' dir='ltr'><strong>membra</strong></span> <span class='ocrx_word' id='word_1_179' title='bbox 2514 971 2696 1020; x_wconf 90' lang='lat' dir='ltr'><strong>vestra</strong></span> <span class='ocrx_word' id='word_1_180' title='bbox 2718 978 2871 1020; x_wconf 89' lang='lat' dir='ltr'><strong>arma</strong></span> <span class='ocrx_word' id='word_1_181' title='bbox 2888 964 3197 1037; x_wconf 86' lang='lat' dir='ltr'><strong>iniquitatis</strong></span> <span class='ocrx_word' id='word_1_182' title='bbox 3223 976 3481 1037; x_wconf 88' lang='lat' dir='ltr'><strong>peccato:</strong></span> <span class='ocrx_word' id='word_1_183' title='bbox 3504 969 3600 1026; x_wconf 88' lang='lat' dir='ltr'><strong>sed</strong></span> <span class='ocrx_word' id='word_1_184' title='bbox 3623 970 3783 1026; x_wconf 80' lang='lat' dir='ltr'><strong>exhi-</strong></span> 
     </span>
    </p>
   </div>
   <div class='ocr_carea' id='block_1_23' title="bbox 2202 1053 3789 1135">
    <p class='ocr_par' dir='ltr' id='par_1_23' title="bbox 2202 1053 3789 1135">
     <span class='ocr_line' id='line_1_23' title="bbox 2202 1053 3789 1135; baseline 0.008 -29"><span class='ocrx_word' id='word_1_185' title='bbox 2202 1072 2223 1106; x_wconf 75' lang='grc' dir='ltr'><strong><em>ι</em></strong></span> <span class='ocrx_word' id='word_1_186' title='bbox 2250 1053 2374 1111; x_wconf 89' lang='lat' dir='ltr'><strong>bete</strong></span> <span class='ocrx_word' id='word_1_187' title='bbox 2428 1070 2529 1112; x_wconf 90' lang='lat' dir='ltr'><strong>vos</strong></span> <span class='ocrx_word' id='word_1_188' title='bbox 2569 1055 2704 1125; x_wconf 91' lang='lat' dir='ltr'><strong>Deo,</strong></span> <span class='ocrx_word' id='word_1_189' title='bbox 2753 1064 3012 1129; x_wconf 86' lang='lat' dir='ltr'><strong>tanquam</strong></span> <span class='ocrx_word' id='word_1_190' title='bbox 3055 1074 3122 1113; x_wconf 79' lang='lat' dir='ltr'><strong>ex</strong></span> <span class='ocrx_word' id='word_1_191' title='bbox 3165 1058 3399 1116; x_wconf 81' lang='lat' dir='ltr'><strong>mortuis</strong></span> <span class='ocrx_word' id='word_1_192' title='bbox 3434 1061 3702 1135; x_wconf 81' lang='lat' dir='ltr'><strong>viventes,</strong></span> <span class='ocrx_word' id='word_1_193' title='bbox 3731 1070 3789 1119; x_wconf 85' lang='lat' dir='ltr'><strong>et</strong></span> 
     </span>
    </p>
   </div>
   <div class='ocr_carea' id='block_1_24' title="bbox 2203 1148 3785 1231">
    <p class='ocr_par' dir='ltr' id='par_1_24' title="bbox 2203 1148 3785 1231">
     <span class='ocr_line' id='line_1_24' title="bbox 2203 1148 3785 1231; baseline 0.008 -32"><span class='ocrx_word' id='word_1_194' title='bbox 2203 1164 2223 1198; x_wconf 74' lang='grc' dir='ltr'><strong>σ</strong></span> <span class='ocrx_word' id='word_1_195' title='bbox 2245 1148 2489 1203; x_wconf 90' lang='lat' dir='ltr'><strong>membra</strong></span> <span class='ocrx_word' id='word_1_196' title='bbox 2522 1157 2705 1205; x_wconf 90' lang='lat' dir='ltr'><strong>vestra</strong></span> <span class='ocrx_word' id='word_1_197' title='bbox 2735 1165 2888 1205; x_wconf 88' lang='lat' dir='ltr'><strong>arma</strong></span> <span class='ocrx_word' id='word_1_198' title='bbox 2905 1150 3136 1221; x_wconf 72' lang='lat' dir='ltr'><strong>justitite</strong></span> <span class='ocrx_word' id='word_1_199' title='bbox 3156 1151 3288 1208; x_wconf 92' lang='lat' dir='ltr'><strong>Deo.</strong></span> <span class='ocrx_word' id='word_1_200' title='bbox 3313 1151 3606 1210; x_wconf 89' lang='lat' dir='ltr'><strong>Peccatum</strong></span> <span class='ocrx_word' id='word_1_201' title='bbox 3633 1156 3785 1231; x_wconf 82' lang='lat' dir='ltr'><strong>enim</strong></span> 
     </span>
    </p>
   </div>
   <div class='ocr_carea' id='block_1_25' title="bbox 2203 1238 3785 1319">
    <p class='ocr_par' dir='ltr' id='par_1_25' title="bbox 2203 1238 3785 1319">
     <span class='ocr_line' id='line_1_25' title="bbox 2203 1238 3785 1319; baseline 0.008 -28"><span class='ocrx_word' id='word_1_202' title='bbox 2203 1256 2223 1290; x_wconf 76' lang='grc' dir='ltr'>ι</span> <span class='ocrx_word' id='word_1_203' title='bbox 2251 1238 2406 1296; x_wconf 87' lang='lat' dir='ltr'><strong>vobis</strong></span> <span class='ocrx_word' id='word_1_204' title='bbox 2427 1256 2537 1295; x_wconf 91' lang='lat' dir='ltr'><strong>non</strong></span> <span class='ocrx_word' id='word_1_205' title='bbox 2577 1241 2970 1298; x_wconf 84' lang='lat' dir='ltr'><strong>dominabitur.</strong></span> <span class='ocrx_word' id='word_1_206' title='bbox 3001 1241 3122 1298; x_wconf 88' lang='lat' dir='ltr'><strong>Non</strong></span> <span class='ocrx_word' id='word_1_207' title='bbox 3165 1244 3312 1301; x_wconf 87' lang='lat' dir='ltr'><strong>enim</strong></span> <span class='ocrx_word' id='word_1_208' title='bbox 3343 1246 3448 1303; x_wconf 91' lang='lat' dir='ltr'><strong>sub</strong></span> <span class='ocrx_word' id='word_1_209' title='bbox 3486 1246 3604 1319; x_wconf 87' lang='lat' dir='ltr'><strong>lege</strong></span> <span class='ocrx_word' id='word_1_210' title='bbox 3628 1246 3785 1319; x_wconf 86' lang='lat' dir='ltr'><strong>estis,</strong></span> 
     </span>
    </p>
   </div>
   <div class='ocr_carea' id='block_1_26' title="bbox 2204 1330 3790 1413">
    <p class='ocr_par' dir='ltr' id='par_1_26' title="bbox 2204 1330 3790 1413">
     <span class='ocr_line' id='line_1_26' title="bbox 2204 1330 3790 1413; baseline 0.009 -32"><span class='ocrx_word' id='word_1_211' title='bbox 2204 1347 2223 1381; x_wconf 72' lang='grc' dir='ltr'>ι</span> <span class='ocrx_word' id='word_1_212' title='bbox 2254 1330 2349 1385; x_wconf 89' lang='lat' dir='ltr'><strong>sed</strong></span> <span class='ocrx_word' id='word_1_213' title='bbox 2380 1330 2484 1386; x_wconf 91' lang='lat' dir='ltr'><strong>sub</strong></span> <span class='ocrx_word' id='word_1_214' title='bbox 2511 1332 2707 1402; x_wconf 89' lang='lat' dir='ltr'><strong>gratia.</strong></span> <span class='ocrx_word' id='word_1_215' title='bbox 2741 1331 2884 1400; x_wconf 86' lang='lat' dir='ltr'><strong>Quid</strong></span> <span class='ocrx_word' id='word_1_216' title='bbox 2917 1334 3082 1405; x_wconf 86' lang='lat' dir='ltr'><strong>ergo?</strong></span> <span class='ocrx_word' id='word_1_217' title='bbox 3112 1333 3492 1405; x_wconf 90' lang='lat' dir='ltr'><strong>Peccabimus,</strong></span> <span class='ocrx_word' id='word_1_218' title='bbox 3522 1338 3790 1413; x_wconf 79' lang='lat' dir='ltr'><strong>quoniam</strong></span> 
     </span>
    </p>
   </div>
   <div class='ocr_carea' id='block_1_27' title="bbox 2206 1416 3791 1499">
    <p class='ocr_par' dir='ltr' id='par_1_27' title="bbox 2206 1416 3791 1499">
     <span class='ocr_line' id='line_1_27' title="bbox 2206 1416 3791 1499; baseline 0.009 -25"><span class='ocrx_word' id='word_1_219' title='bbox 2206 1416 2227 1473; x_wconf 76' lang='lat' dir='ltr'><strong>r</strong></span> <span class='ocrx_word' id='word_1_220' title='bbox 2251 1437 2361 1477; x_wconf 88' lang='lat' dir='ltr'><strong>non</strong></span> <span class='ocrx_word' id='word_1_221' title='bbox 2385 1428 2576 1479; x_wconf 87' lang='lat' dir='ltr'><strong>sumus</strong></span> <span class='ocrx_word' id='word_1_222' title='bbox 2592 1424 2696 1480; x_wconf 90' lang='lat' dir='ltr'><strong>sub</strong></span> <span class='ocrx_word' id='word_1_223' title='bbox 2724 1425 2863 1497; x_wconf 88' lang='lat' dir='ltr'><strong>lege,</strong></span> <span class='ocrx_word' id='word_1_224' title='bbox 2883 1426 2979 1482; x_wconf 88' lang='lat' dir='ltr'><strong>sed</strong></span> <span class='ocrx_word' id='word_1_225' title='bbox 3010 1426 3115 1482; x_wconf 90' lang='lat' dir='ltr'><strong>sub</strong></span> <span class='ocrx_word' id='word_1_226' title='bbox 3132 1428 3340 1499; x_wconf 87' lang='lat' dir='ltr'><strong>gratia?</strong></span> <span class='ocrx_word' id='word_1_227' title='bbox 3360 1429 3547 1487; x_wconf 82' lang='lat' dir='ltr'><strong>Absit!</strong></span> <span class='ocrx_word' id='word_1_228' title='bbox 3574 1429 3661 1486; x_wconf 81' lang='lat' dir='ltr'><strong>An</strong></span> <span class='ocrx_word' id='word_1_229' title='bbox 3690 1445 3791 1489; x_wconf 82' lang='lat' dir='ltr'><strong>ne-</strong></span> 
     </span>
    </p>
   </div>
   <div class='ocr_carea' id='block_1_28' title="bbox 2204 1514 3792 1587">
    <p class='ocr_par' dir='ltr' id='par_1_28' title="bbox 2204 1514 3792 1587">
     <span class='ocr_line' id='line_1_28' title="bbox 2204 1514 3792 1587; baseline 0.009 -20"><span class='ocrx_word' id='word_1_230' title='bbox 2204 1532 2225 1567; x_wconf 86' lang='grc'><em>‹</em></span> <span class='ocrx_word' id='word_1_231' title='bbox 2257 1514 2412 1572; x_wconf 86' lang='lat' dir='ltr'><strong>scitis</strong></span> <span class='ocrx_word' id='word_1_232' title='bbox 2433 1518 2697 1587; x_wconf 91' lang='lat' dir='ltr'><strong>quoniam</strong></span> <span class='ocrx_word' id='word_1_233' title='bbox 2737 1518 2826 1574; x_wconf 90' lang='lat' dir='ltr'><strong>cui</strong></span> <span class='ocrx_word' id='word_1_234' title='bbox 2871 1518 3143 1576; x_wconf 80' lang='lat' dir='ltr'><strong>exhibetis</strong></span> <span class='ocrx_word' id='word_1_235' title='bbox 3170 1536 3271 1577; x_wconf 88' lang='lat' dir='ltr'><strong>vos</strong></span> <span class='ocrx_word' id='word_1_236' title='bbox 3311 1536 3503 1581; x_wconf 89' lang='lat' dir='ltr'><strong>servos</strong></span> <span class='ocrx_word' id='word_1_237' title='bbox 3540 1522 3612 1578; x_wconf 88' lang='lat' dir='ltr'><strong>ad</strong></span> <span class='ocrx_word' id='word_1_238' title='bbox 3657 1524 3792 1581; x_wconf 88' lang='lat' dir='ltr'><strong>obe-</strong></span> 
     </span>
    </p>
   </div>
   <div class='ocr_carea' id='block_1_29' title="bbox 2189 1605 3793 1685">
    <p class='ocr_par' dir='ltr' id='par_1_29' title="bbox 2189 1605 3793 1685">
     <span class='ocr_line' id='line_1_29' title="bbox 2189 1605 3793 1685; baseline 0.008 -27"><span class='ocrx_word' id='word_1_239' title='bbox 2189 1611 2226 1658; x_wconf 75' lang='lat' dir='ltr'><strong>‘r</strong></span> <span class='ocrx_word' id='word_1_240' title='bbox 2257 1605 2540 1674; x_wconf 88' lang='lat' dir='ltr'><strong>diendum,</strong></span> <span class='ocrx_word' id='word_1_241' title='bbox 2585 1609 2728 1663; x_wconf 87' lang='lat' dir='ltr'><strong>servi</strong></span> <span class='ocrx_word' id='word_1_242' title='bbox 2763 1609 2897 1665; x_wconf 88' lang='lat' dir='ltr'><strong>estis</strong></span> <span class='ocrx_word' id='word_1_243' title='bbox 2926 1610 3047 1681; x_wconf 89' lang='lat' dir='ltr'><strong>ejus</strong></span> <span class='ocrx_word' id='word_1_244' title='bbox 3071 1611 3160 1666; x_wconf 90' lang='lat' dir='ltr'><strong>cui</strong></span> <span class='ocrx_word' id='word_1_245' title='bbox 3193 1611 3479 1682; x_wconf 90' lang='lat' dir='ltr'><strong>obedistis,</strong></span> <span class='ocrx_word' id='word_1_246' title='bbox 3510 1614 3628 1670; x_wconf 85' lang='lat' dir='ltr'><strong>sive</strong></span> <span class='ocrx_word' id='word_1_247' title='bbox 3660 1630 3793 1685; x_wconf 81' lang='lat' dir='ltr'><strong>peo-</strong></span> 
     </span>
    </p>
   </div>
   <div class='ocr_carea' id='block_1_30' title="bbox 2190 1691 3795 1775">
    <p class='ocr_par' dir='ltr' id='par_1_30' title="bbox 2190 1691 3795 1775">
     <span class='ocr_line' id='line_1_30' title="bbox 2190 1691 3795 1775; baseline 0.007 -26"><span class='ocrx_word' id='word_1_248' title='bbox 2190 1691 2228 1747; x_wconf 74' lang='lat' dir='ltr'><strong>&quot;t</strong></span> <span class='ocrx_word' id='word_1_249' title='bbox 2255 1698 2362 1753; x_wconf 88' lang='lat' dir='ltr'><strong>cati</strong></span> <span class='ocrx_word' id='word_1_250' title='bbox 2408 1700 2478 1754; x_wconf 89' lang='lat' dir='ltr'><strong>ad</strong></span> <span class='ocrx_word' id='word_1_251' title='bbox 2529 1708 2784 1768; x_wconf 89' lang='lat' dir='ltr'><strong>mortem,</strong></span> <span class='ocrx_word' id='word_1_252' title='bbox 2840 1702 2955 1758; x_wconf 89' lang='lat' dir='ltr'><strong>sive</strong></span> <span class='ocrx_word' id='word_1_253' title='bbox 2994 1702 3325 1760; x_wconf 91' lang='lat' dir='ltr'><strong>obeditionis</strong></span> <span class='ocrx_word' id='word_1_254' title='bbox 3373 1704 3439 1759; x_wconf 90' lang='lat' dir='ltr'><strong>ad</strong></span> <span class='ocrx_word' id='word_1_255' title='bbox 3480 1704 3795 1775; x_wconf 82' lang='lat' dir='ltr'><strong>justitiam?</strong></span> 
     </span>
    </p>
   </div>
   <div class='ocr_carea' id='block_1_31' title="bbox 2208 1786 3794 1867">
    <p class='ocr_par' dir='ltr' id='par_1_31' title="bbox 2208 1786 3794 1867">
     <span class='ocr_line' id='line_1_31' title="bbox 2208 1786 3794 1867; baseline 0.009 -27"><span class='ocrx_word' id='word_1_256' title='bbox 2208 1807 2226 1839; x_wconf 73' lang='grc' dir='ltr'>ι</span> <span class='ocrx_word' id='word_1_257' title='bbox 2254 1786 2471 1846; x_wconf 89' lang='lat' dir='ltr'><strong>Gratias</strong></span> <span class='ocrx_word' id='word_1_258' title='bbox 2492 1800 2672 1847; x_wconf 89' lang='lat' dir='ltr'><strong>autem</strong></span> <span class='ocrx_word' id='word_1_259' title='bbox 2693 1790 2828 1860; x_wconf 87' lang='lat' dir='ltr'><strong>Deo,</strong></span> <span class='ocrx_word' id='word_1_260' title='bbox 2856 1793 3003 1864; x_wconf 91' lang='lat' dir='ltr'><strong>quod</strong></span> <span class='ocrx_word' id='word_1_261' title='bbox 3025 1793 3209 1851; x_wconf 81' lang='lat' dir='ltr'><strong>fuistis</strong></span> <span class='ocrx_word' id='word_1_262' title='bbox 3238 1795 3383 1850; x_wconf 90' lang='lat' dir='ltr'><strong>servi</strong></span> <span class='ocrx_word' id='word_1_263' title='bbox 3405 1798 3636 1867; x_wconf 89' lang='lat' dir='ltr'><strong>peccati,</strong></span> <span class='ocrx_word' id='word_1_264' title='bbox 3660 1797 3794 1854; x_wconf 86' lang='lat' dir='ltr'><strong>obe-</strong></span> 
     </span>
    </p>
   </div>
   <div class='ocr_carea' id='block_1_32' title="bbox 499 1849 3792 1959">
    <p class='ocr_par' dir='ltr' id='par_1_32' title="bbox 499 1849 3792 1959">
     <span class='ocr_line' id='line_1_32' title="bbox 499 1849 3792 1959; baseline 0.006 -32"><span class='ocrx_word' id='word_1_265' title='bbox 499 1849 838 1944; x_wconf 46' lang='lat' dir='ltr'><strong>justi—eran&#39;t</strong></span> <span class='ocrx_word' id='word_1_266' title='bbox 879 1849 942 1929; x_wconf 71' lang='lat' dir='ltr'><strong>ut</strong></span> <span class='ocrx_word' id='word_1_267' title='bbox 967 1872 1269 1941; x_wconf 81' lang='lat' dir='ltr'><strong>Abraham,</strong></span> <span class='ocrx_word' id='word_1_268' title='bbox 1318 1888 1419 1945; x_wconf 90' lang='lat' dir='ltr'><strong>per</strong></span> <span class='ocrx_word' id='word_1_269' title='bbox 1455 1873 1621 1929; x_wconf 81' lang='lat' dir='ltr'><strong>fidem</strong></span> <span class='ocrx_word' id='word_1_270' title='bbox 1661 1874 1766 1930; x_wconf 87' lang='lat' dir='ltr'><strong>hoc</strong></span> <span class='ocrx_word' id='word_1_271' title='bbox 1793 1882 1952 1930; x_wconf 86' lang='lat' dir='ltr'><strong>erant</strong></span> <span class='ocrx_word' id='word_1_272' title='bbox 1986 1890 2098 1931; x_wconf 91' lang='lat' dir='ltr'><strong>non</strong></span> <span class='ocrx_word' id='word_1_273' title='bbox 2130 1849 2174 1910; x_wconf 75' lang='grc' dir='ltr'><strong>Β</strong></span> <span class='ocrx_word' id='word_1_274' title='bbox 2207 1899 2226 1932; x_wconf 74' lang='grc' dir='ltr'>ι</span> <span class='ocrx_word' id='word_1_275' title='bbox 2253 1881 2412 1938; x_wconf 91' lang='lat' dir='ltr'><strong>distis</strong></span> <span class='ocrx_word' id='word_1_276' title='bbox 2447 1891 2628 1939; x_wconf 89' lang='lat' dir='ltr'><strong>autem</strong></span> <span class='ocrx_word' id='word_1_277' title='bbox 2661 1899 2728 1939; x_wconf 84' lang='lat' dir='ltr'><strong>ex</strong></span> <span class='ocrx_word' id='word_1_278' title='bbox 2773 1849 2939 1941; x_wconf 78' lang='lat' dir='ltr'><strong>corde</strong></span> <span class='ocrx_word' id='word_1_279' title='bbox 2976 1886 3029 1941; x_wconf 90' lang='lat' dir='ltr'><strong>in</strong></span> <span class='ocrx_word' id='word_1_280' title='bbox 3075 1902 3198 1942; x_wconf 90' lang='lat' dir='ltr'><strong>eam</strong></span> <span class='ocrx_word' id='word_1_281' title='bbox 3236 1849 3471 1944; x_wconf 60' lang='lat' dir='ltr'><strong>formain</strong></span> <span class='ocrx_word' id='word_1_282' title='bbox 3506 1849 3792 1959; x_wconf 60' lang='lat' dir='ltr'><strong>docirinaa,</strong></span> 
     </span>
    </p>
   </div>
   <div class='ocr_carea' id='block_1_33' title="bbox 502 1964 2095 2039">
    <p class='ocr_par' dir='ltr' id='par_1_33' title="bbox 502 1964 2095 2039">
     <span class='ocr_line' id='line_1_33' title="bbox 502 1964 2095 2039; baseline 0.001 -19"><span class='ocrx_word' id='word_1_283' title='bbox 502 1980 605 2039; x_wconf 86' lang='lat' dir='ltr'><strong>per</strong></span> <span class='ocrx_word' id='word_1_284' title='bbox 630 1965 842 2038; x_wconf 84' lang='lat' dir='ltr'><strong>legem;</strong></span> <span class='ocrx_word' id='word_1_285' title='bbox 874 1967 967 2038; x_wconf 92' lang='lat' dir='ltr'><strong>qui</strong></span> <span class='ocrx_word' id='word_1_286' title='bbox 999 1964 1133 2021; x_wconf 86' lang='lat' dir='ltr'><strong>vero</strong></span> <span class='ocrx_word' id='word_1_287' title='bbox 1166 1982 1228 2022; x_wconf 91' lang='lat' dir='ltr'><strong>se</strong></span> <span class='ocrx_word' id='word_1_288' title='bbox 1264 1966 1473 2022; x_wconf 85' lang='lat' dir='ltr'><strong>timore</strong></span> <span class='ocrx_word' id='word_1_289' title='bbox 1497 1968 1827 2022; x_wconf 88' lang='lat' dir='ltr'><strong>coercebant</strong></span> <span class='ocrx_word' id='word_1_290' title='bbox 1861 1984 1892 2022; x_wconf 90' lang='lat' dir='ltr'><strong>a</strong></span> <span class='ocrx_word' id='word_1_291' title='bbox 1927 1968 2095 2035; x_wconf 89' lang='lat' dir='ltr'><strong>malo,</strong></span> 
     </span>
    </p>
   </div>
   <div class='ocr_carea' id='block_1_34' title="bbox 504 2059 2097 2135">
    <p class='ocr_par' dir='ltr' id='par_1_34' title="bbox 504 2059 2097 2135">
     <span class='ocr_line' id='line_1_34' title="bbox 504 2059 2097 2135; baseline -0.002 -18"><span class='ocrx_word' id='word_1_292' title='bbox 504 2069 618 2117; x_wconf 83' lang='lat' dir='ltr'><strong>non</strong></span> <span class='ocrx_word' id='word_1_293' title='bbox 650 2061 758 2116; x_wconf 89' lang='lat' dir='ltr'><strong>hoc</strong></span> <span class='ocrx_word' id='word_1_294' title='bbox 781 2075 882 2135; x_wconf 88' lang='lat' dir='ltr'><strong>per</strong></span> <span class='ocrx_word' id='word_1_295' title='bbox 905 2061 1102 2127; x_wconf 79' lang='lat' dir='ltr'><strong>legem,</strong></span> <span class='ocrx_word' id='word_1_296' title='bbox 1136 2061 1231 2116; x_wconf 90' lang='lat' dir='ltr'><strong>sed</strong></span> <span class='ocrx_word' id='word_1_297' title='bbox 1264 2075 1363 2131; x_wconf 89' lang='lat' dir='ltr'><strong>per</strong></span> <span class='ocrx_word' id='word_1_298' title='bbox 1391 2059 1601 2115; x_wconf 90' lang='lat' dir='ltr'><strong>donum</strong></span> <span class='ocrx_word' id='word_1_299' title='bbox 1637 2059 1876 2131; x_wconf 86' lang='lat' dir='ltr'><strong>Spiritus</strong></span> <span class='ocrx_word' id='word_1_300' title='bbox 1902 2060 2097 2127; x_wconf 83' lang='lat' dir='ltr'><strong>sancti,</strong></span> 
     </span>
    </p>
   </div>
   <div class='ocr_carea' id='block_1_35' title="bbox 504 2151 2097 2224">
    <p class='ocr_par' dir='ltr' id='par_1_35' title="bbox 504 2151 2097 2224">
     <span class='ocr_line' id='line_1_35' title="bbox 504 2151 2097 2224; baseline 0.001 -18"><span class='ocrx_word' id='word_1_301' title='bbox 504 2151 561 2207; x_wconf 89' lang='lat' dir='ltr'><strong>id</strong></span> <span class='ocrx_word' id='word_1_302' title='bbox 586 2160 671 2213; x_wconf 87' lang='lat' dir='ltr'><strong>est</strong></span> <span class='ocrx_word' id='word_1_303' title='bbox 692 2167 790 2223; x_wconf 90' lang='lat' dir='ltr'><strong>per</strong></span> <span class='ocrx_word' id='word_1_304' title='bbox 817 2153 1076 2224; x_wconf 88' lang='lat' dir='ltr'><strong>spiritum</strong></span> <span class='ocrx_word' id='word_1_305' title='bbox 1101 2152 1319 2208; x_wconf 87' lang='lat' dir='ltr'><strong>timoris</strong></span> <span class='ocrx_word' id='word_1_306' title='bbox 1346 2151 1650 2208; x_wconf 78' lang='lat' dir='ltr'><strong>faciebant.</strong></span> <span class='ocrx_word' id='word_1_307' title='bbox 1685 2152 1822 2217; x_wconf 87' lang='lat' dir='ltr'><strong>Aliis</strong></span> <span class='ocrx_word' id='word_1_308' title='bbox 1848 2168 1979 2208; x_wconf 90' lang='lat' dir='ltr'><strong>vero</strong></span> <span class='ocrx_word' id='word_1_309' title='bbox 2009 2153 2097 2209; x_wconf 80' lang='lat' dir='ltr'><strong>lex</strong></span> 
     </span>
    </p>
   </div>
   <div class='ocr_carea' id='block_1_36' title="bbox 504 2242 2101 2316">
    <p class='ocr_par' dir='ltr' id='par_1_36' title="bbox 504 2242 2101 2316">
     <span class='ocr_line' id='line_1_36' title="bbox 504 2242 2101 2316; baseline 0 -15"><span class='ocrx_word' id='word_1_310' title='bbox 504 2258 676 2301; x_wconf 86' lang='lat' dir='ltr'><strong>causa</strong></span> <span class='ocrx_word' id='word_1_311' title='bbox 703 2252 823 2299; x_wconf 92' lang='lat' dir='ltr'><strong>erat</strong></span> <span class='ocrx_word' id='word_1_312' title='bbox 844 2244 1051 2312; x_wconf 77' lang='lat' dir='ltr'><strong>delicti,</strong></span> <span class='ocrx_word' id='word_1_313' title='bbox 1093 2244 1227 2314; x_wconf 86' lang='lat' dir='ltr'><strong>quia</strong></span> <span class='ocrx_word' id='word_1_314' title='bbox 1266 2244 1755 2315; x_wconf 68' lang='lat' dir='ltr'><strong>praevaricationis.</strong></span> <span class='ocrx_word' id='word_1_315' title='bbox 1799 2242 1904 2301; x_wconf 89' lang='lat' dir='ltr'><strong>Per</strong></span> <span class='ocrx_word' id='word_1_316' title='bbox 1924 2245 2101 2316; x_wconf 84' lang='lat' dir='ltr'><strong>legem</strong></span> 
     </span>
    </p>
   </div>
   <div class='ocr_carea' id='block_1_37' title="bbox 504 2326 2098 2408">
    <p class='ocr_par' dir='ltr' id='par_1_37' title="bbox 504 2326 2098 2408">
     <span class='ocr_line' id='line_1_37' title="bbox 504 2326 2098 2408; baseline 0.003 -19"><span class='ocrx_word' id='word_1_317' title='bbox 504 2332 765 2389; x_wconf 85' lang='lat' dir='ltr'><strong>delictum</strong></span> <span class='ocrx_word' id='word_1_318' title='bbox 792 2326 1112 2403; x_wconf 86' lang='lat' dir='ltr'><strong>abundavit,</strong></span> <span class='ocrx_word' id='word_1_319' title='bbox 1140 2336 1232 2392; x_wconf 90' lang='lat' dir='ltr'><strong>sed</strong></span> <span class='ocrx_word' id='word_1_320' title='bbox 1254 2350 1356 2406; x_wconf 90' lang='lat' dir='ltr'><strong>per</strong></span> <span class='ocrx_word' id='word_1_321' title='bbox 1383 2337 1617 2408; x_wconf 79' lang='lat' dir='ltr'><strong>gratiam</strong></span> <span class='ocrx_word' id='word_1_322' title='bbox 1645 2347 1969 2393; x_wconf 89' lang='lat' dir='ltr'><strong>evacuatum</strong></span> <span class='ocrx_word' id='word_1_323' title='bbox 1994 2348 2098 2394; x_wconf 91' lang='lat' dir='ltr'><strong>est.</strong></span> 
     </span>
    </p>
   </div>
   <div class='ocr_carea' id='block_1_38' title="bbox 503 2423 2103 2501">
    <p class='ocr_par' dir='ltr' id='par_1_38' title="bbox 503 2423 2103 2501">
     <span class='ocr_line' id='line_1_38' title="bbox 503 2423 2103 2501; baseline 0.002 -20"><span class='ocrx_word' id='word_1_324' title='bbox 503 2423 820 2498; x_wconf 75' lang='lat' dir='ltr'><strong>Ubicunque</strong></span> <span class='ocrx_word' id='word_1_325' title='bbox 858 2426 1008 2482; x_wconf 88' lang='lat' dir='ltr'><strong>enim</strong></span> <span class='ocrx_word' id='word_1_326' title='bbox 1053 2426 1345 2487; x_wconf 80' lang='lat' dir='ltr'><strong>abundavit</strong></span> <span class='ocrx_word' id='word_1_327' title='bbox 1390 2428 1666 2496; x_wconf 78' lang='lat' dir='ltr'><strong>delictum,</strong></span> <span class='ocrx_word' id='word_1_328' title='bbox 1699 2428 1785 2484; x_wconf 91' lang='lat' dir='ltr'><strong>vel</strong></span> <span class='ocrx_word' id='word_1_329' title='bbox 1834 2429 1937 2485; x_wconf 88' lang='lat' dir='ltr'><strong>sub</strong></span> <span class='ocrx_word' id='word_1_330' title='bbox 1983 2429 2103 2501; x_wconf 87' lang='lat' dir='ltr'><strong>lege</strong></span> 
     </span>
    </p>
   </div>
   <div class='ocr_carea' id='block_1_39' title="bbox 503 2510 2098 2592">
    <p class='ocr_par' dir='ltr' id='par_1_39' title="bbox 503 2510 2098 2592">
     <span class='ocr_line' id='line_1_39' title="bbox 503 2510 2098 2592; baseline 0.004 -20"><span class='ocrx_word' id='word_1_331' title='bbox 503 2519 593 2575; x_wconf 89' lang='lat' dir='ltr'><strong>vel</strong></span> <span class='ocrx_word' id='word_1_332' title='bbox 614 2510 768 2575; x_wconf 77' lang='lat' dir='ltr'><strong>extra</strong></span> <span class='ocrx_word' id='word_1_333' title='bbox 792 2519 986 2590; x_wconf 81' lang='lat' dir='ltr'><strong>legem,</strong></span> <span class='ocrx_word' id='word_1_334' title='bbox 1012 2520 1088 2578; x_wconf 81' lang='lat' dir='ltr'><strong>ibi</strong></span> <span class='ocrx_word' id='word_1_335' title='bbox 1117 2521 1296 2592; x_wconf 88' lang='lat' dir='ltr'><strong>gratia</strong></span> <span class='ocrx_word' id='word_1_336' title='bbox 1319 2520 1610 2576; x_wconf 81' lang='lat' dir='ltr'><strong>abundavit</strong></span> <span class='ocrx_word' id='word_1_337' title='bbox 1638 2538 1794 2592; x_wconf 85' lang='lat' dir='ltr'><strong>super</strong></span> <span class='ocrx_word' id='word_1_338' title='bbox 1810 2522 2098 2579; x_wconf 84' lang='lat' dir='ltr'><strong>delictum:</strong></span> 
     </span>
    </p>
   </div>
   <div class='ocr_carea' id='block_1_40' title="bbox 506 2611 2099 2685">
    <p class='ocr_par' dir='ltr' id='par_1_40' title="bbox 506 2611 2099 2685">
     <span class='ocr_line' id='line_1_40' title="bbox 506 2611 2099 2685; baseline 0.001 -19"><span class='ocrx_word' id='word_1_339' title='bbox 506 2612 637 2681; x_wconf 91' lang='lat' dir='ltr'><strong>quia</strong></span> <span class='ocrx_word' id='word_1_340' title='bbox 668 2626 779 2667; x_wconf 88' lang='lat' dir='ltr'><strong>non</strong></span> <span class='ocrx_word' id='word_1_341' title='bbox 826 2612 1005 2666; x_wconf 90' lang='lat' dir='ltr'><strong>solum</strong></span> <span class='ocrx_word' id='word_1_342' title='bbox 1039 2612 1254 2667; x_wconf 91' lang='lat' dir='ltr'><strong>remisit</strong></span> <span class='ocrx_word' id='word_1_343' title='bbox 1284 2621 1526 2682; x_wconf 88' lang='lat' dir='ltr'><strong>peccata,</strong></span> <span class='ocrx_word' id='word_1_344' title='bbox 1558 2611 1661 2670; x_wconf 76' lang='lat' dir='ltr'><strong>sed</strong></span> <span class='ocrx_word' id='word_1_345' title='bbox 1681 2622 1736 2668; x_wconf 90' lang='lat' dir='ltr'><strong>et</strong></span> <span class='ocrx_word' id='word_1_346' title='bbox 1781 2613 1928 2685; x_wconf 89' lang='lat' dir='ltr'><strong>juste</strong></span> <span class='ocrx_word' id='word_1_347' title='bbox 1969 2628 2099 2685; x_wconf 86' lang='lat' dir='ltr'><strong>ope-</strong></span> 
     </span>
    </p>
   </div>
   <div class='ocr_carea' id='block_1_41' title="bbox 505 2702 2105 2777">
    <p class='ocr_par' dir='ltr' id='par_1_41' title="bbox 505 2702 2105 2777">
     <span class='ocr_line' id='line_1_41' title="bbox 505 2702 2105 2777; baseline 0.003 -19"><span class='ocrx_word' id='word_1_348' title='bbox 505 2703 623 2758; x_wconf 85' lang='lat' dir='ltr'><strong>rari</strong></span> <span class='ocrx_word' id='word_1_349' title='bbox 672 2703 963 2760; x_wconf 86' lang='lat' dir='ltr'><strong>concessit.</strong></span> <span class='ocrx_word' id='word_1_350' title='bbox 1009 2702 1150 2771; x_wconf 86' lang='lat' dir='ltr'><strong>Quia</strong></span> <span class='ocrx_word' id='word_1_351' title='bbox 1201 2704 1401 2762; x_wconf 82' lang='lat' dir='ltr'><strong>iterum</strong></span> <span class='ocrx_word' id='word_1_352' title='bbox 1438 2705 1607 2777; x_wconf 85' lang='lat' dir='ltr'><strong>aliqui</strong></span> <span class='ocrx_word' id='word_1_353' title='bbox 1650 2705 1912 2761; x_wconf 87' lang='lat' dir='ltr'><strong>errabant</strong></span> <span class='ocrx_word' id='word_1_354' title='bbox 1938 2721 2006 2761; x_wconf 78' lang='lat' dir='ltr'><strong>ex</strong></span> <span class='ocrx_word' id='word_1_355' title='bbox 2037 2720 2105 2762; x_wconf 89' lang='lat' dir='ltr'><strong>eo</strong></span> 
     </span>
    </p>
   </div>
   <div class='ocr_carea' id='block_1_42' title="bbox 508 2787 2108 2869">
    <p class='ocr_par' dir='ltr' id='par_1_42' title="bbox 508 2787 2108 2869">
     <span class='ocr_line' id='line_1_42' title="bbox 508 2787 2108 2869; baseline 0.003 -19"><span class='ocrx_word' id='word_1_356' title='bbox 508 2787 658 2866; x_wconf 89' lang='lat' dir='ltr'><strong>quod</strong></span> <span class='ocrx_word' id='word_1_357' title='bbox 703 2788 912 2851; x_wconf 87' lang='lat' dir='ltr'><strong>dictum</strong></span> <span class='ocrx_word' id='word_1_358' title='bbox 956 2804 1041 2853; x_wconf 86' lang='lat' dir='ltr'><strong>est</strong></span> <span class='ocrx_word' id='word_1_359' title='bbox 1069 2796 1301 2869; x_wconf 80' lang='lat' dir='ltr'><strong>gratiam</strong></span> <span class='ocrx_word' id='word_1_360' title='bbox 1351 2796 1832 2869; x_wconf 88' lang='lat' dir='ltr'><strong>superabundasse</strong></span> <span class='ocrx_word' id='word_1_361' title='bbox 1859 2799 1955 2854; x_wconf 89' lang='lat' dir='ltr'><strong>ubi</strong></span> <span class='ocrx_word' id='word_1_362' title='bbox 2003 2798 2108 2855; x_wconf 93' lang='lat' dir='ltr'><strong>fuit</strong></span> 
     </span>
    </p>
   </div>
   <div class='ocr_carea' id='block_1_43' title="bbox 508 2888 2107 2963">
    <p class='ocr_par' dir='ltr' id='par_1_43' title="bbox 508 2888 2107 2963">
     <span class='ocr_line' id='line_1_43' title="bbox 508 2888 2107 2963; baseline 0.003 -20"><span class='ocrx_word' id='word_1_363' title='bbox 508 2888 790 2957; x_wconf 87' lang='lat' dir='ltr'><strong>delictum,</strong></span> <span class='ocrx_word' id='word_1_364' title='bbox 824 2889 1068 2946; x_wconf 88' lang='lat' dir='ltr'><strong>dicentes</strong></span> <span class='ocrx_word' id='word_1_365' title='bbox 1097 2905 1158 2946; x_wconf 90' lang='lat' dir='ltr'><strong>se</strong></span> <span class='ocrx_word' id='word_1_366' title='bbox 1185 2890 1409 2960; x_wconf 89' lang='lat' dir='ltr'><strong>impune</strong></span> <span class='ocrx_word' id='word_1_367' title='bbox 1443 2901 1751 2961; x_wconf 88' lang='lat' dir='ltr'><strong>opportune</strong></span> <span class='ocrx_word' id='word_1_368' title='bbox 1772 2892 1940 2947; x_wconf 89' lang='lat' dir='ltr'><strong>etiam</strong></span> <span class='ocrx_word' id='word_1_369' title='bbox 1978 2908 2107 2963; x_wconf 88' lang='lat' dir='ltr'><strong>pec-</strong></span> 
     </span>
    </p>
   </div>
   <div class='ocr_carea' id='block_1_44' title="bbox 509 2979 2108 3057">
    <p class='ocr_par' dir='ltr' id='par_1_44' title="bbox 509 2979 2108 3057">
     <span class='ocr_line' id='line_1_44' title="bbox 509 2979 2108 3057; baseline 0.003 -25"><span class='ocrx_word' id='word_1_370' title='bbox 509 2993 637 3037; x_wconf 84' lang='lat' dir='ltr'><strong>care</strong></span> <span class='ocrx_word' id='word_1_371' title='bbox 659 3019 673 3045; x_wconf 84' lang='lat'><strong>,</strong></span> <span class='ocrx_word' id='word_1_372' title='bbox 717 2979 847 3049; x_wconf 90' lang='lat' dir='ltr'><strong>quia</strong></span> <span class='ocrx_word' id='word_1_373' title='bbox 894 2979 1067 3051; x_wconf 88' lang='lat' dir='ltr'><strong>gratia</strong></span> <span class='ocrx_word' id='word_1_374' title='bbox 1098 2979 1193 3035; x_wconf 92' lang='lat' dir='ltr'><strong>Dei</strong></span> <span class='ocrx_word' id='word_1_375' title='bbox 1223 2980 1407 3035; x_wconf 91' lang='lat' dir='ltr'><strong>omnia</strong></span> <span class='ocrx_word' id='word_1_376' title='bbox 1442 2980 1763 3049; x_wconf 89' lang='lat' dir='ltr'><strong>dimitteret,</strong></span> <span class='ocrx_word' id='word_1_377' title='bbox 1802 2990 1859 3038; x_wconf 89' lang='lat' dir='ltr'><strong>et</strong></span> <span class='ocrx_word' id='word_1_378' title='bbox 1898 2992 2108 3057; x_wconf 87' lang='lat' dir='ltr'><strong>quanto</strong></span> 
     </span>
    </p>
   </div>
   <div class='ocr_carea' id='block_1_45' title="bbox 508 3069 2107 3147">
    <p class='ocr_par' dir='ltr' id='par_1_45' title="bbox 508 3069 2107 3147">
     <span class='ocr_line' id='line_1_45' title="bbox 508 3069 2107 3147; baseline 0.003 -24"><span class='ocrx_word' id='word_1_379' title='bbox 508 3069 690 3147; x_wconf 87' lang='lat' dir='ltr'><strong>plura,</strong></span> <span class='ocrx_word' id='word_1_380' title='bbox 731 3075 887 3129; x_wconf 84' lang='lat' dir='ltr'><strong>tanto</strong></span> <span class='ocrx_word' id='word_1_381' title='bbox 947 3071 1245 3142; x_wconf 81' lang='lat' dir='ltr'><strong>gloriosior</strong></span> <span class='ocrx_word' id='word_1_382' title='bbox 1290 3082 1456 3139; x_wconf 89' lang='lat' dir='ltr'><strong>esset,</strong></span> <span class='ocrx_word' id='word_1_383' title='bbox 1509 3071 1841 3129; x_wconf 88' lang='lat' dir='ltr'><strong>determinat</strong></span> <span class='ocrx_word' id='word_1_384' title='bbox 1882 3074 2107 3144; x_wconf 90' lang='lat' dir='ltr'><strong>quidem</strong></span> 
     </span>
    </p>
   </div>
   <div class='ocr_carea' id='block_1_46' title="bbox 2209 1962 3795 2050">
    <p class='ocr_par' dir='ltr' id='par_1_46' title="bbox 2209 1962 3795 2050">
     <span class='ocr_line' id='line_1_46' title="bbox 2209 1962 3795 2050; baseline 0.004 -22"><span class='ocrx_word' id='word_1_385' title='bbox 2209 1994 2227 2027; x_wconf 75' lang='grc' dir='ltr'>ι</span> <span class='ocrx_word' id='word_1_386' title='bbox 2250 1974 2305 2030; x_wconf 93' lang='lat' dir='ltr'><strong>in</strong></span> <span class='ocrx_word' id='word_1_387' title='bbox 2332 1990 2441 2046; x_wconf 89' lang='lat' dir='ltr'><strong>qua</strong></span> <span class='ocrx_word' id='word_1_388' title='bbox 2467 1976 2651 2031; x_wconf 85' lang='lat' dir='ltr'><strong>traditi</strong></span> <span class='ocrx_word' id='word_1_389' title='bbox 2671 1976 2824 2032; x_wconf 89' lang='lat' dir='ltr'><strong>estis.</strong></span> <span class='ocrx_word' id='word_1_390' title='bbox 2855 1976 3097 2033; x_wconf 89' lang='lat' dir='ltr'><strong>Liberati</strong></span> <span class='ocrx_word' id='word_1_391' title='bbox 3120 1985 3302 2034; x_wconf 88' lang='lat' dir='ltr'><strong>autem</strong></span> <span class='ocrx_word' id='word_1_392' title='bbox 3326 1994 3357 2034; x_wconf 93' lang='lat' dir='ltr'><strong>a</strong></span> <span class='ocrx_word' id='word_1_393' title='bbox 3383 1962 3629 2050; x_wconf 86' lang='lat' dir='ltr'><strong>peccato,</strong></span> <span class='ocrx_word' id='word_1_394' title='bbox 3650 1979 3795 2037; x_wconf 85' lang='lat' dir='ltr'><strong>servi</strong></span> 
     </span>
    </p>
   </div>
   <div class='ocr_carea' id='block_1_47' title="bbox 2208 2065 3797 2143">
    <p class='ocr_par' dir='ltr' id='par_1_47' title="bbox 2208 2065 3797 2143">
     <span class='ocr_line' id='line_1_47' title="bbox 2208 2065 3797 2143; baseline 0.004 -22"><span class='ocrx_word' id='word_1_395' title='bbox 2208 2085 2227 2131; x_wconf 75' lang='grc' dir='ltr'><strong>ς</strong></span> <span class='ocrx_word' id='word_1_396' title='bbox 2256 2065 2385 2122; x_wconf 90' lang='lat' dir='ltr'><strong>facti</strong></span> <span class='ocrx_word' id='word_1_397' title='bbox 2416 2068 2548 2124; x_wconf 89' lang='lat' dir='ltr'><strong>estis</strong></span> <span class='ocrx_word' id='word_1_398' title='bbox 2565 2067 2815 2140; x_wconf 77' lang='lat' dir='ltr'><strong>justitiae.</strong></span> <span class='ocrx_word' id='word_1_399' title='bbox 2847 2066 3165 2127; x_wconf 87' lang='lat' dir='ltr'><strong>Humanum</strong></span> <span class='ocrx_word' id='word_1_400' title='bbox 3192 2070 3340 2138; x_wconf 90' lang='lat' dir='ltr'><strong>dico,</strong></span> <span class='ocrx_word' id='word_1_401' title='bbox 3370 2079 3595 2143; x_wconf 89' lang='lat' dir='ltr'><strong>propter</strong></span> <span class='ocrx_word' id='word_1_402' title='bbox 3637 2071 3797 2128; x_wconf 83' lang='lat' dir='ltr'><strong>inﬁr-</strong></span> 
     </span>
    </p>
   </div>
   <div class='ocr_carea' id='block_1_48' title="bbox 2202 2158 3801 2234">
    <p class='ocr_par' dir='ltr' id='par_1_48' title="bbox 2202 2158 3801 2234">
     <span class='ocr_line' id='line_1_48' title="bbox 2202 2158 3801 2234; baseline 0.004 -23"><span class='ocrx_word' id='word_1_403' title='bbox 2202 2178 2229 2210; x_wconf 66' lang='grc' dir='ltr'><strong><em>ι</em></strong></span> <span class='ocrx_word' id='word_1_404' title='bbox 2258 2158 2503 2214; x_wconf 90' lang='lat' dir='ltr'><strong>mitatem</strong></span> <span class='ocrx_word' id='word_1_405' title='bbox 2559 2160 2745 2216; x_wconf 88' lang='lat' dir='ltr'><strong>carnis</strong></span> <span class='ocrx_word' id='word_1_406' title='bbox 2799 2170 3018 2217; x_wconf 73' lang='lat' dir='ltr'><strong>vestrae.</strong></span> <span class='ocrx_word' id='word_1_407' title='bbox 3065 2160 3219 2217; x_wconf 89' lang='lat' dir='ltr'><strong>Sicut</strong></span> <span class='ocrx_word' id='word_1_408' title='bbox 3246 2162 3393 2218; x_wconf 89' lang='lat' dir='ltr'><strong>enim</strong></span> <span class='ocrx_word' id='word_1_409' title='bbox 3417 2161 3525 2234; x_wconf 80' lang='lat'><strong>35</strong></span> <span class='ocrx_word' id='word_1_410' title='bbox 3549 2162 3801 2220; x_wconf 78' lang='lat' dir='ltr'><strong>exhibui-</strong></span> 
     </span>
    </p>
   </div>
   <div class='ocr_carea' id='block_1_49' title="bbox 2209 2251 3800 2326">
    <p class='ocr_par' dir='ltr' id='par_1_49' title="bbox 2209 2251 3800 2326">
     <span class='ocr_line' id='line_1_49' title="bbox 2209 2251 3800 2326; baseline 0.008 -23"><span class='ocrx_word' id='word_1_411' title='bbox 2209 2269 2228 2303; x_wconf 78' lang='lat' dir='ltr'><strong>l</strong></span> <span class='ocrx_word' id='word_1_412' title='bbox 2258 2251 2357 2307; x_wconf 90' lang='lat' dir='ltr'><strong>stis</strong></span> <span class='ocrx_word' id='word_1_413' title='bbox 2379 2251 2626 2308; x_wconf 89' lang='lat' dir='ltr'><strong>membra</strong></span> <span class='ocrx_word' id='word_1_414' title='bbox 2658 2260 2840 2308; x_wconf 87' lang='lat' dir='ltr'><strong>vestra</strong></span> <span class='ocrx_word' id='word_1_415' title='bbox 2880 2254 3089 2310; x_wconf 86' lang='lat' dir='ltr'><strong>servire</strong></span> <span class='ocrx_word' id='word_1_416' title='bbox 3116 2254 3481 2311; x_wconf 75' lang='lat' dir='ltr'><strong>immunditite</strong></span> <span class='ocrx_word' id='word_1_417' title='bbox 3513 2262 3566 2310; x_wconf 89' lang='lat' dir='ltr'><strong>et</strong></span> <span class='ocrx_word' id='word_1_418' title='bbox 3593 2253 3800 2326; x_wconf 83' lang='lat' dir='ltr'><strong>iniqui.—</strong></span> 
     </span>
    </p>
   </div>
   <div class='ocr_carea' id='block_1_50' title="bbox 2196 2336 3799 2414">
    <p class='ocr_par' dir='ltr' id='par_1_50' title="bbox 2196 2336 3799 2414">
     <span class='ocr_line' id='line_1_50' title="bbox 2196 2336 3799 2414; baseline 0.004 -19"><span class='ocrx_word' id='word_1_419' title='bbox 2196 2354 2228 2395; x_wconf 73' lang='lat' dir='ltr'><strong>‘t</strong></span> <span class='ocrx_word' id='word_1_420' title='bbox 2258 2343 2356 2397; x_wconf 91' lang='lat' dir='ltr'><strong>tati</strong></span> <span class='ocrx_word' id='word_1_421' title='bbox 2403 2343 2474 2399; x_wconf 89' lang='lat' dir='ltr'><strong>ad</strong></span> <span class='ocrx_word' id='word_1_422' title='bbox 2530 2336 2906 2414; x_wconf 85' lang='lat' dir='ltr'><strong>iniquitatem,</strong></span> <span class='ocrx_word' id='word_1_423' title='bbox 2980 2344 3055 2400; x_wconf 89' lang='lat' dir='ltr'><strong>ita</strong></span> <span class='ocrx_word' id='word_1_424' title='bbox 3112 2361 3262 2401; x_wconf 88' lang='lat' dir='ltr'><strong>nunc</strong></span> <span class='ocrx_word' id='word_1_425' title='bbox 3320 2346 3573 2403; x_wconf 85' lang='lat' dir='ltr'><strong>exhibete</strong></span> <span class='ocrx_word' id='word_1_426' title='bbox 3621 2362 3799 2402; x_wconf 81' lang='lat' dir='ltr'><strong>mem-</strong></span> 
     </span>
    </p>
   </div>
   <div class='ocr_carea' id='block_1_51' title="bbox 2210 2434 3801 2507">
    <p class='ocr_par' dir='ltr' id='par_1_51' title="bbox 2210 2434 3801 2507">
     <span class='ocr_line' id='line_1_51' title="bbox 2210 2434 3801 2507; baseline 0.004 -20"><span class='ocrx_word' id='word_1_427' title='bbox 2210 2452 2228 2486; x_wconf 80' lang='grc'><strong><em>‹</em></strong></span> <span class='ocrx_word' id='word_1_428' title='bbox 2257 2434 2356 2489; x_wconf 90' lang='lat' dir='ltr'><strong>bra</strong></span> <span class='ocrx_word' id='word_1_429' title='bbox 2376 2443 2559 2490; x_wconf 84' lang='lat' dir='ltr'><strong>vestra</strong></span> <span class='ocrx_word' id='word_1_430' title='bbox 2575 2434 2780 2490; x_wconf 89' lang='lat' dir='ltr'><strong>servire</strong></span> <span class='ocrx_word' id='word_1_431' title='bbox 2799 2435 3029 2507; x_wconf 86' lang='lat' dir='ltr'><strong>justitiae</strong></span> <span class='ocrx_word' id='word_1_432' title='bbox 3046 2436 3102 2492; x_wconf 90' lang='lat' dir='ltr'><strong>in</strong></span> <span class='ocrx_word' id='word_1_433' title='bbox 3121 2436 3633 2494; x_wconf 86' lang='lat' dir='ltr'><strong>sanetiticationcm.</strong></span> <span class='ocrx_word' id='word_1_434' title='bbox 3657 2436 3801 2493; x_wconf 84' lang='lat' dir='ltr'><strong>Cum</strong></span> 
     </span>
    </p>
   </div>
   <div class='ocr_carea' id='block_1_52' title="bbox 2211 2527 3797 2602">
    <p class='ocr_par' dir='ltr' id='par_1_52' title="bbox 2211 2527 3797 2602">
     <span class='ocr_line' id='line_1_52' title="bbox 2211 2527 3797 2602; baseline 0.005 -23"><span class='ocrx_word' id='word_1_435' title='bbox 2211 2545 2230 2579; x_wconf 72' lang='grc' dir='ltr'><strong><em>ι</em></strong></span> <span class='ocrx_word' id='word_1_436' title='bbox 2258 2528 2404 2582; x_wconf 91' lang='lat' dir='ltr'><strong>enim</strong></span> <span class='ocrx_word' id='word_1_437' title='bbox 2429 2527 2571 2583; x_wconf 82' lang='lat' dir='ltr'><strong>servi</strong></span> <span class='ocrx_word' id='word_1_438' title='bbox 2616 2528 2812 2584; x_wconf 86' lang='lat' dir='ltr'><strong>essetis</strong></span> <span class='ocrx_word' id='word_1_439' title='bbox 2848 2530 3078 2600; x_wconf 89' lang='lat' dir='ltr'><strong>peccati,</strong></span> <span class='ocrx_word' id='word_1_440' title='bbox 3126 2529 3284 2585; x_wconf 90' lang='lat' dir='ltr'><strong>liberi</strong></span> <span class='ocrx_word' id='word_1_441' title='bbox 3314 2528 3503 2586; x_wconf 83' lang='lat' dir='ltr'><strong>fuistis</strong></span> <span class='ocrx_word' id='word_1_442' title='bbox 3540 2530 3797 2602; x_wconf 65' lang='lat' dir='ltr'><strong>justitiaz.</strong></span> 
     </span>
    </p>
   </div>
   <div class='ocr_carea' id='block_1_53' title="bbox 2200 2618 3804 2696">
    <p class='ocr_par' dir='ltr' id='par_1_53' title="bbox 2200 2618 3804 2696">
     <span class='ocr_line' id='line_1_53' title="bbox 2200 2618 3804 2696; baseline 0.003 -25"><span class='ocrx_word' id='word_1_443' title='bbox 2200 2618 2231 2696; x_wconf 34' lang='grc' dir='ltr'><strong>λ(</strong></span> <span class='ocrx_word' id='word_1_444' title='bbox 2260 2618 2432 2686; x_wconf 85' lang='lat' dir='ltr'><strong>Quem</strong></span> <span class='ocrx_word' id='word_1_445' title='bbox 2459 2634 2589 2691; x_wconf 84' lang='lat' dir='ltr'><strong>ergo</strong></span> <span class='ocrx_word' id='word_1_446' title='bbox 2620 2618 2858 2677; x_wconf 90' lang='lat' dir='ltr'><strong>fructum</strong></span> <span class='ocrx_word' id='word_1_447' title='bbox 2885 2621 3159 2678; x_wconf 88' lang='lat' dir='ltr'><strong>habuistis</strong></span> <span class='ocrx_word' id='word_1_448' title='bbox 3185 2630 3318 2677; x_wconf 91' lang='lat' dir='ltr'><strong>tunc</strong></span> <span class='ocrx_word' id='word_1_449' title='bbox 3342 2622 3399 2676; x_wconf 92' lang='lat' dir='ltr'><strong>in</strong></span> <span class='ocrx_word' id='word_1_450' title='bbox 3426 2621 3557 2689; x_wconf 89' lang='lat' dir='ltr'><strong>illis,</strong></span> <span class='ocrx_word' id='word_1_451' title='bbox 3591 2622 3647 2676; x_wconf 91' lang='lat' dir='ltr'><strong>in</strong></span> <span class='ocrx_word' id='word_1_452' title='bbox 3675 2622 3804 2695; x_wconf 86' lang='lat' dir='ltr'><strong>qui-</strong></span> 
     </span>
    </p>
   </div>
   <div class='ocr_carea' id='block_1_54' title="bbox 2214 2709 3800 2769">
    <p class='ocr_par' dir='ltr' id='par_1_54' title="bbox 2214 2709 3800 2769">
     <span class='ocr_line' id='line_1_54' title="bbox 2214 2709 3800 2769; baseline 0.005 -8"><span class='ocrx_word' id='word_1_453' title='bbox 2214 2728 2232 2761; x_wconf 76' lang='grc' dir='ltr'><strong>ε</strong></span> <span class='ocrx_word' id='word_1_454' title='bbox 2260 2710 2367 2765; x_wconf 88' lang='lat' dir='ltr'><strong>bus</strong></span> <span class='ocrx_word' id='word_1_455' title='bbox 2394 2726 2541 2766; x_wconf 88' lang='lat' dir='ltr'><strong>nunc</strong></span> <span class='ocrx_word' id='word_1_456' title='bbox 2569 2710 2928 2766; x_wconf 85' lang='lat' dir='ltr'><strong>erubescitis?</strong></span> <span class='ocrx_word' id='word_1_457' title='bbox 2952 2709 3090 2766; x_wconf 88' lang='lat' dir='ltr'><strong>Nam</strong></span> <span class='ocrx_word' id='word_1_458' title='bbox 3119 2711 3247 2768; x_wconf 88' lang='lat' dir='ltr'><strong>ﬁnis</strong></span> <span class='ocrx_word' id='word_1_459' title='bbox 3268 2711 3489 2767; x_wconf 89' lang='lat' dir='ltr'><strong>illorum</strong></span> <span class='ocrx_word' id='word_1_460' title='bbox 3518 2727 3670 2769; x_wconf 87' lang='lat' dir='ltr'><strong>mors</strong></span> <span class='ocrx_word' id='word_1_461' title='bbox 3694 2722 3800 2769; x_wconf 89' lang='lat' dir='ltr'><strong>est.</strong></span> 
     </span>
    </p>
   </div>
   <div class='ocr_carea' id='block_1_55' title="bbox 2215 2799 3805 2886">
    <p class='ocr_par' dir='ltr' id='par_1_55' title="bbox 2215 2799 3805 2886">
     <span class='ocr_line' id='line_1_55' title="bbox 2215 2799 3805 2886; baseline 0.003 -32"><span class='ocrx_word' id='word_1_462' title='bbox 2215 2821 2233 2854; x_wconf 75' lang='grc' dir='ltr'>ι</span> <span class='ocrx_word' id='word_1_463' title='bbox 2262 2799 2419 2857; x_wconf 89' lang='lat' dir='ltr'><strong>Nunc</strong></span> <span class='ocrx_word' id='word_1_464' title='bbox 2472 2816 2598 2857; x_wconf 80' lang='lat' dir='ltr'><strong>vero</strong></span> <span class='ocrx_word' id='word_1_465' title='bbox 2643 2802 2858 2857; x_wconf 85' lang='lat' dir='ltr'><strong>liberati</strong></span> <span class='ocrx_word' id='word_1_466' title='bbox 2888 2819 2920 2857; x_wconf 92' lang='lat' dir='ltr'><strong>a</strong></span> <span class='ocrx_word' id='word_1_467' title='bbox 2968 2812 3214 2873; x_wconf 89' lang='lat' dir='ltr'><strong>peccato,</strong></span> <span class='ocrx_word' id='word_1_468' title='bbox 3255 2802 3399 2859; x_wconf 88' lang='lat' dir='ltr'><strong>servi</strong></span> <span class='ocrx_word' id='word_1_469' title='bbox 3440 2812 3623 2858; x_wconf 90' lang='lat' dir='ltr'><strong>autem</strong></span> <span class='ocrx_word' id='word_1_470' title='bbox 3671 2802 3805 2886; x_wconf 82' lang='lat' dir='ltr'><strong>facti</strong></span> 
     </span>
    </p>
   </div>
   <div class='ocr_carea' id='block_1_56' title="bbox 2216 2891 3803 2965">
    <p class='ocr_par' dir='ltr' id='par_1_56' title="bbox 2216 2891 3803 2965">
     <span class='ocr_line' id='line_1_56' title="bbox 2216 2891 3803 2965; baseline 0.005 -22"><span class='ocrx_word' id='word_1_471' title='bbox 2216 2911 2233 2943; x_wconf 74' lang='grc' dir='ltr'>ι</span> <span class='ocrx_word' id='word_1_472' title='bbox 2266 2891 2400 2961; x_wconf 85' lang='lat' dir='ltr'><strong>Deo,</strong></span> <span class='ocrx_word' id='word_1_473' title='bbox 2426 2893 2642 2949; x_wconf 85' lang='lat' dir='ltr'><strong>habetis</strong></span> <span class='ocrx_word' id='word_1_474' title='bbox 2669 2893 2908 2949; x_wconf 89' lang='lat' dir='ltr'><strong>fructum</strong></span> <span class='ocrx_word' id='word_1_475' title='bbox 2933 2902 3177 2949; x_wconf 83' lang='lat' dir='ltr'><strong>vestrum</strong></span> <span class='ocrx_word' id='word_1_476' title='bbox 3208 2894 3264 2948; x_wconf 91' lang='lat' dir='ltr'><strong>in</strong></span> <span class='ocrx_word' id='word_1_477' title='bbox 3288 2894 3803 2965; x_wconf 82' lang='lat' dir='ltr'><strong>sanctificationcm,</strong></span> 
     </span>
    </p>
   </div>
   <div class='ocr_carea' id='block_1_57' title="bbox 2218 2983 3809 3056">
    <p class='ocr_par' dir='ltr' id='par_1_57' title="bbox 2218 2983 3809 3056">
     <span class='ocr_line' id='line_1_57' title="bbox 2218 2983 3809 3056; baseline 0.004 -21"><span class='ocrx_word' id='word_1_478' title='bbox 2218 3003 2236 3035; x_wconf 73' lang='grc' dir='ltr'><strong><em>ι</em></strong></span> <span class='ocrx_word' id='word_1_479' title='bbox 2267 2983 2431 3038; x_wconf 88' lang='lat' dir='ltr'><strong>ﬁnem</strong></span> <span class='ocrx_word' id='word_1_480' title='bbox 2458 2999 2590 3039; x_wconf 85' lang='lat' dir='ltr'><strong>vero</strong></span> <span class='ocrx_word' id='word_1_481' title='bbox 2629 2984 2798 3041; x_wconf 87' lang='lat' dir='ltr'><strong>vitam</strong></span> <span class='ocrx_word' id='word_1_482' title='bbox 2845 2993 3128 3041; x_wconf 60' lang='lat' dir='ltr'><strong>aeternam.</strong></span> <span class='ocrx_word' id='word_1_483' title='bbox 3174 2984 3456 3055; x_wconf 90' lang='lat' dir='ltr'><strong>Stipendia</strong></span> <span class='ocrx_word' id='word_1_484' title='bbox 3485 2985 3634 3041; x_wconf 83' lang='lat' dir='ltr'><strong>enim</strong></span> <span class='ocrx_word' id='word_1_485' title='bbox 3675 3001 3809 3056; x_wconf 90' lang='lat' dir='ltr'><strong>pec-</strong></span> 
     </span>
    </p>
   </div>
   <div class='ocr_carea' id='block_1_58' title="bbox 2217 3075 3809 3147">
    <p class='ocr_par' dir='ltr' id='par_1_58' title="bbox 2217 3075 3809 3147">
     <span class='ocr_line' id='line_1_58' title="bbox 2217 3075 3809 3147; baseline 0.005 -21"><span class='ocrx_word' id='word_1_486' title='bbox 2217 3094 2235 3126; x_wconf 75' lang='grc' dir='ltr'>ι</span> <span class='ocrx_word' id='word_1_487' title='bbox 2265 3076 2395 3141; x_wconf 90' lang='lat' dir='ltr'><strong>cati,</strong></span> <span class='ocrx_word' id='word_1_488' title='bbox 2414 3091 2584 3131; x_wconf 88' lang='lat' dir='ltr'><strong>mors.</strong></span> <span class='ocrx_word' id='word_1_489' title='bbox 2606 3075 2790 3131; x_wconf 87' lang='lat' dir='ltr'><strong>Gratia</strong></span> <span class='ocrx_word' id='word_1_490' title='bbox 2807 3086 2991 3132; x_wconf 90' lang='lat' dir='ltr'><strong>autem</strong></span> <span class='ocrx_word' id='word_1_491' title='bbox 3008 3076 3125 3146; x_wconf 88' lang='lat' dir='ltr'><strong>Dei,</strong></span> <span class='ocrx_word' id='word_1_492' title='bbox 3138 3076 3250 3133; x_wconf 87' lang='lat' dir='ltr'><strong>vita</strong></span> <span class='ocrx_word' id='word_1_493' title='bbox 3267 3086 3492 3147; x_wconf 61' lang='lat' dir='ltr'><strong>aeterna,</strong></span> <span class='ocrx_word' id='word_1_494' title='bbox 3506 3078 3565 3133; x_wconf 87' lang='lat' dir='ltr'><strong>in</strong></span> <span class='ocrx_word' id='word_1_495' title='bbox 3581 3077 3809 3134; x_wconf 86' lang='lat' dir='ltr'><strong>Christo</strong></span> 
     </span>
    </p>
   </div>
   <div class='ocr_carea' id='block_1_59' title="bbox 508 3157 2947 3249">
    <p class='ocr_par' dir='ltr' id='par_1_59' title="bbox 508 3157 2947 3249">
     <span class='ocr_line' id='line_1_59' title="bbox 508 3157 2947 3249; baseline 0.003 -34"><span class='ocrx_word' id='word_1_496' title='bbox 508 3157 717 3223; x_wconf 80' lang='lat' dir='ltr'><strong>Paulus</strong></span> <span class='ocrx_word' id='word_1_497' title='bbox 762 3162 995 3234; x_wconf 80' lang='lat' dir='ltr'><strong>gratiam</strong></span> <span class='ocrx_word' id='word_1_498' title='bbox 1042 3160 1163 3231; x_wconf 87' lang='lat' dir='ltr'><strong>Dei,</strong></span> <span class='ocrx_word' id='word_1_499' title='bbox 1188 3172 1460 3243; x_wconf 86' lang='lat' dir='ltr'><strong>quotquot</strong></span> <span class='ocrx_word' id='word_1_500' title='bbox 1502 3176 1725 3235; x_wconf 88' lang='lat' dir='ltr'><strong>peccata</strong></span> <span class='ocrx_word' id='word_1_501' title='bbox 1755 3164 1886 3231; x_wconf 87' lang='lat' dir='ltr'><strong>sint,</strong></span> <span class='ocrx_word' id='word_1_502' title='bbox 1918 3165 1972 3218; x_wconf 92' lang='lat' dir='ltr'><strong>in</strong></span> <span class='ocrx_word' id='word_1_503' title='bbox 2006 3164 2107 3220; x_wconf 89' lang='lat' dir='ltr'><strong>ba-</strong></span> <span class='ocrx_word' id='word_1_504' title='bbox 2136 3190 2178 3249; x_wconf 68' lang='grc' dir='ltr'><strong>ρ</strong></span> <span class='ocrx_word' id='word_1_505' title='bbox 2218 3185 2236 3218; x_wconf 76' lang='grc' dir='ltr'><strong>σ</strong></span> <span class='ocrx_word' id='word_1_506' title='bbox 2264 3166 2394 3224; x_wconf 83' lang='lat' dir='ltr'><strong>Jesu</strong></span> <span class='ocrx_word' id='word_1_507' title='bbox 2432 3167 2665 3225; x_wconf 87' lang='lat' dir='ltr'><strong>Domino</strong></span> <span class='ocrx_word' id='word_1_508' title='bbox 2695 3178 2906 3225; x_wconf 86' lang='lat' dir='ltr'><strong>nostro.</strong></span> <span class='ocrx_word' id='word_1_509' title='bbox 2929 3188 2947 3222; x_wconf 82' lang='grc' dir='ltr'><strong><em>ι</em></strong></span> 
     </span>
    </p>
   </div>
   <div class='ocr_carea' id='block_1_60' title="bbox 510 3256 2109 3330">
    <p class='ocr_par' dir='ltr' id='par_1_60' title="bbox 510 3256 2109 3330">
     <span class='ocr_line' id='line_1_60' title="bbox 510 3256 2109 3330; baseline 0.001 -19"><span class='ocrx_word' id='word_1_510' title='bbox 510 3256 718 3327; x_wconf 89' lang='lat' dir='ltr'><strong>ptismo</strong></span> <span class='ocrx_word' id='word_1_511' title='bbox 765 3257 949 3313; x_wconf 86' lang='lat' dir='ltr'><strong>omnia</strong></span> <span class='ocrx_word' id='word_1_512' title='bbox 989 3257 1284 3325; x_wconf 85' lang='lat' dir='ltr'><strong>dimittere,</strong></span> <span class='ocrx_word' id='word_1_513' title='bbox 1334 3257 1430 3313; x_wconf 89' lang='lat' dir='ltr'><strong>sed</strong></span> <span class='ocrx_word' id='word_1_514' title='bbox 1478 3267 1774 3330; x_wconf 89' lang='lat' dir='ltr'><strong>postquam</strong></span> <span class='ocrx_word' id='word_1_515' title='bbox 1823 3256 2109 3329; x_wconf 85' lang='lat' dir='ltr'><strong>justiticati</strong></span> 
     </span>
    </p>
   </div>
   <div class='ocr_carea' id='block_1_61' title="bbox 516 3346 2094 3421">
    <p class='ocr_par' dir='ltr' id='par_1_61' title="bbox 516 3346 2094 3421">
     <span class='ocr_line' id='line_1_61' title="bbox 516 3346 2094 3421; baseline -0.001 -18"><span class='ocrx_word' id='word_1_516' title='bbox 516 3355 666 3413; x_wconf 89' lang='lat' dir='ltr'><strong>sunt,</strong></span> <span class='ocrx_word' id='word_1_517' title='bbox 694 3347 740 3401; x_wconf 91' lang='lat' dir='ltr'><strong>si</strong></span> <span class='ocrx_word' id='word_1_518' title='bbox 773 3346 970 3403; x_wconf 91' lang='lat' dir='ltr'><strong>iterum</strong></span> <span class='ocrx_word' id='word_1_519' title='bbox 998 3357 1247 3418; x_wconf 89' lang='lat' dir='ltr'><strong>peccant,</strong></span> <span class='ocrx_word' id='word_1_520' title='bbox 1294 3364 1405 3403; x_wconf 91' lang='lat' dir='ltr'><strong>non</strong></span> <span class='ocrx_word' id='word_1_521' title='bbox 1440 3348 1585 3406; x_wconf 87' lang='lat' dir='ltr'><strong>sicut</strong></span> <span class='ocrx_word' id='word_1_522' title='bbox 1630 3349 1785 3420; x_wconf 88' lang='lat' dir='ltr'><strong>prius</strong></span> <span class='ocrx_word' id='word_1_523' title='bbox 1816 3364 1881 3404; x_wconf 83' lang='lat' dir='ltr'><strong>ex</strong></span> <span class='ocrx_word' id='word_1_524' title='bbox 1913 3348 2094 3421; x_wconf 70' lang='lat' dir='ltr'><strong>gratia,</strong></span> 
     </span>
    </p>
   </div>
   <div class='ocr_carea' id='block_1_62' title="bbox 520 3433 2112 3511">
    <p class='ocr_par' dir='ltr' id='par_1_62' title="bbox 520 3433 2112 3511">
     <span class='ocr_line' id='line_1_62' title="bbox 520 3433 2112 3511; baseline 0 -16"><span class='ocrx_word' id='word_1_525' title='bbox 520 3439 618 3495; x_wconf 89' lang='lat' dir='ltr'><strong>sed</strong></span> <span class='ocrx_word' id='word_1_526' title='bbox 662 3439 859 3497; x_wconf 86' lang='lat' dir='ltr'><strong>merito</strong></span> <span class='ocrx_word' id='word_1_527' title='bbox 903 3433 1241 3509; x_wconf 81' lang='lat' dir='ltr'><strong>poenitentiae</strong></span> <span class='ocrx_word' id='word_1_528' title='bbox 1268 3439 1616 3496; x_wconf 89' lang='lat' dir='ltr'><strong>dimittentur</strong></span> <span class='ocrx_word' id='word_1_529' title='bbox 1661 3448 1905 3511; x_wconf 87' lang='lat' dir='ltr'><strong>peccata.</strong></span> <span class='ocrx_word' id='word_1_530' title='bbox 1956 3438 2112 3495; x_wconf 81' lang='lat' dir='ltr'><strong>Unde</strong></span> 
     </span>
    </p>
   </div>
   <div class='ocr_carea' id='block_1_63' title="bbox 519 3525 2111 3607">
    <p class='ocr_par' dir='ltr' id='par_1_63' title="bbox 519 3525 2111 3607">
     <span class='ocr_line' id='line_1_63' title="bbox 519 3525 2111 3607; baseline -0.003 -18"><span class='ocrx_word' id='word_1_531' title='bbox 519 3531 604 3589; x_wconf 79' lang='lat' dir='ltr'><strong>sic</strong></span> <span class='ocrx_word' id='word_1_532' title='bbox 632 3530 710 3589; x_wconf 85' lang='lat' dir='ltr'><strong>ait</strong></span> <span class='ocrx_word' id='word_1_533' title='bbox 738 3549 750 3584; x_wconf 90' lang='lat'>:</span> <span class='ocrx_word' id='word_1_534' title='bbox 785 3530 973 3586; x_wconf 86' lang='lat' dir='ltr'><strong>Gratia</strong></span> <span class='ocrx_word' id='word_1_535' title='bbox 1005 3530 1197 3607; x_wconf 89' lang='lat' dir='ltr'><strong>utique</strong></span> <span class='ocrx_word' id='word_1_536' title='bbox 1232 3529 1329 3585; x_wconf 90' lang='lat' dir='ltr'><strong>Dei</strong></span> <span class='ocrx_word' id='word_1_537' title='bbox 1359 3532 1658 3587; x_wconf 87' lang='lat' dir='ltr'><strong>abundavit</strong></span> <span class='ocrx_word' id='word_1_538' title='bbox 1704 3532 1809 3587; x_wconf 91' lang='lat' dir='ltr'><strong>hac</strong></span> <span class='ocrx_word' id='word_1_539' title='bbox 1842 3525 1959 3604; x_wconf 83' lang='lat' dir='ltr'><strong>lege</strong></span> <span class='ocrx_word' id='word_1_540' title='bbox 1987 3551 1998 3589; x_wconf 92' lang='lat'><strong>:</strong></span> <span class='ocrx_word' id='word_1_541' title='bbox 2041 3530 2111 3585; x_wconf 88' lang='lat' dir='ltr'><strong>Ut</strong></span> 
     </span>
    </p>
   </div>
   <div class='ocr_carea' id='block_1_64' title="bbox 515 3621 2112 3695">
    <p class='ocr_par' dir='ltr' id='par_1_64' title="bbox 515 3621 2112 3695">
     <span class='ocr_line' id='line_1_64' title="bbox 515 3621 2112 3695; baseline 0.001 -19"><span class='ocrx_word' id='word_1_542' title='bbox 515 3623 657 3676; x_wconf 80' lang='lat' dir='ltr'><strong>sicut</strong></span> <span class='ocrx_word' id='word_1_543' title='bbox 672 3632 944 3692; x_wconf 87' lang='lat' dir='ltr'><strong>peccatum</strong></span> <span class='ocrx_word' id='word_1_544' title='bbox 963 3630 1090 3677; x_wconf 88' lang='lat' dir='ltr'><strong>ante</strong></span> <span class='ocrx_word' id='word_1_545' title='bbox 1107 3622 1559 3694; x_wconf 83' lang='lat' dir='ltr'><strong>justiﬂcationem</strong></span> <span class='ocrx_word' id='word_1_546' title='bbox 1590 3624 1840 3695; x_wconf 82' lang='lat' dir='ltr'><strong>regnabat</strong></span> <span class='ocrx_word' id='word_1_547' title='bbox 1861 3621 2112 3678; x_wconf 86' lang='lat' dir='ltr'><strong>ducendo</strong></span> 
     </span>
    </p>
   </div>
   <div class='ocr_carea' id='block_1_65' title="bbox 520 3715 2111 3787">
    <p class='ocr_par' dir='ltr' id='par_1_65' title="bbox 520 3715 2111 3787">
     <span class='ocr_line' id='line_1_65' title="bbox 520 3715 2111 3787; baseline 0.001 -20"><span class='ocrx_word' id='word_1_548' title='bbox 520 3715 578 3768; x_wconf 84' lang='lat' dir='ltr'><strong>in</strong></span> <span class='ocrx_word' id='word_1_549' title='bbox 610 3723 865 3783; x_wconf 86' lang='lat' dir='ltr'><strong>mortem,</strong></span> <span class='ocrx_word' id='word_1_550' title='bbox 892 3716 969 3769; x_wconf 89' lang='lat' dir='ltr'><strong>ita</strong></span> <span class='ocrx_word' id='word_1_551' title='bbox 998 3724 1048 3770; x_wconf 90' lang='lat' dir='ltr'><strong>et</strong></span> <span class='ocrx_word' id='word_1_552' title='bbox 1074 3717 1272 3786; x_wconf 84' lang='lat' dir='ltr'><strong>gratia,</strong></span> <span class='ocrx_word' id='word_1_553' title='bbox 1300 3725 1594 3787; x_wconf 81' lang='lat' dir='ltr'><strong>postquam</strong></span> <span class='ocrx_word' id='word_1_554' title='bbox 1626 3716 1839 3772; x_wconf 87' lang='lat' dir='ltr'><strong>remisit</strong></span> <span class='ocrx_word' id='word_1_555' title='bbox 1867 3724 2111 3786; x_wconf 87' lang='lat' dir='ltr'><strong>peccata,</strong></span> 
     </span>
    </p>
   </div>
   <div class='ocr_carea' id='block_1_66' title="bbox 521 3807 2112 3879">
    <p class='ocr_par' dir='ltr' id='par_1_66' title="bbox 521 3807 2112 3879">
     <span class='ocr_line' id='line_1_66' title="bbox 521 3807 2112 3879; baseline 0.001 -20"><span class='ocrx_word' id='word_1_556' title='bbox 521 3816 702 3877; x_wconf 84' lang='lat' dir='ltr'><strong>regnet</strong></span> <span class='ocrx_word' id='word_1_557' title='bbox 746 3823 841 3876; x_wconf 83' lang='lat' dir='ltr'><strong>per</strong></span> <span class='ocrx_word' id='word_1_558' title='bbox 887 3817 1165 3878; x_wconf 85' lang='lat' dir='ltr'><strong>acceptam</strong></span> <span class='ocrx_word' id='word_1_559' title='bbox 1198 3807 1477 3879; x_wconf 81' lang='lat' dir='ltr'><strong>justitiam</strong></span> <span class='ocrx_word' id='word_1_560' title='bbox 1506 3807 1645 3864; x_wconf 87' lang='lat' dir='ltr'><strong>bene</strong></span> <span class='ocrx_word' id='word_1_561' title='bbox 1697 3816 2112 3873; x_wconf 84' lang='lat' dir='ltr'><strong>conservatam,</strong></span> 
     </span>
    </p>
   </div>
   <div class='ocr_carea' id='block_1_67' title="bbox 517 3898 2113 3972">
    <p class='ocr_par' dir='ltr' id='par_1_67' title="bbox 517 3898 2113 3972">
     <span class='ocr_line' id='line_1_67' title="bbox 517 3898 2113 3972; baseline 0.001 -18"><span class='ocrx_word' id='word_1_562' title='bbox 517 3899 699 3955; x_wconf 85' lang='lat' dir='ltr'><strong>eundo</strong></span> <span class='ocrx_word' id='word_1_563' title='bbox 744 3901 803 3954; x_wconf 86' lang='lat' dir='ltr'><strong>in</strong></span> <span class='ocrx_word' id='word_1_564' title='bbox 831 3898 1275 3957; x_wconf 40' lang='lat' dir='ltr'><strong>vitam’wternam</strong></span> <span class='ocrx_word' id='word_1_565' title='bbox 1305 3917 1324 3955; x_wconf 90' lang='lat'><strong><em>:</em></strong></span> <span class='ocrx_word' id='word_1_566' title='bbox 1357 3917 1467 3956; x_wconf 92' lang='lat' dir='ltr'><strong>non</strong></span> <span class='ocrx_word' id='word_1_567' title='bbox 1505 3901 1618 3972; x_wconf 89' lang='lat' dir='ltr'><strong>jam</strong></span> <span class='ocrx_word' id='word_1_568' title='bbox 1660 3900 1898 3972; x_wconf 90' lang='lat' dir='ltr'><strong>amplius</strong></span> <span class='ocrx_word' id='word_1_569' title='bbox 1936 3900 2113 3971; x_wconf 88' lang='lat' dir='ltr'><strong>respi-</strong></span> 
     </span>
    </p>
   </div>
   <div class='ocr_carea' id='block_1_68' title="bbox 518 3991 2113 4065">
    <p class='ocr_par' dir='ltr' id='par_1_68' title="bbox 518 3991 2113 4065">
     <span class='ocr_line' id='line_1_68' title="bbox 518 3991 2113 4065; baseline -0.002 -19"><span class='ocrx_word' id='word_1_570' title='bbox 518 3992 715 4046; x_wconf 89' lang='lat' dir='ltr'><strong>ciendo</strong></span> <span class='ocrx_word' id='word_1_571' title='bbox 745 3991 810 4048; x_wconf 87' lang='lat' dir='ltr'><strong>ad</strong></span> <span class='ocrx_word' id='word_1_572' title='bbox 857 3993 1225 4064; x_wconf 85' lang='lat' dir='ltr'><strong>iniquitatem.</strong></span> <span class='ocrx_word' id='word_1_573' title='bbox 1268 3993 1465 4065; x_wconf 83' lang='lat' dir='ltr'><strong>Regnet</strong></span> <span class='ocrx_word' id='word_1_574' title='bbox 1510 3993 1655 4061; x_wconf 85' lang='lat' dir='ltr'><strong>dico,</strong></span> <span class='ocrx_word' id='word_1_575' title='bbox 1686 4010 1778 4063; x_wconf 88' lang='lat' dir='ltr'><strong>per</strong></span> <span class='ocrx_word' id='word_1_576' title='bbox 1824 3991 2113 4045; x_wconf 83' lang='lat' dir='ltr'><strong>Dominum</strong></span> 
     </span>
    </p>
   </div>
   <div class='ocr_carea' id='block_1_69' title="bbox 519 4082 2117 4156">
    <p class='ocr_par' dir='ltr' id='par_1_69' title="bbox 519 4082 2117 4156">
     <span class='ocr_line' id='line_1_69' title="bbox 519 4082 2117 4156; baseline -0.001 -19"><span class='ocrx_word' id='word_1_577' title='bbox 519 4091 759 4144; x_wconf 66' lang='lat' dir='ltr'><strong>nostrum</strong></span> <span class='ocrx_word' id='word_1_578' title='bbox 782 4084 967 4139; x_wconf 74' lang='lat' dir='ltr'><strong>Iesum</strong></span> <span class='ocrx_word' id='word_1_579' title='bbox 997 4085 1287 4141; x_wconf 84' lang='lat' dir='ltr'><strong>Christum.</strong></span> <span class='ocrx_word' id='word_1_580' title='bbox 1315 4086 1431 4156; x_wconf 91' lang='lat' dir='ltr'><strong>qui,</strong></span> <span class='ocrx_word' id='word_1_581' title='bbox 1472 4096 1763 4156; x_wconf 86' lang='lat' dir='ltr'><strong>postquam</strong></span> <span class='ocrx_word' id='word_1_582' title='bbox 1795 4082 2117 4154; x_wconf 83' lang='lat' dir='ltr'><strong>justificavit</strong></span> 
     </span>
    </p>
   </div>
   <div class='ocr_carea' id='block_1_70' title="bbox 519 4164 1990 4250">
    <p class='ocr_par' dir='ltr' id='par_1_70' title="bbox 519 4164 1990 4250">
     <span class='ocr_line' id='line_1_70' title="bbox 519 4164 1990 4250; baseline -0.001 -18"><span class='ocrx_word' id='word_1_583' title='bbox 519 4191 618 4250; x_wconf 88' lang='lat' dir='ltr'><strong>per</strong></span> <span class='ocrx_word' id='word_1_584' title='bbox 649 4176 904 4248; x_wconf 84' lang='lat' dir='ltr'><strong>gratiam,</strong></span> <span class='ocrx_word' id='word_1_585' title='bbox 931 4178 1025 4233; x_wconf 89' lang='lat' dir='ltr'><strong>dat</strong></span> <span class='ocrx_word' id='word_1_586' title='bbox 1048 4179 1217 4236; x_wconf 88' lang='lat' dir='ltr'><strong>vitam</strong></span> <span class='ocrx_word' id='word_1_587' title='bbox 1247 4189 1529 4232; x_wconf 72' lang='lat' dir='ltr'><strong>mternam.</strong></span> <span class='ocrx_word' id='word_1_588' title='bbox 1986 4164 1990 4168; x_wconf 25' lang='grc' dir='ltr'><em>δ</em></span> 
     </span>
    </p>
   </div>
   <div class='ocr_carea' id='block_1_71' title="bbox 1141 4267 1497 4331">
    <p class='ocr_par' dir='ltr' id='par_1_71' title="bbox 1141 4267 1497 4331">
     <span class='ocr_line' id='line_1_71' title="bbox 1141 4267 1497 4331; baseline -0.008 -6"><span class='ocrx_word' id='word_1_589' title='bbox 1141 4268 1370 4325; x_wconf 82' lang='lat' dir='ltr'><strong>CAPUT</strong></span> <span class='ocrx_word' id='word_1_590' title='bbox 1407 4267 1497 4331; x_wconf 80' lang='lat' dir='ltr'><strong>Vl,</strong></span> 
     </span>
    </p>
   </div>
   <div class='ocr_carea' id='block_1_72' title="bbox 604 4336 2119 4413">
    <p class='ocr_par' dir='ltr' id='par_1_72' title="bbox 604 4336 2119 4413">
     <span class='ocr_line' id='line_1_72' title="bbox 604 4336 2119 4413; baseline 0.001 -21"><span class='ocrx_word' id='word_1_591' title='bbox 604 4360 624 4392; x_wconf 73' lang='grc' dir='ltr'>α</span> <span class='ocrx_word' id='word_1_592' title='bbox 654 4339 797 4407; x_wconf 88' lang='lat' dir='ltr'><strong>Quid</strong></span> <span class='ocrx_word' id='word_1_593' title='bbox 833 4354 966 4413; x_wconf 88' lang='lat' dir='ltr'><strong>ergo</strong></span> <span class='ocrx_word' id='word_1_594' title='bbox 993 4340 1277 4397; x_wconf 85' lang='lat' dir='ltr'><strong>dicemus?</strong></span> <span class='ocrx_word' id='word_1_595' title='bbox 1309 4336 1650 4395; x_wconf 83' lang='lat' dir='ltr'><strong>Mauebimus</strong></span> <span class='ocrx_word' id='word_1_596' title='bbox 1680 4338 1737 4393; x_wconf 86' lang='lat' dir='ltr'><strong>in</strong></span> <span class='ocrx_word' id='word_1_597' title='bbox 1777 4346 2026 4409; x_wconf 88' lang='lat' dir='ltr'><strong>peccato,</strong></span> <span class='ocrx_word' id='word_1_598' title='bbox 2056 4345 2119 4394; x_wconf 90' lang='lat' dir='ltr'><strong>ut</strong></span> 
     </span>
    </p>
   </div>
   <div class='ocr_carea' id='block_1_73' title="bbox 531 4430 2119 4505">
    <p class='ocr_par' dir='ltr' id='par_1_73' title="bbox 531 4430 2119 4505">
     <span class='ocr_line' id='line_1_73' title="bbox 531 4430 2119 4505; baseline 0 -20"><span class='ocrx_word' id='word_1_599' title='bbox 531 4451 550 4485; x_wconf 72' lang='grc' dir='ltr'>ι</span> <span class='ocrx_word' id='word_1_600' title='bbox 580 4433 755 4505; x_wconf 87' lang='lat' dir='ltr'><strong>gratia</strong></span> <span class='ocrx_word' id='word_1_601' title='bbox 776 4433 1049 4489; x_wconf 84' lang='lat' dir='ltr'><strong>abundet?</strong></span> <span class='ocrx_word' id='word_1_602' title='bbox 1066 4432 1253 4489; x_wconf 84' lang='lat' dir='ltr'><strong>Absit!</strong></span> <span class='ocrx_word' id='word_1_603' title='bbox 1278 4430 1382 4499; x_wconf 87' lang='lat' dir='ltr'><strong>Qui</strong></span> <span class='ocrx_word' id='word_1_604' title='bbox 1396 4431 1543 4487; x_wconf 89' lang='lat' dir='ltr'><strong>enim</strong></span> <span class='ocrx_word' id='word_1_605' title='bbox 1560 4431 1765 4485; x_wconf 88' lang='lat' dir='ltr'><strong>mortui</strong></span> <span class='ocrx_word' id='word_1_606' title='bbox 1782 4445 1977 4487; x_wconf 89' lang='lat' dir='ltr'><strong>sumus</strong></span> <span class='ocrx_word' id='word_1_607' title='bbox 1991 4442 2119 4499; x_wconf 43' lang='lat' dir='ltr'><strong>pec;</strong></span> 
     </span>
    </p>
   </div>
   <div class='ocr_carea' id='block_1_74' title="bbox 2863 3266 3247 3355">
    <p class='ocr_par' dir='ltr' id='par_1_74' title="bbox 2863 3266 3247 3355">
     <span class='ocr_line' id='line_1_74' title="bbox 2863 3266 3247 3355; baseline 0 -16"><span class='ocrx_word' id='word_1_608' title='bbox 2863 3266 3169 3341; x_wconf 73' lang='lat' dir='ltr'><strong>sxrosrrto.</strong></span> <span class='ocrx_word' id='word_1_609' title='bbox 3244 3352 3247 3355; x_wconf 19' lang='grc' dir='ltr'><em>ν</em></span> 
     </span>
    </p>
   </div>
   <div class='ocr_carea' id='block_1_75' title="bbox 2215 3392 3809 3469">
    <p class='ocr_par' dir='ltr' id='par_1_75' title="bbox 2215 3392 3809 3469">
     <span class='ocr_line' id='line_1_75' title="bbox 2215 3392 3809 3469; baseline 0.004 -21"><span class='ocrx_word' id='word_1_610' title='bbox 2215 3424 2221 3430; x_wconf 67' lang='grc' dir='ltr'><strong><em>ο</em></strong></span> <span class='ocrx_word' id='word_1_611' title='bbox 2285 3392 2736 3465; x_wconf 84' lang='lat' dir='ltr'><strong>Quandoquidem</strong></span> <span class='ocrx_word' id='word_1_612' title='bbox 2766 3396 2942 3467; x_wconf 87' lang='lat' dir='ltr'><strong>gratia</strong></span> <span class='ocrx_word' id='word_1_613' title='bbox 2966 3412 3195 3468; x_wconf 90' lang='lat' dir='ltr'><strong>regnare</strong></span> <span class='ocrx_word' id='word_1_614' title='bbox 3224 3397 3384 3453; x_wconf 84' lang='lat' dir='ltr'><strong>debet</strong></span> <span class='ocrx_word' id='word_1_615' title='bbox 3412 3412 3510 3469; x_wconf 88' lang='lat' dir='ltr'><strong>per</strong></span> <span class='ocrx_word' id='word_1_616' title='bbox 3532 3397 3809 3469; x_wconf 84' lang='lat' dir='ltr'><strong>justitiam</strong></span> 
     </span>
    </p>
   </div>
   <div class='ocr_carea' id='block_1_76' title="bbox 2211 3488 3810 3557">
    <p class='ocr_par' dir='ltr' id='par_1_76' title="bbox 2211 3488 3810 3557">
     <span class='ocr_line' id='line_1_76' title="bbox 2211 3488 3810 3557; baseline 0.005 -18"><span class='ocrx_word' id='word_1_617' title='bbox 2211 3495 2593 3542; x_wconf 89' lang='lat' dir='ltr'><strong>conservatam</strong></span> <span class='ocrx_word' id='word_1_618' title='bbox 2627 3501 2870 3557; x_wconf 88' lang='lat' dir='ltr'><strong>semper,</strong></span> <span class='ocrx_word' id='word_1_619' title='bbox 2911 3488 3087 3544; x_wconf 89' lang='lat' dir='ltr'><strong>donec</strong></span> <span class='ocrx_word' id='word_1_620' title='bbox 3114 3488 3302 3544; x_wconf 90' lang='lat' dir='ltr'><strong>veniat</strong></span> <span class='ocrx_word' id='word_1_621' title='bbox 3343 3489 3401 3544; x_wconf 90' lang='lat' dir='ltr'><strong>in</strong></span> <span class='ocrx_word' id='word_1_622' title='bbox 3434 3490 3603 3545; x_wconf 90' lang='lat' dir='ltr'><strong>vitam</strong></span> <span class='ocrx_word' id='word_1_623' title='bbox 3646 3500 3810 3547; x_wconf 70' lang='lat' dir='ltr'><strong>teter-</strong></span> 
     </span>
    </p>
   </div>
   <div class='ocr_carea' id='block_1_77' title="bbox 2213 3563 3814 3645">
    <p class='ocr_par' dir='ltr' id='par_1_77' title="bbox 2213 3563 3814 3645">
     <span class='ocr_line' id='line_1_77' title="bbox 2213 3563 3814 3645; baseline 0.004 -17"><span class='ocrx_word' id='word_1_624' title='bbox 2213 3588 2364 3641; x_wconf 83' lang='lat' dir='ltr'><strong>nam,</strong></span> <span class='ocrx_word' id='word_1_625' title='bbox 2390 3590 2513 3645; x_wconf 86' lang='lat' dir='ltr'><strong>ergo</strong></span> <span class='ocrx_word' id='word_1_626' title='bbox 2554 3575 2683 3645; x_wconf 87' lang='lat' dir='ltr'><strong>quid</strong></span> <span class='ocrx_word' id='word_1_627' title='bbox 2722 3576 2993 3644; x_wconf 77' lang='lat' dir='ltr'><strong>dicemus?</strong></span> <span class='ocrx_word' id='word_1_628' title='bbox 3039 3563 3479 3634; x_wconf 77' lang='lat' dir='ltr'><strong>Permanebimus</strong></span> <span class='ocrx_word' id='word_1_629' title='bbox 3510 3579 3710 3634; x_wconf 88' lang='lat' dir='ltr'><strong>iterum</strong></span> <span class='ocrx_word' id='word_1_630' title='bbox 3754 3581 3814 3634; x_wconf 83' lang='lat' dir='ltr'><strong>in</strong></span> 
     </span>
    </p>
   </div>
   <div class='ocr_carea' id='block_1_78' title="bbox 2211 3666 3811 3742">
    <p class='ocr_par' dir='ltr' id='par_1_78' title="bbox 2211 3666 3811 3742">
     <span class='ocr_line' id='line_1_78' title="bbox 2211 3666 3811 3742; baseline 0.005 -24"><span class='ocrx_word' id='word_1_631' title='bbox 2211 3675 2426 3735; x_wconf 85' lang='lat' dir='ltr'><strong>peccato</strong></span> <span class='ocrx_word' id='word_1_632' title='bbox 2436 3666 2727 3736; x_wconf 77' lang='lat' dir='ltr'><strong>justi/icati</strong></span> <span class='ocrx_word' id='word_1_633' title='bbox 2744 3667 2860 3736; x_wconf 91' lang='lat' dir='ltr'><strong>jam</strong></span> <span class='ocrx_word' id='word_1_634' title='bbox 2884 3683 2983 3738; x_wconf 89' lang='lat' dir='ltr'><strong>per</strong></span> <span class='ocrx_word' id='word_1_635' title='bbox 2995 3669 3251 3740; x_wconf 84' lang='lat' dir='ltr'><strong>gratiam,</strong></span> <span class='ocrx_word' id='word_1_636' title='bbox 3273 3680 3329 3724; x_wconf 90' lang='lat' dir='ltr'><strong>ut</strong></span> <span class='ocrx_word' id='word_1_637' title='bbox 3354 3670 3585 3725; x_wconf 82' lang='lat' dir='ltr'><strong>abundet</strong></span> <span class='ocrx_word' id='word_1_638' title='bbox 3608 3672 3811 3742; x_wconf 85' lang='lat' dir='ltr'><strong>gratia,</strong></span> 
     </span>
    </p>
   </div>
   <div class='ocr_carea' id='block_1_79' title="bbox 2210 3757 3817 3834">
    <p class='ocr_par' dir='ltr' id='par_1_79' title="bbox 2210 3757 3817 3834">
     <span class='ocr_line' id='line_1_79' title="bbox 2210 3757 3817 3834; baseline 0.003 -20"><span class='ocrx_word' id='word_1_639' title='bbox 2210 3757 2410 3828; x_wconf 85' lang='lat' dir='ltr'><strong>iterum</strong></span> <span class='ocrx_word' id='word_1_640' title='bbox 2445 3758 2773 3815; x_wconf 82' lang='lat' dir='ltr'><strong>remittendo</strong></span> <span class='ocrx_word' id='word_1_641' title='bbox 2796 3760 2969 3831; x_wconf 86' lang='lat' dir='ltr'><strong>gratis</strong></span> <span class='ocrx_word' id='word_1_642' title='bbox 3015 3777 3140 3834; x_wconf 70' lang='lat' dir='ltr'><strong>qua:</strong></span> <span class='ocrx_word' id='word_1_643' title='bbox 3185 3761 3382 3818; x_wconf 86' lang='lat' dir='ltr'><strong>iterum</strong></span> <span class='ocrx_word' id='word_1_644' title='bbox 3430 3763 3817 3834; x_wconf 78' lang='lat' dir='ltr'><strong>deliquimus?</strong></span> 
     </span>
    </p>
   </div>
   <div class='ocr_carea' id='block_1_80' title="bbox 2211 3849 3816 3925">
    <p class='ocr_par' dir='ltr' id='par_1_80' title="bbox 2211 3849 3816 3925">
     <span class='ocr_line' id='line_1_80' title="bbox 2211 3849 3816 3925; baseline 0.006 -22"><span class='ocrx_word' id='word_1_645' title='bbox 2211 3849 2366 3904; x_wconf 82' lang='lat' dir='ltr'><strong>Absit</strong></span> <span class='ocrx_word' id='word_1_646' title='bbox 2402 3851 2526 3918; x_wconf 88' lang='lat' dir='ltr'><strong>hoc,</strong></span> <span class='ocrx_word' id='word_1_647' title='bbox 2565 3861 2628 3907; x_wconf 92' lang='lat' dir='ltr'><strong>ut</strong></span> <span class='ocrx_word' id='word_1_648' title='bbox 2663 3860 2773 3907; x_wconf 91' lang='lat' dir='ltr'><strong>tam</strong></span> <span class='ocrx_word' id='word_1_649' title='bbox 2811 3868 3070 3925; x_wconf 89' lang='lat' dir='ltr'><strong>perversa</strong></span> <span class='ocrx_word' id='word_1_650' title='bbox 3118 3855 3426 3911; x_wconf 87' lang='lat' dir='ltr'><strong>intentione</strong></span> <span class='ocrx_word' id='word_1_651' title='bbox 3466 3865 3816 3913; x_wconf 88' lang='lat' dir='ltr'><strong>revertamur</strong></span> 
     </span>
    </p>
   </div>
   <div class='ocr_carea' id='block_1_81' title="bbox 2214 3943 3816 4019">
    <p class='ocr_par' dir='ltr' id='par_1_81' title="bbox 2214 3943 3816 4019">
     <span class='ocr_line' id='line_1_81' title="bbox 2214 3943 3816 4019; baseline 0.006 -22"><span class='ocrx_word' id='word_1_652' title='bbox 2214 3943 2269 3997; x_wconf 93' lang='lat' dir='ltr'><strong>in</strong></span> <span class='ocrx_word' id='word_1_653' title='bbox 2299 3953 2584 4013; x_wconf 86' lang='lat' dir='ltr'><strong>peccatum</strong></span> <span class='ocrx_word' id='word_1_654' title='bbox 2610 3947 2625 4000; x_wconf 69' lang='grc' dir='ltr'><strong>ε</strong></span> <span class='ocrx_word' id='word_1_655' title='bbox 2652 3944 2752 4000; x_wconf 83' lang='lat' dir='ltr'><strong>Hic</strong></span> <span class='ocrx_word' id='word_1_656' title='bbox 2797 3946 2989 4016; x_wconf 90' lang='lat' dir='ltr'><strong>incipit</strong></span> <span class='ocrx_word' id='word_1_657' title='bbox 3021 3946 3171 4019; x_wconf 67' lang='lat' dir='ltr'><strong>lcqui</strong></span> <span class='ocrx_word' id='word_1_658' title='bbox 3212 3948 3282 4004; x_wconf 90' lang='lat' dir='ltr'><strong>de</strong></span> <span class='ocrx_word' id='word_1_659' title='bbox 3322 3948 3527 4019; x_wconf 84' lang='lat' dir='ltr'><strong>duplici</strong></span> <span class='ocrx_word' id='word_1_660' title='bbox 3555 3964 3816 4006; x_wconf 85' lang='lat' dir='ltr'><strong>resurre-</strong></span> 
     </span>
    </p>
   </div>
   <div class='ocr_carea' id='block_1_82' title="bbox 2214 4035 3816 4112">
    <p class='ocr_par' dir='ltr' id='par_1_82' title="bbox 2214 4035 3816 4112">
     <span class='ocr_line' id='line_1_82' title="bbox 2214 4035 3816 4112; baseline 0.003 -20"><span class='ocrx_word' id='word_1_661' title='bbox 2214 4035 2413 4095; x_wconf 89' lang='lat' dir='ltr'><strong>ctione.</strong></span> <span class='ocrx_word' id='word_1_662' title='bbox 2459 4036 2644 4095; x_wconf 87' lang='lat' dir='ltr'><strong>Prima</strong></span> <span class='ocrx_word' id='word_1_663' title='bbox 2689 4054 2800 4109; x_wconf 88' lang='lat' dir='ltr'><strong>qua</strong></span> <span class='ocrx_word' id='word_1_664' title='bbox 2834 4039 3137 4095; x_wconf 88' lang='lat' dir='ltr'><strong>secundum</strong></span> <span class='ocrx_word' id='word_1_665' title='bbox 3173 4039 3416 4099; x_wconf 86' lang='lat' dir='ltr'><strong>animam</strong></span> <span class='ocrx_word' id='word_1_666' title='bbox 3440 4040 3816 4112; x_wconf 85' lang='lat' dir='ltr'><strong>justificamur</strong></span> 
     </span>
    </p>
   </div>
   <div class='ocr_carea' id='block_1_83' title="bbox 2214 4128 3815 4203">
    <p class='ocr_par' dir='ltr' id='par_1_83' title="bbox 2214 4128 3815 4203">
     <span class='ocr_line' id='line_1_83' title="bbox 2214 4128 3815 4203; baseline 0.002 -16"><span class='ocrx_word' id='word_1_667' title='bbox 2214 4129 2273 4187; x_wconf 88' lang='lat' dir='ltr'><strong>in</strong></span> <span class='ocrx_word' id='word_1_668' title='bbox 2325 4128 2691 4199; x_wconf 89' lang='lat' dir='ltr'><strong>baptismate,</strong></span> <span class='ocrx_word' id='word_1_669' title='bbox 2732 4131 2881 4203; x_wconf 89' lang='lat' dir='ltr'><strong>quod</strong></span> <span class='ocrx_word' id='word_1_670' title='bbox 2934 4131 3208 4202; x_wconf 86' lang='lat' dir='ltr'><strong>baptisma</strong></span> <span class='ocrx_word' id='word_1_671' title='bbox 3251 4134 3594 4189; x_wconf 86' lang='lat' dir='ltr'><strong>consecravit</strong></span> <span class='ocrx_word' id='word_1_672' title='bbox 3647 4134 3815 4191; x_wconf 81' lang='lat' dir='ltr'><strong>nobis</strong></span> 
     </span>
    </p>
   </div>
   <div class='ocr_carea' id='block_1_84' title="bbox 2214 4221 3819 4296">
    <p class='ocr_par' dir='ltr' id='par_1_84' title="bbox 2214 4221 3819 4296">
     <span class='ocr_line' id='line_1_84' title="bbox 2214 4221 3819 4296; baseline 0.004 -20"><span class='ocrx_word' id='word_1_673' title='bbox 2214 4221 2470 4290; x_wconf 77' lang='lat' dir='ltr'><strong>Christus</strong></span> <span class='ocrx_word' id='word_1_674' title='bbox 2498 4224 2555 4278; x_wconf 90' lang='lat' dir='ltr'><strong>in</strong></span> <span class='ocrx_word' id='word_1_675' title='bbox 2582 4231 2758 4280; x_wconf 88' lang='lat' dir='ltr'><strong>morte</strong></span> <span class='ocrx_word' id='word_1_676' title='bbox 2779 4239 2899 4292; x_wconf 89' lang='lat' dir='ltr'><strong>sua,</strong></span> <span class='ocrx_word' id='word_1_677' title='bbox 2929 4223 3209 4281; x_wconf 87' lang='lat' dir='ltr'><strong>fundendo</strong></span> <span class='ocrx_word' id='word_1_678' title='bbox 3237 4240 3438 4296; x_wconf 87' lang='lat' dir='ltr'><strong>aquam</strong></span> <span class='ocrx_word' id='word_1_679' title='bbox 3467 4226 3819 4283; x_wconf 87' lang='lat' dir='ltr'><strong>remissionis</strong></span> 
     </span>
    </p>
   </div>
   <div class='ocr_carea' id='block_1_85' title="bbox 2215 4314 3818 4385">
    <p class='ocr_par' dir='ltr' id='par_1_85' title="bbox 2215 4314 3818 4385">
     <span class='ocr_line' id='line_1_85' title="bbox 2215 4314 3818 4385; baseline 0.002 -12"><span class='ocrx_word' id='word_1_680' title='bbox 2215 4314 2285 4373; x_wconf 87' lang='lat' dir='ltr'><strong>de</strong></span> <span class='ocrx_word' id='word_1_681' title='bbox 2312 4316 2483 4371; x_wconf 87' lang='lat' dir='ltr'><strong>latere</strong></span> <span class='ocrx_word' id='word_1_682' title='bbox 2508 4332 2611 4372; x_wconf 90' lang='lat' dir='ltr'><strong>suo</strong></span> <span class='ocrx_word' id='word_1_683' title='bbox 2644 4335 2658 4385; x_wconf 90' lang='lat'><strong>;</strong></span> <span class='ocrx_word' id='word_1_684' title='bbox 2712 4316 3006 4373; x_wconf 89' lang='lat' dir='ltr'><strong>insinuans</strong></span> <span class='ocrx_word' id='word_1_685' title='bbox 3035 4333 3138 4373; x_wconf 91' lang='lat' dir='ltr'><strong>nos</strong></span> <span class='ocrx_word' id='word_1_686' title='bbox 3165 4317 3365 4374; x_wconf 88' lang='lat' dir='ltr'><strong>debere</strong></span> <span class='ocrx_word' id='word_1_687' title='bbox 3413 4321 3680 4375; x_wconf 89' lang='lat' dir='ltr'><strong>commori</strong></span> <span class='ocrx_word' id='word_1_688' title='bbox 3710 4320 3818 4377; x_wconf 86' lang='lat' dir='ltr'><strong>sibi</strong></span> 
     </span>
    </p>
   </div>
   <div class='ocr_carea' id='block_1_86' title="bbox 2216 4398 3823 4480">
    <p class='ocr_par' dir='ltr' id='par_1_86' title="bbox 2216 4398 3823 4480">
     <span class='ocr_line' id='line_1_86' title="bbox 2216 4398 3823 4480; baseline 0.004 -17"><span class='ocrx_word' id='word_1_689' title='bbox 2216 4406 2272 4463; x_wconf 90' lang='lat' dir='ltr'><strong>in</strong></span> <span class='ocrx_word' id='word_1_690' title='bbox 2299 4408 2572 4479; x_wconf 87' lang='lat' dir='ltr'><strong>baptismo</strong></span> <span class='ocrx_word' id='word_1_691' title='bbox 2605 4427 2617 4466; x_wconf 89' lang='lat'><strong>:</strong></span> <span class='ocrx_word' id='word_1_692' title='bbox 2652 4417 2713 4466; x_wconf 88' lang='lat' dir='ltr'><strong>ut</strong></span> <span class='ocrx_word' id='word_1_693' title='bbox 2741 4398 3205 4480; x_wconf 76' lang='lat' dir='ltr'><strong>quei&#39;nadmodum</strong></span> <span class='ocrx_word' id='word_1_694' title='bbox 3226 4410 3325 4466; x_wconf 86' lang='lat' dir='ltr'><strong>ille</strong></span> <span class='ocrx_word' id='word_1_695' title='bbox 3364 4411 3535 4467; x_wconf 89' lang='lat' dir='ltr'><strong>semel</strong></span> <span class='ocrx_word' id='word_1_696' title='bbox 3564 4421 3823 4469; x_wconf 89' lang='lat' dir='ltr'><strong>mortuus</strong></span> 
     </span>
    </p>
   </div>
   <div class='ocr_carea' id='block_1_87' title="bbox 533 4500 3823 4598">
    <p class='ocr_par' dir='ltr' id='par_1_87' title="bbox 533 4500 3823 4598">
     <span class='ocr_line' id='line_1_87' title="bbox 533 4500 3823 4598; baseline -0.007 -19"><span class='ocrx_word' id='word_1_697' title='bbox 533 4548 553 4578; x_wconf 79' lang='grc' dir='ltr'>σ</span> <span class='ocrx_word' id='word_1_698' title='bbox 578 4500 721 4593; x_wconf 71' lang='lat' dir='ltr'><strong>cato,</strong></span> <span class='ocrx_word' id='word_1_699' title='bbox 749 4525 1027 4598; x_wconf 89' lang='lat' dir='ltr'><strong>quomodo</strong></span> <span class='ocrx_word' id='word_1_700' title='bbox 1064 4525 1245 4581; x_wconf 90' lang='lat' dir='ltr'><strong>adhuc</strong></span> <span class='ocrx_word' id='word_1_701' title='bbox 1271 4523 1519 4581; x_wconf 85' lang='lat' dir='ltr'><strong>vivemus</strong></span> <span class='ocrx_word' id='word_1_702' title='bbox 1544 4523 1599 4577; x_wconf 93' lang='lat' dir='ltr'><strong>in</strong></span> <span class='ocrx_word' id='word_1_703' title='bbox 1636 4520 1763 4576; x_wconf 86' lang='lat' dir='ltr'><strong>illo?</strong></span> <span class='ocrx_word' id='word_1_704' title='bbox 1788 4522 1871 4576; x_wconf 89' lang='lat' dir='ltr'><strong>An</strong></span> <span class='ocrx_word' id='word_1_705' title='bbox 1896 4512 2117 4592; x_wconf 83' lang='lat' dir='ltr'><strong>ignora-</strong></span> <span class='ocrx_word' id='word_1_706' title='bbox 2147 4539 2192 4595; x_wconf 76' lang='grc' dir='ltr'>υ</span> <span class='ocrx_word' id='word_1_707' title='bbox 2217 4500 2285 4556; x_wconf 68' lang='lat' dir='ltr'><strong>ad</strong></span> <span class='ocrx_word' id='word_1_708' title='bbox 2331 4511 2488 4556; x_wconf 76' lang='lat' dir='ltr'><strong>actus</strong></span> <span class='ocrx_word' id='word_1_709' title='bbox 2511 4501 3013 4598; x_wconf 22' lang='lat' dir='ltr'><strong>Aveteris‘hominis</strong></span> <span class='ocrx_word' id='word_1_710' title='bbox 3034 4515 3144 4598; x_wconf 81' lang='lat' dir='ltr'><strong>non</strong></span> <span class='ocrx_word' id='word_1_711' title='bbox 3177 4508 3265 4557; x_wconf 86' lang='lat' dir='ltr'><strong>est</strong></span> <span class='ocrx_word' id='word_1_712' title='bbox 3308 4517 3595 4569; x_wconf 87' lang='lat' dir='ltr'><strong>reversus,</strong></span> <span class='ocrx_word' id='word_1_713' title='bbox 3645 4503 3730 4560; x_wconf 89' lang='lat' dir='ltr'><strong>sic</strong></span> <span class='ocrx_word' id='word_1_714' title='bbox 3767 4515 3823 4561; x_wconf 84' lang='lat' dir='ltr'><strong>et</strong></span> 
     </span>
    </p>
   </div>
   <div class='ocr_carea' id='block_1_88' title="bbox 535 4613 2122 4688">
    <p class='ocr_par' dir='ltr' id='par_1_88' title="bbox 535 4613 2122 4688">
     <span class='ocr_line' id='line_1_88' title="bbox 535 4613 2122 4688; baseline -0.001 -19"><span class='ocrx_word' id='word_1_715' title='bbox 535 4638 555 4669; x_wconf 71' lang='grc' dir='ltr'>ι</span> <span class='ocrx_word' id='word_1_716' title='bbox 587 4617 692 4683; x_wconf 87' lang='lat' dir='ltr'><strong>tis,</strong></span> <span class='ocrx_word' id='word_1_717' title='bbox 740 4618 958 4685; x_wconf 86' lang='lat' dir='ltr'><strong>fratres,</strong></span> <span class='ocrx_word' id='word_1_718' title='bbox 1015 4617 1144 4688; x_wconf 87' lang='lat' dir='ltr'><strong>quia</strong></span> <span class='ocrx_word' id='word_1_719' title='bbox 1169 4616 1486 4687; x_wconf 85' lang='lat' dir='ltr'><strong>quicunque</strong></span> <span class='ocrx_word' id='word_1_720' title='bbox 1519 4613 1795 4685; x_wconf 83' lang='lat' dir='ltr'><strong>&#39;baptizati</strong></span> <span class='ocrx_word' id='word_1_721' title='bbox 1838 4627 2031 4668; x_wconf 88' lang='lat' dir='ltr'><strong>sumus</strong></span> <span class='ocrx_word' id='word_1_722' title='bbox 2066 4613 2122 4667; x_wconf 89' lang='lat' dir='ltr'><strong>in</strong></span> 
     </span>
    </p>
   </div>
   <div class='ocr_carea' id='block_1_89' title="bbox 460 4702 2124 4776">
    <p class='ocr_par' dir='ltr' id='par_1_89' title="bbox 460 4702 2124 4776">
     <span class='ocr_line' id='line_1_89' title="bbox 460 4702 2124 4776; baseline 0 -17"><span class='ocrx_word' id='word_1_723' title='bbox 460 4702 463 4705; x_wconf 61' lang='grc'><em>“</em></span> <span class='ocrx_word' id='word_1_724' title='bbox 535 4729 555 4759; x_wconf 78' lang='grc' dir='ltr'>ι</span> <span class='ocrx_word' id='word_1_725' title='bbox 582 4707 806 4763; x_wconf 91' lang='lat' dir='ltr'><strong>Christo</strong></span> <span class='ocrx_word' id='word_1_726' title='bbox 821 4707 970 4775; x_wconf 87' lang='lat' dir='ltr'><strong>Jesu,</strong></span> <span class='ocrx_word' id='word_1_727' title='bbox 986 4708 1044 4762; x_wconf 90' lang='lat' dir='ltr'><strong>in</strong></span> <span class='ocrx_word' id='word_1_728' title='bbox 1060 4717 1236 4764; x_wconf 85' lang='lat' dir='ltr'><strong>morte</strong></span> <span class='ocrx_word' id='word_1_729' title='bbox 1265 4704 1439 4776; x_wconf 89' lang='lat' dir='ltr'><strong>ipsius</strong></span> <span class='ocrx_word' id='word_1_730' title='bbox 1460 4705 1719 4776; x_wconf 85' lang='lat' dir='ltr'><strong>baptizati</strong></span> <span class='ocrx_word' id='word_1_731' title='bbox 1742 4719 1955 4760; x_wconf 91' lang='lat' dir='ltr'><strong>sumus.</strong></span> <span class='ocrx_word' id='word_1_732' title='bbox 1978 4703 2124 4759; x_wconf 87' lang='lat' dir='ltr'><strong>Cun-</strong></span> 
     </span>
    </p>
   </div>
   <div class='ocr_carea' id='block_1_90' title="bbox 452 4796 2128 4870">
    <p class='ocr_par' dir='ltr' id='par_1_90' title="bbox 452 4796 2128 4870">
     <span class='ocr_line' id='line_1_90' title="bbox 452 4796 2128 4870; baseline -0.002 -18"><span class='ocrx_word' id='word_1_733' title='bbox 452 4806 455 4809; x_wconf 76' lang='lat'><em>&#39;</em></span> <span class='ocrx_word' id='word_1_734' title='bbox 536 4819 559 4852; x_wconf 64' lang='grc' dir='ltr'><em>ι</em></span> <span class='ocrx_word' id='word_1_735' title='bbox 588 4799 785 4870; x_wconf 91' lang='lat' dir='ltr'><strong>sepulti</strong></span> <span class='ocrx_word' id='word_1_736' title='bbox 796 4800 946 4855; x_wconf 89' lang='lat' dir='ltr'><strong>enim</strong></span> <span class='ocrx_word' id='word_1_737' title='bbox 962 4813 1292 4861; x_wconf 89' lang='lat' dir='ltr'><strong>sumuscum</strong></span> <span class='ocrx_word' id='word_1_738' title='bbox 1317 4797 1412 4853; x_wconf 91' lang='lat' dir='ltr'><strong>illo</strong></span> <span class='ocrx_word' id='word_1_739' title='bbox 1436 4812 1534 4869; x_wconf 89' lang='lat' dir='ltr'><strong>per</strong></span> <span class='ocrx_word' id='word_1_740' title='bbox 1546 4797 1881 4867; x_wconf 88' lang='lat' dir='ltr'><strong>baptismum</strong></span> <span class='ocrx_word' id='word_1_741' title='bbox 1904 4796 1959 4850; x_wconf 89' lang='lat' dir='ltr'><strong>in</strong></span> <span class='ocrx_word' id='word_1_742' title='bbox 1983 4811 2128 4852; x_wconf 87' lang='lat' dir='ltr'><strong>mor-</strong></span> 
     </span>
    </p>
   </div>
   <div class='ocr_carea' id='block_1_91' title="bbox 538 4887 2126 4964">
    <p class='ocr_par' dir='ltr' id='par_1_91' title="bbox 538 4887 2126 4964">
     <span class='ocr_line' id='line_1_91' title="bbox 538 4887 2126 4964; baseline -0.003 -18"><span class='ocrx_word' id='word_1_743' title='bbox 538 4913 556 4945; x_wconf 78' lang='grc' dir='ltr'>ι</span> <span class='ocrx_word' id='word_1_744' title='bbox 589 4901 719 4961; x_wconf 90' lang='lat' dir='ltr'><strong>tem,</strong></span> <span class='ocrx_word' id='word_1_745' title='bbox 748 4901 811 4948; x_wconf 93' lang='lat' dir='ltr'><strong>ut</strong></span> <span class='ocrx_word' id='word_1_746' title='bbox 842 4892 1119 4964; x_wconf 85' lang='lat' dir='ltr'><strong>quomodo</strong></span> <span class='ocrx_word' id='word_1_747' title='bbox 1152 4890 1408 4946; x_wconf 89' lang='lat' dir='ltr'><strong>Christus</strong></span> <span class='ocrx_word' id='word_1_748' title='bbox 1456 4888 1700 4947; x_wconf 85' lang='lat' dir='ltr'><strong>surrexit</strong></span> <span class='ocrx_word' id='word_1_749' title='bbox 1721 4904 1752 4943; x_wconf 92' lang='lat' dir='ltr'><strong>a</strong></span> <span class='ocrx_word' id='word_1_750' title='bbox 1773 4887 2006 4943; x_wconf 89' lang='lat' dir='ltr'><strong>mortuis</strong></span> <span class='ocrx_word' id='word_1_751' title='bbox 2026 4903 2126 4958; x_wconf 90' lang='lat' dir='ltr'><strong>per</strong></span> 
     </span>
    </p>
   </div>
   <div class='ocr_carea' id='block_1_92' title="bbox 390 4978 2126 5065">
    <p class='ocr_par' dir='ltr' id='par_1_92' title="bbox 390 4978 2126 5065">
     <span class='ocr_line' id='line_1_92' title="bbox 390 4978 2126 5065; baseline -0.002 -27"><span class='ocrx_word' id='word_1_752' title='bbox 390 5004 396 5011; x_wconf 58' lang='grc' dir='ltr'><strong><em>α</em></strong></span> <span class='ocrx_word' id='word_1_753' title='bbox 446 5062 453 5065; x_wconf 87' lang='lat'>_</span> <span class='ocrx_word' id='word_1_754' title='bbox 539 5007 559 5038; x_wconf 73' lang='lat' dir='ltr'><strong>c</strong></span> <span class='ocrx_word' id='word_1_755' title='bbox 591 4986 820 5057; x_wconf 84' lang='lat' dir='ltr'><strong>gloriam</strong></span> <span class='ocrx_word' id='word_1_756' title='bbox 849 4985 1058 5052; x_wconf 83' lang='lat' dir='ltr'><strong>Patris,</strong></span> <span class='ocrx_word' id='word_1_757' title='bbox 1087 4985 1164 5039; x_wconf 93' lang='lat' dir='ltr'><strong>ita</strong></span> <span class='ocrx_word' id='word_1_758' title='bbox 1199 4982 1253 5043; x_wconf 78' lang='lat' dir='ltr'><strong>et</strong></span> <span class='ocrx_word' id='word_1_759' title='bbox 1282 4998 1385 5040; x_wconf 90' lang='lat' dir='ltr'><strong>nos</strong></span> <span class='ocrx_word' id='word_1_760' title='bbox 1419 4983 1474 5039; x_wconf 91' lang='lat' dir='ltr'><strong>in</strong></span> <span class='ocrx_word' id='word_1_761' title='bbox 1505 4978 1747 5040; x_wconf 82' lang='lat' dir='ltr'><strong>nevitate</strong></span> <span class='ocrx_word' id='word_1_762' title='bbox 1779 4981 1902 5036; x_wconf 64' lang='lat' dir='ltr'><strong>vitae</strong></span> <span class='ocrx_word' id='word_1_763' title='bbox 1934 4980 2126 5035; x_wconf 86' lang='lat' dir='ltr'><strong>ambu-</strong></span> 
     </span>
    </p>
   </div>
   <div class='ocr_carea' id='block_1_93' title="bbox 539 5073 2127 5147">
    <p class='ocr_par' dir='ltr' id='par_1_93' title="bbox 539 5073 2127 5147">
     <span class='ocr_line' id='line_1_93' title="bbox 539 5073 2127 5147; baseline -0.005 -16"><span class='ocrx_word' id='word_1_764' title='bbox 539 5099 559 5131; x_wconf 73' lang='grc' dir='ltr'>ι</span> <span class='ocrx_word' id='word_1_765' title='bbox 589 5078 787 5135; x_wconf 91' lang='lat' dir='ltr'><strong>lemus.</strong></span> <span class='ocrx_word' id='word_1_766' title='bbox 819 5077 876 5133; x_wconf 88' lang='lat' dir='ltr'><strong>Si</strong></span> <span class='ocrx_word' id='word_1_767' title='bbox 909 5078 1057 5132; x_wconf 92' lang='lat' dir='ltr'><strong>enim</strong></span> <span class='ocrx_word' id='word_1_768' title='bbox 1087 5076 1442 5147; x_wconf 84' lang='lat' dir='ltr'><strong>eomplantati</strong></span> <span class='ocrx_word' id='word_1_769' title='bbox 1481 5074 1611 5135; x_wconf 85' lang='lat' dir='ltr'><strong>facti</strong></span> <span class='ocrx_word' id='word_1_770' title='bbox 1651 5089 1846 5137; x_wconf 85' lang='lat' dir='ltr'><strong>sumus</strong></span> <span class='ocrx_word' id='word_1_771' title='bbox 1869 5073 2127 5129; x_wconf 55' lang='lat' dir='ltr'><strong>similitu,</strong></span> 
     </span>
    </p>
   </div>
   <div class='ocr_carea' id='block_1_94' title="bbox 434 5165 2123 5238">
    <p class='ocr_par' dir='ltr' id='par_1_94' title="bbox 434 5165 2123 5238">
     <span class='ocr_line' id='line_1_94' title="bbox 434 5165 2123 5238; baseline 0 -17"><span class='ocrx_word' id='word_1_772' title='bbox 434 5231 441 5237; x_wconf 40' lang='grc'><strong><em>,</em></strong></span> <span class='ocrx_word' id='word_1_773' title='bbox 540 5186 568 5221; x_wconf 78' lang='grc'><em>‹</em></span> <span class='ocrx_word' id='word_1_774' title='bbox 589 5168 707 5225; x_wconf 82' lang='lat' dir='ltr'><strong>dini</strong></span> <span class='ocrx_word' id='word_1_775' title='bbox 729 5168 927 5225; x_wconf 84' lang='lat' dir='ltr'><strong>mortis</strong></span> <span class='ocrx_word' id='word_1_776' title='bbox 969 5167 1111 5238; x_wconf 88' lang='lat' dir='ltr'><strong>ejus,</strong></span> <span class='ocrx_word' id='word_1_777' title='bbox 1142 5166 1309 5229; x_wconf 89' lang='lat' dir='ltr'><strong>simul</strong></span> <span class='ocrx_word' id='word_1_778' title='bbox 1358 5176 1411 5222; x_wconf 92' lang='lat' dir='ltr'><strong>et</strong></span> <span class='ocrx_word' id='word_1_779' title='bbox 1443 5165 1864 5223; x_wconf 86' lang='lat' dir='ltr'><strong>resurrectionis</strong></span> <span class='ocrx_word' id='word_1_780' title='bbox 1894 5165 2123 5221; x_wconf 88' lang='lat' dir='ltr'><strong>erimus.</strong></span> 
     </span>
    </p>
   </div>
   <div class='ocr_carea' id='block_1_95' title="bbox 542 5258 2132 5331">
    <p class='ocr_par' dir='ltr' id='par_1_95' title="bbox 542 5258 2132 5331">
     <span class='ocr_line' id='line_1_95' title="bbox 542 5258 2132 5331; baseline 0.001 -20"><span class='ocrx_word' id='word_1_781' title='bbox 542 5282 560 5311; x_wconf 78' lang='grc' dir='ltr'>ι</span> <span class='ocrx_word' id='word_1_782' title='bbox 593 5260 709 5315; x_wconf 80' lang='lat' dir='ltr'><strong>Hoc</strong></span> <span class='ocrx_word' id='word_1_783' title='bbox 733 5260 989 5327; x_wconf 89' lang='lat' dir='ltr'><strong>scientes,</strong></span> <span class='ocrx_word' id='word_1_784' title='bbox 1017 5259 1146 5331; x_wconf 89' lang='lat' dir='ltr'><strong>quia</strong></span> <span class='ocrx_word' id='word_1_785' title='bbox 1178 5268 1336 5316; x_wconf 89' lang='lat' dir='ltr'><strong>vetus</strong></span> <span class='ocrx_word' id='word_1_786' title='bbox 1361 5259 1528 5315; x_wconf 90' lang='lat' dir='ltr'><strong>homo</strong></span> <span class='ocrx_word' id='word_1_787' title='bbox 1555 5267 1743 5316; x_wconf 87' lang='lat' dir='ltr'><strong>noster</strong></span> <span class='ocrx_word' id='word_1_788' title='bbox 1763 5258 1928 5315; x_wconf 88' lang='lat' dir='ltr'><strong>simul</strong></span> <span class='ocrx_word' id='word_1_789' title='bbox 1948 5258 2132 5314; x_wconf 89' lang='lat' dir='ltr'><strong>cruci-</strong></span> 
     </span>
    </p>
   </div>
   <div class='ocr_carea' id='block_1_96' title="bbox 542 5348 2126 5423">
    <p class='ocr_par' dir='ltr' id='par_1_96' title="bbox 542 5348 2126 5423">
     <span class='ocr_line' id='line_1_96' title="bbox 542 5348 2126 5423; baseline 0.003 -20"><span class='ocrx_word' id='word_1_790' title='bbox 542 5348 735 5407; x_wconf 63' lang='lat' dir='ltr'><strong>ctixus</strong></span> <span class='ocrx_word' id='word_1_791' title='bbox 780 5360 887 5418; x_wconf 88' lang='lat' dir='ltr'><strong>est,</strong></span> <span class='ocrx_word' id='word_1_792' title='bbox 919 5359 982 5407; x_wconf 91' lang='lat' dir='ltr'><strong>ut</strong></span> <span class='ocrx_word' id='word_1_793' title='bbox 1029 5352 1347 5413; x_wconf 87' lang='lat' dir='ltr'><strong>destruatur</strong></span> <span class='ocrx_word' id='word_1_794' title='bbox 1376 5351 1577 5423; x_wconf 82' lang='lat' dir='ltr'><strong>corpus</strong></span> <span class='ocrx_word' id='word_1_795' title='bbox 1619 5351 1853 5422; x_wconf 91' lang='lat' dir='ltr'><strong>peccati,</strong></span> <span class='ocrx_word' id='word_1_796' title='bbox 1893 5359 1949 5405; x_wconf 91' lang='lat' dir='ltr'><strong>et</strong></span> <span class='ocrx_word' id='word_1_797' title='bbox 1983 5351 2126 5408; x_wconf 83' lang='lat' dir='ltr'><strong>ultra</strong></span> 
     </span>
    </p>
   </div>
   <div class='ocr_carea' id='block_1_97' title="bbox 544 5442 2126 5515">
    <p class='ocr_par' dir='ltr' id='par_1_97' title="bbox 544 5442 2126 5515">
     <span class='ocr_line' id='line_1_97' title="bbox 544 5442 2126 5515; baseline 0.001 -20"><span class='ocrx_word' id='word_1_798' title='bbox 544 5463 564 5495; x_wconf 77' lang='grc' dir='ltr'>σ</span> <span class='ocrx_word' id='word_1_799' title='bbox 595 5458 705 5498; x_wconf 91' lang='lat' dir='ltr'><strong>non</strong></span> <span class='ocrx_word' id='word_1_800' title='bbox 750 5443 1054 5499; x_wconf 89' lang='lat' dir='ltr'><strong>serviamus</strong></span> <span class='ocrx_word' id='word_1_801' title='bbox 1100 5453 1342 5515; x_wconf 86' lang='lat' dir='ltr'><strong>peccato.</strong></span> <span class='ocrx_word' id='word_1_802' title='bbox 1377 5442 1483 5510; x_wconf 90' lang='lat' dir='ltr'><strong>Qui</strong></span> <span class='ocrx_word' id='word_1_803' title='bbox 1521 5445 1669 5499; x_wconf 89' lang='lat' dir='ltr'><strong>enim</strong></span> <span class='ocrx_word' id='word_1_804' title='bbox 1716 5451 1968 5499; x_wconf 85' lang='lat' dir='ltr'><strong>mertuus</strong></span> <span class='ocrx_word' id='word_1_805' title='bbox 2020 5451 2126 5510; x_wconf 90' lang='lat' dir='ltr'><strong>est,</strong></span> 
     </span>
    </p>
   </div>
   <div class='ocr_carea' id='block_1_98' title="bbox 545 5533 2129 5607">
    <p class='ocr_par' dir='ltr' id='par_1_98' title="bbox 545 5533 2129 5607">
     <span class='ocr_line' id='line_1_98' title="bbox 545 5533 2129 5607; baseline 0 -19"><span class='ocrx_word' id='word_1_806' title='bbox 545 5554 565 5588; x_wconf 77' lang='grc' dir='ltr'>ι</span> <span class='ocrx_word' id='word_1_807' title='bbox 590 5535 926 5606; x_wconf 83' lang='lat' dir='ltr'><strong>justilicatus</strong></span> <span class='ocrx_word' id='word_1_808' title='bbox 959 5546 1044 5597; x_wconf 85' lang='lat' dir='ltr'><strong>est</strong></span> <span class='ocrx_word' id='word_1_809' title='bbox 1064 5552 1094 5591; x_wconf 88' lang='lat' dir='ltr'><strong>a</strong></span> <span class='ocrx_word' id='word_1_810' title='bbox 1120 5545 1367 5607; x_wconf 88' lang='lat' dir='ltr'><strong>peccato.</strong></span> <span class='ocrx_word' id='word_1_811' title='bbox 1404 5534 1463 5591; x_wconf 92' lang='lat' dir='ltr'><strong>Si</strong></span> <span class='ocrx_word' id='word_1_812' title='bbox 1495 5543 1676 5591; x_wconf 88' lang='lat' dir='ltr'><strong>autem</strong></span> <span class='ocrx_word' id='word_1_813' title='bbox 1700 5533 1902 5590; x_wconf 91' lang='lat' dir='ltr'><strong>mortui</strong></span> <span class='ocrx_word' id='word_1_814' title='bbox 1935 5549 2129 5589; x_wconf 91' lang='lat' dir='ltr'><strong>sumus</strong></span> 
     </span>
    </p>
   </div>
   <div class='ocr_carea' id='block_1_99' title="bbox 548 5617 2131 5701">
    <p class='ocr_par' dir='ltr' id='par_1_99' title="bbox 548 5617 2131 5701">
     <span class='ocr_line' id='line_1_99' title="bbox 548 5617 2131 5701; baseline 0.001 -23"><span class='ocrx_word' id='word_1_815' title='bbox 548 5649 566 5678; x_wconf 74' lang='grc' dir='ltr'>σ</span> <span class='ocrx_word' id='word_1_816' title='bbox 597 5641 724 5683; x_wconf 87' lang='lat' dir='ltr'><strong>cum</strong></span> <span class='ocrx_word' id='word_1_817' title='bbox 747 5625 989 5698; x_wconf 85' lang='lat' dir='ltr'><strong>Christo,</strong></span> <span class='ocrx_word' id='word_1_818' title='bbox 1023 5631 1299 5685; x_wconf 88' lang='lat' dir='ltr'><strong>credimus</strong></span> <span class='ocrx_word' id='word_1_819' title='bbox 1331 5617 1460 5701; x_wconf 86' lang='lat' dir='ltr'><strong>quia</strong></span> <span class='ocrx_word' id='word_1_820' title='bbox 1493 5628 1657 5683; x_wconf 90' lang='lat' dir='ltr'><strong>simul</strong></span> <span class='ocrx_word' id='word_1_821' title='bbox 1691 5627 1854 5682; x_wconf 88' lang='lat' dir='ltr'><strong>etiam</strong></span> <span class='ocrx_word' id='word_1_822' title='bbox 1880 5627 2131 5682; x_wconf 84' lang='lat' dir='ltr'><strong>vivemus</strong></span> 
     </span>
    </p>
   </div>
   <div class='ocr_carea' id='block_1_100' title="bbox 548 5716 2128 5790">
    <p class='ocr_par' dir='ltr' id='par_1_100' title="bbox 548 5716 2128 5790">
     <span class='ocr_line' id='line_1_100' title="bbox 548 5716 2128 5790; baseline -0.002 -17"><span class='ocrx_word' id='word_1_823' title='bbox 548 5738 566 5773; x_wconf 79' lang='grc' dir='ltr'>σ</span> <span class='ocrx_word' id='word_1_824' title='bbox 599 5726 724 5772; x_wconf 86' lang='lat' dir='ltr'><strong>cum</strong></span> <span class='ocrx_word' id='word_1_825' title='bbox 750 5716 971 5776; x_wconf 84' lang='lat' dir='ltr'><strong>Christo</strong></span> <span class='ocrx_word' id='word_1_826' title='bbox 999 5740 1011 5776; x_wconf 92' lang='lat'><strong>:</strong></span> <span class='ocrx_word' id='word_1_827' title='bbox 1043 5721 1281 5777; x_wconf 86' lang='lat' dir='ltr'><strong>scientes</strong></span> <span class='ocrx_word' id='word_1_828' title='bbox 1307 5720 1454 5790; x_wconf 90' lang='lat' dir='ltr'><strong>quod</strong></span> <span class='ocrx_word' id='word_1_829' title='bbox 1476 5717 2045 5788; x_wconf 86' lang='lat' dir='ltr'><strong>Christus-resurgens</strong></span> <span class='ocrx_word' id='word_1_830' title='bbox 2061 5731 2128 5771; x_wconf 85' lang='lat' dir='ltr'><strong>ex</strong></span> 
     </span>
    </p>
   </div>
   <div class='ocr_carea' id='block_1_101' title="bbox 548 5806 2130 5882">
    <p class='ocr_par' dir='ltr' id='par_1_101' title="bbox 548 5806 2130 5882">
     <span class='ocr_line' id='line_1_101' title="bbox 548 5806 2130 5882; baseline -0.004 -13"><span class='ocrx_word' id='word_1_831' title='bbox 548 5827 568 5869; x_wconf 73' lang='grc' dir='ltr'><strong><em>α</em></strong></span> <span class='ocrx_word' id='word_1_832' title='bbox 598 5809 853 5878; x_wconf 88' lang='lat' dir='ltr'><strong>mortuis,</strong></span> <span class='ocrx_word' id='word_1_833' title='bbox 875 5811 987 5882; x_wconf 89' lang='lat' dir='ltr'><strong>jam</strong></span> <span class='ocrx_word' id='word_1_834' title='bbox 1016 5828 1126 5867; x_wconf 90' lang='lat' dir='ltr'><strong>non</strong></span> <span class='ocrx_word' id='word_1_835' title='bbox 1155 5813 1409 5878; x_wconf 89' lang='lat' dir='ltr'><strong>moritur,</strong></span> <span class='ocrx_word' id='word_1_836' title='bbox 1432 5826 1584 5866; x_wconf 91' lang='lat' dir='ltr'><strong>mors</strong></span> <span class='ocrx_word' id='word_1_837' title='bbox 1613 5810 1690 5864; x_wconf 90' lang='lat' dir='ltr'><strong>illi</strong></span> <span class='ocrx_word' id='word_1_838' title='bbox 1721 5810 1864 5864; x_wconf 85' lang='lat' dir='ltr'><strong>ultra</strong></span> <span class='ocrx_word' id='word_1_839' title='bbox 1892 5823 2001 5863; x_wconf 87' lang='lat' dir='ltr'><strong>non</strong></span> <span class='ocrx_word' id='word_1_840' title='bbox 2025 5806 2130 5862; x_wconf 82' lang='lat' dir='ltr'><strong>do-</strong></span> 
     </span>
    </p>
   </div>
   <div class='ocr_carea' id='block_1_102' title="bbox 553 5905 2127 5986">
    <p class='ocr_par' dir='ltr' id='par_1_102' title="bbox 553 5905 2127 5986">
     <span class='ocr_line' id='line_1_102' title="bbox 553 5905 2127 5986; baseline -0.004 -23"><span class='ocrx_word' id='word_1_841' title='bbox 553 5925 570 5963; x_wconf 72' lang='grc' dir='ltr'>ι</span> <span class='ocrx_word' id='word_1_842' title='bbox 600 5905 920 5981; x_wconf 76' lang='lat' dir='ltr'><strong>minabitur.</strong></span> <span class='ocrx_word' id='word_1_843' title='bbox 948 5907 1104 5986; x_wconf 81' lang='lat' dir='ltr'><strong>Quod</strong></span> <span class='ocrx_word' id='word_1_844' title='bbox 1137 5907 1282 5967; x_wconf 88' lang='lat' dir='ltr'><strong>enim</strong></span> <span class='ocrx_word' id='word_1_845' title='bbox 1318 5914 1571 5973; x_wconf 78' lang='lat' dir='ltr'><strong>inortuus</strong></span> <span class='ocrx_word' id='word_1_846' title='bbox 1601 5913 1683 5962; x_wconf 83' lang='lat' dir='ltr'><strong>est</strong></span> <span class='ocrx_word' id='word_1_847' title='bbox 1703 5911 1949 5985; x_wconf 86' lang='lat' dir='ltr'><strong>peccato,</strong></span> <span class='ocrx_word' id='word_1_848' title='bbox 1978 5917 2127 5957; x_wconf 72' lang='lat' dir='ltr'><strong>mor~</strong></span> 
     </span>
    </p>
   </div>
   <div class='ocr_carea' id='block_1_103' title="bbox 2221 4592 3827 4665">
    <p class='ocr_par' dir='ltr' id='par_1_103' title="bbox 2221 4592 3827 4665">
     <span class='ocr_line' id='line_1_103' title="bbox 2221 4592 3827 4665; baseline 0.001 -15"><span class='ocrx_word' id='word_1_849' title='bbox 2221 4608 2322 4651; x_wconf 88' lang='lat' dir='ltr'><strong>nos</strong></span> <span class='ocrx_word' id='word_1_850' title='bbox 2359 4595 2528 4651; x_wconf 89' lang='lat' dir='ltr'><strong>semel</strong></span> <span class='ocrx_word' id='word_1_851' title='bbox 2572 4592 2858 4665; x_wconf 84' lang='lat' dir='ltr'><strong>justiticati</strong></span> <span class='ocrx_word' id='word_1_852' title='bbox 2909 4595 2966 4649; x_wconf 90' lang='lat' dir='ltr'><strong>in</strong></span> <span class='ocrx_word' id='word_1_853' title='bbox 2999 4594 3294 4665; x_wconf 88' lang='lat' dir='ltr'><strong>baptismo,</strong></span> <span class='ocrx_word' id='word_1_854' title='bbox 3327 4609 3546 4650; x_wconf 91' lang='lat' dir='ltr'><strong>omnem</strong></span> <span class='ocrx_word' id='word_1_855' title='bbox 3577 4604 3827 4653; x_wconf 40' lang='lat' dir='ltr'><strong>vetustas</strong></span> 
     </span>
    </p>
   </div>
   <div class='ocr_carea' id='block_1_104' title="bbox 2221 4686 3825 4764">
    <p class='ocr_par' dir='ltr' id='par_1_104' title="bbox 2221 4686 3825 4764">
     <span class='ocr_line' id='line_1_104' title="bbox 2221 4686 3825 4764; baseline 0.001 -20"><span class='ocrx_word' id='word_1_856' title='bbox 2221 4695 2332 4744; x_wconf 82' lang='lat' dir='ltr'><strong>tem</strong></span> <span class='ocrx_word' id='word_1_857' title='bbox 2373 4687 2580 4757; x_wconf 88' lang='lat' dir='ltr'><strong>peccati</strong></span> <span class='ocrx_word' id='word_1_858' title='bbox 2633 4686 2829 4741; x_wconf 88' lang='lat' dir='ltr'><strong>ibidem</strong></span> <span class='ocrx_word' id='word_1_859' title='bbox 2879 4686 3269 4743; x_wconf 86' lang='lat' dir='ltr'><strong>interficientes</strong></span> <span class='ocrx_word' id='word_1_860' title='bbox 3294 4727 3309 4754; x_wconf 92' lang='lat'><strong>,</strong></span> <span class='ocrx_word' id='word_1_861' title='bbox 3359 4688 3825 4764; x_wconf 87' lang='lat' dir='ltr'><strong>resurrectionem</strong></span> 
     </span>
    </p>
   </div>
   <div class='ocr_carea' id='block_1_105' title="bbox 2223 4776 3825 4851">
    <p class='ocr_par' dir='ltr' id='par_1_105' title="bbox 2223 4776 3825 4851">
     <span class='ocr_line' id='line_1_105' title="bbox 2223 4776 3825 4851; baseline 0 -14"><span class='ocrx_word' id='word_1_862' title='bbox 2223 4780 2422 4837; x_wconf 69' lang='lat' dir='ltr'><strong>anima:</strong></span> <span class='ocrx_word' id='word_1_863' title='bbox 2452 4779 2551 4851; x_wconf 88' lang='lat' dir='ltr'><strong>(ibi</strong></span> <span class='ocrx_word' id='word_1_864' title='bbox 2575 4778 2723 4834; x_wconf 90' lang='lat' dir='ltr'><strong>enim</strong></span> <span class='ocrx_word' id='word_1_865' title='bbox 2747 4776 3048 4850; x_wconf 79' lang='lat' dir='ltr'><strong>juStificata</strong></span> <span class='ocrx_word' id='word_1_866' title='bbox 3075 4776 3341 4850; x_wconf 86' lang='lat' dir='ltr'><strong>resurgit)</strong></span> <span class='ocrx_word' id='word_1_867' title='bbox 3392 4778 3773 4836; x_wconf 90' lang='lat' dir='ltr'><strong>custodiamus</strong></span> <span class='ocrx_word' id='word_1_868' title='bbox 3809 4799 3825 4837; x_wconf 90' lang='lat'>:</span> 
     </span>
    </p>
   </div>
   <div class='ocr_carea' id='block_1_106' title="bbox 2224 4869 3829 4941">
    <p class='ocr_par' dir='ltr' id='par_1_106' title="bbox 2224 4869 3829 4941">
     <span class='ocr_line' id='line_1_106' title="bbox 2224 4869 3829 4941; baseline 0 -13"><span class='ocrx_word' id='word_1_869' title='bbox 2224 4871 2555 4928; x_wconf 88' lang='lat' dir='ltr'><strong>ambulando</strong></span> <span class='ocrx_word' id='word_1_870' title='bbox 2584 4870 2639 4925; x_wconf 92' lang='lat' dir='ltr'><strong>in</strong></span> <span class='ocrx_word' id='word_1_871' title='bbox 2668 4871 2910 4926; x_wconf 89' lang='lat' dir='ltr'><strong>novitate</strong></span> <span class='ocrx_word' id='word_1_872' title='bbox 2933 4870 3077 4938; x_wconf 71' lang='lat' dir='ltr'><strong>vitae,</strong></span> <span class='ocrx_word' id='word_1_873' title='bbox 3110 4869 3262 4941; x_wconf 88' lang='lat' dir='ltr'><strong>quia,</strong></span> <span class='ocrx_word' id='word_1_874' title='bbox 3288 4870 3335 4925; x_wconf 87' lang='lat' dir='ltr'><strong>si</strong></span> <span class='ocrx_word' id='word_1_875' title='bbox 3361 4872 3829 4928; x_wconf 86' lang='lat' dir='ltr'><strong>resurrectionem</strong></span> 
     </span>
    </p>
   </div>
   <div class='ocr_carea' id='block_1_107' title="bbox 2224 4959 3831 5034">
    <p class='ocr_par' dir='ltr' id='par_1_107' title="bbox 2224 4959 3831 5034">
     <span class='ocr_line' id='line_1_107' title="bbox 2224 4959 3831 5034; baseline 0 -14"><span class='ocrx_word' id='word_1_876' title='bbox 2224 4965 2423 5021; x_wconf 67' lang='lat' dir='ltr'><strong>anima:</strong></span> <span class='ocrx_word' id='word_1_877' title='bbox 2459 4964 2512 5019; x_wconf 95' lang='lat' dir='ltr'><strong>in</strong></span> <span class='ocrx_word' id='word_1_878' title='bbox 2548 4963 2763 5034; x_wconf 80' lang='lat' dir='ltr'><strong>iustitia</strong></span> <span class='ocrx_word' id='word_1_879' title='bbox 2792 4962 3331 5028; x_wconf 83' lang='lat' dir='ltr'><strong>conservaverimus,</strong></span> <span class='ocrx_word' id='word_1_880' title='bbox 3358 4959 3608 5017; x_wconf 9' lang='lat' dir='ltr'><strong>afuturam</strong></span> <span class='ocrx_word' id='word_1_881' title='bbox 3641 4978 3831 5020; x_wconf 90' lang='lat' dir='ltr'><strong>resur-</strong></span> 
     </span>
    </p>
   </div>
   <div class='ocr_carea' id='block_1_108' title="bbox 2230 5051 3833 5125">
    <p class='ocr_par' dir='ltr' id='par_1_108' title="bbox 2230 5051 3833 5125">
     <span class='ocr_line' id='line_1_108' title="bbox 2230 5051 3833 5125; baseline -0.001 -13"><span class='ocrx_word' id='word_1_882' title='bbox 2230 5055 2529 5113; x_wconf 83' lang='lat' dir='ltr'><strong>rectionem</strong></span> <span class='ocrx_word' id='word_1_883' title='bbox 2553 5068 2846 5125; x_wconf 87' lang='lat' dir='ltr'><strong>corporum</strong></span> <span class='ocrx_word' id='word_1_884' title='bbox 2873 5068 3000 5108; x_wconf 91' lang='lat' dir='ltr'><strong>cum</strong></span> <span class='ocrx_word' id='word_1_885' title='bbox 3027 5051 3269 5119; x_wconf 91' lang='lat' dir='ltr'><strong>Christo,</strong></span> <span class='ocrx_word' id='word_1_886' title='bbox 3319 5051 3375 5106; x_wconf 93' lang='lat' dir='ltr'><strong>in</strong></span> <span class='ocrx_word' id='word_1_887' title='bbox 3415 5052 3833 5124; x_wconf 79' lang='lat' dir='ltr'><strong>incorruptione</strong></span> 
     </span>
    </p>
   </div>
   <div class='ocr_carea' id='block_1_109' title="bbox 2229 5143 3833 5225">
    <p class='ocr_par' dir='ltr' id='par_1_109' title="bbox 2229 5143 3833 5225">
     <span class='ocr_line' id='line_1_109' title="bbox 2229 5143 3833 5225; baseline -0.003 -19"><span class='ocrx_word' id='word_1_888' title='bbox 2229 5147 2477 5225; x_wconf 81' lang='lat' dir='ltr'><strong>profecto</strong></span> <span class='ocrx_word' id='word_1_889' title='bbox 2506 5146 2853 5209; x_wconf 84' lang='lat' dir='ltr'><strong>habebimus.</strong></span> <span class='ocrx_word' id='word_1_890' title='bbox 2898 5143 3261 5200; x_wconf 82' lang='lat' dir='ltr'><strong>Revertamur</strong></span> <span class='ocrx_word' id='word_1_891' title='bbox 3307 5143 3376 5199; x_wconf 92' lang='lat' dir='ltr'><strong>ad</strong></span> <span class='ocrx_word' id='word_1_892' title='bbox 3423 5144 3684 5212; x_wconf 90' lang='lat' dir='ltr'><strong>litteram,</strong></span> <span class='ocrx_word' id='word_1_893' title='bbox 3733 5146 3833 5202; x_wconf 90' lang='lat' dir='ltr'><strong>ubi</strong></span> 
     </span>
    </p>
   </div>
   <div class='ocr_carea' id='block_1_110' title="bbox 2230 5248 3829 5321">
    <p class='ocr_par' dir='ltr' id='par_1_110' title="bbox 2230 5248 3829 5321">
     <span class='ocr_line' id='line_1_110' title="bbox 2230 5248 3829 5321; baseline -0.001 -16"><span class='ocrx_word' id='word_1_894' title='bbox 2230 5250 2426 5321; x_wconf 88' lang='lat' dir='ltr'><strong>probat</strong></span> <span class='ocrx_word' id='word_1_895' title='bbox 2474 5265 2586 5305; x_wconf 89' lang='lat' dir='ltr'><strong>non</strong></span> <span class='ocrx_word' id='word_1_896' title='bbox 2637 5249 2835 5305; x_wconf 90' lang='lat' dir='ltr'><strong>debere</strong></span> <span class='ocrx_word' id='word_1_897' title='bbox 2881 5249 3082 5304; x_wconf 90' lang='lat' dir='ltr'><strong>reverti</strong></span> <span class='ocrx_word' id='word_1_898' title='bbox 3132 5248 3198 5304; x_wconf 90' lang='lat' dir='ltr'><strong>ad</strong></span> <span class='ocrx_word' id='word_1_899' title='bbox 3229 5256 3538 5318; x_wconf 89' lang='lat' dir='ltr'><strong>peccatum,</strong></span> <span class='ocrx_word' id='word_1_900' title='bbox 3586 5248 3779 5304; x_wconf 91' lang='lat' dir='ltr'><strong>dicens</strong></span> <span class='ocrx_word' id='word_1_901' title='bbox 3813 5268 3829 5303; x_wconf 86' lang='lat'><strong>:</strong></span> 
     </span>
    </p>
   </div>
   <div class='ocr_carea' id='block_1_111' title="bbox 2237 5339 3833 5412">
    <p class='ocr_par' dir='ltr' id='par_1_111' title="bbox 2237 5339 3833 5412">
     <span class='ocr_line' id='line_1_111' title="bbox 2237 5339 3833 5412; baseline -0.004 -14"><span class='ocrx_word' id='word_1_902' title='bbox 2237 5340 2371 5398; x_wconf 80' lang='lat' dir='ltr'><strong>Vere</strong></span> <span class='ocrx_word' id='word_1_903' title='bbox 2400 5342 2565 5399; x_wconf 89' lang='lat' dir='ltr'><strong>semel</strong></span> <span class='ocrx_word' id='word_1_904' title='bbox 2590 5340 2907 5412; x_wconf 83' lang='lat' dir='ltr'><strong>justiticatis</strong></span> <span class='ocrx_word' id='word_1_905' title='bbox 2955 5355 3067 5395; x_wconf 89' lang='lat' dir='ltr'><strong>non</strong></span> <span class='ocrx_word' id='word_1_906' title='bbox 3114 5348 3200 5396; x_wconf 87' lang='lat' dir='ltr'><strong>est</strong></span> <span class='ocrx_word' id='word_1_907' title='bbox 3241 5339 3471 5394; x_wconf 90' lang='lat' dir='ltr'><strong>ulterius</strong></span> <span class='ocrx_word' id='word_1_908' title='bbox 3498 5353 3833 5408; x_wconf 89' lang='lat' dir='ltr'><strong>permanen-</strong></span> 
     </span>
    </p>
   </div>
   <div class='ocr_carea' id='block_1_112' title="bbox 2232 5429 3833 5505">
    <p class='ocr_par' dir='ltr' id='par_1_112' title="bbox 2232 5429 3833 5505">
     <span class='ocr_line' id='line_1_112' title="bbox 2232 5429 3833 5505; baseline -0.005 -13"><span class='ocrx_word' id='word_1_909' title='bbox 2232 5436 2362 5492; x_wconf 90' lang='lat' dir='ltr'><strong>dum</strong></span> <span class='ocrx_word' id='word_1_910' title='bbox 2393 5436 2449 5491; x_wconf 89' lang='lat' dir='ltr'><strong>in</strong></span> <span class='ocrx_word' id='word_1_911' title='bbox 2479 5442 2723 5505; x_wconf 85' lang='lat' dir='ltr'><strong>peccato.</strong></span> <span class='ocrx_word' id='word_1_912' title='bbox 2773 5430 2911 5487; x_wconf 89' lang='lat' dir='ltr'><strong>Nam</strong></span> <span class='ocrx_word' id='word_1_913' title='bbox 2945 5447 3048 5487; x_wconf 92' lang='lat' dir='ltr'><strong>nos</strong></span> <span class='ocrx_word' id='word_1_914' title='bbox 3090 5432 3182 5504; x_wconf 84' lang='lat' dir='ltr'><strong>qui</strong></span> <span class='ocrx_word' id='word_1_915' title='bbox 3215 5431 3269 5485; x_wconf 92' lang='lat' dir='ltr'><strong>in</strong></span> <span class='ocrx_word' id='word_1_916' title='bbox 3317 5429 3591 5501; x_wconf 90' lang='lat' dir='ltr'><strong>baptismo</strong></span> <span class='ocrx_word' id='word_1_917' title='bbox 3630 5431 3833 5484; x_wconf 83' lang='lat' dir='ltr'><strong>mortui</strong></span> 
     </span>
    </p>
   </div>
   <div class='ocr_carea' id='block_1_113' title="bbox 2233 5521 3834 5593">
    <p class='ocr_par' dir='ltr' id='par_1_113' title="bbox 2233 5521 3834 5593">
     <span class='ocr_line' id='line_1_113' title="bbox 2233 5521 3834 5593; baseline -0.004 -13"><span class='ocrx_word' id='word_1_918' title='bbox 2233 5543 2416 5581; x_wconf 82' lang='lat' dir='ltr'><strong>sumus</strong></span> <span class='ocrx_word' id='word_1_919' title='bbox 2451 5533 2701 5593; x_wconf 80' lang='lat' dir='ltr'><strong>‘peccato,</strong></span> <span class='ocrx_word' id='word_1_920' title='bbox 2746 5522 2801 5578; x_wconf 91' lang='lat' dir='ltr'><strong>id</strong></span> <span class='ocrx_word' id='word_1_921' title='bbox 2846 5531 2932 5577; x_wconf 85' lang='lat' dir='ltr'><strong>est</strong></span> <span class='ocrx_word' id='word_1_922' title='bbox 2978 5522 3045 5578; x_wconf 90' lang='lat' dir='ltr'><strong>ad</strong></span> <span class='ocrx_word' id='word_1_923' title='bbox 3095 5521 3201 5576; x_wconf 88' lang='lat' dir='ltr'><strong>hoc</strong></span> <span class='ocrx_word' id='word_1_924' title='bbox 3244 5536 3313 5576; x_wconf 92' lang='lat' dir='ltr'><strong>ne</strong></span> <span class='ocrx_word' id='word_1_925' title='bbox 3350 5521 3491 5576; x_wconf 89' lang='lat' dir='ltr'><strong>ultra</strong></span> <span class='ocrx_word' id='word_1_926' title='bbox 3535 5535 3834 5590; x_wconf 88' lang='lat' dir='ltr'><strong>operemur</strong></span> 
     </span>
    </p>
   </div>
   <div class='ocr_carea' id='block_1_114' title="bbox 2236 5610 3833 5689">
    <p class='ocr_par' dir='ltr' id='par_1_114' title="bbox 2236 5610 3833 5689">
     <span class='ocr_line' id='line_1_114' title="bbox 2236 5610 3833 5689; baseline -0.004 -16"><span class='ocrx_word' id='word_1_927' title='bbox 2236 5626 2522 5689; x_wconf 88' lang='lat' dir='ltr'><strong>peccatum</strong></span> <span class='ocrx_word' id='word_1_928' title='bbox 2558 5634 2569 5667; x_wconf 90' lang='lat'><strong>:</strong></span> <span class='ocrx_word' id='word_1_929' title='bbox 2605 5613 2806 5669; x_wconf 83' lang='lat' dir='ltr'><strong>mortui</strong></span> <span class='ocrx_word' id='word_1_930' title='bbox 2852 5612 2976 5667; x_wconf 90' lang='lat' dir='ltr'><strong>dico</strong></span> <span class='ocrx_word' id='word_1_931' title='bbox 3008 5611 3308 5667; x_wconf 88' lang='lat' dir='ltr'><strong>secundum</strong></span> <span class='ocrx_word' id='word_1_932' title='bbox 3339 5610 3644 5681; x_wconf 86' lang='lat' dir='ltr'><strong>depositam</strong></span> <span class='ocrx_word' id='word_1_933' title='bbox 3674 5620 3833 5667; x_wconf 85' lang='lat' dir='ltr'><strong>vetu-</strong></span> 
     </span>
    </p>
   </div>
   <div class='ocr_carea' id='block_1_115' title="bbox 2241 5700 3833 5778">
    <p class='ocr_par' dir='ltr' id='par_1_115' title="bbox 2241 5700 3833 5778">
     <span class='ocr_line' id='line_1_115' title="bbox 2241 5700 3833 5778; baseline -0.006 -12"><span class='ocrx_word' id='word_1_934' title='bbox 2241 5719 2435 5766; x_wconf 91' lang='lat' dir='ltr'><strong>statem</strong></span> <span class='ocrx_word' id='word_1_935' title='bbox 2465 5706 2708 5778; x_wconf 86' lang='lat' dir='ltr'><strong>peccati,</strong></span> <span class='ocrx_word' id='word_1_936' title='bbox 2741 5704 3002 5775; x_wconf 87' lang='lat' dir='ltr'><strong>quomodo</strong></span> <span class='ocrx_word' id='word_1_937' title='bbox 3028 5746 3043 5769; x_wconf 89' lang='lat'><strong>,</strong></span> <span class='ocrx_word' id='word_1_938' title='bbox 3094 5703 3148 5758; x_wconf 90' lang='lat' dir='ltr'><strong>id</strong></span> <span class='ocrx_word' id='word_1_939' title='bbox 3178 5711 3263 5758; x_wconf 87' lang='lat' dir='ltr'><strong>est</strong></span> <span class='ocrx_word' id='word_1_940' title='bbox 3305 5718 3415 5773; x_wconf 90' lang='lat' dir='ltr'><strong>qua</strong></span> <span class='ocrx_word' id='word_1_941' title='bbox 3462 5700 3679 5757; x_wconf 82' lang='lat' dir='ltr'><strong>ratione</strong></span> <span class='ocrx_word' id='word_1_942' title='bbox 3729 5717 3833 5757; x_wconf 89' lang='lat' dir='ltr'><strong>nos</strong></span> 
     </span>
    </p>
   </div>
   <div class='ocr_carea' id='block_1_116' title="bbox 2238 5794 3829 5876">
    <p class='ocr_par' dir='ltr' id='par_1_116' title="bbox 2238 5794 3829 5876">
     <span class='ocr_line' id='line_1_116' title="bbox 2238 5794 3829 5876; baseline -0.008 -17"><span class='ocrx_word' id='word_1_943' title='bbox 2238 5804 2335 5876; x_wconf 89' lang='lat' dir='ltr'><strong>qui</strong></span> <span class='ocrx_word' id='word_1_944' title='bbox 2361 5803 2440 5858; x_wconf 89' lang='lat' dir='ltr'><strong>sic</strong></span> <span class='ocrx_word' id='word_1_945' title='bbox 2468 5797 2796 5856; x_wconf 89' lang='lat' dir='ltr'><strong>commortui</strong></span> <span class='ocrx_word' id='word_1_946' title='bbox 2842 5811 3034 5852; x_wconf 89' lang='lat' dir='ltr'><strong>sumus</strong></span> <span class='ocrx_word' id='word_1_947' title='bbox 3067 5795 3288 5850; x_wconf 89' lang='lat' dir='ltr'><strong>Christo</strong></span> <span class='ocrx_word' id='word_1_948' title='bbox 3311 5836 3325 5861; x_wconf 93' lang='lat'><strong>,</strong></span> <span class='ocrx_word' id='word_1_949' title='bbox 3361 5794 3534 5848; x_wconf 80' lang='lat' dir='ltr'><strong>adhuc</strong></span> <span class='ocrx_word' id='word_1_950' title='bbox 3575 5794 3829 5859; x_wconf 76' lang='lat' dir='ltr'><strong>vivemus,</strong></span> 
     </span>
    </p>
   </div>
   <div class='ocr_carea' id='block_1_117' title="bbox 2252 5885 3827 5978">
    <p class='ocr_par' dir='ltr' id='par_1_117' title="bbox 2252 5885 3827 5978">
     <span class='ocr_line' id='line_1_117' title="bbox 2252 5885 3827 5978; baseline -0.01 -22"><span class='ocrx_word' id='word_1_951' title='bbox 2252 5898 2305 5956; x_wconf 84' lang='lat' dir='ltr'><strong>id</strong></span> <span class='ocrx_word' id='word_1_952' title='bbox 2334 5905 2415 5953; x_wconf 88' lang='lat' dir='ltr'><strong>est</strong></span> <span class='ocrx_word' id='word_1_953' title='bbox 2441 5890 2912 5978; x_wconf 81' lang='lat' dir='ltr'><strong>perseverabimus</strong></span> <span class='ocrx_word' id='word_1_954' title='bbox 2951 5890 3004 5943; x_wconf 84' lang='lat' dir='ltr'><strong>in</strong></span> <span class='ocrx_word' id='word_1_955' title='bbox 3033 5887 3129 5945; x_wconf 85' lang='lat' dir='ltr'><strong>illo</strong></span> <span class='ocrx_word' id='word_1_956' title='bbox 3162 5887 3421 5971; x_wconf 81' lang='lat' dir='ltr'><strong>peccato?</strong></span> <span class='ocrx_word' id='word_1_957' title='bbox 3467 5885 3532 5943; x_wconf 85' lang='lat' dir='ltr'><strong>Et</strong></span> <span class='ocrx_word' id='word_1_958' title='bbox 3561 5902 3685 5941; x_wconf 87' lang='lat' dir='ltr'><strong>vere</strong></span> <span class='ocrx_word' id='word_1_959' title='bbox 3718 5900 3827 5941; x_wconf 88' lang='lat' dir='ltr'><strong>non</strong></span> 
     </span>
    </p>
   </div>
  </div>
