3978 6392
204 370 285 424 57

912 374 1280 437 EXPOSlTlO
1317 380 1384 439 1N
1424 366 1806 443 EPISTOLAS
1842 386 2073 448 rsum.
2111 422 2182 432 —
2215 383 2289 450 ἸΝ
2322 382 2545 455 EPIST.
2588 399 2683 454 AD
2720 376 2935 459 nou."

3416 370 3499 467 s’s

207 486 465 593 amPlius
499 487 684 593 νίνῗτθ
704 487 915 593 debetis
944 490 999 593 δθξ
1022 498 1247 593 mea”
1268 493 1384 593 ίίίίξν
1414 496 1542 593 (Ψίθ
1569 512 1638 551 απ
1661 498 1812 593 ίξηο·
1829 492 1887 563 Ἀ
1915 488 2210 572 Possumus
2232 488 2342 564 ηδη
2365 487 2568 569 Sentit?
2591 525 2834 585 peccato.
2868 515 3011 571 Nam
3041 517 3131 574 ille
3150 521 3247 593 qui“
3261 497 3498 580 mortuus

208 582 360 635 ratis
390 595 490 637 vos
521 581 817 652 quicunque
834 582 1100 652 .baptizati
1125 601 1306 641 sumus
1343 588 1398 641 in
1427 588 1639 644 Christo
1664 589 1813 659 Jesu,

206 671 269 727 id
297 679 395 727 est
421 687 521 742 per
549 671 948 728 institutionem
975 673 1179 730 Christi
1205 717 1222 743 ,
1265 678 1352 732 vel
1391 679 1489 749 per
1534 676 1814 735 Christum

206 775 645 822 consecrantem
675 765 836 822 nobis
864 767 1153 837 baptisma.
1184 767 1296 827 Nos
1324 772 1512 842 utique
1537 772 1815 842 baptizati,

204 856 268 913 id
298 866 396 912 est
426 858 598 912 abluti
624 873 655 913 a
681 859 929 928 peceatis
966 876 1150 915 sumus
1190 864 1245 917 in
1293 873 1514 918 mortem
1545 865 1732 934 ipsius,
1761 863 1814 918 id

205 956 301 1004 est
330 947 406 1029 in~
433 942 846 1006 similitudinem
878 951 1074 1007 mortis
1099 952 1240 1023 ejus,
1278 962 1342 1008 ut
1364 955 1506 1010 sicut
1536 955 1627 1010 ille
1648 956 1816 1010 semel

186 1030 485 1095 'mortuus
534 1048 618 1094 est
665 1050 722 1094 et
750 1052 979 1111 semper
1022 1043 1185 1110 vivit,
1236 1045 1313 1099 ita
1358 1054 1414 1099 et
1437 1060 1538 1100 nos
1565 1046 1734 1100 semel
1760 1045 1816 1100 in

205 1131 510 1201 baptismo
555 1132 794 1200 peccatis
843 1133 1175 1202 moriamur,
1227 1145 1283 1190 et
1328 1136 1385 1189 in
1429 1137 1819 1206 justitication'e

209 1238 451 1292 semper
477 1222 746 1279 vivamus.
783 1222 938 1282 Sicut
967 1227 1216 1296 probavit
1243 1228 1389 1298 quod
1419 1231 1589 1285 semel
1619 1230 1821 1301 justiti-

209 1313 332 1368 cati
366 1313 575 1368 iterum
602 1328 829 1383 peccare
856 1330 965 1370 non
993 1304 1276 1386 debemus,
1306 1319 1387 1375 sic
1415 1319 1580 1375 etiam
1626 1321 1822 1391 probat

214 1405 382 1475 quod
416 1420 448 1459 a
476 1413 698 1474 peccato
727 1420 829 1461 nos
858 1405 998 1462 bene
1029 1409 1308 1464 continere
1352 1424 1648 1479 possumus
1673 1452 1688 1477 ,
1737 1411 1822 1467 di-

214 1511 363 1553 cens
399 1515 417 1550 :
452 1495 592 1552 Vere
613 1495 899 1567 justifieati
923 1506 1251 1569 potestatem
1279 1499 1566 1568 habemus,
1594 1502 1641 1558 si
1664 1503 1823 1558 volu-

214 1603 379 1655 mus,
417 1602 528 1644 non
553 1588 835 1658 peccandi.
867 1587 1009 1643 Nam
1046 1604 1149 1646 nos
1168 1588 1458 1661 consepulti
1478 1606 1683 1657 sumus,
1708 1606 1819 1646 non

214 1680 418 1736 solum
447 1680 655 1735 mortui
697 1694 817 1735 cum
852 1679 1064 1736 Christo
1088 1722 1103 1748 ,
1150 1682 1209 1736 iu
1256 1683 1494 1736 mortem"
1520 1698 1613 1752 per
1645 1680 1822 1753 bapti—

216 1791 415 1830 smum
439 1816 457 1843 ,
509 1775 660 1846 quod
692 1776 1155 1846 quemadmodum
1202 1774 1454 1831 Christus
1484 1776 1541 1830 in
1571 1776 1823 1847 sepulcro

1915 605 1993 649 est
2023 598 2079 652 in
2102 600 2395 673 baptismo,
2425 621 2456 661 a
2477 617 2703 675 peccato
2728 610 2990 667 liberatus
3012 620 3115 668 est.
3139 611 3252 668 Nec
3283 615 3390 672 hoc
3410 632 3501 673 so-

1915 686 2050 755 lum,
2084 692 2179 747 sed
2207 694 2370 750 etiam
2389 696 2725 769 justiﬁcatus
2756 719 2789 755 a
2814 711 3048 772 pe’ccato.
3186 706 3190 711 ’

1987 780 2283 860 Postquam
2307 788 2373 842 de
2393 779 2571 858 prima
2593 794 3014 862 resurrectione,
3031 812 3153 866 quae
3175 804 3260 852 est
3283 796 3503 866 animae,

1917 878 2244 935 suﬁcienter
2306 883 2563 951 edocuit,
2612 888 2886 955 quomodo
2941 898 3087 945 esset
3141 890 3502 964 observanda,

1917 969 2199 1041 subjungit
2221 975 2288 1026 de
2335 975 2592 1042 secunda,
2638 977 2825 1032 dicens
2860 998 2873 1032 :
2904 976 3015 1035 Nos
3064 995 3189 1035 eam
3217 981 3505 1040 habituros

1917 1062 2114 1116 merito
2145 1063 2335 1132 primae
2360 1064 2497 1121 bene
2540 1068 2846 1124 custoditae.
2902 1069 3081 1141 thue
3114 1072 3290 1143 magis
3318 1073 3508 1144 capia-

1917 1165 2044 1206 mur
2090 1167 2278 1207 amore
2318 1154 2438 1224 ejus
2465 1197 2480 1221 ,
2528 1157 2680 1226 ponit
2727 1160 3259 1217 commendationem
3306 1163 3503 1232 ipsius,

1918 1242 2170 1312 aperiens
2217 1259 2385 1314 quam
2431 1246 2591 1317 digna
2645 1248 2718 1303 sit
2763 1256 2817 1303 et
2864 1265 3028 1320 quam
3067 1252 3238 1321 utilis,
3270 1253 3504 1310 dicens:

1918 1331 2036 1389 Non
2065 1335 2240 1390 solum
2272 1339 2473 1392 mortui
2498 1338 2733 1409 peccato
2744 1340 3131 1411 justiﬁcamur,
3163 1361 3285 1415 qua:
3307 1345 3512 1416 justiti-

1921 1427 2063 1482 catio
2089 1435 2172 1484 est
2198 1428 2373 1499 prima
2402 1431 2753 1500 resurrectio,
2786 1433 2879 1489 sed
2908 1430 3071 1489 etiam
3104 1436 3151 1489 si
3180 1438 3377 1491 mortui
3414 1453 3511 1492 su-

1920 1535 2037 1573 mus
2067 1531 2309 1590 peccato,
2351 1523 2459 1579 hoc
2485 1532 2569 1578 est
2597 1540 2717 1577 cum
2757 1524 2990 1592 Christo,
3032 1538 3114 1593 ut,
3149 1525 3510 1598 quemadmo-

1922 1610 2053 1667 dum
2083 1610 2337 1668 Cbristus
2383 1616 2551 1670 semel
2587 1624 2860 1683 mortuus,
2885 1632 3168 1688 nunquam
3194 1618 3262 1674 ad
3290 1619 3510 1688 deposi-

1920 1708 2036 1755 tam
2060 1709 2382 1771 vetustatem
2415 1704 2603 1772 rediit,
2653 1706 2736 1761 sic
2784 1715 2838 1760 et
2882 1721 2985 1762 nos
3022 1706 3189 1761 semel
3214 1694 3513 1777 per’bapti-

1925 1808 2107 1848 smum
2135 1793 2191 1847 in
2220 1805 2449 1864 peccato
2479 1797 2703 1863 mortui,
2733 1813 2841 1853 non
2871 1805 3215 1852 revertamur
3235 1797 3302 1851 ad
3325 1812 3513 1868 pecca-

216 1866 454 1937 POSimS
497 1872 826 1936 Ροῑθεῑδίεω
871 1881 984 1921 non
1024 1866 1218 1922 habuit
1259 1865 1575 1923 secundum
1605 1882 1827 1923 carnem
1858 1868 1902 1924 Β
1927 1891 2064 1951 tum,
2110 1885 2371 1939 credimus
2419 1887 2608 1958 utique
2650 1897 2703 1943 et
2754 1903 2856 1943 nos
2886 1887 3050 1943 etiam
3082 1865 3399 1943 vivemus-in
3430 1903 3515 1944 se-

218 1974 466 2015 manum
492 1959 582 2015 vel
608 1959 800 2030 pedem
824 1959 1114 2016 extendere
1136 1960 1203 2017 ad
1235 1969 1392 2018 actus
1421 1961 1620 2019 veteris
1648 1963 1828 2018 homi-

217 2051 345 2120 nis,
403 2049 492 2106 sic
520 2057 576 2105 et
600 2050 780 2120 nobis,
814 2051 863 2107 si
887 2051 1161 2121 volumus,
1192 2052 1249 2107 in
1287 2052 1560 2125 baptismo
1588 2062 1823 2123 potesta-

215 2154 335 2199 tem
363 2142 526 2199 dedit
546 2143 663 2214 jam
691 2144 926 2215 amplius
975 2162 1088 2201 non
1139 2147 1445 2204 revertendi
1484 2149 1554 2204 ad
1582 2156 1827 2205 vetusta—

216 2326 502 2397 quomodo
531 2324 778 2384 Christus
820 2330 1053 2384 surrexit
1093 2345 1128 2384 a
1168 2331 1417 2399 mortuis,
1451 2345 1563 2386 non
1594 2331 1830 2402 amplius

220 2426 632 2488 resumpturos
675 2426 861 2475 aetum
888 2421 1239 2477 mortalitatis
1281 2423 1543 2493 (surrexit
1570 2423 1714 2490 dico,
1738 2436 1831 2493 per

220 2509 470 2581 gloriam
500 2509 714 2576 Patris,
760 2510 813 2566 id
840 2520 927 2567 est
952 2528 1050 2583 per
1078 2510 1319 2568 Verbum
1349 2513 1456 2570 sibi
1480 2513 1718 2581 unitum,
1742 2514 1830 2570 vel

220 2611 466 2672 propter
499 2601 957 2674 magniﬁcandam
986 2603 1216 2674 gloriam
1241 2600 1467 2676 Patris),
1493 2598 1577 2659 ita
1609 2621 1703 2659 nos
1731 2621 1829 2675 po—
1904 2614 1910 2622 '

222 2694 321 2747 siti
344 2694 412 2748 in
428 2694 670 2749 novitate
696 2695 837 2763 uiue,
871 2694 925 2750 id
971 2702 1057 2751 est
1102 2695 1160 2751 in
1202 2695 1605 2753 resurrectione
1634 2696 1833 2752 anima:

220 2803 328 2859 per
361 2788 708 2859 baptismum
741 2788 1050 2860 justiticatae
1076 2831 1094 2858 ,
1128 2790 1455 2845 ambulemus
1500 2791 1833 2862 proticiendo

223 2886 285 2941 in
309 2894 555 2957 accepta
578 2886 838 2942 novitate.
868 2884 1009 2942 Vere
1044 2882 1101 2941 in
1122 2886 1362 2942 novitate
1384 2886 1512 2942 vitae
1535 2902 1833 2957 possumus

190 2977 551 3035 .ambulare.
600 2975 738 3033 Nam
787 2992 889 3033 nos
933 2993 1127 3034 sumus
1173 2978 1382 3034 similes
1415 2978 1835 3038 resurrectionis

223 3071 377 3141 ejus,
412 3069 572 3140 quia,
600 3066 1062 3140 quemadmodum
1108 3068 1363 3126 Christus
1407 3084 1701 3141 resurgens
1729 3084 1835 3126 no-

223 3176 336 3216 vus
367 3161 549 3215 homo
576 3159 702 3226 fuit,
731 3160 807 3215 ita
832 3168 889 3215 et
912 3175 1013 3217 nos
1042 3173 1140 3230 per
1184 3160 1518 3231 baptismum
1565 3170 1837 3218 vetustate

224 3252 459 3323 peccati
485 3252 758 3322 deposita,
788 3252 847 3307 in
884 3252 1126 3308 novitate
1150 3251 1423 3308 bonorum
1453 3267 1681 3324 operum
1710 3254 1841 3309 novi

225 3343 506 3400 homines
530 3343 723 3399 simus.
756 3341 827 3398 Et
854 3358 981 3399 vere
1014 3340 1222 3399 similes
1264 3343 1686 3400 resurrectionis
1727 3343 1840 3400 eri-

226 3452 389 3500 mus,
419 3436 471 3489 si
497 3434 847 3506 complantati
886 3450 1107 3501 sumus;
1146 3450 1249 3491 nec
1274 3450 1371 3506 per
1395 3450 1499 3491 nos
1528 3428 1636 3492 hoc
1663 3445 1844 3508 potest

225 3527 384 3594 ﬁeri,
419 3526 639 3597 sedper
655 3526 882 3598 gratiam
915 3526 1011 3583 Dei
1039 3527 1172 3598 facti
1193 3527 1543 3598 complantati
1585 3527 1843 3583 similitu-

227 3619 353 3673 dini
384 3619 580 3672 mortis
617 3618 752 3688 ejus,
784 3618 841 3674 id
862 3626 948 3675 est
966 3618 1015 3675 si
1041 3619 1370 3675 commortui
1395 3617 1662 3674 fuerimus
1683 3618 1845 3673 Chri-

230 3718 346 3777 sto,
393 3724 465 3764 ea
493 3708 604 3780 36
647 3709 1008 3766 similitudine
1031 3751 1048 3777 ,
1096 3717 1158 3765 ut
1184 3704 1327 3766 sicut
1362 3710 1451 3766 ille
1473 3710 1641 3767 semel
1671 3711 1842 3780 depo-

232 3802 366 3858 sitis
398 3801 642 3856 miseriis
660 3802 866 3857 veteris
886 3801 1147 3869 hominis,
1173 3802 1242 3857 ad
1271 3794 1392 3857 illas
1420 3802 1562 3857 ultra
1577 3816 1687 3855 non
1718 3801 1843 3856 red-

233 3893 322 3960 iit,
354 3892 448 3948 sic
492 3899 547 3948 et
574 3907 697 3959 nos,
727 3894 788 3948 in
811 3893 1086 3963 baptismo
1113 3892 1282 3949 semel
1309 3893 1555 3963 deposita
1579 3899 1848 3948 vetustate

234 3984 489 4056 peccati,
550 3984 619 4039 ad
644 3983 778 4040 illud
816 3985 961 4040 ultra
1010 3998 1121 4040 non
1168 3984 1554 4055 regrediamur.
1595 3981 1654 4037 Si
1697 3983 1845 4040 enim

238 4077 330 4133 sic
354 4076 733 4146 complantatt
770 4090 965 4133 sumus
998 4070 1342 4132 similitudini
1372 4074 1566 4131 mortis
1597 4075 1739 4145 ejus,
1766 4076 1845 4130 si-

240 4166 365 4221 m'ul
400 4167 569 4221 etiam
598 4164 797 4223 merito
827 4167 1038 4222 unitate
1060 4166 1255 4222 mortis
1274 4166 1469 4219 erimus
1494 4165 1848 4236 complantati

238 4258 609 4319 sunilitudtm
640 4258 1040 4315 resurrectionis
1084 4257 1223 4328 ejus,
1272 4255 1330 4310 in
1352 4254 1593 4311 novitate
1617 4270 1847 4325 operum

239 4354 630 4427 proﬁcientes.
667 4350 1033 4422 Complantati
1060 4350 1128 4427 ab
1151 4348 1242 4403 illa
1267 4347 1622 4403 similitudine
1640 4346 1849 4402 dictum

240 4425 355 4518 est,
384 4462 503 4518 qua
527 4461 716 4502 ramus
762 4445 921 4500 bonze
959 4425 1192 4508 arboris,
1218 4449 1414 4496 trunco
1444 4441 1601 4495 malae
1635 4438 1851 4495 arboris

1928 1977 2105 2031 cunda
2132 1979 2530 2033 resurrectione
2553 1979 2735 2045 simul,
2768 1979 2823 2034 id
2862 1988 2947 2034 est
2991 1978 3119 2035 facti
3149 1978 3521 2050 impassibiles

1901 2072 1982 2120 ‘et
2011 2066 2377 2133 immortales;
2417 2082 2594 2137 neque
2621 2069 2724 2123 hoc
2760 2066 2890 2121 alibi
2921 2068 3027 2123 nisi
3053 2084 3172 2120 cum
3198 2067 3430 2134 Christo,
3462 2067 3518 2121 id

1898 2168 1910 2174 “
1928 2156 2013 2211 est
2040 2157 2097 2212 in
2126 2158 2300 2213 oculis
2328 2158 2448 2229 ejus
2474 2157 2719 2213 vivemus
2748 2158 2910 2228 positi
2942 2157 3404 2228 incorruptibiles.
3458 2155 3521 2211 Si

218 2242 338 2289 tem
369 2235 616 2304 peccati.
652 2236 736 2291 Ad
765 2237 872 2293 hoc
917 2238 1111 2309 utique
1160 2240 1468 2311 consepulti
1519 2256 1734 2313 sumus,
1769 2250 1828 2297 ut
1904 2248 1907 2251 '

1930 2248 2133 2305 mortui
2162 2265 2355 2305 sumus
2385 2265 2509 2305 cum
2531 2249 2772 2315 Christo,
2795 2248 3040 2320 profecto
3064 2249 3342 2305 credimus
3370 2247 3521 2318 quod

1928 2340 2177 2395 vivemus
2227 2355 2353 2394 cum
2395 2338 2615 2395 Christo
2639 2382 2654 2406 ,
2701 2337 2924 2394 scientes
2954 2340 3059 2396 hoc
3097 2340 3235 2411 quod
3258 2338 3521 2394 Christus

1902 2443 2149 2503 ‘surgens
2182 2448 2215 2486 a
2243 2433 2468 2487 mortuis
2491 2432 2610 2502 jam
2639 2449 2742 2487 non
2772 2433 3017 2500 moritur,
3048 2431 3105 2487 id
3149 2439 3235 2487 est
3256 2431 3371 2501 jam
3408 2445 3523 2486 non

1930 2525 2163 2581 ulterius
2192 2532 2425 2580 mortem
2452 2525 2720 2596 gustabit;
2772 2525 2901 2596 quia
2951 2525 3119 2580 semel
3167 2532 3423 2579 mortuus
3449 2523 3523 2579 ad

1928 2616 2373 2689 justiﬁeationem
2423 2604 2669 2671 omnium
2713 2610 2986 2671 sufﬁciens
3035 2614 3157 2670 fuit.
3192 2614 3304 2671 Nec
3342 2615 3525 2671 solum

1933 2727 2046 2767 non
2071 2709 2326 2777 moritur,
2357 2709 2453 2765 sed
2481 2690 2645 2763 etiam
2672 2723 2813 2762 mors
2845 2690 2948 2761 non
2975 2705 3239 2761 illi'ultra
3278 2706 3527 2762 domina-

1935 2802 2096 2858 bitur.
2128 2801 2381 2857 Domima
2410 2799 2605 2855 mortis
2632 2806 2763 2854 sunt
2793 2815 2807 2853 :
2837 2797 3063 2875 Fames,
3085 2797 3316 2875 esuries,
3346 2796 3528 2855 febres

1933 2902 1990 2950 et
2034 2880 2377 2965 quaecunque
2417 2889 2670 2946 miseriae.
2722 2887 2898 2958 Caput
2941 2874 3106 2943 etiam
3150 2874 3206 2943 et
3238 2886 3529 2957 completio

1916 2984 2184 3042 omnium
2215 2983 2584 3049 miseriarum,
2617 2994 2788 3039 mors.
2816 2978 2923 3035 Sed
2959 2993 3063 3034 nec
3086 2993 3259 3044 mors,
3291 2992 3393 3033 nec
3418 2976 3529 3032 mi-

1937 3077 2095 3135 seria:
2137 3091 2261 3147 quae
2312 3082 2441 3131 sunt
2483 3073 2803 3145 pramuntiaa
2849 3070 3063 3136 mortis,
3095 3067 3530 3124 dominabuntur

1866 3201 1910 3259 ο
1939 3169 2174 3240 amplius
2201 3167 2423 3259 Christo
2463 3165 2631 3259 semel
2661 3170 2901 3259 mortuo.
2932 3160 3100 3216 'Vere
3134 3159 3390 3215 Christus
3410 3158 3530 3259 jam

1946 3276 2057 3317 non
2086 3260 2339 3315 moritur.
2370 3255 2507 3311 Nam
2537 3256 2643 3312 hoc
2666 3254 2815 3326 quod
2833 3261 3073 3307 mortuus
3102 3259 3179 3306 est
3208 3259 3443 3321 peccato,
3475 3249 3532 3306 id

1918 3336 2026 3409 est
2053 3351 2122 3407 ad
2144 3348 2569 3405 destructionem
2597 3345 2828 3418 peccati,
2869 3352 3110 3419 mortuus
3142 3351 3221 3397 est
3254 3340 3436 3412 semet,
3476 3341 3533 3398 id

1942 3450 2027 3501 est
2052 3441 2220 3498 semel
2248 3439 2390 3495 mori
2425 3437 2657 3494 suﬂ’ecit.

2011 3534 2080 3589 Et
2105 3532 2228 3589 ideo
2260 3509 2433 3588 semel
2461 3527 2727 3585 commori
2758 3525 2837 3584 illi
2886 3526 2943 3582 in
2970 3524 3265 3596 baptismo
3300 3522 3549 3580 sulliciat'

1942 3626 2123 3692 nobis,
2151 3621 2548 3695 perseverando
2571 3620 2626 3674 in
2654 3627 2876 3690 accepta
2895 3615 3306 3689 justiﬁcatione.
3332 3613 3538 3671 Probat

1904 3714 2106 3769 'etiam
2137 3713 2284 3784 quod
2336 3726 2488 3766 mors
2531 3709 2673 3764 ultra
2726 3723 2836 3762 non
2882 3704 3256 3762 dominabitur
3290 3700 3533 3759 Christo.

1941 3803 2078 3861 Nam
2109 3806 2218 3861 hoc
2237 3803 2375 3876 quod
2409 3802 2537 3857 vivit
2570 3800 2696 3855 vivit
2728 3797 2864 3867 Deo,
2891 3797 2946 3853 id
2971 3805 3057 3853 est
3092 3790 3206 3852 vita
3232 3790 3357 3861 Dei;
3405 3793 3536 3866 quia

1945 3897 1992 3955 si
2020 3894 2483 3968 quemadmodum
2509 3891 2653 3946 Deus
2680 3890 2814 3945 vivit
2834 3888 3163 3945 aeternaliter
3183 3895 3238 3942 et
3268 3886 3386 3942 sine
3412 3901 3538 3942 cor-

1945 3980 2220 4059 ruptione,
2248 3983 2490 4057 profecto
2521 3982 2732 4038 nullam
2781 3978 3087 4038 dominium
3138 3978 3196 4034 in
3235 3994 3303 4034 eo
3341 3977 3539 4034 mortis

1945 4079 2069 4140 'erit.
2101 4080 2259 4149 Quod
2282 4079 2423 4135 dixit
2455 4078 2511 4133 in
2539 4087 2657 4134 toto
2686 4077 2884 4133 debere
2912 4074 3182 4130 commori
3206 4072 3447 4140 Christo,
3473 4081 3539 4127 ut

1945 4175 1999 4231 ei
2026 4173 2401 4239 convivemus,
2431 4168 2652 4241 adaptat
2675 4168 2838 4224 modo
2866 4164 3151 4234 Romanis,
3178 4178 3416 4235 quorum
3446 4163 3541 4219 hic

1924 4252 2263 4323 'intendebat
2288 4256 2673 4328 instructioni,
2692 4258 2880 4318 dicens
2912 4278 2927 4314 :
2960 4255 3413 4327 Quandoquidem
3444 4268 3542 4311 nc-

1950 4373 2102 4415 scsse
2131 4366 2216 4414 est
2259 4356 2527 4412 commori
2553 4353 2795 4421 Christo,
2825 4351 2874 4408 si
2916 4350 3173 4406 volumus
3202 4348 3385 4404 vivere
3411 4362 3541 4403 cum

1951 4464 2052 4515 eo;
2098 4449 2201 4515 ita,
2255 4448 2310 4503 id
2358 4455 2442 4503 est
2493 4447 2597 4502 hac
2646 4445 2877 4501 ratione
2901 4428 3083 4498 edocti
3129 4457 3240 4528 uos,
3282 4434 3541 4505 Romani,

243 4540 548 4604 inseritur,
579 4536 900 4606 fructusque
932 4549 1106 4590 novos
1129 4532 1327 4589 ibidem
1358 4531 1489 4588 facit
1516 4550 1530 4599 ;
1562 4533 1642 4588 sic
1668 4540 1723 4588 et
1750 4546 1836 4586 no

1952 4542 2252 4598 existimate
2275 4556 2363 4595 vos
2396 4538 2609 4610 quidem
2657 4552 2768 4593 esse
2812 4543 3059 4590 mortuos
3103 4541 3338 4604 peccato,
3368 4531 3424 4588 id
3459 4539 3546 4587 est

240 4632 403 4689 vitas
423 4624 834 4700 justiﬁcationis
858 4627 1060 4683 inserta
1084 4616 1282 4680 trunco
1306 4631 1511 4679 nostrae
1536 4623 1850 4691 vetustatis,

158 4786 163 4789 _
243 4726 540 4783 exstincto
565 4736 760 4794 sapore
784 4721 978 4789 veteri,
1021 4719 1235 4776 fructus
1265 4719 1431 4776 faciat
1453 4718 1672 4775 insertae
1697 4717 1856 4773 novi-

247 4823 416 4878 tatis.
455 4818 677 4874 Similes
706 4818 897 4887 utique
933 4816 1127 4871 mortis
1153 4813 1360 4871 Christi
1389 4813 1654 4870 debemus
1687 4809 1807 4867 fieri
1833 4829 1848 4866 :

248 4913 508 4970 Scientes
536 4911 641 4966 hoc
667 4910 792 4981 quia
818 4915 962 4962 vetus
983 4896 1143 4962 homo
1162 4914 1336 4961 noster
1363 4903 1526 4959 simul
1553 4921 1673 4958 cum
1700 4903 1859 4960 Chri-

250 5013 344 5058 sto
372 5002 564 5071 aﬁxus
591 5009 670 5054 est
705 4999 852 5053 cruci
882 5012 902 5052 :
934 4998 1003 5053 ad
1033 4997 1159 5065 hoc,
1190 5004 1248 5051 ut
1273 4997 1579 5050 destruatur
1607 4996 1665 5049 in
1694 4993 1853 5049 nobis

250 5107 463 5163 corpus
486 5091 724 5161 peccati;
761 5081 837 5144 ita
867 5088 1183 5143 destruatur
1208 5101 1408 5156 corpus
1430 5092 1683 5140 nostrum
1709 5083 1765 5139 iu
1787 5098 1854 5138 eo

254 5182 422 5255 quod
446 5181 727 5253 peccabat,
752 5188 812 5234 ut
851 5179 1000 5234 ultra
1038 5195 1141 5234 non
1176 5178 1467 5233 serviamus
1494 5173 1727 5246 peccato,
1759 5173 1857 5230 sed

228 5277 569 5349 imperium
606 5276 907 5330 habeamus
927 5289 1091 5344 super
1121 5279 1427 5344 peccatum.
1474 5268 1741 5326 Dominus
1769 5266 1859 5323 le.

259 5387 370 5428 sus
401 5368 550 5424 aliud
579 5382 749 5439 genus
795 5365 989 5422 mortis
1021 5366 1068 5421 si
1095 5365 1255 5420 vellet
1293 5363 1491 5434 eligere
1528 5369 1734 5433 posset,
1765 5360 1861 5415 sed

263 5478 389 5516 non
412 5461 533 5515 sine
554 5466 816 5530 mysterio
853 5456 1005 5511 cruci
1032 5454 1174 5526 ειίίἰεί
1210 5454 1387 5525 magis
1419 5453 1611 5519 voluit,
1649 5450 1859 5522 signiﬁ-

266 5569 414 5609 cans
443 5551 622 5617 nobis,
648 5561 709 5606 ut
730 5539 1191 5620 quemadmodum
1217 5562 1414 5602 manus
1435 5554 1489 5601 et
1522 5544 1707 5616 pedes,
1739 5557 1865 5598 sen-

236 5678 245 5687 -
271 5659 378 5699 sus
422 5642 631 5699 scilicet
660 5643 931 5696 humanos
958 5639 1145 5695 allixos
1178 5627 1398 5702 habuit,
1436 5637 1517 5692 sic
1544 5644 1597 5691 et
1626 5649 1730 5690 nos
1752 5648 1861 5689 non

273 5736 464 5793 solum
493 5749 681 5805 opera,
707 5734 803 5789 sed
828 5733 990 5788 etiam
1019 5746 1217 5787 sensus
1244 5729 1431 5805 aﬂixos
1452 5728 1771 5792 habeamus,
1796 5741 1864 5781 ne

280 5827 590 5900 cogitemus
615 5826 700 5881 vel
720 5839 1010 5895 operemur
1039 5822 1200 5878 mala.
1238 5819 1303 5875 Et
1339 5821 1476 5876 bene
1516 5819 1777 5875 debemus
1810 5826 1866 5873 et

1954 4632 2158 4691 credite
2179 4647 2280 4688 vos
2308 4638 2561 4686 mortuos
2585 4643 2708 4684 esse
2742 4626 2799 4683 in
2827 4627 3121 4697 baptismo,
3154 4639 3224 4680 ne
3252 4623 3397 4678 ultra
3421 4637 3544 4676 ma-

1954 4740 2086 4782 num
2100 4722 2390 4795 porrigatis
2412 4721 2479 4777 ad
2506 4729 2689 4776 aetum
2719 4720 2963 4791 peccati;
2993 4716 3140 4787 quod
3163 4717 3209 4772 si
3237 4716 3313 4770 ita
3341 4715 3547 4770 mortui

1953 4813 2090 4870 estis
2114 4855 2130 4879 ,
2184 4811 2494 4867 existimate
2543 4808 2709 4864 etiam
2756 4821 2857 4863 vos
2905 4806 3130 4860 viventes
3184 4802 3295 4858 Deo
3320 4844 3336 4870 ,
3373 4801 3429 4857 id
3461 4811 3547 4859 est

1955 4905 2012 4961 in
2041 4900 2264 4975 accepta
2295 4899 2687 4973 justiﬁeatione
2714 4895 2913 4953 animae
2938 4895 3186 4951 viventes
3213 4894 3399 4950 ethoc
3426 4908 3547 4950 me-

1954 4996 2063 5052 rito
2092 4995 2148 5049 in
2177 4990 2525 5063 corruptione
2552 5002 2843 5060 corporum
2871 4987 3113 5043 victuros
3135 4998 3221 5045 :et
3244 4984 3351 5040 hoc
3374 4994 3551 5041 totum

1952 5086 2011 5140 in
2038 5084 2253 5142 Christo
2280 5081 2431 5147 Iesu,
2454 5079 2508 5135 id
2534 5086 2621 5136 est
2648 5093 2744 5150 per
2762 5075 3275 5155 ChristumJesum,
3300 5078 3473 5148 quiet
3492 5079 3551 5132 in

1954 5175 2211 5246 praesenti
2257 5169 2525 5243 justiticat
2550 5211 2566 5236 ,
2617 5178 2673 5225 et
2722 5168 2779 5223 in
2804 5152 3198 5239 justiﬁeatiOne
3222 5182 3552 5238 permanen-

1957 5267 2103 5323 tibus
2130 5265 2300 5320 vitam
2342 5270 2609 5318 aeternam
2638 5263 2928 5332 praeparat;
2964 5257 3122 5327 Quod
3150 5258 3365 5315 dixerat
3392 5273 3557 5329 supe-

1956 5359 2076 5414 rius
2100 5400 2116 5426 ,
2166 5371 2268 5412 nos
2297 5363 2547 5411 mortuos
2574 5365 2698 5411 esse
2721 5361 2946 5425 peccato
2965 5394 2982 5420 ,
3027 5355 3088 5408 et
3108 5352 3403 5408 vivendum
3430 5364 3557 5408 esse

1941 5449 2073 5520 '37
2101 5447 2234 5515 Deo,
2276 5447 2468 5503 videns
2497 5446 2780 5501 hominem
2797 5445 2949 5500 nullo
2979 5445 3143 5501 modo
3174 5457 3337 5516 posse
3368 5444 3425 5498 in
3451 5443 3557 5499 hac

1965 5540 2077 5596 vita
2106 5556 2166 5598 se
2195 5540 2455 5596 cohibere
2485 5552 2513 5592 a
2539 5537 2882 5604 venialibus,
2917 5536 3247 5593 determinat
3270 5535 3327 5590 in
3353 5535 3556 5605 quibus

1966 5633 2206 5704 peccatis
2238 5630 2381 5687 mori
2428 5629 2728 5684 debeamus
2755 5638 2811 5685 et
2838 5628 3115 5699 possimus
3145 5646 3161 5682 :
3186 5626 3368 5683 sciens
3393 5624 3559 5682 fomi-

1936 5747 1943 5752 ν
1967 5732 2075 5780 tem
2104 5723 2314 5796 peccati
2336 5721 2663 5777 naturaliter
2683 5720 2868 5777 inesse
2897 5710 3115 5791 cuique.
3149 5711 3257 5774 Sed
3273 5718 3388 5790 jam
3418 5734 3557 5775 con-

1965 5810 2165 5874 fortato
2188 5816 2363 5873 libero
2388 5812 2635 5881 arbitrio,
2681 5828 2975 5883 possumus
3009 5817 3262 5868 ‘c'oercere
3306 5810 3555 5872 fomitem
