3978 6444
493 395 565 454 59

1026 391 1089 452 S.
1131 369 2163 474 BRUNONIS.CARTllUSlANORUM
2203 379 2692 441 lNSTlTUTORlS
2730 383 2881 444 OPP.
2921 381 3103 444 PARS
3138 383 3204 442 ll.
3345 353 3348 358 Ι
3723 381 3790 442 60

491 519 729 583 peccati,
761 523 831 565 ne
877 518 1200 580 prorumpat
1240 509 1296 564 in
1331 515 1536 564 actum.
1569 503 1639 560 Et
1678 504 1788 560 hoc
1821 499 2084 558 determi-
2113 498 2161 556 A
2186 505 2293 553 catt
2333 498 2662 570 elﬁciemini,
2707 516 2810 559 nec
2855 501 3022 574 hujus
3051 500 3328 559 servitutis
3348 501 3608 558 'vincula
3633 517 3792 558 rum-

492 614 657 666 naus,
687 598 766 664 ait
797 615 811 653 :
840 595 1070 662 Quando
1109 597 1330 668 quidem
1365 597 1608 651 viventes
1635 594 1770 649 estis
1804 592 1937 660 Deo,
1958 608 2080 664 ergo

491 697 792 761 peccatum,
841 688 894 744 id
923 695 1029 755 est,
1082 687 1349 744 naturalis
1391 685 1565 740 fomes
1591 681 1820 755 peccati,
1855 699 1958 738 non
2001 698 2083 736 re—

493 790 614 854 gnet
649 782 706 836 in
735 779 911 835 vobis.
963 778 1214 852 Regnare
1257 777 1466 849 peccati
1505 785 1619 844 est,
1669 773 2082 842 consentiendo,

495 872 728 945 agendo,
751 879 805 926 et
833 869 888 926 in
910 887 1074 942 opere
1096 871 1302 940 peccati
1329 866 1761 924 consuescendo.
1789 865 2082 924 Peccatum

493 964 689 1034 utique
726 977 839 1016 non
895 971 1088 1034 regnet
1115 963 1172 1016 in
1202 977 1416 1030 corpore
1446 969 1638 1027 vestro,
1689 959 1746 1014 id
1797 965 1902 1026 est,
1936 957 2084 1029 quod

490 1055 607 1125 jam
640 1061 882 1109 vestrum
911 1062 1016 1120 est,
1041 1062 1094 1108 et
1121 1068 1218 1123 per
1258 1050 1720 1107 confortationem
1748 1050 1907 1106 liberi
1933 1049 2083 1106 arbi-

494 1145 587 1200 trii
613 1145 922 1216 subjectum
955 1145 1200 1200 dominio
1243 1145 1495 1200 rationis.
1528 1142 1772 1214 Corpore
1801 1143 1926 1199 dico
1959 1143 2088 1200 licet

487 1237 812 1308 justiﬁcato,
837 1245 1020 1292 tamen
1044 1235 1224 1292 adhuc
1254 1235 1495 1302 mortali,
1519 1243 1574 1292 et
1603 1233 1732 1308 (nisi
1762 1234 1976 1292 ratione
1997 1250 2086 1290 re-

493 1329 674 1400 gatur)
717 1343 890 1398 prono
936 1328 994 1382 in
1039 1343 1180 1398 opus
1209 1327 1441 1397 peccati.
1469 1327 1649 1394 Quare
1675 1327 1966 1384 videndum
2003 1335 2089 1384 est

493 1435 562 1474 ne
586 1419 993 1475 consentientes
1021 1417 1344 1474 mortalitati
1367 1427 1566 1474 vestrae
1594 1433 1706 1474 non
1729 1418 1924 1475 vivatis
1952 1417 2084 1475 Deo.

494 1508 616 1566 Non
650 1511 838 1583 itaque
887 1519 1082 1584 regnet
1123 1518 1412 1582 peccatum
1441 1519 1499 1566 ut
1547 1511 1804 1566 obediatis
1835 1513 2087 1582 concupi-

490 1605 707 1658 scentiis
753 1604 890 1674 ejus,
942 1603 1149 1660 scilicet
1193 1604 1422 1676 peccati,
1469 1603 1522 1660 id
1547 1613 1630 1660 est
1659 1612 1738 1658 .ut
1767 1604 1914 1674 quod
1947 1604 2090 1660 male

492 1696 690 1750 suadet
735 1695 1026 1750 inﬁrmitas
1078 1697 1260 1754 carnis
1321 1705 1534 1764 vestrae,
1589 1711 1753 1768 opere
1795 1695 2090 1767 perﬁciatis
2165 1733 2168 1737 -

493 1802 597 1842 nec
633 1788 810 1844 solum
837 1803 944 1842 non
963 1789 1232 1846 obediatis
1261 1805 1424 1860 opere
1441 1831 1456 1855 ,
1489 1789 1580 1844 sed
1605 1806 1766 1860 neque
1794 1789 2088 1844 exhibeatis

496 1875 574 1929 ita
625 1884 685 1930 ut
719 1883 908 1948 parata
937 1885 992 1931 et
1025 1889 1330 1947 opportuna
1373 1893 1472 1948 per
1503 1893 1836 1934 consensum
1873 1875 2090 1934 faciatis

502 1966 738 2020 membra
767 1976 940 2022 vestra
974 1976 1209 2038 peccato.
1243 1967 1381 2034 Quia
1418 1969 1561 2024 sicut
1603 1985 1705 2024 nec
1734 1969 1972 2039 operari,
2009 1969 2090 2026 sic

495 2071 600 2112 nec
652 2058 799 2114 malo
848 2060 1162 2114 consentire
1198 2060 1429 2115 debetis.
1471 2060 1712 2116 Membra
1755 2069 1935 2116 vestra
1963 2061 2089 2117 dico

492 2155 627 2202 tunc
661 2146 804 2204 facta
838 2165 990 2202 arma
1026 2151 1351 2222 iniquitatis,
1383 2151 1432 2207 si
1462 2149 1668 2206 fuerint
1690 2149 1932 2206 exhibita
1963 2165 2090 2220 pec-

491 2247 636 2294 cato.
669 2238 728 2296 Si
760 2241 907 2296 enim
952 2251 1180 2312 peccato
1215 2242 1628 2308 consenseritis,
1663 2250 1796 2298 tunc
1825 2242 2090 2312 iniquitas

493 2338 743 2386 armatur
776 2332 1040 2388 membris
1069 2333 1291 2400 vestris,
1319 2343 1380 2388 ut
1405 2349 1502 2404 per
1525 2333 1644 2390 haec
1668 2349 1822 2388 arma
1843 2333 2092 2404 perficiat

493 2420 642 2490 quod
669 2421 812 2476 male
837 2423 1006 2492 cupit.
1030 2420 1208 2478 Nolite
1229 2437 1328 2479 vos
1353 2423 1612 2478 exhibere
1629 2423 1850 2492 delicto,
1879 2423 1970 2478 sed
1998 2440 2090 2478 ea:-

494 2509 668 2564 hibete
696 2527 785 2566 vos
825 2511 954 2578 Deo,
981 2511 1034 2566 id
1061 2522 1164 2580 est,
1187 2521 1491 2584 praeparate
1518 2529 1618 2570 vos
1644 2514 1784 2570 bene
1813 2515 2091 2584 operando

493 2601 724 2657 idoneos
748 2601 877 2657 Deo.
915 2601 982 2658 Et
1015 2603 1227 2673 justum
1253 2613 1357 2672 est,
1382 2591 1482 2660 vus
1504 2604 1628 2661 dico
1669 2603 1843 2662 factos
1864 2606 2090 2662 viventes

495 2694 554 2748 in
579 2693 793 2764 justitia
835 2704 1090 2766 tanquam
1131 2712 1196 2750 ea:
1224 2697 1483 2762 mortuis;
1514 2697 1720 2754 mortui
1746 2703 1892 2752 enim
1921 2699 2090 2756 eratis

495 2784 553 2840 in
587 2795 836 2858 peccato.
881 2785 993 2844 Nec
1019 2787 1196 2850 solum
1243 2797 1367 2849 actu
1398 2787 1652 2846 exhibete
1679 2804 1778 2846 vos
1813 2788 1947 2858 Deo,
1995 2791 2090 2848 sed

493 2877 662 2932 etiam
705 2877 938 2934 membra
997 2889 1170 2936 vestra
1215 2879 1271 2940 in
1306 2895 1581 2936 consensu
1614 2888 1669 2938 et
1710 2881 2092 2938 exhortatione

496 2967 770 3032 bonorum
803 2979 1106 3042 praeparate
1139 2970 1270 3030 Deo.
1307 2970 1550 3028 Membra
1579 2980 1762 3030 vestra
1786 2973 1912 3030 dico
1945 2973 2090 3032 facta

497 3067 630 3115 tunc
657 3077 811 3115 arma
829 3062 1087 3132 justitiae.
1105 3061 1202 3118 His
1229 3062 1378 3119 enim
1399 3063 1570 3120 armis
1593 3063 1834 3134 perﬁciet
1852 3065 2088 3136 justitia,

2182 605 2312 660 pere
2355 592 2585 661 potestis
2618 593 2866 649 libertate
2907 591 3140 666 perdita.
3190 592 3318 650 ideo
3342 594 3569 649 bonum
3607 604 3698 650 est
3735 605 3794 651 ut

2183 684 2326 737 servi
2376 680 2506 738 facti
2557 685 2805 756 justitiae,
2851 702 2883 741 a
2924 686 3097 758 gratia
3149 701 3260 741 non
3303 685 3630 753 declinetis,
3663 687 3794 757 quia

2183 773 2327 828 servi
2357 770 2486 828 facti
2507 775 2714 844 peccati
2741 791 2851 831 non
2873 776 3104 847 potestis
3124 785 3308 833 vestro
3331 777 3463 848 jure
3485 778 3702 833 reverti
3724 778 3792 834 ad

2183 864 2435 934 gratiam.
2459 863 2585 921 Ideo
2611 864 2668 920 in
2689 867 2908 937 justitia
2939 867 3253 939 perdurate,
3283 883 3384 924 nec
3417 876 3668 940 propter
3688 869 3794 926 hoc

2183 955 2392 1022 solum,
2434 956 2530 1012 sed
2556 957 2723 1012 etiam
2767 958 2890 1014 ideo
2919 958 3049 1030 quia
3089 975 3217 1015 cum
3248 959 3377 1016 olim
3396 961 3544 1032 jugo
3575 961 3792 1032 peccati

2161 1047 2454 1118 deposito,
2507 1048 2636 1105 facti
2677 1049 2812 1106 estis
2860 1051 3004 1106 servi
3052 1051 3310 1122 justitia,
3357 1053 3405 1108 si
3469 1052 3686 1108 iterum
3727 1054 3792 1108 ad

2183 1139 2448 1194 vomitum
2499 1140 2700 1196 veteris
2753 1139 3034 1196 servitutis
3087 1141 3396 1196 relabimini
3423 1184 3442 1210 ,
3505 1143 3594 1198 rei
3659 1143 3794 1200 estis

2185 1228 2561 1287 instabilitatis
2601 1240 2656 1288 et
2687 1232 2852 1302 justas
2899 1231 3254 1303 perditionis;
3296 1235 3445 1306 quod
3503 1235 3594 1291 sic
3655 1236 3734 1290 ait
3775 1255 3790 1290 :

2184 1318 2306 1376 Non
2333 1322 2514 1376 solum
2558 1337 2660 1392 pro
2689 1337 2757 1379 eo
2785 1323 2932 1394 quod
2979 1325 3326 1395 praemissum
3355 1335 3441 1382 est
3477 1326 3793 1397 perdurare

2159 1413 2397 1470 .debetis
2425 1413 2482 1469 in
2512 1414 2727 1486 justitia
2743 1457 2757 1482 ,
2791 1417 2886 1471 sed
2909 1417 3076 1472 etiam
3101 1432 3202 1488 pro
3223 1432 3290 1472 eo
3311 1417 3462 1488 quod
3487 1417 3752 1490 sequitur
3771 1439 3790 1474 :

2160 1553 2164 1556 .
2187 1502 2342 1562 Unde
2367 1507 2574 1577 gratias
2595 1523 2694 1578 ago
2715 1507 2826 1562 Deo
2845 1525 2980 1576 meo,
2997 1509 3094 1579 qui
3113 1523 3214 1566 vos
3239 1510 3410 1582 gratis
3435 1509 3566 1565 sine
3593 1511 3794 1566 merito

2187 1606 2372 1654 vestro
2409 1615 2440 1654 a
2465 1599 2601 1671 jugo
2627 1601 2834 1670 peccati
2859 1601 3132 1658 liberavit.

2259 1689 2370 1761 38
2402 1689 2530 1746 lude
2568 1691 2756 1762 utique
2780 1692 2984 1764 gratias
3019 1707 3150 1766 ago;
3190 1695 3316 1764 quia
3357 1711 3448 1750 vos
3490 1696 3792 1768 aliquando

2193 1779 2374 1850 fuistis
2401 1781 2539 1835 servi
2558 1782 2782 1851 peccati,
2805 1782 2896 1836 sed
2917 1781 3031 1853 jam
3049 1782 3319 1851 obedistis,
3347 1800 3452 1841 nec
3469 1785 3680 1852 coacti,
3699 1787 3793 1842 sed

2191 1886 2256 1926 ea:
2291 1871 2468 1939 corde,
2499 1872 2552 1928 id
2577 1881 2662 1928 est
2687 1875 2908 1945 propria
2939 1875 3220 1931 voluntate
3253 1877 3434 1932 eundo
3471 1878 3534 1931 in
3561 1877 3792 1948 formans

2189 1963 2469 2031 doctrinae,
2494 1963 2546 2019 id
2562 1974 2666 2032 est,
2693 1965 2750 2020 in
2771 1965 3080 2022 doctrinam
3101 1982 3225 2038 quae
3242 1983 3342 2024 vos
3363 1967 3500 2024 fecit
3521 1967 3642 2024 Deo
3657 1984 3791 2023 con-

2188 2053 2416 2112 formes.
2468 2055 2654 2128 Imago
2697 2057 2846 2112 enim
2893 2055 2992 2113 Dei
3034 2056 3337 2114 deformata
3394 2068 3452 2115 et
3501 2069 3791 2116 ‘excmcata

2189 2145 2370 2203 fuerat
2397 2148 2452 2202 iu
2483 2147 2670 2216 vobis;
2705 2149 2800 2206 sed
2841 2165 2939 2220 per
2969 2149 3386 2206 instructionem
3413 2167 3603 2206 meam
3653 2151 3792 2206 ima-

2189 2239 2373 2311 ginem
2415 2238 2512 2295 Dei
2539 2239 2592 2294 in
2624 2240 2781 2296 vobis
2807 2239 3123 2296 reformavi.
3163 2239 3420 2297 Formam
3454 2242 3590 2298 dico
3621 2241 3790 2306 illam,

2191 2329 2245 2386 id
2281 2340 2399 2398 est,
2426 2341 2538 2387 tam
2567 2331 2923 2388 excellentem
2964 2333 3110 2388 sicut
3139 2331 3600 2388 reformationem
3648 2334 3788 2388 ima-

2191 2421 2334 2494 ginis
2364 2421 2494 2490 Dei;
2522 2423 2579 2477 in
2607 2440 2768 2494 quam
2800 2422 3032 2479 formam
3061 2423 3400 2480 traditi-estis
3429 2439 3537 2496 per
3569 2422 3791 2480 miseri.-

2171 2513 2434 2570 cordiam
2483 2512 2580 2570 Dei
2620 2523 2682 2570 et.
2707 2515 3014 2572 doctrinam
3059 2523 3327 2572 nostram.
3360 2515 3470 2573 Per
3504 2532 3609 2574 vos
3645 2517 3790 2572 enim

2191 2604 2580 2661 insuﬁicientes
2629 2607 2796 2662 eratis
2843 2605 3155 2662 reformari.
3208 2605 3351 2664 Olim
3399 2607 3596 2666 fuistis
3649 2607 3791 2664 servi

2191 2697 2420 2768 peccati,
2452 2696 2548 2752 sed
2571 2712 2718 2755 nunc
2744 2697 2962 2752 liberati
2996 2715 3030 2753 α
3063 2709 3300 2770 peccato,
3329 2700 3462 2770 facti
3489 2703 3622 2756 estis
3657 2701 3790 2756 servi

2181 2788 2455 2859 justitite;
2483 2795 2542 2844 et
2577 2788 2700 2844 ideo
2735 2790 2903 2846 nolite
2928 2790 3157 2848 ulterius
3183 2792 3356 2864 redigi
3381 2793 3439 2848 in
3465 2793 3790 2849 servitutem

2190 2881 2422 2952 peccati.
2455 2879 2524 2934 Et
2545 2881 2702 2936 vobis
2741 2879 2900 2938 factis
2927 2881 3042 2954 jam
3071 2883 3247 2940 servis
3269 2885 3504 2954 justitiae
3540 2885 3664 2940 dico
3688 2885 3787 2939 Itu-

2191 2987 2431 3038 manum,
2476 2970 2532 3026 id
2560 2979 2666 3040 est,
2696 2971 2956 3043 praecipio
2988 2973 3144 3030 vobis
3171 2975 3615 3046 quiddamsatis
3650 2976 3786 3041 leve,

2192 3061 2259 3116 ad
2291 3061 2438 3133 quod
2483 3062 2800 3120 humanitas
2825 3072 3011 3120 vestra
3038 3065 3170 3122 satis
3203 3075 3386 3136 potest
3414 3067 3688 3126 suﬁlcere.
3723 3066 3787 3121 Et

494 3153 642 3224 quod
696 3153 834 3210 bene
875 3156 1069 3211 suadet
1131 3163 1187 3211 et
1213 3155 1382 3226 cupit.
1424 3155 1644 3212 Debetis
1677 3157 1866 3228 utique
1904 3167 1959 3214 et
1985 3173 2088 3229 po-
2115 3170 2164 3236 ο
2192 3154 2319 3220 hoc,
2341 3155 2470 3224 quia
2485 3153 3132 3224 spiritualeestarduum,
3163 3173 3272 3212 non
3297 3159 3561 3230 praecipio
3583 3158 3740 3214 vobis
3765 3176 3778 3211 :

494 3246 650 3302 testis
680 3247 900 3302 exibere
926 3264 1026 3304 vos
1059 3246 1190 3304 Deo.
1221 3247 1366 3304 Nam
1393 3257 1688 3319 peccatum,
1729 3250 1831 3306 etsi
1858 3260 2086 3308 natura-

494 3336 620 3392 liter
644 3337 717 3394 sit
744 3339 800 3393 in
826 3339 1002 3406 vobis,
1033 3356 1137 3398 non
1166 3349 1349 3396 tamen
1379 3341 1742 3398 dominabitur
1764 3345 1819 3398 in
1851 3346 2016 3413 vobis,
2039 3346 2086 3408 si

496 3428 805 3486 confortato
833 3431 1008 3486 libero
1031 3433 1280 3499 arbitrio,
1304 3433 1486 3491 velitis
1519 3435 1620 3501 uti,
1659 3435 1754 3489 sed
1785 3437 1968 3506 potius
1987 3452 2088 3498 vos

497 3520 916 3578 dominabimini
951 3522 1056 3592 ipsi
1083 3531 1332 3596 peccato,
1375 3523 1687 3594 pe,habeat
1712 3533 1916 3582 actum.
1948 3525 2089 3583 Vere

496 3620 784 3684 peccatum
813 3628 924 3668 non
954 3613 1331 3670 dominabitur
1357 3614 1412 3670 in
1449 3615 1642 3670 vobis:
1678 3631 1780 3669 non
1801 3616 1914 3686 jam
1946 3617 2088 3671 enim

498 3704 626 3756 estis
649 3704 744 3758 sub
774 3703 906 3776 lege,
937 3721 1060 3775 quae
1093 3719 1219 3762 reos
1243 3704 1478 3760 faciebat
1502 3705 1765 3775 jubendo,
1784 3723 1894 3762 non
1926 3707 2086 3778 adju-

498 3796 710 3866 vando;
737 3797 831 3853 sed
859 3800 984 3854 estis
1011 3798 1106 3856 sub
1144 3800 1344 3871 gratia,
1377 3813 1501 3871 quas
1523 3798 1749 3854 dimittit
1775 3809 1996 3870 peccata
2033 3805 2090 3858 et

497 3889 724 3961 adjuvat
749 3891 965 3962 operari
995 3893 1154 3948 bona.
2049 3933 2052 3938 ι

571 3982 711 4050 Quia
743 3985 944 4040 iterum
989 4000 1174 4040 errare
1195 4000 1265 4040 ex
1303 3998 1374 4040 eo
1399 3982 1670 4054 quosdam
1713 3984 1896 4051 sentit,
1937 3984 2086 4056 quod

499 4073 713 4130 dixerat
735 4089 832 4145 per
865 4074 1094 4146 gratiam
1130 4075 1314 4130 omnia
1338 4075 1559 4144 dimitti,
1589 4085 1645 4131 et
1671 4077 1775 4134 hac
1809 4061 2010 4132 ﬁducia»
2027 4091 2090 4134 se

499 4179 750 4236 peccare,
800 4165 928 4235 quia
967 4166 1140 4236 gratia
1173 4174 1372 4238 parata
1413 4176 1552 4233 erat,
1602 4175 1658 4224 et
1699 4168 1972 4225 sufﬁciens
1993 4184 2086 4224 re-

499 4256 688 4312 laxare
726 4257 932 4322 omnia,
980 4265 1170 4313 contra
1213 4258 1296 4314 sic
1328 4260 1470 4316 male
1499 4268 1788 4332 operantes
1823 4261 1956 4318 dicit
1983 4262 2088 4320 hac

501 4348 804 4405 intentione
835 4363 944 4404 non
985 4363 1110 4406 esse
1143 4349 1502 4422 peccandum,
1530 4353 1660 4424 quia
1693 4353 1866 4424 gratia
1901 4354 2088 4412 omnia

498 4439 724 4510 quidem
759 4440 1002 4508 dimittit,
1053 4441 1146 4498 sed
1190 4441 1237 4498 si
1285 4442 1486 4513 aliquis
1543 4443 1828 4515 peccando
1857 4460 1917 4500 se
1950 4445 2086 4500 sub-

2188 3244 2334 3300 facio
2354 3255 2568 3316 prapter
2589 3246 2957 3316 inﬁrmitatem
2987 3249 3166 3303 carnis
3194 3259 3400 3318 vestras,
3432 3251 3490 3306 id
3522 3260 3629 3317 est,
3657 3249 3783 3320 quia

2183 3339 2306 3396 scio
2337 3355 2439 3396 vos
2483 3337 2664 3395 adhuc
2692 3340 3012 3396 carnalitate
3041 3342 3247 3411 premi,
3272 3357 3374 3398 nec
3407 3343 3550 3398 satis
3599 3343 3785 3397 ﬁrmos

2188 3434 2243 3488 in
2279 3433 2678 3504 spiritualibus,
2726 3433 3018 3488 humanum
3059 3434 3252 3505 utique
3297 3435 3440 3490 dico.
3489 3434 3632 3491 Nam
3683 3434 3784 3489 hoc

2189 3525 2492 3580 humanum
2528 3533 2630 3590 est,
2652 3525 2792 3580 sicut
2833 3524 3147 3580 exhibuistis
3191 3523 3427 3580 membra
3461 3537 3643 3582 vestra
3671 3541 3782 3581 scr-

2187 3615 2296 3669 vire
2321 3615 2696 3681 immunditiaz,
2730 3615 2786 3670 id
2813 3623 2900 3671 est
2925 3615 3176 3682 luxuriat,
3213 3615 3375 3687 gulae,
3411 3617 3652 3682 libidini,
3677 3631 3783 3671 ser-

2187 3705 2304 3762 vire
2335 3706 2499 3762 etiam
2523 3707 2817 3778 iniquitati,
2846 3707 2902 3762 id
2926 3715 3032 3772 est,
3053 3707 3206 3762 omni
3231 3709 3514 3764 contrario
3539 3703 3780 3780 aequitati

2187 3797 2258 3852 ad
2308 3798 2800 3858 consummandam
2839 3799 3210 3869 iniquitatem,
3257 3799 3452 3856 saltem
3509 3801 3594 3854 ita
3647 3811 3780 3852 nunc

2159 3887 2375 3944 .ﬁdeles
2412 3887 2540 3948 facti
2575 3889 2811 3944 exhibete
2856 3889 3092 3944 membra
3119 3898 3294 3944 vestra
3335 3889 3536 3946 servire
3552 3887 3778 3962 justitia

2185 3981 2366 4038 eundo
2405 3981 2462 4044 in
2513 3981 3019 4051 sanctiﬁcationem,
3047 3980 3106 4042 id
3145 3991 3230 4038 est
3271 3981 3328 4038 in
3382 3982 3778 4052 plenitudinem

2181 4072 2430 4144 justitiae.
2457 4071 2572 4128 Hoc
2591 4072 2781 4144 utique
2803 4073 2940 4130 satis
2968 4075 3270 4129 humanum
3291 4081 3379 4131 est
3393 4115 3408 4144 ,
3433 4082 3498 4130 ut
3514 4079 3782 4146 quantum

2189 4163 2438 4222 servistis
2465 4164 2714 4230 diabolo,
2763 4172 2978 4222 tantum
3011 4164 3264 4220 servistis
3303 4163 3436 4233 Deo,
3465 4167 3558 4221 cui
3609 4163 3777 4220 multo

2188 4255 2364 4326 magis
2393 4255 2529 4311 estis
2556 4257 2799 4312 obnoxii.
2830 4255 2969 4312 Vere
2995 4256 3125 4327 quia
3163 4256 3306 4313 servi
3330 4255 3460 4314 facti
3485 4257 3642 4314 estis
3663 4253 3774 4318 Dei,

2187 4347 2394 4404 servire
2426 4347 2634 4403 debetis
2651 4347 2896 4417 justitiae.
2931 4346 3074 4402 Nam
3095 4365 3215 4402 cum
3236 4348 3390 4418 prius
3427 4349 3616 4405 essetis
3645 4345 3776 4402 serui

2187 4439 2412 4508 peccati,
2443 4438 2598 4492 liberi
2635 4446 2768 4492 tunc
2795 4438 2978 4508 fuistis
2995 4437 3250 4508 justitia,
3297 4439 3354 4494 id
3382 4448 3486 4508 est,
3529 4445 3774 4510 expertes

500 4531 722 4590 duxerit
753 4533 962 4604 gratiae,
995 4531 1174 4589 factus
1209 4549 1401 4590 servus
1428 4535 1658 4605 peccati,
1685 4533 1962 4604 quomodo
1985 4535 2088 4590 scit
2115 4515 2166 4578 Ῐ)
2189 4529 2261 4586 ab
2315 4529 2464 4586 omni
2490 4529 2724 4598 justitia,
2771 4529 3002 4586 ﬁdeliter
3049 4529 3352 4586 servientes
3391 4539 3638 4601 peccato.
3673 4525 3775 4582 Sed

501 4621 552 4680 si
600 4621 669 4678 ad
714 4622 945 4694 gratiam
1001 4623 1200 4678 reverti
1237 4623 1460 4693 poterit,
1511 4639 1636 4680 cum
1667 4623 1783 4694 jam
1826 4624 1930 4680 sub
1953 4625 2087 4696 jugo

499 4715 713 4788 peccati
743 4715 944 4788 ligatus
969 4715 1076 4772 sit?
1103 4714 1556 4786 Quandoquidem
1577 4716 1682 4772 sub
1699 4717 1872 4787 gratia
1896 4732 2088 4774 sumus

497 4823 625 4878 qua:
658 4806 989 4864 sullicienter
1012 4816 1210 4879 purgat
1241 4805 1428 4880 omnia
1459 4825 1474 4860 :
1512 4823 1635 4878 ergo
1663 4807 1792 4878 quid
1819 4808 2088 4872 dicemus?

499 4899 584 4954 Au
617 4899 906 4955 ideolicite
947 4898 1303 4970 peccabimus,
1343 4899 1596 4970 quoniam
1629 4915 1734 4952 non
1772 4914 1954 4952 sumus
1989 4897 2084 4952 sub

493 4989 632 5060 lege,
666 5005 789 5060 quae
817 4990 1059 5061 jubendo
1081 4997 1271 5062 gravat
1290 4997 1344 5045 et
1371 5005 1479 5046 non
1501 4989 1746 5060 adjuvat,
1771 4988 1864 5043 sed
1893 5003 2088 5044 sumus

497 5082 597 5136 sub
627 5083 828 5152 gratia,
859 5098 984 5152 quae
1005 5092 1062 5139 et
1097 5091 1319 5154 peccata
1349 5081 1598 5150 remittit,
1629 5093 1684 5138 et
1703 5082 1843 5138 bene
1873 5081 2090 5152 operari

500 5172 760 5244 adjuvat?
783 5173 970 5228 Absit!
997 5172 1132 5242 Hoc,
1155 5174 1354 5245 inquit,
1384 5174 1579 5232 abesse
1597 5173 1777 5242 debet,
1805 5182 1868 5229 ut
1892 5190 2086 5244 pecce-

501 5278 628 5320 mus
655 5262 852 5318 ﬁducia
886 5264 1106 5336 gratite;
1138 5264 1266 5334 quia
1302 5281 1371 5320 an
1407 5267 1622 5320 nescitis
1649 5266 1790 5338 quod
1813 5265 1950 5320 servi
1969 5265 2086 5335 ejus

497 5357 630 5414 estis
653 5358 740 5411 cui
765 5355 1083 5412 cxhibuistis
1127 5373 1214 5412 uos
1239 5357 1308 5412 ad
1356 5358 1740 5414 obedientium?
1777 5357 1932 5416 Servi
1959 5359 2086 5415 dico

501 5449 632 5510 laeti
662 5450 748 5506 cui
768 5451 1040 5518 obedistis,
1071 5451 1124 5508 id
1149 5459 1252 5519 est,
1277 5451 1333 5508 in
1361 5467 1426 5508 ea
1453 5452 1590 5506 hora
1613 5467 1722 5522 qua
1757 5453 1868 5508 cito
1889 5451 2084 5508 obedi-

505 5543 628 5600 stis.
673 5543 806 5616 Ejus
830 5544 974 5600 servi
1009 5543 1162 5611 dico;
1193 5545 1300 5598 sive
1327 5545 1528 5615 peccati
1549 5559 1640 5600 cui
1660 5543 1946 5612 obedistis,
1978 5545 2084 5600 du-

504 5637 684 5693 centis
713 5636 784 5691 ad
815 5646 1056 5703 mortem,
1079 5633 1133 5690 id
1152 5643 1240 5692 est
1253 5637 1321 5692 ad
1343 5636 1780 5702 damnationem;
1809 5637 1918 5692 sive
1941 5635 2087 5692 servi

505 5726 642 5786 estis
663 5728 1000 5796 obeditionis,
1029 5727 1082 5784 id
1111 5736 1197 5784 est
1217 5727 1442 5800 iustitiae
1467 5727 1718 5785 ducentis
1746 5743 1844 5784 vos
1871 5728 1942 5782 ad
1971 5742 2090 5782 ma-

503 5820 679 5892 jorem
707 5820 1018 5890 justitiam;
1041 5820 1500 5894 quia-obediendo
1517 5831 1762 5894 peccato,
1795 5819 1934 5879 servi
1961 5834 2090 5892 pecs

2188 4635 2338 4675 nunc
2364 4619 2493 4674 facti
2537 4619 2679 4674 servi
2707 4619 2954 4688 justitiaa,
2999 4619 3158 4691 longe
3193 4617 3408 4676 fidelius
3431 4621 3640 4675 servire
3679 4617 3773 4674 de-

2189 4712 2330 4768 betis
2363 4711 2494 4767 Deo.
2537 4709 2990 4782 Quandoquidem
3013 4726 3200 4768 amore
3221 4712 3436 4782 peccati
3450 4710 3661 4772 fecistis
3681 4721 3773 4762 vos

2187 4813 2440 4876 expertes
2471 4805 2644 4862 totius
2668 4803 2898 4874 justitia:
2935 4821 2948 4859 :
2973 4820 3098 4874 ergo
3125 4819 3280 4874 quem
3303 4804 3561 4873 fructum,
3587 4801 3640 4866 id
3668 4803 3769 4860 est.

2163 4897 2322 4969 quid
2351 4896 2602 4952 utilitatis
2641 4897 2902 4952 habuistis
2941 4905 3064 4950 tunc
3099 4904 3228 4950 ante
3257 4895 3672 4954 cmversionem
3711 4888 3772 4942 de

2185 4987 2298 5043 illis
2355 4987 2413 5044 in
2439 4988 2627 5060 quibus
2667 5003 2804 5042 nunc
2841 4995 2966 5058 post
2993 4985 3416 5044 conversionem
3433 4977 3772 5048 erubescitis!

2165 5080 2319 5140 .ldeo
2355 5081 2437 5152 sic
2471 5080 2859 5152 interrogando
2905 5077 3181 5136 invehitur
3209 5079 3266 5138 in
3296 5093 3413 5144 eos,
3445 5087 3562 5134 uta
3599 5070 3766 5136 servi-

2191 5180 2306 5228 tute
2347 5172 2556 5242 peccati
2613 5171 2792 5243 magis
2825 5170 3116 5226 deterreat.
3152 5169 3230 5226 De
3263 5171 3550 5240 temporali
3592 5167 3764 5224 fructu

2189 5264 2397 5337 peccati
2447 5265 2570 5320 ideo
2605 5264 2784 5320 solum
2823 5263 3046 5334 requiro
3091 5281 3104 5318 :
3163 5277 3294 5318 nam
3341 5262 3410 5318 de
3439 5262 3548 5319 ﬁne
3579 5269 3762 5318 eorum

2185 5355 2321 5411 satis
2361 5364 2578 5412 constat
2619 5355 2742 5425 ﬁnis
2799 5354 3016 5414 illorum
3057 5363 3135 5408 est
3166 5369 3328 5420 mors,
3353 5352 3406 5408 id
3431 5361 3540 5421 est,
3573 5353 3628 5406 in
3653 5349 3756 5406 lim:

2187 5447 2314 5502 vitae
2353 5445 2611 5500 absorbet
2651 5445 2788 5502 istos
2845 5453 3046 5499 aeterna
3091 5444 3398 5504 damnatio.
3442 5442 3596 5498 Servi
3642 5435 3761 5494 facti

2185 5539 2394 5610 peccati
2435 5538 2646 5594 nullum
2709 5537 2947 5592 fructum
2997 5535 3290 5602 habuistis,
3349 5537 3448 5592 sed
3501 5551 3635 5592 nunc
3673 5542 3762 5601 per

2188 5629 2419 5704 gratiam
2456 5631 2668 5685 liberati
2697 5647 2731 5684 a
2773 5639 3018 5700 peccato,
3061 5629 3196 5683 servi
3245 5637 3424 5683 autem
3451 5629 3590 5699 facti
3621 5623 3756 5684 Deo,

2189 5723 2395 5777 habetis
2427 5723 2662 5792 fructum
2709 5729 2958 5786 vestrum,
3009 5719 3064 5775 id
3094 5727 3198 5785 est,
3249 5718 3354 5775 ﬁde
3391 5725 3638 5790 suscepta
3681 5709 3756 5765 di-

2191 5832 2358 5890 gnum
2389 5836 2400 5871 :
2427 5815 2663 5887 fructum
2689 5815 2812 5872 dico
2839 5813 3148 5870 tendentem
3185 5813 3240 5866 in
3271 5810 3758 5872 sanctiﬁcatiaucm
