3978 6444
557 409 650 421 .—.—-.

123 502 130 508 .
213 452 279 510 οι
905 451 1272 511 EXPOSITIO
1303 452 1372 509 IN
1411 451 1792 509 EPISTOLAS
1828 450 2056 508 PAULI.
2093 441 2166 494 :—
2203 452 2270 508 ΙΝ
2309 453 2528 512 EPIST.
2568 454 2660 510 AD
2695 454 2860 513 ROM.

3425 460 3499 520 σε

214 567 270 624 id
295 577 407 634 est,
443 566 504 620 in
551 563 944 636 plenitudinem
970 565 1215 636 justitite.
1253 564 1412 636 Impii
1441 575 1672 621 mortem
1711 566 1810 620 ha-
1835 567 1880 630 Α
1919 585 1938 618 ‹
1973 566 2176 622 malum
2199 566 2304 623 hoc
2331 582 2454 640 ago.
2498 567 2556 623 Si
2603 578 2786 624 autem
2806 568 2954 640 quod
2993 565 3126 626 nolo
3165 569 3299 628 illud
3328 571 3494 641 facio,

213 658 367 726 bent,
416 657 516 713 sed
548 673 646 713 vos
698 657 911 712 habetis
949 657 1108 727 ﬁnem
1161 657 1329 730 vitam~
1356 666 1628 712 (sternam.
1673 655 1810 712 Vere

211 763 368 806 mors
419 758 510 805 est
543 750 668 805 linis
696 749 959 804 illorum:
1005 763 1132 802 nam
1181 765 1323 803 mors
1371 756 1455 805 est
1487 749 1809 818 stipendium

207 843 443 912 peccati,
481 841 534 896 id
573 849 675 907 est,
705 849 990 911 peccatum
1031 839 1307 894 ministrat
1332 841 1474 895 hanc
1509 840 1725 910 stipem,
1753 838 1808 893 id

207 938 296 987 est
314 939 580 986 mortem.
619 929 962 1001 Stipendium
985 929 1206 997 dicitur,
1235 931 1339 986 hoc
1360 930 1507 1002 quod
1529 932 1806 998 tribunus,

207 1020 291 1074 vel
324 1029 556 1090 prator,
587 1029 818 1090 pensata
848 1022 1099 1076 mercede
1121 1021 1332 1089 militis,
1363 1023 1640 1078 ministrat
1675 1021 1726 1078 ei
1749 1022 1806 1078 in

204 1112 483 1166 exercitu.
516 1111 666 1167 Mors
702 1111 936 1167 habetur
963 1128 1030 1168 ex
1059 1122 1304 1183 peccato,
1332 1115 1426 1170 sed
1458 1115 1568 1169 vita
1606 1124 1806 1169 (eterna

206 1202 450 1258 habetur
492 1220 587 1274 per
622 1206 854 1276 gratiam
875 1204 996 1259 Dei.
1034 1204 1188 1261 Licet
1211 1197 1358 1261 enim
1389 1207 1611 1278 aliquod
1640 1207 1806 1262 meri-

205 1303 322 1350 tum
359 1295 439 1350 sit
486 1296 583 1363 ibi,
612 1296 787 1366 prima
817 1303 1001 1352 tamen
1047 1296 1370 1367 justillcatio
1419 1295 1524 1353 fuit
1575 1313 1643 1354 ex
1688 1298 1805 1354 sola

206 1384 403 1454 gratia.
456 1383 528 1440 Et
571 1385 802 1441 directio
843 1386 971 1442 vita:
1027 1402 1149 1457 quae
1199 1388 1468 1458 sequitur,
1516 1397 1571 1444 et
1612 1389 1803 1445 eadem

204 1476 380 1548 gratia
431 1476 597 1549 longe
641 1478 878 1550 amplius
926 1494 1094 1550 quam
1143 1479 1406 1536 meruerit
1452 1490 1799 1550 remunerat';

207 1571 380 1640 gratia
427 1569 528 1626 dat
553 1571 724 1627 vitam
749 1577 1052 1640 aeternam;
1082 1580 1138 1628 et
1187 1573 1293 1628 hoc
1336 1575 1391 1627 in
1419 1573 1630 1629 Christo
1652 1573 1800 1643 Iesu,

205 1659 260 1715 id
291 1670 378 1718 est
418 1677 525 1733 per
565 1660 758 1719 Jesum
806 1663 1091 1720 Christum
1136 1663 1432 1720 Dominum
1483 1674 1768 1724 nostrum.

820 1777 1051 1834 CAPUT
1091 1778 1204 1834 VII.

276 1865 297 1899 ι
340 1847 431 1902 An
489 1848 784 1921 ignoratis,
835 1849 1033 1907 fratres
1085 1851 1409 1920 (scientibus
1447 1850 1593 1908 enim
1625 1851 1800 1925 legem

212 1957 231 1991 ε
273 1939 498 2012 loquor)
543 1942 676 2012 quia
713 1942 802 1998 lex
854 1943 911 1997 in
960 1942 1183 2000 homine
1215 1943 1552 2014 dominatur,
1589 1955 1797 2017 quanto

210 2051 230 2082 α
273 2040 525 2104 tempore
557 2036 726 2091 vivit?
749 2034 888 2091 Nam
916 2051 1040 2108 qua:
1064 2037 1167 2092 sub
1191 2035 1312 2093 viro
1342 2047 1426 2094 est
1471 2039 1687 2108 mulier,
1715 2039 1799 2095 vi-

211 2139 229 2173 ι
268 2132 429 2179 vente
481 2124 606 2181 viro
650 2126 872 2200 alligata
904 2135 1007 2184 est
1049 2128 1187 2201 legi,
1232 2129 1280 2184 si
1309 2138 1491 2185 autem
1545 2140 1797 2188 mortuus

210 2234 227 2264 ι
269 2215 439 2271 fuerit
490 2217 579 2272 vir
627 2218 768 2290 ejus,
797 2221 974 2275 soluta
1013 2229 1098 2277 est
1129 2236 1160 2275 a
1186 2220 1303 2292 lege
1340 2221 1464 2276 viri.
1503 2219 1674 2294 Igitur
1708 2222 1796 2277 vi-

211 2324 227 2355 ι
269 2315 427 2361 vente
478 2306 602 2362 viro
634 2306 882 2382 [marito]
907 2309 1195 2366 vocabitur
1228 2311 1495 2380 adultera,
1537 2312 1585 2367 si
1632 2310 1798 2368 fuerit

211 2417 227 2446 ι
268 2413 392 2451 cum
426 2399 544 2453 alio
587 2399 738 2469 viro;
777 2401 822 2456 si
847 2411 1029 2457 autem
1058 2411 1311 2460 mortuus
1340 2403 1507 2460 fuerit
1542 2405 1627 2461 vir
1652 2407 1792 2477 ejus,

213 2507 228 2537 ι
268 2487 503 2545 liberata
551 2498 638 2548 est
665 2506 696 2546 a
744 2491 862 2564 lege
892 2494 1018 2562 viri,
1055 2502 1117 2549 ut
1162 2509 1272 2567 non
1327 2497 1399 2552 sit
1432 2497 1697 2565 adultera,
1747 2499 1794 2555 si

211 2599 228 2629 ι
269 2595 388 2635 cum
437 2582 554 2639 alio
589 2583 755 2639 fuerit
779 2585 922 2643 viro.
970 2583 1180 2658 Itaque,
1210 2587 1408 2645 fratres
1446 2591 1574 2659 mei,
1613 2598 1668 2648 et
1694 2607 1794 2649 vos

213 2691 228 2722 ι
269 2673 586 2730 mortlﬁcati
627 2677 762 2732 estis
794 2677 900 2757 legi
943 2694 1040 2748 per
1069 2693 1269 2750 corpus
1296 2677 1498 2736 Christi
1528 2699 1542 2736 ε
1573 2690 1635 2736 ut
1672 2682 1794 2738 sitis

214 2785 231 2815 ι
271 2781 366 2823 vos
391 2769 631 2825 alterius
664 2771 760 2841 qui
793 2785 861 2826 ex
897 2773 1131 2827 mortuis
1154 2773 1474 2842 resurrexit,
1512 2782 1574 2830 ut
1601 2773 1794 2831 fructi-

213 2876 230 2908 t
267 2858 435 2916 ﬂectis
467 2859 603 2916 Deo.
624 2859 763 2916 Cum
787 2863 935 2918 enim
957 2878 1206 2920 essemus
1225 2865 1278 2919 in
1301 2880 1489 2933 carne,
1508 2867 1794 2937 passiones

212 2969 228 3001 ι
266 2961 622 3022 peccatorum
679 2970 805 3028 quae
852 2970 950 3027 per
1000 2957 1172 3030 legem
1218 2965 1377 3013 erant
1425 2959 1795 3029 operabantur

211 3059 228 3092 ‹
269 3043 321 3098 in
379 3044 656 3102 membris
721 3046 930 3104 nostris
1001 3056 1062 3102 ut
1137 3047 1534 3106 fructificarent
1601 3050 1788 3106 morti.

211 3152 228 3183 ε
258 3133 360 3205 39
375 3135 540 3192 Nunc
562 3144 748 3193 autem
764 3137 929 3194 soluti
945 3153 1137 3195 sumus
1167 3156 1198 3195 a
1225 3141 1341 3213 lege
1363 3141 1579 3211 mortis,
1606 3143 1660 3198 in
1683 3159 1792 3213 qua

1919 677 1938 711 ι
1975 658 2088 730 jam
2113 675 2222 715 non
2245 674 2346 731 ego
2367 675 2564 731 operor
2591 660 2746 729 illud,
2787 661 2882 716 sed
2912 659 3061 732 quod
3094 645 3303 718 habitat
3329 663 3382 717 in
3407 679 3497 720 me

1917 769 1937 802 ‹
1973 760 2276 822 peccatum.
2300 751 2524 807 Invenio
2553 751 2719 823 igitur
2739 752 2912 824 legem
2932 753 3133 808 volenti
3160 753 3296 810 mihi
3315 753 3495 811 facere

1916 863 1935 897 ι
1969 845 2197 912 bonum,
2225 845 2488 916 quoniam
2523 845 2659 900 mihi
2693 847 2898 902 malum
2947 846 3179 921 adjacet.
3225 845 3497 902 Condele-

1914 955 1934 987 s
1977 945 2096 991 ctor
2115 937 2262 991 enim
2285 937 2388 1009 legi
2410 936 2504 993 Dei
2528 937 2827 994 secundum
2854 938 3168 994 interiorem
3188 937 3490 994 hominem.

1914 1045 1934 1080 ‹
1976 1025 2140 1082 Video
2170 1035 2353 1083 autem
2403 1029 2565 1082 aliam
2587 1028 2760 1099 legem
2817 1028 2875 1084 in
2921 1027 3184 1084 membris
3216 1028 3377 1095 meis,
3401 1043 3492 1084 re-

1914 1136 1932 1171 (
1973 1127 2306 1190 pugnantem
2335 1118 2440 1190 legi
2479 1119 2679 1176 mentis
2719 1135 2875 1187 meae,
2920 1128 2977 1176 et
3017 1119 3377 1192 captivantem
3405 1134 3494 1175 me

1877 1214 1880 1216 ’
1913 1228 1931 1260 ι
1967 1208 2267 1283 [captivum
2301 1225 2391 1265 me
2426 1209 2736 1283 ducentem]
2778 1210 2832 1266 in
2879 1211 2997 1282 lege
3021 1210 3232 1281 peccati
3261 1225 3383 1281 qua:
3407 1219 3495 1266 est

1913 1319 1932 1354 ι
1971 1299 2026 1354 in
2047 1300 2310 1355 membris
2343 1301 2500 1356 meis.
2537 1299 2728 1356 Infelix
2751 1315 2852 1372 ego
2874 1301 3063 1369 homo,
3091 1302 3216 1372 quis
3251 1316 3340 1357 me
3364 1299 3495 1356 libec

1913 1412 1932 1446 ι
1967 1394 2112 1450 rabit
2139 1394 2207 1449 de
2251 1408 2481 1464 corpore
2521 1393 2718 1448 mortis
2744 1393 2954 1464 hujus?
2997 1392 3184 1449 Gratia
3233 1392 3351 1459 Dei,
3395 1407 3498 1464 per
3555 1409 3558 1412 ‘

1882 1505 1930 1538 ·‹
1971 1484 2158 1542 Jesum
2187 1485 2470 1542 Christum
2516 1484 2812 1541 Dominum
2856 1493 3130 1541 nostrum.
3192 1483 3362 1556 Igitur
3389 1498 3494 1556 ego

1911 1595 1930 1630 ι
1965 1576 2082 1647 ipse
2104 1586 2285 1634 mente
2319 1578 2498 1634 servio
2521 1576 2627 1650 legi
2651 1575 2769 1645 Dei,
2804 1592 2969 1633 carne
3004 1586 3185 1633 autem
3229 1576 3334 1648 legi
3365 1590 3492 1648 pec-

1911 1686 1930 1722 t
1963 1668 2090 1725 cati.
2123 1688 2143 1723 s

2538 1775 2846 1817 EXPOSITIO.

1973 1851 2114 1920 Quia
2145 1853 2402 1925 superius
2424 1853 2559 1909 satis
2589 1853 2917 1924 probaverat
2948 1851 3146 1908 debere
3173 1865 3269 1908 eos
3294 1849 3493 1920 subjici

1899 1946 2109 2017 gratiae,
2138 1955 2193 2002 et
2220 1946 2569 2003 serviendum
2599 1963 2722 2003 esse
2743 1946 2876 2014 Deo,
2921 1962 2990 2002 ne
3020 1945 3185 2002 modo
3221 1944 3279 1999 in
3304 1943 3494 2015 legali-

1898 2037 2004 2093 bus
2023 2047 2281 2108 putarent
2302 2055 2360 2094 se
2379 2039 2576 2094 debere
2599 2038 2806 2094 servire
2839 2037 2952 2094 Deo
2995 2039 3303 2109 (peccatum
3343 2036 3490 2092 enim

1896 2144 2020 2186 esse
2067 2129 2379 2197 credebant,
2412 2130 2460 2185 si
2491 2129 2656 2185 etiam
2692 2129 2749 2182 in
2799 2141 3044 2198 tempore
3085 2128 3274 2198 gratias
3297 2125 3490 2197 legalis

1894 2221 2391 2293 praetermitterent)
2436 2220 2633 2292 probat
2674 2219 2879 2275 Paulus
2920 2233 3032 2274 non
3089 2218 3318 2274 ulterius
3368 2233 3489 2273 ser-

1894 2312 2154 2368 viendum
2187 2327 2310 2368 esse
2333 2311 2388 2366 in
2408 2311 2693 2383 legalibus,
2731 2325 2857 2382 quas
2883 2309 2931 2366 si
2959 2310 3240 2376 deserunt,
3268 2323 3377 2364 non
3403 2315 3492 2364 est

1893 2414 2216 2478 peccatum;
2268 2405 2317 2462 si
2362 2404 2592 2472 faciunt,
2633 2403 2715 2460 rei
2743 2410 2907 2459 sunt-
2936 2400 3056 2457 Non
3085 2401 3234 2457 enim
3256 2398 3489 2454 tenenda

1893 2507 1978 2555 est
1999 2499 2214 2566 umbra,
2238 2505 2530 2569 postquam
2552 2494 2702 2552 venit
2725 2494 2949 2561 veritas,
2981 2501 3183 2549 etcum
3211 2491 3490 2547 carnalem

1869 2589 2067 2663 'legem
2097 2590 2348 2662 expellat,
2382 2587 2654 2660 spirituali
2675 2586 2781 2658 legi
2808 2587 2994 2658 alligat
3013 2600 3131 2641 eos.
3183 2582 3386 2639 Littera
3409 2581 3493 2637 sic

1887 2680 2176 2754 jungitur:
2211 2681 2316 2737 Per
2352 2680 2634 2738 Christum
2670 2678 2858 2736 Jesum
2887 2687 2971 2734 est
3003 2677 3115 2732 vita
3140 2684 3342 2730 aeterna
3365 2681 3488 2728 tan-

1891 2780 2030 2826 tum.
2057 2770 2195 2827 Nam
2216 2787 2312 2842 per
2339 2773 2512 2844 legem
2540 2786 2649 2826 non
2677 2789 2692 2838 ;
2724 2770 2853 2841 quia
2882 2785 2951 2823 an
2979 2767 3241 2839 ignoratis
3264 2767 3484 2836 fratres,

1892 2872 1953 2920 ut
1974 2864 2149 2936 magis
2177 2863 2375 2919 excitet
2416 2863 2483 2919 ad
2517 2861 2849 2918 intellectum
2881 2859 3048 2931 hujus
3075 2858 3176 2926 rei,
3203 2865 3260 2913 et
3289 2855 3491 2912 fratres

1890 2968 2070 3026 vocat,
2100 2966 2155 3014 et
2183 2958 2502 3030 interrogat.
2529 2954 2642 3012 Nec
2667 2955 2921 3027 ignorare
2943 2951 3152 3008 debetis
3177 2949 3488 3022 (scientibus

1891 3052 2030 3105 enim
2056 3050 2219 3122 legem
2241 3048 2447 3122 loquor)
2465 3048 2614 3120 quia,
2639 3046 2686 3102 si
2709 3046 2847 3102 bene
2864 3043 3154 3110 consultis,
3184 3041 3325 3097 idem
3341 3041 3491 3094 inve-

1893 3143 2074 3198 nietis.
2110 3141 2194 3196 An
2225 3141 2490 3212 ignoratis
2515 3139 2639 3194 dico
2666 3137 2792 3209 quia
2823 3136 2908 3190 lea:
2931 3147 3273 3205 quaecunque
3301 3131 3482 3202 posita

211 3245 227 3276 ι
257 3227 659 3298 dctinebamur,
713 3230 789 3285 ita
817 3238 878 3285 ut
906 3232 1212 3288 serviamus
1255 3233 1313 3288 in
1355 3234 1597 3289 novitate
1624 3235 1787 3304 spiri-
1816 3258 1862 3320 ρ
1893 3235 1983 3302 sit,
2020 3235 2328 3288 dominatur
2348 3234 2403 3286 in
2447 3231 2676 3296 homine,
2721 3242 2833 3284 non
2883 3239 3118 3296 semper,
3167 3223 3260 3279 sed
3286 3231 3488 3294 quanto

211 3337 227 3368 α
256 3326 356 3386 tus,
372 3328 430 3376 et
453 3335 567 3375 non
590 3321 646 3375 in
667 3330 936 3378 vetustate
958 3322 1168 3379 litteras.
1187 3323 1328 3392 Quid
1350 3340 1482 3397 ergo
1503 3325 1790 3380 dicemus?

210 3426 226 3458 σ
255 3405 359 3464 Lex
383 3418 681 3482 peccatum
708 3411 838 3466 est?
861 3411 1018 3468 Absit
1043 3412 1056 3466 !
1084 3410 1190 3467 Sed
1233 3422 1517 3484 peccatum
1555 3429 1666 3469 non
1693 3430 1789 3470 co-

211 3516 228 3549 ι
257 3501 439 3570 gnovi,
476 3501 584 3556 nisi
610 3517 709 3572 per
730 3502 926 3573 legem.
952 3501 1090 3558 Nam
1131 3505 1637 3574 concupiscentiam
1693 3523 1791 3562 ne-

210 3609 228 3644 c
261 3593 534 3661 sciebam,
594 3594 703 3650 nisi
755 3594 844 3650 lex
900 3595 1104 3651 diceret
1147 3613 1160 3649 :
1197 3615 1215 3649 σ
1257 3595 1378 3652 Non
1432 3598 1790 3670 concupisces

212 3699 229 3733 ι
257 3681 453 3753 (Exod.
484 3700 580 3752 xx,
608 3684 714 3752 l7;
763 3683 920 3751 Deut,
960 3703 1015 3752 v,
1053 3686 1162 3758 l9).
1197 3705 1216 3738 ι
1256 3684 1559 3743 Occasione
1607 3697 1788 3744 autem

212 3791 229 3826 ι
261 3785 504 3847 accepta,
555 3784 844 3847 peccatum
878 3792 976 3848 per
1010 3779 1328 3837 mandatum
1365 3789 1651 3851 operatum
1705 3775 1790 3837 est

213 3883 230 3917 ι
260 3865 310 3920 ἰη
342 3884 433 3923 me
476 3883 697 3924 omnem
729 3871 1252 3941 concupiscentiam.
1310 3870 1440 3928 Sine
1475 3873 1594 3944 lege
1640 3872 1788 3928 enim

213 3976 230 4010 ς
255 3971 539 4028 peccatum
572 3969 849 4018 mortuum
877 3972 1014 4018 erat.
1039 3963 1155 4036 Ego
1179 3973 1363 4021 autem
1391 3965 1638 4021 vivebam
1671 3965 1790 4020 sine

214 4067 230 4101 ι
260 4051 366 4124 lege
392 4054 715 4125 aliquando.
755 4054 863 4112 Sed
883 4071 1011 4112 cum
1040 4057 1280 4114 venisset
1301 4057 1640 4124 mandatum,
1663 4072 1790 4128 pec-

212 4161 229 4196 ‹
261 4156 440 4203 catum
463 4147 681 4205 revixit.
709 4146 826 4220 Ego
847 4157 1032 4206 autem
1063 4158 1316 4206 mortuus
1346 4165 1490 4218 sum,
1514 4159 1567 4205 et
1595 4149 1788 4205 inven-

213 4254 230 4287 ι
266 4247 371 4295 tum
401 4249 492 4296 est
522 4241 660 4296 mihi
683 4243 1002 4298 mandatum
1042 4242 1189 4314 quod
1211 4251 1330 4300 erat
1352 4244 1431 4299 ad
1465 4243 1658 4311 vitam,
1681 4241 1789 4299 hoc

213 4345 230 4379 ι
261 4344 374 4387 esse
399 4331 471 4406 ad
495 4340 749 4388 mortem.
779 4331 919 4388 Nam
940 4343 1223 4404 peccatum
1256 4335 1545 4390 occasione
1564 4342 1787 4404 accepta

215 4438 346 4491 «per
392 4424 716 4481 mandatum
769 4425 986 4481 seduxit
1029 4441 1137 4494 me,
1190 4435 1244 4482 et
1270 4441 1368 4498 per
1389 4425 1522 4482 illud
1564 4425 1784 4484 occidit.

213 4530 231 4566 r
263 4513 448 4588 Itaque
473 4518 561 4572 lex
591 4517 814 4588 quidem
843 4526 1056 4585 sancta,
1085 4525 1138 4574 et
1167 4519 1484 4574 mandatum
1507 4526 1783 4587 sanctum,

1893 3335 2122 3396 tempore
2163 3325 2292 3379 vivit
2335 3325 2421 3378 lex
2469 3323 2524 3377 in
2550 3337 2616 3376 eo
2658 3318 2900 3386 homine,
2941 3317 3029 3372 vel
3066 3317 3232 3371 homo
3281 3314 3384 3371 sub
3419 3330 3487 3371 ea

1890 3420 2053 3492 lege?
2083 3419 2240 3475 Velut
2267 3422 2314 3476 si
2345 3419 2399 3474 in
2428 3417 2670 3489 qualibet
2694 3415 2829 3470 urbe
2857 3412 3147 3486 prmceptio
3175 3412 3358 3482 aliqua
3384 3424 3486 3482 po-

1891 3521 2132 3580 neretur,
2161 3528 2334 3583 usque
2360 3511 2426 3566 ad
2456 3508 2848 3566 determinatos
2874 3521 3071 3574 annos,
3101 3504 3195 3576 Qui
3218 3505 3360 3559 intra
3381 3503 3488 3559 hos

1891 3620 2066 3662 annos
2088 3611 2416 3676 przeceptum
2439 3601 2679 3672 positum
2708 3614 2817 3654 non
2843 3597 3165 3662 attenderet,
3191 3611 3320 3651 reus
3339 3583 3486 3650 esset

1892 3691 2346 3764 transgressionis
2371 3689 2563 3760 positae
2607 3687 2762 3760 legis.
2802 3683 2907 3753 Qui
2950 3700 3081 3740 vero
3106 3683 3274 3739 finitis
3306 3683 3486 3738 deter-

1890 3783 2113 3841 minatis
2135 3783 2296 3840 annis
2348 3780 2552 3836 faceret
2599 3786 2793 3836 contra
2844 3775 3080 3848 positam
3129 3775 3325 3845 legem,
3355 3788 3486 3830 rcus

1891 3878 2016 3934 inde
2045 3891 2154 3932 non
2186 3883 2350 3942 esset,
2383 3873 2503 3945 quia
2532 3881 2747 3941 tempus
2776 3867 3019 3939 ejusdem
3045 3866 3184 3952 legis
3208 3865 3322 3935 jam
3351 3880 3487 3935 prae-

1888 3968 2127 4025 terisset.
2161 3965 2253 4022 Sic
2278 3965 2345 4020 de
2381 3964 2498 4035 lege
2532 3961 2872 4026 Iudaeorum,
2917 3958 3012 4030 qui
3041 3966 3286 4027 tempore
3307 3953 3484 4027 Moysi

1851 4052 2065 4131 iusque
2087 4057 2156 4114 ad
2196 4065 2412 4127 tempus
2459 4052 2666 4109 Christi
2691 4066 2813 4107 eam
2855 4065 2965 4106 non
3012 4049 3327 4104 observaret
3353 4062 3485 4102 reus

1888 4158 2052 4207 esset.
2085 4147 2190 4204 Sed
2217 4157 2506 4219 postquam
2532 4145 2683 4201 venit
2729 4146 2924 4218 gratia,
2965 4145 3082 4217 jam
3117 4153 3332 4215 tempus
3361 4141 3482 4213 ejus

1888 4239 2022 4312 legis
2049 4237 2332 4310 praeteriit,
2360 4244 2415 4292 et
2443 4235 2526 4292 sic
2551 4251 2680 4292 reus
2717 4250 2830 4290 non
2864 4242 2949 4291 est
2979 4234 3073 4306 qui
3102 4248 3224 4289 eam
3256 4231 3480 4287 deserit.

1855 4349 1857 4352 ·
1889 4329 2028 4386 Vere
2059 4330 2146 4385 lex
2173 4328 2353 4400 posita
2380 4326 2720 4395 dominatur,
2751 4326 2995 4398 quandiu
3031 4326 3197 4379 homo
3215 4321 3351 4377 vivit
3376 4322 3480 4378 sub

1886 4421 2024 4493 lege,
2049 4420 2134 4476 vel
2160 4420 2245 4475 lex
2279 4418 2334 4473 in
2363 4417 2605 4473 homine.
2629 4415 2767 4472 Nam
2792 4418 2878 4473 lex
2901 4414 3208 4486 conjugalis
3234 4413 3338 4468 ista
3361 4419 3478 4468 est:

1889 4513 2088 4568 Mulier
2119 4527 2237 4583 qua:
2255 4519 2333 4566 est
2382 4509 2476 4564 sub
2524 4511 2658 4578 viro,
2707 4508 2946 4564 maritali
2994 4506 3158 4562 modo
3193 4504 3480 4571 foederata,

214 4621 229 4655 ‘
263 4609 575 4679 “iustum,
612 4618 667 4665 et
717 4609 924 4664 bonum
960 4607 1015 4682 (Ι
1042 4608 1179 4664 Tim.
1233 4626 1272 4676 ι,
1303 4609 1382 4679 8).
1440 4609 1595 4676 Quod
1651 4625 1782 4682 ergo
1813 4598 1859 4655 Ῑ)
1884 4605 1974 4662 illa
2014 4604 2241 4676 alligata
2273 4612 2350 4657 est
2381 4601 2486 4674 legi
2515 4601 2641 4670 viri,
2674 4601 2891 4657 vivente
2927 4599 3089 4667 viro;
3139 4597 3232 4652 sed
3261 4597 3310 4650 si
3334 4607 3480 4649 mor-

212 4716 230 4748 ‹
255 4698 456 4756 bonum
480 4710 587 4769 est,
609 4703 745 4758 mihi
778 4701 982 4757 factum
1007 4711 1090 4758 est
1107 4703 1290 4758 mors?
1307 4700 1490 4757 Absit!
1520 4701 1625 4757 Sed
1648 4718 1778 4772 pec-

214 4808 229 4842 ι
265 4803 465 4861 catum,
487 4800 550 4848 ut
573 4801 1148 4865 appareatpeccatum,
1163 4808 1259 4862 per
1272 4792 1477 4848 bonum
1496 4801 1779 4864 operatum

211 4893 331 4938 «est
351 4884 490 4938 mihi
539 4893 768 4939 mortem
795 4900 809 4950 ;
836 4891 896 4937 ut
935 4882 1031 4937 flat
1069 4898 1236 4952 supra
1278 4882 1504 4938 modum
1547 4898 1780 4954 peccans

213 4993 229 5023 ι
260 4985 538 5043 peccatum
576 4991 674 5045 per
706 4974 1048 5030 mandatum.
1097 4971 1316 5029 Scimus
1359 4973 1505 5028 enim
1537 4975 1667 5046 quia
1692 4975 1778 5030 lex

213 5081 230 5112 ι
262 5067 518 5138 spiritalis
540 5075 643 5122 est.
679 5064 794 5138 Ego
829 5073 1013 5121 autem
1045 5065 1284 5121 carnalis
1324 5081 1469 5132 sum,
1499 5065 1781 5122 venunda-

213 5171 229 5201 ε
258 5163 336 5212 tus
372 5156 477 5213 sub
497 5163 743 5230 peccato.
776 5153 1113 5222 Quod'enim
1138 5169 1335 5226 operor
1362 5170 1473 5210 non
1515 5154 1776 5226 intelligo.

214 5261 230 5295 ι
257 5243 370 5304 Non
390 5252 539 5304 enim
586 5247 733 5320 quod
763 5245 888 5302 volo
911 5243 1169 5319 [bonum]
1211 5248 1317 5302 hoc
1355 5261 1479 5318 ago,
1509 5245 1605 5302 sed
1634 5246 1781 5318 quod

214 5351 230 5384 ι
257 5336 338 5391 odi
376 5337 630 5412 [malum]
659 5339 793 5394 illud
811 5335 976 5394 faeno.
1016 5337 1074 5393 Si
1117 5346 1300 5393 autem
1328 5338 1473 5410 quod
1497 5337 1625 5394 nolo
1647 5337 1780 5396 illud

216 5444 232 5476 ι
263 5427 414 5500 facio,
438 5432 725 5489 consentio
760 5431 866 5504 legi
890 5432 1154 5504 quoniam
1197 5433 1340 5487 bona
1369 5439 1473 5488 est.
1501 5430 1659 5487 Nunc
1679 5447 1780 5488 au-

217 5534 232 5567 ι
265 5529 360 5576 tem
377 5523 495 5595 jam
529 5539 640 5578 non
663 5538 765 5595 ego
799 5538 998 5594 Operor
1018 5524 1171 5591 illud,
1195 5523 1288 5579 sed
1314 5523 1460 5595 quod
1487 5523 1777 5578 habitat‘in

218 5629 233 5661 σ
262 5628 338 5669 me
367 5625 671 5685 peccatum.
698 5613 825 5670 Scio
848 5616 994 5671 enim
1031 5617 1160 5688 quia
1187 5631 1296 5670 non
1339 5614 1547 5669 habitat
1581 5613 1638 5668 in
1668 5629 1776 5681 me,

209 5720 234 5752 τ
264 5703 356 5762 hoc
403 5715 490 5764 est
533 5707 589 5763 in
639 5723 804 5764 carne
831 5723 950 5764 mea
981 5707 1210 5762 bonum.
1238 5705 1373 5762 Nam
1404 5707 1543 5762 velle
1566 5706 1778 5787 adjacet

221 5811 236 5842 α
263 5797 400 5868 mihi,
436 5801 700 5872 perficere
753 5811 934 5858 autem
990 5801 1195 5856 bonum
1249 5815 1358 5855 non
1395 5799 1632 5855 invenio.
1658 5797 1777 5854 Non

223 5906 240 5939 ι
259 5893 395 5950 «lim
417 5897 565 5966 quod
592 5897 717 5952 volo
739 5897 965 5962 bonum,
1009 5895 1111 5950 hoc
1135 5892 1275 5950 facio
1301 5912 1315 5962 ;
1361 5893 1452 5950 sed
1476 5893 1621 5964 quod
1654 5893 1778 5948 nolo

1887 4709 2008 4756 tuus
2061 4697 2224 4769 fuerit
2246 4697 2328 4751 vir
2354 4695 2492 4766 ejus,
2540 4693 2718 4750 soluta
2775 4701 2854 4748 est
2906 4690 3096 4746 mulier
3143 4707 3177 4743 a
3219 4687 3328 4759 lege
3355 4686 3478 4740 viri.

1884 4789 2336 4862 Quandoquidem
2382 4787 2580 4843 mulier
2610 4787 2821 4842 vivente
2864 4786 2984 4841 viro
3026 4783 3245 4852 alligata
3295 4787 3379 4835 est
3404 4779 3479 4847 ei,

1887 4883 2067 4957 Igitur
2096 4883 2144 4939 si
2189 4882 2388 4937 vivente
2436 4881 2549 4935 viro
2576 4893 2700 4946 suo,
2754 4877 2996 4932 habuerit
3047 4890 3158 4930 rem
3205 4889 3326 4927 cum
3367 4871 3481 4927 alio

1884 4979 2018 5044 viro,
2043 4975 2316 5030 vocabitur
2348 4972 2613 5027 adultera.
2651 4968 2754 5024 Sed
2785 4969 2833 5022 si
2854 4969 2935 5022 uir
2958 4966 3072 5037 ejus
3102 4972 3343 5020 mortuus
3365 4963 3482 5035 fue-

1847 5067 1852 5076 ’
1882 5069 1974 5134 rit,
2009 5066 2233 5121 liberata
2256 5072 2332 5118 est
2356 5079 2388 5116 α
2411 5062 2521 5134 lege
2543 5061 2665 5128 viri,
2691 5060 2770 5114 ita
2805 5067 2864 5113 ut
2898 5060 2946 5114 si
2967 5058 3129 5129 fuerit
3143 5056 3337 5128 juncta
3359 5053 3480 5110 carris

1881 5157 1990 5211 alio
2019 5156 2152 5222 viro,
2170 5155 2290 5224 jam
2337 5169 2440 5207 non
2459 5151 2737 5222 judicetur
2776 5149 3044 5206 adultera.
3071 5148 3148 5218 .Et
3174 5150 3276 5216 ita,
3309 5147 3362 5203 id
3393 5154 3481 5203 est

1879 5247 2051 5304 simili
2083 5245 2296 5302 ratione
2345 5245 2539 5315 fratres
2582 5243 2816 5319 “mei
2856 5259 2944 5298 vos
2993 5243 3120 5298 estis
3163 5240 3477 5311 mortificdti
3524 5280 3526 5282 -

1848 5338 2053 5396 veteri
2103 5338 2227 5410 legi,
2292 5353 2417 5409 qua:
2465 5337 2594 5393 data
2636 5336 2741 5392 fuit
2787 5335 3134 5393 solummodo
3189 5347 3366 5404 usque
3407 5331 3478 5388 ad

1882 5433 2175 5489 adventum
2205 5429 2431 5487 Christi.
2455 5429 2762 5486 Mortiﬁcati
2784 5428 2908 5486 dico
2926 5445 3017 5500 per
3037 5441 3226 5498 corpus
3249 5423 3476 5492 Christi,

1845 5522 1850 5526 ’
1883 5524 1936 5580 id
1963 5535 2050 5581 est
2079 5541 2176 5596 per
2221 5522 2501 5580 Christum
2556 5523 2956 5590 advenientem,
3017 5520 3111 5592 qui
3161 5531 3382 5588 corpus,
3416 5515 3474 5571 id

1883 5624 1969 5672 est
1994 5617 2198 5671 veritas
2228 5614 2402 5686 ipsius
2452 5614 2587 5686 legis
2617 5612 2741 5682 fuit,
2795 5619 2852 5668 et
2900 5611 3059 5683 cujus
3107 5605 3351 5678 corporis
3385 5605 3474 5661 lex

1845 5705 1849 5707 “
1884 5709 2077 5764 umbra
2103 5695 2221 5762 fuit.
2245 5705 2356 5764 Nec
2391 5705 2703 5761 mortiﬁcati
2734 5714 2797 5761 ut
2815 5703 2962 5761 vidui
2997 5697 3346 5764 remaneatis,
3377 5697 3472 5753 sed

1887 5811 1943 5855 ut
1979 5800 2177 5856 amodo
2199 5797 2319 5853 sitis
2349 5797 2595 5866 alterius,
2618 5798 2732 5868 ejus
2756 5797 2956 5851 scilicet
2981 5793 3072 5866 qui
3093 5789 3379 5847 resurrexit
3407 5805 3474 5845 ea

1887 5892 2128 5958 mortuis,
2177 5905 2273 5961 per
2309 5889 2453 5958 quod
2499 5889 2632 5945 satis
2682 5883 3131 5945 commendabilis
3174 5891 3257 5940 est
3293 5880 3468 5937 vobis.
