3978 6454
714 330 863 382 ’νοις

501 398 573 455 63

1906 309 2048 350 ’τέραα
2074 338 2085 347 ι
2112 332 2153 344 θ-
2180 327 2203 337 -ι

2456 272 2490 323 )

3407 339 3549 352 -p...
3564 344 3569 349 .

1035 397 1093 454 s.
1116 394 1489 479 .BRUNONIS
1522 390 2102 461 canrnusumonr

2203 393 2687 456 lNSTlTUTORlS
2727 399 2877 458 ΟΡΡ.
2916 400 3098 459 PARS
3137 402 3181 457 ll
3737 410 3795 467 6i

504 513 827 572 Resurrexit
848 513 918 570 ad
951 514 1057 570 hoc
1096 522 1154 568 ut
1186 530 1283 585 per
1310 529 1434 570 eum
1486 513 1929 593 fructiﬁcaremus
1957 510 2083 577 Deo,
2113 511 2160 570 Α
2186 527 2255 567 ne
2283 514 2487 569 malum
2528 516 2716 583 habui,
2753 517 2879 573 licet
2921 535 3032 574 non
3055 522 3213 592 culpa
3243 521 3423 593 legis,
3464 524 3619 593 quod
3644 528 3791 598 tequi-

504 608 562 665 id
590 614 676 663 est
699 622 797 679 per
820 607 1051 677 gratiam
1075 606 1142 662 ad
1171 607 1433 685 honorem
1458 604 1572 660 Dei.
1592 603 1664 659 Et
1691 605 1852 661 modo
1875 605 2094 659 tandem

504 696 750 755 fructum
780 693 958 753 facere
982 696 1109 754 licet
1135 680 1239 753 sub
1268 680 1465 768 gratia,
1488 696 1618 766 quia
1643 714 1764 750 cum
1785 713 2013 775 essemus
2040 698 2095 755 in

507 805 686 856 carne,
716 788 770 843 id
794 797 879 863 est
905 789 1108 844 detenti
1165 788 1220 845 in
1253 789 1597 857 carnalitate,
1640 800 1774 844 tunc
1825 791 2096 859 passiones

506 889 867 953 peccatorum,
904 880 959 936 id
992 881 1251 936 estmala
1270 880 1561 947 desideria,
1583 897 1702 952 qua:
1727 881 1853 937 licet
1876 897 2099 938 sensua'

507 974 578 1032 lis
614 975 784 1031 homo
810 958 1106 1041 alfectaret,
1139 972 1422 1029 rationalis
1446 980 1630 1029 tamen
1667 974 1952 1044 passiones
1976 989 2098 1043 esse

506 1065 810 1135 judicabat,
856 1082 979 1136 quae
1017 1064 1300 1134 passiones
1348 1075 1503 1119 erant
1534 1075 1677 1121 uota:
1703 1082 1795 1134 per
1841 1066 2006 1135 legem
2043 1074 2098 1120 et

509 1164 876 1227 augmentatae
921 1171 1017 1226 per
1056 1153 1316 1209 delictum
1365 1155 1850 1225 praevaricationis,
1912 1170 2099 1224 opera-

486 1230 707 1305 hbautur
756 1249 811 1302 in
858 1245 1099 1301 membris
1135 1247 1354 1313 nostris,
1403 1257 1461 1299 ut
1497 1246 1881 1317 fructiﬁcarent
1915 1245 2094 1312 morti,

510 1338 567 1394 id
595 1346 761 1395 estut
795 1336 1039 1392 facerent
1085 1335 1326 1391 fructum
1369 1336 1760 1394 damnationis.
1801 1335 1909 1390 Sed
1958 1352 2096 1413 nunc

507 1438 797 1501 postquam
843 1429 994 1507 venit
1040 1428 1234 1500 gratia,
1272 1445 1452 1500 sumus
1496 1428 1659 1485 soluti
1698 1445 1732 1482 a
1771 1427 1881 1499 lege
1905 1428 2095 1496 veteri,

507 1535 630 1590 quae
664 1529 782 1576 erat
826 1521 988 1577 nobis
1030 1521 1377 1587 lexmortis,
1420 1522 1477 1575 in
1517 1537 1624 1591 qua
1676 1530 1851 1576 morte
1889 1521 2098 1591 peccati

505 1613 897 1681 detinebamur,
923 1629 1027 1670 nec
1054 1614 1330 1684 adjutorio
1354 1614 1487 1685 legis
1511 1630 1734 1685 surgere
1759 1624 2093 1685 poteramus.

509 1704 708 1772 Soluti,
739 1706 939 1777 inquit,
968 1723 1160 1762 sumus
1186 1722 1217 1761 a
1238 1707 1355 1779 lege
1379 1707 1621 1762 carnali:
1647 1708 1743 1774 ita,
1782 1706 1839 1762 id
1861 1716 1944 1762 est
1969 1721 2099 1775 pro-

486 1803 630 1873 pter
660 1798 787 1865 hoc,
816 1807 875 1853 ut
917 1798 1116 1854 amodo
1148 1800 1437 1853 serviamus
1473 1800 1529 1853 in
1580 1800 1812 1853 novitate
1854 1799 2096 1868 spiritus,

2195 607 2460 679 pollentcr
2480 609 2595 665 ait:
2628 610 2781 666 Licet
2826 612 2913 667 lex
2947 613 3090 669 bona
3114 615 3205 682 sit,
3254 624 3464 671 tamen
3500 626 3798 686 peccatum,

2195 696 2249 751 id
2282 707 2367 753 est
2405 711 2659 770 corrupta
2704 710 2920 769 natura,
2969 704 3050 759 vel
3098 705 3370 761 diabolus
3428 705 3801 775 instimulans,

2195 801 2467 861 operatum
2495 802 2571 846 est
2612 794 2669 847 in
2710 797 3301 866 meconcupiscentiam
3351 815 3601 866 omnem,
3653 800 3707 853 id
3725 810 3804 856 cst

2194 882 2494 951 voluntate,
2521 891 2666 950 actu,
2693 886 3089 944 consuetudine
3109 890 3412 959 peccandi.
3450 888 3596 956 Hoc,
3612 891 3801 961 inquit,

2196 982 2480 1044 operatum
2507 985 2591 1031 est
2610 986 2881 1046 peccatum
2911 987 3125 1049 accepta
3148 980 3447 1037 occasione
3480 997 3581 1050 per
3599 983 3807 1037 mande-

2198 1072 2329 1132 tum,
2358 1066 2415 1120 id
2441 1075 2526 1122 est
2549 1082 2644 1136 per
2660 1068 2846 1138 legem
2876 1070 3189 1125 mandatam
3238 1071 3617 1127 hominibus.
3650 1073 3805 1129 Acce-

2194 1165 2308 1228 pta,
2342 1157 2438 1224 ait,
2478 1159 2790 1224 occasione,
2837 1160 2891 1215 id
2933 1169 3021 1216 est
3065 1162 3501 1232 opportunitate
3534 1177 3607 1219 ex
3659 1163 3802 1236 lege;

2197 1256 2313 1304 tum
2335 1249 2464 1320 quia
2511 1248 2776 1322 fragilitas
2814 1252 3053 1308 humana
3077 1254 3252 1325 magis
3287 1255 3572 1310 tendebat
3596 1255 3652 1310 in
3680 1257 3805 1312 veti-

2196 1347 2334 1406 tum,
2365 1349 2481 1394 tum
2515 1340 2644 1411 quia
2666 1341 2918 1398 diabolus
2935 1341 3254 1408 ferventius,
3290 1352 3541 1414 accepta
3568 1344 3706 1415 lege,
3732 1345 3805 1401 iu~

2180 1431 2432 1487 .sultabat
2455 1431 2684 1498 homini,
2711 1433 2902 1489 videns
2926 1434 3099 1504 legem
3128 1434 3322 1490 datam
3368 1434 3499 1491 fore
3524 1436 3804 1506 quemdam

2196 1523 2425 1595 gradum
2456 1523 2662 1578 homini
2689 1525 2950 1582 redeundi
2975 1525 3080 1598 41,
3121 1526 3190 1582 ad
3208 1526 3633 1595 ,Salvationem,
3654 1542 3801 1597 quem

2198 1612 2352 1683 prius
2381 1614 2566 1683 quieto
2596 1614 2722 1685 jure
2768 1615 3058 1686 possidens
3113 1616 3440 1687 inquietare
3487 1616 3803 1687 negligebat.

2266 1701 2575 1759 Notandum
2610 1704 2774 1759 etiam
2803 1706 2950 1776 quod
2983 1715 3267 1776 peccatum
3302 1715 3640 1778 corruptam
3663 1716 3806 1763 vocat

2197 1786 2472 1852 naturam.
2530 1793 2671 1851 Sunt
2722 1797 2867 1852 enim
2916 1797 2970 1853 in
3030 1791 3376 1870 unoquoque
3430 1807 3491 1854 et
3546 1799 3804 1859 sensualis

510 1890 566 1945 id
595 1896 681 1965 est
723 1890 1082 1960 spiritualiter
1134 1899 1458 1946 renovantes
1508 1905 1622 1945 nos
1665 1889 1908 1959 quotidie
1960 1868 2174 1946 beneB
2203 1887 2371 1942 homo
2432 1896 2487 1943 et
2544 1888 2862 1958 spiritualis.
2934 1886 3217 1947 Sensualis
3270 1868 3497 1945 dicitur
3550 1904 3679 1960 pars
3721 1888 3801 1945 illa

510 1980 720 2052 agendo
761 2000 774 2035 :
808 1981 969 2051 juxta
1011 1982 1183 2037 illud:
1221 2000 1240 2034 α
1285 1979 1645 2036 Renovamini
1676 1980 1869 2051 spiritu
1901 1981 2101 2038 mentis
2201 1978 2419 2045 animae,
2476 1996 2601 2037 cum
2632 1995 2860 2052 corpore
2906 1997 3030 2052 quae
3065 1981 3354 2037 sensilicat
3395 1995 3631 2050 corpus,
3663 1988 3715 2035 et
3740 1980 3802 2035 ita

510 2072 951 2144 vestrm(Ep/tes.
982 2091 1059 2142 iv,
1097 2072 1211 2143 2'5),
1245 2092 1275 2126 ›-
1299 2081 1348 2127 et
1382 2089 1485 2127 non
1517 2073 1756 2143 amplius
1795 2072 2101 2128 serviamus
2200 2072 2467 2142 premitur
2526 2073 2670 2128 mole
2732 2071 2952 2139 carnis,
3015 2080 3078 2128 ut
3131 2088 3232 2143 per
3292 2072 3567 2144 singulos
3626 2084 3803 2127 sensus

508 2165 567 2220 in
588 2165 1077 2233 vetustatelitlerw,
1119 2166 1459 2222 adhaerentes
1512 2165 1734 2220 litterali
1777 2164 2099 2232 intellectui,
2184 2164 2544 2235 _congaudeat
2571 2165 2857 2234 voluptati,
2895 2164 3125 2236 diligens
3147 2165 3346 2221 suavia
3378 2172 3576 2236 gustu,
3619 2177 3801 2218 canora

484 2266 837 2333 {utvctustas
862 2259 1167 2314 consuevit.
2202 2256 2416 2322 auditu,
2484 2257 2823 2312 delectabilia
2883 2257 3036 2324 visu,
3100 2257 3355 2328 jucunda
3421 2264 3621 2322 tactu,
3678 2254 3802 2310 bene

584 2346 727 2413 Quia
766 2348 980 2403 dixerat
1034 2347 1286 2417 superius
1323 2347 1542 2403 Judaeos
1583 2347 1945 2404 mortificatos
1981 2362 2105 2404 esse
2204 2344 2500 2417 fragrantia
2545 2348 2794 2402 odoratu.
2828 2346 2922 2402 Illa
2953 2362 3080 2403 vero
3122 2363 3252 2417 pars
3298 2347 3518 2402 anima:
3561 2360 3682 2416 qua:
3703 2358 3799 2397 non

514 2436 686 2491 veteri
715 2436 841 2505 legi,
866 2452 966 2491 nec
995 2452 1120 2493 esse
1140 2437 1521 2493 revertendum
1550 2438 1620 2494 ad
1644 2454 1788 2511 eam,
1825 2440 1953 2511 quia
1986 2454 2108 2509 pas-
2205 2437 2282 2493 ita
2301 2439 2563 2507 premitur
2578 2434 2762 2506 carne,
2790 2448 2844 2495 et
2864 2440 2955 2495 hic
2976 2439 3178 2495 dicitur
3197 2439 3801 2503 rationalitas,contra—

491 2525 702 2605 ‘siones
730 2536 1081 2597 peccatorum
1103 2537 1261 2584 erant
1291 2544 1388 2598 per
1414 2530 1608 2600 legem,
1647 2539 1702 2585 et
1731 2546 1830 2601 per
1850 2546 1969 2586 eam
1998 2530 2109 2585 fru-
2205 2527 2338 2584 dicit
2366 2530 2728 2597 sensualitati,
2753 2538 2808 2586 et
2835 2530 3157 2585 naturaliter
3185 2530 3402 2603 appetit
3431 2527 3800 2600 quodbonum

517 2616 830 2674 ctiﬁcabant
872 2620 1038 2677 morti
1062 2662 1077 2688 ,
1125 2621 1492 2692 appellaverat
1539 2622 1705 2678 etiam
1751 2638 1875 2679 eam
1933 2623 2107 2693 legem
2206 2628 2308 2676 est.
2340 2619 2483 2676 Vere
2506 2630 2788 2690 peccatum
2826 2618 3107 2691 operatum
3139 2629 3225 2676 est
3251 2620 3311 2674 in
3337 2635 3435 2675 me
3463 2618 3693 2682 malum,
3716 2629 3802 2685 per

494 2709 732 2791 mortis,
770 2725 842 2766 ne
866 2711 1011 2767 male
1047 2700 1403 2783 opinarentUr
1425 2711 1599 2770 Judaei
1624 2702 2001 2770 Paulum-hoc
2024 2714 2109 2771 iu-
2206 2713 2546 2768 mandatum.
2572 2711 2708 2768 Nam
2747 2712 2877 2767 dum
2898 2728 3047 2767 eram
3082 2712 3195 2765 sine
3219 2711 3359 2783 lege,
3390 2718 3661 2765 mortuum
3700 2713 3799 2759 erat

515 2800 782 2872 telligere,
816 2811 879 2858 ut
910 2802 999 2858 lex
1025 2813 1174 2860 esset
1208 2820 1375 2862 causa
1418 2805 1912 2876 peccatielliciens,
1953 2813 2008 2861 et
2039 2805 2109 2861 ad
2206 2813 2502 2875 peccatum,
2550 2805 2606 2861 id
2650 2813 2735 2861 est
2772 2812 3029 2875 corrupta
3062 2813 3260 2859 natura
3311 2802 3631 2859 secundum
3674 2796 3801 2869 quod

516 2892 852 2964 peccandum
884 2895 1237 2965 compellens,
1274 2896 1469 2966 probat
1508 2897 1705 2968 legem,
1742 2904 2009 2969 quantum
2051 2897 2109 2951 in
2209 2896 2393 2953 minus
2440 2896 2864 2969 impugnabatur
2919 2912 2952 2951 a
3008 2895 3260 2962 diabolo,
3323 2895 3522 2955 minus
3572 2890 3800 2962 cupiebat

518 2998 587 3039 ea
612 2992 715 3052 est,
741 3000 864 3041 esse
907 2978 1128 3043 bonam.
1177 2987 1318 3054 Quia
1346 3003 1478 3045 vero
1506 2986 1694 3059 Judaei
1739 2987 1976 3060 amplius
2007 2989 2111 3045 sub
2209 2996 2515 3058 peccatum,
2547 2987 2676 3057 quia
2703 3002 2812 3041 non
2835 2994 2953 3041 erat
2970 2984 3334 3055 prohibitum.
3369 2982 3669 3039 Peccatum
3691 2987 3802 3033 tunc

494 3076 637 3155 lege
680 3086 991 3147 peccarent,
1034 3079 1142 3136 hoc
1171 3089 1427 3151 corrupta
1466 3088 1663 3137 natura
1704 3080 1955 3149 faciebat,
2000 3096 2110 3136 non
2211 3066 2489 3134 mortuum
2517 3086 2654 3145 erat,
2681 3094 2773 3149 ego
2795 3085 2971 3131 autem
2990 3076 3245 3143 vivebam,
3274 3076 3336 3131 id
3369 3083 3458 3131 est
3482 3073 3662 3129 vivere
3682 3067 3798 3125 mihi

519 3168 629 3224 lex.
657 3164 861 3226 Littera
899 3170 981 3228 sic
1009 3170 1295 3242 jungitur:
1325 3171 1780 3243 Quandoquidem
1814 3188 1912 3244 per
1936 3173 2110 3244 legem
2135 3203 2184 3267 ο
2210 3168 2434 3243 videbar
2473 3183 2602 3227 cum
2647 3180 2825 3221 essem
2878 3164 3167 3267 aliquando
3212 3165 3331 3219 sine
3378 3163 3537 3267 leges
3593 3159 3714 3230 quia
3754 3162 3800 3209 ει

519 3259 990 3318 fructiﬁcabamus
1023 3264 1210 3332 morti,
1255 3280 1377 3335 ergo
1401 3265 1529 3336 quid
1562 3264 2113 3333 dicemus?Dicemus
2141 3253 2184 3267 “’
2212 3260 2395 3317 minus
2430 3258 2844 3332 cognoscebam,
2895 3271 2998 3313 nec
3053 3255 3125 3310 ita
3175 3253 3639 3325 concupiscebam
3684 3262 3794 3319 pec-

523 3353 673 3423 quod
706 3352 791 3407 lea:
812 3363 888 3407 est
910 3364 1206 3423 peccatum,
1239 3355 1293 3410 id
1317 3365 1403 3411 est
1430 3371 1598 3413 causa
1624 3356 1833 3426 peccati
1855 3356 2113 3425 eﬁiciens,
2188 3357 2418 3427 ,Cawm.
2447 3362 2548 3403 nec
2574 3346 2827 3402 diaboms
2852 3345 2988 3401 adeo
3008 3343 3416 3415 inardescebat-
3466 3342 3606 3395 Ᾱηιε
3643 3337 3795 3407 ιοεεω

525 3443 939 3513 etcompellens
968 3444 1036 3499 ad
1068 3446 1402 3515 peccandum
1428 3448 1453 3500 ξ)
1496 3446 1650 3502 Absit
1687 3449 1793 3504 hoc
1832 3456 1894 3502 ut
1944 3448 2118 3518 legem
2215 3448 2492 3496 mortuum
2515 3447 2631 3494 erat
2645 3445 2958 3511 peccatum;
2982 3435 3073 3490 sed
3096 3452 3216 3489 cum
3231 3436 3464 3501 venisset
3485 3429 3791 3487 mandatum,

525 3531 778 3589 dicamus
815 3548 937 3590 esse
979 3529 1285 3605 peccatum,
1321 3536 1468 3606 quod
1515 3537 1561 3592 si
1594 3537 1925 3604 diceremus,
1956 3546 2011 3592 et
2037 3534 2118 3592 lc-
2217 3531 2362 3602 quod
2411 3526 2688 3586 mortuum
2729 3537 2849 3585 erat
2894 3528 3084 3584 revixit
3110 3535 3413 3597 peccatum,
3468 3524 3524 3579 id
3571 3529 3653 3577 est
3693 3531 3795 3573 cor-

496 3614 653 3695 gem
700 3639 823 3680 esse
865 3624 1129 3696 injustam
1157 3610 1534 3696 probaremus,
1570 3636 1625 3684 et
1669 3627 1840 3684 Deum
1874 3630 2120 3685 datorem
2218 3632 2379 3694 rupta
2426 3633 2622 3678 natura
2674 3621 2820 3677 vires
2872 3616 3200 3690 resumpsit,
3257 3618 3443 3689 magis
3502 3608 3794 3707 stimulaan

529 3713 668 3787 legis
706 3715 775 3772 de
813 3716 1083 3799 injustitia
1124 3733 1503 3791 argueremus,
1538 3720 1634 3791 qui
1681 3721 1852 3794 legem
1883 3712 2125 3778 dedisset
2192 3714 2458 3784 diabolo,
2498 3721 2554 3769 et
2584 3721 2643 3768 ut
2680 3721 2766 3769 est
2796 3712 2983 3768 vitium
3007 3707 3268 3789 humanae
3300 3704 3617 3780 fragilitatis
3644 3704 3794 3799 magis

531 3796 944 3879 οοωΡεΠθηιθω
975 3810 1044 3865 ad
1086 3817 1393 3881 peccatum.
1440 3810 1543 3867 Per
1575 3793 1752 3884 legem
1795 3813 1984 3884 utique
2012 3828 2123 3868 non
2220 3804 2658 3881 concupiscendo
2705 3804 3014 3877 interdicta.
3078 3800 3297 3856 Revixit
3353 3800 3520 3864 ideo;
3582 3793 3702 3866 quia
3746 3793 3791 3841 in

498 3908 617 3981 ‘est
643 3909 949 3972 peccatum,
993 3901 1091 3959 sed
1130 3903 1338 3961 bonum
1379 3922 1393 3959 :
1425 3903 1665 3976 cognitio
1700 3905 1849 3963 enim
1890 3904 2119 3977 peccati.

532 3987 660 4045 Non
679 3993 818 4046 enim
844 3993 1075 4062 cognovi
1095 3984 1368 4063 peccatum
1387 3995 1512 4049 nisi
1554 4011 1646 4065 per
1669 3994 1852 4067 legem.
1880 3996 2020 4065 Ante
2048 3996 2126 4051 le-

533 4096 657 4152 gem
707 4082 897 4152 utique
932 4081 1037 4138 fuit
1083 4085 1325 4156 cognitio
1365 4071 1597 4154 peccati,
1642 4101 1765 4142 cum
1791 4087 2049 4157 pincerna
2071 4094 2127 4163 et

501 4170 709 4254 pistor
733 4169 1037 4228 Pharaonis
1074 4188 1255 4239 causa
1304 4166 1513 4244 peccati
1542 4175 1598 4230 in
1649 4190 1925 4255 carcerem
1970 4176 2127 4232 missi

2221 3896 2489 3973 principio
2512 3897 2744 3964 vixerat,
2773 3905 2828 3951 et
2853 3894 3133 3966 cognitum
3162 3892 3344 3948 fuerat
3370 3886 3656 3961 originale,
3683 3892 3791 3936 cum

2223 3991 2404 4047 adhuc
2433 3980 2625 4044 recens
2659 3997 2795 4043 erat.
2839 3984 3106 4042 Veniente
3153 3978 3418 4040 mandato
3450 3976 3642 4037 revixit
3679 3984 3790 4043 pec-

2188 4066 2447 4150 ‘catum;
2497 4097 2590 4151 ego
2638 4090 2815 4134 autem
2864 4094 2985 4133 sum
3036 4084 3275 4131 mortuus
3301 4118 3317 4144 ,
3372 4088 3486 4129 non
3522 4069 3691 4127 solum
3734 4060 3792 4115 de

2190 4156 2520 4255 :prioribus,
2563 4180 2660 4236 sed
2709 4179 2877 4235 etiam
2918 4177 2986 4234 de
3010 4176 3465 4248 praevaricatione
3506 4171 3641 4226 datm

536 4270 684 4319 sunt.
715 4261 819 4318 Sed
854 4279 951 4343 per
996 4264 1171 4336 legem
1194 4265 1326 4321 dicit
1351 4265 1628 4336 cognitum
1654 4250 1774 4321 esse
1820 4274 2124 4336 peccatum,
2224 4250 2353 4329 reus
2405 4269 2604 4327 factus.
2662 4267 2729 4324 Et
2774 4265 3216 4339 quandoquidem
3263 4280 3362 4336 per
3407 4263 3577 4333 legem
3621 4250 3792 4309 revixit

504 4430 507 4433 _
536 4351 669 4422 quia
703 4352 968 4424 originale
1005 4352 1118 4409 fere
1145 4354 1215 4410 ab
1245 4355 1502 4411 omnibus
1549 4365 1673 4410 ante
1702 4355 1876 4427 legem
1906 4355 2125 4425 ignora-
2226 4372 2532 4435 peccatum,
2583 4370 2638 4417 et
2676 4375 2778 4432 ego
2806 4368 3059 4416 mortuus
3101 4372 3245 4423 sum,
3307 4354 3478 4428 igitur
3508 4344 3791 4403 mandatum

498 4520 506 4531 ν
536 4443 727 4511 batur,
748 4452 803 4501 et
831 4444 1067 4500 actualia
1091 4446 1261 4502 multa
1282 4446 1666 4502 uesciebantur
1700 4462 1822 4503 esse
1844 4455 2129 4518 peccatum
2224 4434 2366 4527 quod
2381 4462 2496 4509 erat
2517 4452 2653 4507 mihi
2668 4451 2854 4507 datum
2873 4449 2942 4502 ad
2964 4449 3125 4503 vitam
3143 4446 3443 4503 secundum
3464 4434 3788 4531 intentionem

538 4544 601 4590 ut
627 4537 1069 4618 concupiscentia
1093 4537 1162 4601 de
1192 4554 1302 4610 qua
1322 4538 1541 4608 subdit;
1571 4554 1733 4610 pmna
1761 4512 1926 4596 etiam
1955 4539 2124 4596 infer-
2147 4542 2200 4604 Ι)
2224 4512 2466 4610 daturis,
2512 4541 2618 4597 hoc
2659 4539 2998 4603 mandatum,
3042 4552 3155 4592 non
3198 4535 3313 4606 jam
3362 4532 3433 4588 ad
3481 4528 3665 4618 vitam.

500 4703 509 4711 ,
537 4627 704 4697 ιιὸῙίε,
728 4613 851 4701 (Illita
878 4629 1128 4701 sequitur
1160 4630 1229 4687 de
1269 4631 1527 4701 peccatis,
1556 4646 1687 4689 non.
1712 4631 1788 4687 ita
1831 4632 2124 4699 sciebatur,
2198 4620 2505 4711 inversum
2528 4633 2790 4687 inventum
2813 4638 2891 4684 est
2911 4628 3039 4682 mihi
3058 4643 3169 4682 esse
3192 4626 3261 4680 ad
3282 4632 3521 4679 mortem.
3544 4613 3656 4670 Non
3679 4613 3787 4711 qi“:

538 4738 643 4780 nec
672 4697 931 4781 meritum
955 4697 1229 4781 'futurum
1269 4697 1389 4781 non
1436 4697 1808 4797 peccantibus.
1857 4697 2129 4782 Putabant
2198 4708 2315 4798 :me
2361 4723 2710 4794 compelleret
2758 4720 2827 4775 ad
2872 4726 3178 4790 peccatum,
3228 4716 3324 4772 sed
3357 4713 3487 4786 quia
3520 4717 3677 4764 causa
3704 4697 3787 4751 fuit

539 4806 689 4872 enim
712 4824 905 4874 ‘omncs
934 4802 1007 4883 in
1029 4815 1247 4873 inferno
1274 4832 1687 4888 permansuros,
1732 4817 1859 4873 licet
1888 4817 1992 4873 sub
2016 4816 2130 4873 dis-
2227 4817 2347 4876 sine
2379 4831 2488 4888 qua
2527 4830 2628 4870 nec
2652 4829 2779 4869 rcus
2815 4826 2997 4868 essem
3024 4805 3511 4882 praevaricationis,
3550 4806 3602 4854 et
3643 4800 3787 4888 ωυδίξ

542 4909 899 4969 similitudine
923 4880 1231 4984 poenarum.
1274 4874 1382 4967 .Sed
1407 4927 1507 4983 per
1538 4912 1712 4983 legem
1741 4911 2019 4983 cognitum
2048 4919 2134 4966 est
2228 4925 2330 4983 pro
2370 4874 2479 4980 qua
2529 4907 2779 4963 diaboms
2847 4903 3023 4978 magis
3074 4903 3383 4972 insurgeret
3431 4874 3787 4987 υσθυε-,φφ

544 5000 830 5075 originale,
869 4973 1084 5076 cognita
1127 5013 1257 5062 sunt
1281 4973 1458 5063 etiam.
1492 4973 1663 5059 multa
1692 4973 1951 5070 actualia,
1976 5001 2129 5073 prius
2230 4973 2319 5058 lex
2364 4973 2475 5057 non
2519 4999 2851 5070 adjuvabat,
2919 4973 3015 5052 sed
3063 4992 3428 5067 praecipiendo
3462 4973 3783 5076 impedio“?

544 5072 843 5164 ίηὸόεηὶω.
869 5072 982 5151 Nec
1012 5095 1178 5151 etiam
1211 5083 1285 5152 ea
1327 5112 1452 5167 qua:
1493 5095 1713 5167 cognita
1761 5101 1938 5162 erant,
1978 5072 2130 5150 tanta
2231 5093 2485 5166 Congrue
2522 5091 2656 5147 dicit
2681 5090 2955 5145 inventum
2984 5095 3069 5142 est
3107 5085 3175 5140 ad
3212 5091 3477 5147 mortem;
3518 5088 3620 5130 non
3660 5072 3785 5120 enim

545 5170 669 5262 esas
695 5170 1074 5262 credebantur.
1097 5186 1329 5258 Cognita
1349 5196 1433 5243 est
1456 5187 1622 5244 etiam
1650 5185 1834 5244 futura
1851 5187 2130 5243 damnatio
2231 5186 2470 5259 positum
2502 5193 2620 5240 erat
2644 5182 2964 5238 mandatum
3006 5179 3075 5235 ad
3127 5186 3383 5269 mortem.)
3427 5168 3617 5269 Prol!!!t
3645 5167 3780 5269 ξίξξξξ

546 5257 649 5354 pro
679 5257 938 5346 peccatis,
964 5284 1021 5334 et
1044 5276 1168 5333 ideo
1180 5249 1275 5332 vait
1300 5296 1313 5332 :
1348 5276 1451 5335 Per
1474 5280 1648 5350 legem
1678 5279 1908 5351 cognovi
1931 5294 2128 5350 pecca-
2232 5249 2422 5336 datum
2444 5292 2565 5333 esse
2587 5274 2690 5331 sibi
2724 5274 2792 5330 ad
2821 5280 3075 5347 mortem,
3099 5283 3208 5325 non
3235 5250 3426 5347 tamen

548 5345 689 5446 tum,
711 5378 768 5425 et
788 5369 1071 5442 originale,
1096 5378 1152 5427 et
1176 5377 1411 5427 actuaria
1450 5345 1655 5443 quanta
1684 5345 1859 5440 erant,
1882 5345 2102 5443 poenam

2235 5371 2332 5429 sed
2375 5368 2511 5424 vitio
2563 5376 2835 5437 corruptae
2881 5345 3092 5418 naturae
3148 5345 3534 5431 compellentis,
3579 5345 3774 5446 dicent

549 5441 668 5539 que:
683 5457 785 5534 pro
808 5459 878 5518 iis
903 5452 1167 5517 futuram.
1195 5461 1334 5518 Vere
1358 5478 1454 5533 per
1479 5463 1907 5535 legem‘cognovi
1936 5479 2133 5534 pecca-
2196 5439 2202 5443 ’
2236 5462 2377 5518 Vere
2400 5460 2718 5516 mandatum
2738 5458 3019 5512 inventum
3044 5463 3128 5509 est
3156 5452 3290 5525 mihi
3324 5450 3389 5506 ad
3420 5435 3780 5539 morlefhl’fm

553 5537 693 5632 tum.
730 5552 877 5609 Nam
904 5553 1027 5621 hoc,
1060 5554 1268 5611 scilicet
1299 5554 1798 5625 concupiscentimn,
1831 5570 1996 5624 quam
2012 5544 2135 5609 esse
2238 5563 2531 5628 peccatum,
2565 5551 2618 5607 id
2646 5562 2730 5607 est
2769 5556 3026 5618 corrupta
3065 5544 3391 5602 sensualitas
3433 5550 3522 5593 seu
3563 5516 3777 5654 ςίῖθξὲίὲἕ

566 5630 571 5635 ⁷
998 5645 1010 5654 ι
1048 5646 1059 5654 ι
1268 5645 1280 5654 ι
1318 5647 1329 5654 .
1359 5645 1370 5654 ι
1468 5645 1481 5654 ι
1595 5647 1628 5654 ι.
1861 5644 1904 5654 -ν
2643 5644 2655 5654 ι
3044 5638 3054 5651 ι
3141 5653 3148 5654 ,
3212 5635 3314 5654 κίε-
3358 5631 3646 5654 J-‘A‘In.lnn

550 5624 837 5717 peccatum
868 5645 1181 5710 nesciebam,
1225 5645 1329 5701 nisi
1350 5645 1435 5701 (ex
1466 5645 1540 5701 ita
1570 5647 1807 5700 diceret:
1850 5644 1975 5699 Non
2012 5661 2137 5698 con-
2242 5655 2455 5717 accepta
2481 5644 2774 5707 occasione,
2824 5656 2918 5696 seu
2963 5638 3092 5711 quia
3135 5635 3322 5692 suasio
3350 5619 3743 5725 ἀειεοιειῑὶςξιξξέ

504 5804 513 5809 ἢ
550 5702 808 5812 cepisses.
837 5741 951 5799 Lex
977 5740 1197 5812 quidem
1223 5740 1366 5796 bona
1379 5749 1483 5808 est,
1506 5739 1635 5810 quia
1662 5739 1754 5794 dat
1774 5738 2138 5810 COgnitirn'rm
2241 5702 2577 5807 peccandum
2605 5702 2999 5785 vehementior-
3021 5736 3124 5793 est,
3158 5742 3299 5781 cum-
3324 5723 3473 5779 adest

509 5804 515 5903 ζ
836 5794 1617 5906 sed—tamenperlt‘gem
1647 5794 1872 5894 bonum:
1905 5830 1996 5885 sed
2021 5844 2140 5883 om-
2244 5794 2340 5882 seu
2365 5794 2494 5897 Quia
2533 5822 2763 5879 "abuius
2785 5821 3059 5877 ardentius
3084 5816 3445 5875 incumbebat.
3491 5804 3573 5859 Sic
3617 5794 3770 5855 utique
