3978 6414
141 396 219 453 65

754 370 1131 480 Exposrrio
1168 387 1236 444 IN
1275 386 1666 459 EPISTOLAS
1695 364 2038 445 PAULLI;
2072 372 2143 446 ΙΝ
2180 374 2401 467 EPIST.
2442 375 2535 448 Ab
2576 379 2734 450 non.

1964 362 2019 373 ρο
2075 372 2083 379 ,
2230 374 2233 377 ,
2336 374 2341 377 ,
2886 366 3126 383 νησονκιυ-τ-ονι
3198 372 3213 382 -ν

2073 384 2143 399 θεν
2181 386 2380 399 ποι-ηι-
2459 391 2471 399 .
2497 375 2527 399 L
2576 379 2719 399 ᾉΑΑἏ
3137 371 3185 399 ᾝ

3346 390 3433 463 83

128 518 352 580 accepta
396 506 803 588 opportunitate
845 523 938 579 per
970 506 1305 574 mandatum,
1344 505 1571 571 seduxit
1617 522 1721 576 me,
1750 515 1799 576 Α
1826 506 1964 580 lege,
1990 505 2117 563 inde
2145 516 2370 585 apparet
2399 509 2544 591 quod
2574 510 2662 567 lex
2699 519 2754 568 et
2785 510 2929 568 ratio
2966 512 3133 571 simul
3159 517 3421 592 sentiant,

138 612 209 671 ut,
221 601 574 661 consentirem
603 609 866 671 peccato;
897 609 949 655 et
969 617 1062 670 per
1084 599 1222 657 illud
1246 600 1507 659 seducere
1526 599 1722 655 occidit

136 708 247 761 me,
266 691 648 764 praecipitando
666 691 724 746 in
740 700 924 747 actum
939 690 1171 762 peccati.
1192 690 1263 755 Et
1279 688 1722 762 quandoquidem

136 786 442 843 mandatum
472 793 593 840 erat
620 784 689 839 ad
711 784 904 851 vitam,
930 799 1000 839 ex
1026 784 1189 855 culpa
1208 783 1423 855 peccati
1442 782 1723 859 inversum

131 888 218 932 est
236 877 300 932 ad
316 884 567 931 mortem.
607 874 786 947 Igitur
804 875 893 930 lea:
912 885 1101 931 sancta
1128 884 1234 944 est,
1260 876 1317 935 id
1343 884 1429 932 εει
1455 883 1724 945 pmcepta

130 967 266 1038 legis
283 976 465 1023 sancta
494 974 645 1035 sunt,
667 975 717 1022 et
738 967 1070 1035 mandatum,
1094 967 1151 1029 id
1169 976 1255 1025 est
1274 983 1414 1038 opus
1426 974 1725 1037 praecepto-

117 1020 272 1183 ἴωσι,
310 1067 368 1113 ut
388 1059 660 1129 jejunare,
704 1058 837 1121 dare
878 1058 1314 1130 eleemosynam,
1358 1056 1720 1129 hoc,.inquit,

132 1152 435 1183 mammam
471 1158 710 1183 anr'ilm
764 1149 815 1183 :A
845 1158 925 1183 ne!
958 1150 1230 1183 εαηηίίηπι
1266 1157 1319 1183 ΔΙ
1357 1151 1631 1183 “omnium
1664 1150 1718 1183 in

131 1152 437 1206 mandatum
467 1158 734 1216 sanctum,
763 1149 819 1204 id
845 1158 930 1206 est
958 1150 1233 1207 sancitum
1266 1157 1323 1206 et
1355 1151 1634 1205 ﬁrmatum
1661 1150 1744 1204 in'

111 1200 269 1310 ibono
292 1250 396 1297 est.
419 1240 518 1296 Est
536 1240 703 1296 etiam
713 1200 923 1309 :instum
940 1240 1251 1312 aequitatem
1274 1255 1500 1296 servans
1514 1240 1581 1307 ad
1596 1255 1694 1309 pro
1706 1268 1723 1281 -

111 1314 345 1389 'ximum.
378 1331 480 1388 Est
501 1333 670 1388 etiam
708 1332 923 1400 bonum,
946 1332 1002 1388 id
1026 1339 1113 1390 est
1137 1332 1270 1387 utile
1297 1332 1543 1401 implenti
1565 1331 1716 1387 illud.

134 1424 287 1480 Modo
306 1423 636 1483 subicienter
665 1424 913 1494 probavit
934 1424 1107 1496 legem
1124 1439 1247 1481 esse
1264 1424 1465 1480 bonam
1490 1423 1546 1478 in
1575 1439 1653 1478 se.

194 1516 298 1572 Sed
341 1517 547 1572 diceret
595 1514 859 1581 Judaeus:
897 1513 1018 1581 Non
1062 1531 1198 1571 curo
1221 1531 1292 1570 an
1320 1515 1407 1569 lcx
1451 1515 1596 1569 bona
1626 1515 1716 1583 sit,

127 1624 246 1675 cum
266 1609 336 1665 sit
356 1607 492 1663 mihi
513 1623 683 1665 causa
711 1607 1105 1666 damnationis.
1141 1607 1264 1675 Quo
1300 1615 1490 1664 contra
1514 1607 1718 1666 Paulus

125 1701 309 1769 probat
338 1738 341 1743 λ
361 1715 459 1771 per
504 1700 680 1770 legem
731 1700 1009 1757 neminem
1061 1700 1353 1775 damnati.
1391 1700 1488 1757 66d
1534 1701 1771 1775 potius»-

126 1790 345 1845 enutriri
371 1792 428 1845 in
458 1791 625 1847 bono.
668 1791 941 1863 Corrupta
967 1807 1100 1849 vero
1139 1801 1336 1858 natura
1382 1791 1520 1859 haec,
1548 1808 1716 1848 causa

1825 599 1955 657 licet
1990 600 2286 674 carnalitas
2330 602 2640 672 praevaleat.
2684 604 2830 675 Ago,
2862 604 3059 677 inquit,
3092 608 3227 665 illud
3271 614 3421 682 quod

1824 692 1947 759 odi,
1969 691 2024 747 id
2046 701 2132 750 est
2144 693 2297 751 illud
2319 682 2465 764 quod
2488 695 2635 751 nolo.
2690 694 2750 752 Si
2773 706 2949 752 autem
2984 699 3269 770 rationalis
3296 696 3421 761 nolo

1823 782 2119 855 illud'quod
2145 785 2383 841 carnalis
2413 786 2577 856 facio,
2626 803 2753 844 ecce
2766 789 2880 860 jam
2922 794 3187 847 consentio
3208 793 3333 866 legi,
3361 795 3421 852 id

1823 880 1926 955 est,
1963 872 2108 945 idem
2154 874 2343 932 volens
2379 876 2533 931 testis
2563 892 2685 932 sum
2719 879 2825 950 legi
2855 878 2924 936 de
2968 880 3075 936 hoc
3117 884 3256 954 quod
3281 884 3421 941 bona

1822 972 1922 1019 est.
1972 963 2423 1036 Quandoquidem
2465 983 2565 1040 ego
2607 970 2890 1028 rationalis
2932 973 3062 1028 nolo
3108 974 3242 1031 illud
3269 978 3419 1047 quod

1823 1056 2059 1113 carnalis
2095 1055 2239 1112 facio
2279 1056 2437 1129 (Illud
2470 1075 2619 1114 nunc
2655 1061 2921 1117 illativum
2961 1064 3088 1136 est),
3135 1064 3279 1137 Ergo
3323 1083 3416 1138 ego

1821 1144 2106 1201 rationalis
2138 1145 2257 1215 jam
2302 1162 2406 1200 non
2446 1163 2632 1217 operor
2679 1149 2818 1204 illud
2867 1152 3014 1221 quod
3058 1169 3146 1209 me
3198 1155 3419 1212 nolente

1822 1244 2082 1315 operatur
2112 1252 2262 1305 caro,
2309 1238 2399 1292 sed
2442 1249 2736 1309 peccatum,
2762 1242 2816 1297 id
2842 1252 2947 1310 cst,
2980 1242 3154 1302 fomes
3179 1248 3414 1318 peccati,

1820 1328 1961 1401 quod
2006 1337 2293 1398 peccatum
2338 1329 2566 1399 habitat,
2616 1333 2793 1402 idest,
2840 1337 3061 1392 assidue
3107 1346 3416 1397 remoratur

1821 1420 1881 1493 in
1922 1436 2003 1483 me
2038 1421 2265 1501 carnali.
2325 1419 2393 1476 Et
2457 1439 2585 1479 vere
2624 1435 2908 1496 peccatum
2960 1428 3171 1485 habitat
3215 1432 3274 1486 in
3303 1449 3415 1503 me,

1820 1510 1948 1582 quia
2020 1512 2228 1568 bonum
2299 1528 2443 1597 non‘
2490 1514 2699 1571 habitat
2777 1518 2833 1571 in
2908 1535 3055 1587 mea,
3107 1520 3265 1588 Quod
3333 1525 3419 1581 sic

1819 1601 1931 1679 ait:
1970 1600 2093 1657 Scio
2135 1604 2342 1676 quidem
2389 1607 2517 1683 quia
2575 1608 2768 1663 bonum
2817 1625 2922 1664 non
2974 1600 3181 1666 habitat
3218 1615 3275 1668 in
3311 1632 3413 1684 me,

1819 1694 1924 1751 hoc
1980 1697 2128 1766 quod
2187 1697 2311 1754 dico
2366 1698 2423 1753 in
2478 1714 2566 1754 me
2594 1710 2698 1767 est,
2750 1701 2806 1755 id
2859 1711 2941 1756 est
2988 1719 3047 1757 tn
3089 1720 3247 1761 carne
3276 1722 3415 1775 mea,

1818 1786 1876 1855 id
1900 1798 1984 1844 εει
2011 1788 2066 1843 in
2097 1804 2186 1845 me
2231 1790 2460 1846 carnali.
2494 1791 2562 1847 Et
2608 1793 2714 1849 hoc
2754 1794 2952 1864 probat
2992 1813 3007 1849 :
3038 1793 3179 1851 Vere
3208 1797 3417 1854 bonum

124 1890 201 1936 est
221 1883 553 1952 compellens
580 1884 649 1938 ad
682 1859 989 1954 peccatum.
1022 1882 1179 1939 Unde
1212 1884 1295 1940 sic
1328 1883 1407 1947 ait
1432 1903 1444 1938 :
1486 1884 1717 1975 Quando
1748 1859 1792 1915 Β
1816 1894 1928 1937 non
1949 1880 2159 1936 habitat
2178 1880 2235 1936 in
2254 1897 2420 1949 carne
2437 1898 2581 1952 mea,
2605 1900 2733 1940 nam
2750 1859 2928 1956 neque
2944 1878 3041 1956 per
3055 1888 3415 1965 voluntatem,

126 1970 330 2039 quidem
360 1973 684 2028 mandatum
709 1983 968 2031 sanctum
1007 1982 1116 2042 est,
1163 1990 1287 2045 ergo
1326 1974 1460 2030 illud
1492 1970 1630 2046 quell
1658 1975 1717 2030 in

125 2078 185 2131 se,
200 2065 386 2117 bonum
410 2072 491 2118 est
522 2064 674 2120 credi
700 2065 860 2121 debet
887 2066 1038 2137 quod
1069 2066 1201 2122 mihi
1222 2067 1428 2137 factum
1453 2076 1530 2123 est
1552 2082 1713 2135 mors,

127 2153 175 2208 id
191 2164 272 2211 εει
298 2172 466 2212 causa
497 2158 838 2229 compellens
864 2174 954 2215 me
985 2160 1054 2215 ad
1083 2168 1320 2215 mortem
1342 2160 1374 2226 ?,
1407 2160 1562 2215 Absit
1587 2160 1712 2229 hoc,

126 2254 176 2299 ut
231 2246 362 2303 illud
412 2249 564 2319 quod
620 2250 826 2307 bonum
873 2259 959 2308 est
1006 2251 1078 2307 sit
1126 2236 1293 2319 causa
1336 2267 1462 2323 quae
1508 2253 1715 2330 malum

126 2336 329 2395 elﬁciat!
376 2338 695 2397 Mandatum
723 2341 913 2412 utique
943 2343 1091 2414 quod
1120 2343 1325 2401 bonum
1354 2352 1459 2411 est,
1495 2360 1604 2400 non
1631 2354 1716 2401 cst

125 2432 244 2489 mihi
289 2432 497 2491 factum
539 2450 727 2502 mors;
758 2436 849 2490 sed
873 2445 1169 2519 peccatum,
1221 2436 1277 2493 id
1327 2445 1412 2492 est
1454 2445 1713 2508 corrupta

127 2534 347 2582 natura:
394 2528 481 2583 vel
533 2527 788 2583 diabolus
844 2526 1196 2583 instimulans
1248 2537 1582 2599 peccatum:
1636 2528 1712 2584 ita

125 2616 233 2674 dico
265 2625 323 2671 ut
348 2626 631 2688 appareat,
670 2618 725 2672 id
752 2626 861 2685 est,
906 2626 970 2673 ut
1012 2626 1376 2690 cegnoscatur
1421 2633 1545 2674 esse
1592 2635 1714 2689 pec-

127 2718 281 2763 catum
302 2726 341 2764 :.
369 2711 507 2766 illud
549 2719 826 2781 operatum
865 2719 944 2765 est
972 2710 1103 2785 mihi
1131 2719 1354 2764 mortem
1379 2727 1471 2781 per
1496 2710 1709 2778 bonum,

126 2799 171 2854 id
190 2810 268 2856 est
294 2811 525 2873 accepta
553 2801 847 2859 occasione
870 2816 902 2855 a
930 2799 1048 2871 lege
1070 2817 1194 2872 quae
1231 2800 1372 2855 bona
1397 2809 1501 2867 est,
1534 2801 1711 2872 coegit

127 2907 200 2949 me
243 2895 422 2967 magis
455 2910 720 2965 peccare,
769 2894 1120 2966 praevaricari
1163 2895 1330 2949 etiam
1379 2894 1526 2965 quod
1555 2895 1710 2964 prius

125 3001 218 3042 non
242 2997 382 3043 erat.
420 2987 716 3059 Operatum
745 2997 850 3055 est,
873 2987 1025 3056 dicit,
1058 2988 1133 3042 ita
1154 3003 1252 3057 per
1275 2987 1481 3043 bonum
1496 2996 1565 3050 ,αι
1589 3004 1711 3058 pee-

127 3088 279 3134 catum
317 3081 425 3151 ﬁat
447 3098 468 3146 ;
514 3096 738 3151 peccans
784 3095 935 3137 nunc
990 3079 1046 3133 in
1096 3080 1216 3151 lege
1265 3095 1441 3151 supra
1465 3080 1743 3150 priorem.

126 3173 334 3242 modum,
366 3173 421 3228 id
443 3181 528 3229 est
546 3174 871 3244 priusquam
894 3172 981 3228 lex
1008 3172 1232 3228 daretur
1252 3188 1346 3242 per
1368 3171 1702 3264 mandatum,
1733 3206 1776 3264 ϐ

125 3263 171 3319 id
191 3272 268 3321 est
289 3281 393 3337 per
436 3265 546 3336 42
576 3264 1081 3336 praevaricationem
1106 3263 1350 3320 mandati
1376 3263 1552 3335 magis
1588 3279 1709 3333 pec-

127 3372 249 3412 cm.
265 3356 412 3413 Vere
434 3358 521 3413 lex
536 3372 651 3413 non
671 3366 757 3414 εει
774 3363 999 3428 operata
1015 3364 1271 3423 mortem,
1283 3355 1377 3413 sed
1400 3362 1705 3426 peccatum.

124 3444 238 3504 Nam
260 3464 372 3505 nos
395 3449 607 3504 scimus
629 3448 701 3504 ab
722 3447 1049 3505 auctoritate
1072 3447 1185 3502 vim
1212 3447 1466 3503 habente.
1498 3444 1708 3503 Scimus

125 3538 287 3609 utique
316 3541 453 3611 quia
480 3539 569 3594 lea;
585 3549 665 3594 est
688 3537 1016 3610 spiritualis,
1068 3537 1125 3594 id
1169 3538 1407 3605 est,.vel
1436 3538 1564 3597 data
1612 3554 1740 3609 per.

128 3626 373 3699 Spiritum
420 3638 698 3698 sanctum,
743 3630 831 3686 vel
877 3629 1131 3684 nutriens
1154 3629 1408 3699 spiritum
1446 3629 1737 3699 hominis,.

128 3736 331 3791 quorum
373 3723 613 3783 alterum
635 3722 684 3779 si
711 3721 805 3789 sit,
858 3728 1077 3783 constat
1110 3720 1240 3790 quia
1275 3736 1386 3777 non
1411 3728 1497 3783 est
1541 3736 1740 3777 causa.

128 3816 309 3872 mortis.
356 3814 474 3871 Lex
499 3815 693 3884 utique
718 3821 806 3871 est
831 3810 1153 3883 spiritualis,
1194 3810 1289 3866 sed
1308 3828 1552 3883 egouum
1589 3828 1710 3871 car-

128 3907 262 3975 nalis,
288 3907 347 3968 id
366 3915 458 3963 est
482 3905 766 3963 adhaerens
788 3903 1130 3971 carnalitati;
1162 3903 1513 3969 venundatus,
1541 3918 1737 3973 quem.

130 3998 315 4066 primus
333 4014 547 4071 parens
567 4013 669 4069 pro
689 4005 855 4070 gustu
873 3997 1021 4067 pomi
1043 3995 1409 4063 venundedit:
1433 4011 1534 4053 nec
1551 3997 1625 4055 ita
1647 4004 1711 4052 ut
1730 4030 1737 4049 ι

132 4090 215 4157 sim
234 4092 409 4148 solum
432 4092 493 4146 in
517 4098 763 4161 peccato,
786 4090 883 4146 sed
903 4088 1070 4147 etiam
1095 4088 1191 4143 sub
1215 4098 1472 4159 peccato;
1502 4088 1632 4160 quia
1655 4097 1735 4145 et,

132 4178 171 4232 si
192 4182 328 4248 volo,
348 4192 407 4238 et
431 4181 533 4237 diu
560 4180 768 4248 laboro,
791 4196 890 4251 per
911 4195 1001 4237 me
1023 4188 1203 4237 tamen
1225 4194 1451 4253 surgere
1474 4195 1705 4251 nequeo.
1724 4216 1735 4229 κ

188 4270 274 4329 llic
302 4272 505 4343 incipit
536 4272 825 4328 ostendere
852 4272 1001 4344 quod
1031 4272 1117 4327 lex
1145 4280 1201 4331 et
1231 4270 1516 4338 rationalis
1543 4271 1709 4326 homo

133 4360 181 4417 in
213 4365 490 4420 voluntate
531 4364 663 4420 boni
709 4363 1094 4432 consentiant;
1139 4363 1236 4425 sed
1286 4372 1469 4421 tamen
1507 4363 1579 4419 ab
1614 4364 1708 4419 illo

135 4456 289 4524 tertio,
328 4459 383 4514 id
409 4466 501 4513 est
518 4472 550 4512 a
587 4464 845 4526 corrupta
897 4465 1093 4511 natura
1118 4451 1483 4526 superantur.
1511 4455 1581 4512 Et
1604 4457 1709 4519 hoc

1816 1984 1994 2039 neque
2039 1985 2137 2040 per
2192 1979 2396 2027 actum.
2462 1971 2566 2029 Per
2619 1974 2957 2030 voluntatem
3018 1977 3241 2046 quidem
3301 1994 3415 2034 non

1815 2058 2044 2125 habitat.
2095 2059 2240 2115 Nam
2268 2062 2397 2117 velle
2441 2063 2648 2118 bonum
2697 2066 2908 2135 adjacet
2938 2067 3070 2120 mihi
3092 2069 3325 2136 carnali,
3349 2070 3448 2139 id,

1813 2159 1899 2206 est
1915 2152 2320 2222 quodammodo
2354 2155 2698 2226 approximat
2725 2157 2914 2211 carni:
2944 2173 3105 2213 nemo
3125 2159 3272 2214 enim
3298 2167 3414 2217 tam

1813 2244 2016 2317 impius
2063 2246 2528 2318 quinaliquando
2566 2247 2759 2304 saltem
2799 2249 3008 2305 bonum
3045 2250 3192 2307 velit.
3252 2251 3414 2319 Quod

1813 2335 1873 2415 εἰ¹
1888 2337 2119 2408 adjacet,
2143 2353 2273 2410 ergo
2293 2355 2402 2419 non
2428 2339 2635 2408 habitat
2662 2340 2718 2394 in
2742 2356 2850 2408 me,
2873 2342 3013 2397 velle
3032 2342 3237 2399 bonum
3259 2344 3386 2414 adja
3400 2371 3416 2401 ρ

1822 2438 1928 2499 cet.
1959 2428 2063 2485 Sed
2083 2431 2334 2501 perficere
2356 2431 2548 2487 bonum
2569 2432 2704 2487 illud
2734 2431 2885 2488 nullo
2929 2434 3083 2489 modo
3105 2435 3310 2490 invenio
3353 2437 3413 2494 in

1810 2538 1976 2580 carne
2000 2539 2142 2579 mea.
2165 2522 2304 2579 Vere
2324 2524 2585 2594 perlicere
2602 2525 2808 2581 bonum
2839 2541 2951 2583 non
2978 2537 3063 2583 est
3090 2528 3147 2582 in
3170 2543 3257 2584 me
3284 2544 3411 2584 car-

1810 2615 1942 2670 nali.
1969 2614 2116 2669 Nam
2131 2630 2232 2687 ego
2252 2616 2492 2672 carnalis
2522 2633 2626 2671 non
2648 2617 2791 2689 facio
2811 2618 2910 2673 hoc
2926 2619 3117 2673 bonum
3132 2619 3271 2689 quod
3294 2619 3410 2675 volo

1810 2706 2117 2762 rationalis.
2144 2705 2249 2762 Sed
2287 2724 2385 2779 ago
2413 2708 2651 2764 carnalis
2698 2709 2796 2763 hoc
2834 2709 3057 2779 malum,
3108 2710 3248 2781 quod
3280 2711 3407 2765 nolo

1809 2798 2116 2869 rationalis.
2148 2796 2248 2854 Vel
2275 2798 2463 2855 aliter:
2496 2797 2634 2857 Vere
2667 2800 2929 2870 perlicere
2962 2801 3169 2856 bonum
3197 2816 3267 2856 ex
3297 2809 3412 2861 toto

1809 2903 1920 2961 non
1948 2887 2169 2944 invenio
2196 2890 2253 2944 in
2282 2905 2389 2946 me.
2414 2889 2551 2949 Nam
2574 2890 2748 2965 etiam
2769 2892 2875 2948 hoc
2902 2893 3109 2951 bonum
3132 2894 3411 2965 noul'acio

1809 2979 1955 3050 quod
1973 2979 2182 3035 bonum
2202 2995 2324 3036 esse
2348 2996 2644 3054 cognosco,
2673 2992 2729 3038 et
2756 2983 2878 3039 ideo
2901 2982 3082 3055 facere
3106 2985 3251 3041 volo.
3285 2984 3409 3042 Non

1808 3071 1956 3127 enim
1985 3071 2173 3129 omnia
2196 3071 2339 3128 bona
2372 3071 2509 3131 mihi
2549 3081 2680 3129 nota
2714 3075 2977 3131 sunt."l)e
3000 3091 3068 3131 eo
3086 3077 3235 3146 quod
3271 3078 3413 3134 dixit

1809 3163 2064 3233 superius
2082 3162 2150 3217 ad
2167 3163 2313 3218 aliud
2330 3164 2670 3233 probandum
2692 3181 2832 3229 :non
2849 3166 2999 3236 quod
3018 3167 3143 3221 volo
3162 3167 3270 3224 hoc
3281 3184 3408 3240 ago,

1810 3256 2010 3313 iterum
2038 3256 2146 3312 hoc
2168 3272 2264 3326 per
2291 3257 2439 3317 aliud
2454 3257 2703 3327 probato,
2722 3257 3125 3315 infertdicens:
3151 3258 3411 3326 Quando-

1810 3345 2026 3415 quidem
2053 3361 2154 3417 ego
2180 3346 2464 3402 rationalis
2489 3347 2609 3402 nolo
2651 3348 2854 3403 malum
2867 3350 3008 3421 quod
3021 3367 3122 3422 ago
3140 3353 3412 3422 carnalis,

1808 3450 1939 3507 ergo
1955 3451 2048 3507 ego
2069 3435 2354 3493 rationalis
2375 3451 2479 3490 non
2500 3453 2685 3508 operor
2706 3436 2844 3492 illud
2883 3439 3112 3507 malum,
3154 3433 3246 3494 sed
3285 3457 3413 3511 pec-
3434 3500 3441 3509 ,

1808 3538 2006 3597 catum,
2023 3528 2075 3583 id
2091 3538 2175 3584 est
2194 3530 2472 3600 corruptio
2488 3538 2695 3586 naturae
2713 3549 2726 3586 :
2750 3532 2889 3602 quod
2904 3541 3189 3602 peccatum
3202 3534 3411 3591 habitat

1807 3621 1864 3676 in
1890 3638 1971 3678 me
1996 3621 2225 3691 carnali,
2258 3631 2516 3694 operatur
2541 3623 2675 3679 illud
2711 3624 2940 3681 malum.
2974 3624 3190 3696 Repetit
3225 3628 3409 3683 locum

1808 3715 1955 3781 unde
1980 3715 2199 3783 inferat,
2227 3716 2434 3787 siquod
2456 3716 2578 3771 nolo
2603 3715 2741 3772 illud
2769 3717 2933 3788 facio.
2954 3716 3411 3790 Quandoquidem

1807 3821 1908 3876 ego
1929 3808 2211 3863 rationalis
2228 3809 2358 3863 nolo
2380 3809 2607 3877 malum,
2629 3810 2716 3866 lex
2735 3818 2916 3873 autem
2942 3810 3411 3880 (sicutuprobatum

1806 3899 1911 3970 est)
1933 3901 2139 3961 malum
2154 3900 2537 3958 similiternon
2551 3904 2691 3971 vult,
2702 3902 2731 3957 Ι
2734 3906 2887 3975 gitur
2896 3921 3009 3977 ego
3021 3906 3303 3964 rationalis
3320 3909 3411 3962 in-

1808 3991 1955 4046 venio
1983 3991 2147 4063 legem
2172 4007 2299 4051 esse
2327 3994 2549 4062 bonam,
2574 3995 2629 4051 id
2652 4003 2736 4052 cst
2758 3997 2949 4053 utilem
2974 3998 3111 4054 mibi
3150 3999 3412 4057 rationali

1807 4082 2010 4138 volenti
2042 4081 2223 4140 facere
2258 4084 2483 4142 bonum.
2529 4085 2642 4143 Lex
2681 4087 2886 4145 bonum
2918 4089 3143 4158 docens,
3170 4098 3229 4146 et
3250 4092 3416 4148 ratio

1803 4174 2015 4233 bonum
2028 4175 2241 4243 volens,
2257 4178 2650 4237 consentiendo
2676 4179 2730 4234 in
2751 4179 2896 4239 bono
2917 4197 2975 4237 se
2995 4182 3227 4238 invicem
3254 4184 3410 4240 inve-

1809 4266 1986 4323 niunt.
2017 4266 2218 4323 Valenti
2237 4264 2410 4339 facere
2431 4270 2623 4329 bonum
2642 4281 2697 4326 et
2715 4287 2825 4326 non
2849 4270 3091 4340 facienti,
3100 4275 3240 4330 bene
3249 4275 3404 4343 dico,

1808 4360 2061 4429 quoniam
2092 4359 2295 4415 uratum
2328 4362 2664 4420 earnalitatis
2692 4363 2905 4434 adjacet
2937 4365 3067 4421 mihi
3104 4367 3361 4423 rationali
3388 4384 3410 4421 ε

1800 4459 1865 4530 ,ει
1889 4459 2176 4521 propterea
2204 4453 2411 4509 bonum
2437 4456 2583 4526 quod
2614 4457 2736 4513 volo
2764 4458 3023 4527 perlicere
3050 4474 3282 4529 nequeo.

136 4543 187 4599 de
223 4549 593 4609 rationalitate
630 4548 781 4618 quod
815 4547 961 4602 bona
989 4546 1064 4603 sit.
1095 4555 1152 4603 et
1186 4547 1393 4603 bonum
1419 4548 1551 4604 velit
1576 4564 1709 4607 con-
1726 4560 1787 4622 ,θ
1880 4541 2018 4599 Nota
2040 4544 2302 4614 quoniam
2318 4545 2522 4603 Paulus
2542 4547 2828 4619 ﬁgurative
2847 4550 2951 4607 sub
2970 4564 3202 4619 persona
3217 4568 3317 4609 sua
3334 4554 3405 4609 de

137 4639 384 4701 ~renienter
407 4640 628 4712 probat.
663 4638 819 4713 Sicut
838 4638 984 4694 enim
1014 4638 1170 4695 silex
1190 4640 1335 4694 mala
1360 4649 1525 4708 esset,
1550 4641 1731 4697 dator.

139 4724 247 4799 legis
274 4731 398 4788 inde
425 4731 867 4801 vituperaretur,
884 4728 965 4786 sic
992 4729 1157 4785 etiam
1195 4729 1243 4786 si
1278 4731 1546 4786 naturalis
1568 4731 1711 4786 ratio

139 4819 493 4887 adversaretur
526 4822 695 4889 bono,
725 4822 876 4892 juste
922 4821 1018 4892 qui
1064 4822 1337 4877 rationem
1388 4823 1612 4891 dederat
1643 4822 1712 4879 dc

139 4912 258 4979 malo
277 4916 511 4971 rationis
535 4914 983 4982 calumniaretur.
1021 4912 1165 4983 Vere
1186 4914 1291 4970 sub
1308 4922 1538 4984 peccato
1563 4930 1731 4973 sum..

142 4996 260 5065 Nam
276 5006 415 5076 quod
446 5021 549 5077 ego
564 5021 777 5077 operor,
809 5005 924 5061 sive
963 5005 1286 5071 dimittendo
1320 5006 1524 5063 bonum
1564 5007 1727 5077 quod.

139 5092 304 5162 utique
332 5104 421 5153 est
464 5096 684 5166 operari
738 5096 968 5163 malum,
1025 5097 1142 5153 sive
1190 5096 1443 5154 faciendo
1480 5099 1727 5165 malum,.

141 5185 284 5254 quod,
321 5189 571 5259 inquam,
618 5202 817 5258 operor
862 5204 962 5259 ego
1003 5190 1296 5254 sensualis,
1328 5190 1566 5262 intelligo
1610 5207 1711 5264 ego

140 5275 397 5335 rationalis
441 5296 545 5333 non
585 5293 708 5335 esse
734 5280 1092 5350 operaudum.
1149 5279 1284 5337 Vere
1306 5298 1504 5352 operor
1527 5283 1713 5339 dimit-

142 5366 281 5420 tenda
305 5368 531 5436 bonum,
578 5370 725 5440 quod
772 5369 1018 5441 intelligo
1035 5386 1146 5426 non
1176 5385 1301 5427 esse
1347 5374 1727 5442 operandum..

147 5454 251 5523 Non
281 5463 421 5516 enim
442 5478 542 5534 ago
571 5463 668 5516 hoc
698 5462 892 5517 bonum
916 5464 1056 5534 quod
1086 5478 1189 5535 ego
1221 5464 1505 5522 rationalis
1550 5466 1664 5521 volo
1686 5485 1706 5532 ,-

144 5556 191 5605 et
206 5565 320 5608 vere
355 5568 554 5625 operor
582 5553 832 5609 faciendo
881 5555 1088 5611 malum
1131 5558 1278 5627 quod
1320 5558 1563 5630 intelligo
1593 5574 1732 5623 non,

146 5652 247 5705 esse
267 5645 619 5714 operandum.
649 5643 786 5703 Nam
811 5661 913 5717 ego
935 5647 1174 5704 carnalis
1208 5649 1352 5719 facio
1399 5649 1534 5705 illud
1566 5651 1704 5720 quod

147 5741 231 5799 ego
253 5736 531 5795 rationalis
576 5738 690 5793 oa'i.
733 5736 802 5792 Et
843 5754 991 5794 nunc
1030 5739 1161 5808 quia
1204 5741 1291 5796 lex
1327 5727 1627 5810 spiritualis
1651 5751 1706 5797 et

149 5818 271 5878 bona
316 5837 431 5897 est,
475 5820 813 5886 rationalitas
853 5845 980 5885 vero
1020 5846 1141 5886 mea
1176 5832 1377 5887 bonum
1429 5833 1543 5886 vult
1578 5848 1701 5887 cum

1814 4636 2071 4692 omnibus
2089 4637 2350 4707 loquitur,
2370 4654 2659 4717 assumens
2673 4642 2776 4697 sibi
2791 4657 3101 4711 personam,
3121 4654 3411 4701 uuncante

1814 4727 1923 4799 53
1949 4730 2120 4800 legem
2160 4746 2308 4789 nunc
2355 4732 2413 4787 in
2457 4732 2597 4803 lege.
2626 4726 2767 4811 Vere
2815 4734 3023 4793 bonum
3072 4734 3295 4791 invenio
3324 4737 3401 4797 .in

1815 4837 1924 4879 me.
1959 4821 2106 4877 Nam
2138 4837 2241 4894 ego
2270 4823 2601 4879 condelector
2632 4824 2737 4895 legi
2760 4823 2856 4879 Dei
2886 4840 2905 4878 :
2933 4824 3064 4895 quia
3095 4833 3153 4880 et
3172 4818 3277 4881 illa
3297 4825 3405 4885 bna

1816 4931 1949 4987 num
1970 4916 2086 4971 vult
2104 4925 2159 4972 et
2175 4930 2280 4988 ego
2301 4930 2425 4971 cum
2450 4932 2536 4972 ea.
2572 4915 2934 4975 Coudelector
2960 4915 3085 4983 dico
3112 4920 3407 4976 secundum

1816 5008 2121 5063 interiorem
2149 5008 2449 5075 hominem,
2497 5008 2626 5077 quia
2659 5008 2884 5065 interior
2924 5009 3091 5066 homo
3115 5011 3409 5069 rationalis

1814 5100 1930 5159 vult
1962 5100 2192 5170 quidem
2237 5102 2445 5155 bonum
2497 5117 2511 5154 :
2552 5099 2651 5159 etsi
2691 5110 2926 5170 nequeat
2966 5106 3202 5174 operari.
3260 5106 3407 5163 Cum

1812 5192 1978 5253 modo
1993 5192 2195 5251 dixerit
2226 5193 2377 5262 quod
2402 5192 2487 5255 lex
2508 5202 2562 5248 et
2582 5193 2932 5253 rationalitas
2950 5197 3158 5252 bonum
3207 5200 3404 5264 velint,

1812 5284 2052 5359 ostendit
2076 5293 2375 5361 utrumque
2400 5287 2647 5355 superari
2676 5303 2707 5342 a
2740 5289 2939 5353 tertio,
2969 5289 3022 5344 id
3045 5298 3130 5344 est
3151 5306 3182 5343 a
3203 5305 3423 5350 carna-m

1809 5379 1992 5447 litate,
2025 5378 2173 5449 quod
2196 5378 2421 5434 tertium
2461 5380 2704 5435 ostendit
2730 5381 3101 5450 superandum
3135 5396 3259 5437 esse
3300 5398 3407 5451 per

1810 5472 2071 5541 gratiam,
2105 5479 2162 5531 et
2198 5471 2304 5527 hoc
2332 5471 2468 5527 satis
2490 5472 2683 5528 idonee
2701 5471 2852 5531 facit.
2882 5470 3021 5529 Cum
3053 5474 3199 5531 enim
3220 5475 3403 5544 legens

1810 5563 2063 5627 ostendat,
2093 5563 2327 5633 deprimi
2359 5579 2455 5633 per
2492 5564 2901 5631 carnalitatem,
2930 5580 3031 5621 nec
3047 5580 3142 5620 eos
3173 5565 3273 5634 qui
3292 5565 3405 5619 sub

1808 5654 1924 5729 lege
1960 5654 2184 5721 fuerunt
2220 5657 2523 5727 quidquam
2569 5657 2696 5725 boni
2726 5656 2925 5714 iecisse
2948 5699 2965 5725 ,
3008 5657 3117 5714 nisi
3142 5643 3240 5727 per
3266 5673 3395 5728 gra-

1807 5745 1940 5801 tiam
1958 5789 1973 5815 ,
2010 5763 2108 5817 per
2148 5748 2256 5804 hoc
2275 5748 2436 5819 plane
2454 5746 2676 5804 Iudaeos
2707 5748 2952 5804 insinuat
2976 5749 3174 5805 debere
3197 5748 3397 5821 subjiri

1808 5838 2027 5906 penitus
2061 5839 2249 5908 gratia:
2300 5838 2423 5913 Dei,
2467 5849 2519 5894 et
2558 5856 2666 5895 non
2714 5840 2951 5910 amplius
3001 5841 3126 5912 legi.
3164 5839 3266 5897 Per
3290 5843 3401 5899 hoc
