3978 6400
535 315 607 372 ετ
1080 309 1140 370 s.
1177 277 1526 380 assuetus
1562 296 2137 365 CARTHUSIANORL

2247 243 2737 356 msiﬁur‘oms
2773 289 2924 355 ore.
2961 291 3144 356 PARS
3181 287 3288 358 u.-.
3705 303 3762 366 os

767 420 922 493 εμιῦ
937 420 1406 486 rm,
1433 411 1982 479 auﬁdum,
1999 423 2138 468 ωρ
2153 410 2310 469 Ltia.
2325 405 2450 464 fuit.
2477 406 2692 466 littera
2715 406 2798 464 sic
2819 405 3068 478 jungitur
3102 425 3116 462 :
3147 406 3584 479 Quandoquidem
3617 422 3766 486 gratia

537 517 796 574 cubuisse
826 517 1008 570 tamen
1037 513 1348 570 carnalitati
1379 510 1545 578 dicit,
1583 507 1834 580 gentiles,
1867 519 1938 560 ne
1969 519 2029 562 se
2055 504 2124 562 de

538 612 713 666 libero
735 609 960 664 arbitrio
987 608 1216 664 eﬁ‘erant
1234 648 1250 674 ,
1277 604 1559 676 deprimit,
1581 611 1636 656 et
1663 599 1746 656 sic
1783 612 1976 654 omnes
1995 613 2124 669 gra-

543 702 638 756 tia:
657 699 754 756 Dei
783 699 1026 769 subjicit.
1055 697 1208 752 Licet
1247 695 1546 752 secundum
1573 690 1890 748 interiorem
1919 689 2127 744 conde-

543 796 714 850 leCtor
737 791 842 862 legi
871 790 1001 858 Dei,
1033 798 1209 844 tamen
1241 787 1386 840 video
1412 783 1578 836 aliam
1609 781 1774 852 legem
1793 781 1852 834 in
1879 779 2125 834 membris

545 886 708 952 meis,
755 883 810 938 id
839 891 927 938 est
957 883 1014 936 in
1042 879 1360 936 carnalitate
1401 889 1544 929 mea.
1579 873 1780 945 Legem
1814 873 1937 928 ideo
1965 871 2124 940 dicit,

545 973 675 1045 quia
705 972 1168 1050 quemadmodum
1207 967 1349 1022 ratio
1375 966 1545 1022 dictat
1569 979 1732 1036 agere
1753 963 1902 1034 quod
1921 972 2127 1018 bonum

543 1075 660 1133 est,
691 1067 772 1122 sic
797 1064 1122 1120 sensualitas
1152 1060 1300 1130 quod
1321 1059 1530 1113 malum
1561 1065 1647 1113 est
1681 1074 1696 1112 :
1729 1057 1904 1128 legem
1947 1071 2126 1111 mem-

545 1159 772 1214 brorum
811 1156 934 1211 dico
979 1159 1354 1222 repugnantem
1395 1149 1496 1220 legi
1531 1147 1721 1202 mentis
1767 1163 1924 1214 mete,
1955 1147 2008 1201 id
2045 1153 2132 1202 est

546 1248 708 1304 bonis
748 1261 870 1317 quae
899 1245 1039 1300 ratio
1071 1242 1286 1298 suadet.
1335 1239 1445 1295 Nec
1488 1239 1666 1295 solum
1703 1245 2126 1310 repugnantem,

533 1339 644 1408 sed
671 1339 832 1393 etiam
861 1335 1128 1404 captivum
1158 1333 1436 1387 ducentem
1465 1347 1546 1384 me
1589 1331 1644 1383 in
1686 1329 1848 1401 legem
1887 1329 2128 1400 peccati:

547 1439 612 1484 ut
641 1443 832 1499 Operer
855 1443 919 1482 ea
954 1443 1078 1498 qua:
1122 1433 1378 1494 corrupta
1405 1423 1736 1479 sensualitas
1759 1423 1962 1488 dictat;
2013 1435 2130 1492 quae

545 1523 633 1578 lex
662 1520 870 1592 peccati
905 1527 982 1572 est
1013 1517 1068 1571 in
1113 1517 1359 1570 membris
1403 1516 1564 1579 meis,
1595 1514 1650 1570 id
1677 1523 1762 1569 est
1805 1514 1860 1568 in
1901 1513 2132 1585 singulis

547 1615 808 1671 sensibus
837 1611 1054 1668 diffusa.
1086 1607 1156 1664 Et
1179 1607 1624 1680 quandoquidem
1651 1607 1737 1661 lex
1757 1606 2132 1662 membrorum

545 1703 824 1774 captivum
865 1715 954 1755 me
1003 1697 1155 1754 ducit
1209 1698 1264 1752 in
1305 1705 1620 1768 peccatum,
1671 1711 1794 1766 ergo
1851 1695 2132 1750 rationalis

2225 500 2324 556 Dei
2352 500 2484 555 data
2503 514 2616 570 per
2645 497 2840 556 In.
2865 498 3158 558 Chn'ssum
3190 515 3280 556 me
3319 499 3577 570 liberavit,
3625 507 3768 576 igitur

2225 605 2318 662 ego
2339 591 2451 660 ipse
2469 589 2562 661 qui
2578 599 2704 646 ante
2729 591 2963 662 gratiam
3003 590 3288 660 subjectus
3311 597 3772 672 nam.

2223 683 2338 753 jam
2364 681 2513 752 quod
2539 682 2750 737 bonum
2777 683 3029 737 volebam
3068 690 3261 752 petens
3286 684 3526 753 operari,
3553 702 3656 742 nou
3695 705 3780 747 sp

2227 775 2344 831 lum
2367 775 2524 842 volo,
2555 775 2650 831 sed
2680 775 2846 830 etiam
2873 774 3040 829 servio
3071 781 3270 841 mente,
3309 775 3362 830 id
3385 785 3466 832 est
3483 785 3771 846 potestatem

2229 867 2405 922 habeo
2435 865 2734 922 secundum
2763 865 2912 937 quod
2931 866 3074 921 ratio
3100 866 3356 922 admouet
3373 867 3506 922 bene
3525 867 3630 942 44
3660 887 3771 942 ope.

2228 959 2402 1016 rando
2423 959 2630 1015 servire
2645 959 2748 1030 legi
2761 958 2882 1014 Dei.
2901 957 3012 1015 Nec
3033 958 3109 1014 ita
3135 966 3314 1014 tamen
3339 967 3398 1016 ut
3418 959 3584 1016 fomes
3597 965 3773 1032 peccati

2229 1053 2450 1124 penitus
2471 1039 2529 1108 in
2559 1069 2650 1110 me
2681 1055 2993 1110 destructus
3037 1053 3139 1118 sit,
3169 1053 3262 1108 sed
3281 1061 3594 1123 potestatem
3627 1057 3776 1114 habeo

2231 1145 2462 1212 servire:
2487 1146 2668 1212 carni,
2707 1145 2765 1200 id
2817 1156 2902 1202 est
2941 1145 3244 1201 secundum
3285 1147 3642 1202 earnalitatem
3691 1149 3776 1219 legi

2231 1235 2456 1306 peccati.
2489 1233 2549 1288 ln
2586 1241 2693 1289 hoc
2723 1233 2887 1290 etiam
2915 1235 3220 1290 maximum
3265 1229 3418 1289 notat
3453 1236 3774 1304 miraculum,

2232 1326 2381 1396 quod
2407 1323 2582 1380 fomes
2615 1325 2860 1396 peccati,
2889 1337 3080 1381 contra
3118 1341 3282 1396 quem
3313 1325 3450 1380 nihil
3479 1327 3624 1396 prius
3651 1337 3778 1398 pote-

2232 1427 2320 1474 rat
2347 1417 2520 1486 ratio,
2547 1433 2698 1473 nunc
2725 1418 3010 1488 subjaceat
3034 1418 3256 1486 rationi,
3284 1416 3333 1474 si
3357 1419 3484 1474 velit
3503 1419 3676 1474 homo.

2821 1508 3054 1564 CAPUT
3097 1508 3230 1563 Vill.

2311 1619 2332 1654 ς
2375 1597 2524 1654 Nihil
2555 1614 2686 1672 ergo
2733 1615 2884 1656 nunc
2927 1599 3302 1656 damnationis
3345 1609 3432 1657 est
3453 1601 3538 1657 his
3561 1601 3649 1672 qui
3675 1611 3782 1658 sunt

2245 1711 2265 1745 ι
2309 1692 2366 1748 in
2390 1690 2615 1748 Christo
2637 1690 2802 1760 Jesu,
2833 1692 2928 1763 qui
2969 1708 3080 1748 non
3113 1693 3416 1748 secundum
3441 1708 3648 1748 carnem
3685 1708 3782 1748 am-

547 1767 674 1848 suin
703 1791 892 1861 infelix
917 1807 936 1846 :
965 1789 1096 1860 quia
1126 1805 1248 1844 sum
1271 1789 1444 1855 homo,
1477 1787 1533 1843 id
1562 1795 1646 1844 est
1669 1787 1798 1858 quia
1816 1787 2134 1843 carnalitate
2165 1767 2212 1830 Β
2241 1801 2261 1834 ι
2287 1782 2516 1837 bulam.
2545 1781 2658 1838 Lex
2687 1783 2832 1839 enim
2861 1783 3086 1854 spiritus
3109 1784 3236 1840 vitae
3271 1784 3326 1838 in
3353 1782 3568 1840 Christo
3587 1781 3701 1838 Jesu
3723 1783 3780 1838 li-

546 1884 863 1954 deprimor;
897 1893 950 1937 et
977 1899 1057 1936 me
1093 1880 1364 1936 infelicem
1393 1881 1512 1952 quis
1542 1879 1790 1933 liberabit
1815 1879 1880 1932 de
1921 1895 2135 1948 corpore

547 1975 736 2029 mortis
759 1973 958 2043 hujus?
987 1973 1040 2028 id
1061 1981 1149 2028 est
1169 1973 1236 2028 de
1255 1980 1429 2026 morte
1449 1977 1800 2040 peccatorum
1815 2011 1830 2034 ,
1863 1957 1984 2038 quae
2005 1978 2136 2024 sunt

547 2065 602 2120 in
633 2079 858 2134 corpore
893 2078 1017 2118 meo
1047 2081 1062 2117 :
1095 2063 1182 2118 vel
1225 2063 1293 2118 de
1337 2076 1565 2131 corpore
1599 2061 1824 2126 mortis,
1861 2059 1916 2114 id
1955 2069 2040 2114 est
2067 2059 2135 2115 de

545 2163 659 2210 tota
681 2155 786 2210 hac
803 2167 986 2209 massa
1009 2161 1358 2224 peccatorum
1383 2166 1508 2222 qua:
1549 2151 1758 2206 ducunt
1785 2149 1852 2205 ad
1879 2157 2130 2204 mortem.

546 2245 660 2300 Lex
687 2261 794 2302 non
827 2253 1005 2316 potest
1031 2245 1264 2300 liberare
1289 2258 1377 2298 me
1398 2241 1644 2297 Judaeum
1668 2260 1683 2308 ;
1717 2255 1828 2296 non
1864 2241 2006 2296 ratio
2031 2256 2135 2296 na-

549 2337 744 2390 turalis
773 2351 860 2390 me
886 2335 1173 2407 gentilem;
1201 2349 1328 2390 cum
1357 2335 1475 2388 haec
1511 2333 1571 2388 ir.
1597 2341 1832 2402 utroque
1859 2332 2133 2400 deﬁciant,

549 2427 668 2482 scio
691 2427 1072 2481 liberationem
1107 2441 1286 2480 meam
1304 2465 1318 2488 ,
1347 2425 1580 2495 gratiam
1603 2422 1702 2477 Dei
1724 2423 1907 2478 datam
1931 2440 2023 2494 per
2043 2423 2138 2480 Je-

547 2533 669 2572 sum
696 2516 970 2572 Christum
992 2516 1281 2572 Dominum
1312 2525 1572 2570 nostrum.
1606 2514 1701 2570 Illa
1731 2515 1976 2587 profecto
1995 2517 2135 2574 libe-

547 2613 695 2670 rabit
719 2627 841 2679 me,
893 2621 947 2668 et
990 2613 1112 2668 ideo
1143 2628 1244 2668 vos
1281 2611 1455 2668 Judaei
1503 2613 1692 2684 gratiae
1739 2611 1974 2679 ellicaci,
2023 2627 2136 2666 non

546 2705 654 2776 legi
686 2705 1008 2776 impotenti,
1051 2721 1149 2760 vos
1178 2705 1376 2760 iterum
1403 2705 1634 2775 gentiles
1661 2704 1850 2776 gratiae
1885 2701 1978 2759 Dei
2023 2717 2136 2758 non

547 2784 752 2853 rationi
787 2796 1116 2863 debilitatae,
1145 2795 1504 2866 subjicimini.
1545 2793 2019 2850 Considerandum
2052 2803 2138 2850 est

547 2889 694 2962 quod
716 2889 916 2960 duplex
948 2889 1088 2945 velle
1135 2889 1343 2944 bonum
1379 2887 1452 2944 sit
1499 2887 1556 2943 in
1600 2887 1840 2943 homine.
1889 2885 2136 2942 Alterum

546 2981 848 3037 secundum
895 2980 1202 3036 naturalem
1249 2979 1520 3034 rationem
1545 3021 1562 3046 ,
1615 2993 1740 3049 qua:
1781 2979 2137 3049 corruptione

2243 1893 2262 1926 ‹
2307 1873 2517 1954 δειενὶι
2535 1889 2624 1928 me
2645 1889 2678 1930 a
2697 1875 2814 1946 lege
2835 1876 3043 1946 peccati
3070 1883 3126 1931 et
3150 1874 3362 1932 mortis.
3391 1873 3523 1930 Nam
3543 1877 3676 1946 quod
3699 1877 3784 1930 im-

2243 1983 2262 2015 ι
2307 1963 2566 2034 possibile
2585 1971 2706 2019 erat
2718 1964 2846 2036 legi,
2874 1965 2928 2020 in
2945 1981 3056 2036 quo
3073 1965 3453 2022 inﬁrmabatur
3463 1981 3556 2036 per
3573 1979 3782 2022 carncm'

2243 2079 2263 2112 ι
2307 2059 2453 2114 Deus
2471 2057 2674 2114 Filium
2697 2075 2862 2116 suum
2889 2062 3112 2118 mittens
3129 2062 3184 2116 in
3203 2061 3608 2117 similitudinem
3629 2059 3786 2116 carnis

2243 2172 2262 2206 σ
2304 2149 2544 2224 peccati,
2581 2161 2636 2209 et
2657 2153 2726 2209 de
2753 2163 2981 2224 peccato
3009 2155 3292 2210 damnavit
3312 2162 3592 2225 peccatum
3615 2153 3664 2208 in
3689 2165 3786 2207 car-

2243 2263 2263 2297 ι
2307 2261 2408 2312 ne,
2445 2253 2506 2300 ut
2529 2245 2852 2316 justiﬁcatio
2881 2247 3019 2320 legis
3045 2247 3368 2318 impleretur
3392 2246 3448 2300 in
3487 2245 3664 2310 nobis,
3707 2242 3788 2313 qui

2243 2356 2262 2390 ι
2307 2353 2416 2394 11οη
2441 2339 2744 2394 secundum
2766 2355 2990 2396 carnem
3011 2339 3381 2406 ambulamus,
3407 2339 3500 2396 sed
3521 2336 3786 2394 secundum

2243 2451 2262 2484 s
2309 2433 2583 2503 spiritum.
2609 2431 2714 2500 Qui
2739 2435 2886 2489 enim
2917 2433 3221 2490 secundum
3249 2423 3478 2488 carnem
3514 2437 3664 2496 sunt,
3686 2441 3789 2497 qua:

2244 2542 2263 2577 ι
2309 2525 2494 2580 carnis
2537 2533 2667 2580 sunt
2709 2526 2932 2596 sapiunt
2965 2544 2977 2581 :
3015 2525 3110 2598 qui
3151 2537 3288 2580 vero
3317 2523 3610 2581 secundum
3641 2519 3789 2590 'spiri-

2245 2634 2263 2668 ι
2307 2625 2420 2672 tum
2454 2627 2612 2684 sunt,
2641 2633 2764 2688 quae
2795 2628 2924 2674 sunt
2947 2619 3178 2689 spiritus
3217 2618 3480 2674 sentiunt.
3520 2613 3648 2668 Nam
3674 2627 3789 2682 pru-

2245 2725 2264 2760 α
2307 2709 2491 2764 dentia
2515 2710 2698 2766 carnis
2725 2725 2878 2766 mors
2901 2718 3016 2770 est:
3048 2709 3341 2782 prudentia
3363 2716 3542 2764 autem
3573 2704 3790 2776 spiritus,

2243 2818 2264 2852 ε
2305 2800 2416 2855 vita
2441 2809 2498 2856 et
2525 2817 2651 2871 pax.
2685 2800 2957 2868 Quoniam
2983 2802 3254 2873 sapientia
3277 2801 3461 2857 carnis
3487 2798 3696 2855 inimica
3715 2801 3787 2850 est

2245 2905 2264 2938 ι
2305 2886 2438 2944 Deo.
2469 2887 2598 2960 Legi
2627 2891 2773 2944 enim
2807 2889 2902 2945 Dei
2928 2905 3039 2946 non
3089 2899 3172 2948 est
3213 2891 3490 2962 subjecta,
3535 2903 3630 2944 nec
3667 2885 3792 2942 enim

2245 2996 2265 3030 ι
2305 2989 2501 3048 potest.
2531 2977 2636 3046 Qui
2665 2987 2848 3035 autem
2877 2981 2936 3034 in
2961 2995 3128 3036 carne
3153 2991 3314 3050 sunt,
3343 2981 3454 3037 Deo
3477 2981 3676 3052 placere
3698 2990 3792 3032 non

547 3071 756 3142 peccati
785 3071 1044 3141 depressa
1067 3053 1316 3137 ﬂonum
1337 3069 1484 3140 quod
1507 3068 1624 3124 vult
1643 3069 1862 3138 operari
1883 3083 1995 3123 non
2025 3067 2136 3124 suf—
2165 3103 2209 3162 C
2246 3086 2266 3120 ι
2311 3078 2563 3140 possunt.
2603 3069 2714 3126 Vos
2759 3081 2944 3127 autem
2973 3071 3030 3126 in
3057 3085 3224 3128 carne
3275 3087 3389 3128 non
3417 3072 3581 3138 estis,
3627 3067 3714 3124 sed
3748 3067 3794 3121 in

547 3163 680 3219 ﬁcit.
703 3162 952 3218 Alterum
973 3161 1111 3217 velle
1131 3161 1436 3218 secundum
1459 3159 1875 3232 inspirationem
1901 3161 2139 3230 Spiritus
2171 3156 2209 3162 “
2247 3178 2266 3214 ‹
2314 3160 2508 3231 spiritu
2526 3202 2541 3230 ,
2573 3163 2620 3218 si
2647 3171 2830 3218 tamen
2859 3164 3088 3234 spiritus
3117 3163 3213 3220 Dei
3245 3164 3458 3220 habitat
3479 3163 3532 3218 in
3558 3161 3718 3218 vobis.
3746 3156 3796 3212 Si

548 3253 726 3311 sancti
758 3269 856 3324 per
879 3267 1045 3324 quem
1085 3251 1262 3308 fomes
1301 3251 1512 3322 peccati
1553 3251 1914 3322 deprimitur,
1947 3259 2009 3306 ut
2040 3251 2140 3307 bo-
2247 3271 2268 3306 ‹
2313 3261 2498 3310 autem
2525 3253 2650 3324 quis
2673 3254 2930 3325 spiritum
2967 3254 3174 3310 Christi
3213 3269 3330 3310 non
3357 3255 3554 3322 habet,
3581 3252 3668 3308 hic
3703 3261 3798 3304 non

549 3360 686 3402 num
721 3344 938 3415 operari
959 3344 1257 3414 possimus.
1291 3341 1442 3398 Velle
1471 3349 1656 3398 autem
1685 3341 1952 3397 naturalis
1979 3341 2144 3396 ratio-
2246 3361 2266 3396 ι
2309 3351 2397 3400 est
2439 3344 2582 3415 ejus.
2629 3343 2688 3399 Si
2713 3351 2898 3400 autem
2925 3345 3182 3402 Christus
3211 3344 3269 3400 in
3291 3346 3450 3402 vobis
3483 3351 3594 3410 est,
3621 3351 3800 3409 corpus

549 3438 640 3493 nis
667 3437 774 3492 hoc
824 3443 973 3502 erat,
1015 3435 1084 3492 de
1124 3449 1236 3506 quo
1275 3433 1530 3504 superius
1549 3433 1804 3490 dicebat:
1840 3432 1964 3490 Non
2001 3433 2141 3506 quod
2246 3451 2268 3486 ο
2311 3435 2534 3505 quidem
2573 3443 2854 3491 mortuum
2883 3443 2968 3491 est
2993 3444 3218 3506 propter
3247 3445 3535 3507 peceatum
3555 3475 3570 3502 ,
3601 3431 3801 3502 spiritus

549 3528 668 3583 volo
697 3528 890 3582 bonum
911 3526 1008 3582 hoc
1037 3539 1158 3598 ago.
2247 3544 2268 3580 ι
2311 3541 2442 3582 vero
2459 3526 2594 3582 vivit
2621 3535 2842 3598 propter
2863 3526 3337 3598 justiﬁcationem.
3355 3526 3498 3594 Quia
3523 3526 3570 3582 si
3593 3522 3802 3595 Spiritus

623 3619 848 3675 Dixerat
895 3617 1152 3688 superius
1201 3615 1519 3672 interiorem
1555 3612 1833 3672 hominem
1871 3623 1927 3670 et
1969 3614 2142 3686 legem
2249 3637 2269 3672 ι
2315 3618 2437 3689 ejus
2461 3617 2558 3688 qui
2587 3617 2875 3682 suscitavit
2893 3617 3082 3674 Jesum
3107 3635 3140 3674 a
3168 3619 3408 3676 mortuis
3435 3616 3642 3674 habitat
3659 3613 3712 3669 in
3724 3623 3803 3668 vo-

550 3708 920 3767 condelectari
954 3709 1014 3763 in
1043 3707 1192 3763 bono
1213 3707 1332 3764 sola
1362 3707 1662 3774 voluntate,
1699 3719 1808 3760 non
1833 3713 1956 3760 actu
1972 3745 1988 3771 ,
2013 3705 2144 3775 quia
2250 3729 2270 3763 ι
2313 3711 2422 3778 bis,
2457 3708 2554 3781 qui
2577 3710 2864 3766 suscitavit
2887 3707 3078 3766 Jesum
3099 3709 3390 3766 Christum
3415 3725 3446 3764 a
3471 3706 3710 3772 mortuis,
3729 3701 3802 3757 vi-

551 3811 748 3859 contra
773 3802 892 3858 htec
919 3801 1032 3858 duo
1075 3799 1446 3856 invalescehat
1473 3796 1648 3853 fomes
1673 3797 1882 3867 peccati
1905 3837 1919 3864 ,
1969 3797 2144 3866 legem
2249 3819 2270 3855 ι
2311 3801 2582 3868 viﬁcabit,
2623 3810 2678 3858 et
2701 3802 2956 3858 mortalia
2981 3817 3214 3873 corpora
3241 3811 3458 3869 vestra,
3501 3809 3710 3872 prepter
3734 3795 3806 3849 in-

551 3905 610 3952 et
642 3895 912 3951 rationem
939 3907 1265 3966 expugnans
1298 3911 1311 3946 :
1341 3891 1435 3948 sed
1461 3898 1754 3962 postquam
1786 3887 1930 3946 Deus
1959 3897 2146 3943 osten-

555 3986 638 4042 dit
665 3977 962 4054 utrumque
985 3984 1194 4038 bonum
1217 3981 1354 4053 legis
1385 3989 1441 4038 et
1461 3979 1694 4036 rationis
1721 3980 1778 4034 in
1805 3979 2030 4035 homine
2056 3979 2148 4034 de-

554 4077 750 4144 ﬁcere,
795 4075 944 4131 dedit
970 4073 1040 4128 ad
1067 4073 1324 4128 ultimum
1357 4072 1590 4144 gratiam
1619 4085 1777 4127 suam
1798 4111 1814 4139 ,
1857 4085 1982 4142 quae
2008 4069 2148 4126 libe-

554 4185 680 4225 rum
729 4159 1020 4224 arbitrium
1061 4165 1437 4232 confortavit;
1479 4171 1540 4218 ut
1556 4163 1672 4234 jam
1719 4162 1767 4218 si
1809 4161 1940 4218 velit
1977 4162 2146 4217 homo

555 4261 763 4316 bonum
778 4259 956 4330 possit
975 4259 1214 4329 operari,
1239 4266 1296 4313 et
1315 4257 1454 4312 bene
1475 4269 1729 4312 coercere
1751 4252 1998 4310 fomitem
2018 4267 2148 4324 pec-

557 4353 686 4409 cati.
721 4349 860 4418 Quia
889 4359 1074 4406 autcm
1101 4351 1380 4406 hominem
1401 4348 1741 4418 redemptum
1766 4361 1864 4418 per
1891 4346 2144 4418 gratiam,

2250 3911 2269 3944 σ
2312 3893 2650 3948 habitantem
2694 3891 2961 3964 Spiritum
2989 3893 3111 3965 ejus
3149 3893 3208 3948 in
3235 3894 3416 3950 vobis.
3449 3893 3590 3964 Ergo
3633 3889 3806 3944 fratres

2249 4001 2270 4038 ι
2314 3985 2589 4041 debitores
2617 3999 2843 4052 sumus,
2873 3999 2984 4041 non
3007 3986 3163 4042 carni
3183 3994 3248 4042 ut
3281 3985 3582 4042 secundum
3611 3991 3806 4038 carnem

2251 4095 2272 4130 ι
2315 4077 2589 4134 vivamus.
2635 4077 2694 4134 Si
2741 4079 2889 4134 enim
2931 4077 3238 4136 secundum
3285 4093 3512 4135 carnem
3551 4073 3806 4134 vixeritis,

2252 4187 2274 4224 ι
2293 4203 2300 4210 -
2317 4169 2653 4226 moriemini.
2681 4168 2742 4225 Si
2771 4178 2953 4227 autem
2975 4171 3170 4242 spiritu
3197 4169 3345 4227 facta
3385 4169 3570 4226 carnis
3601 4161 3810 4222 mortiﬁ-

2252 4277 2274 4315 ι
2317 4259 2606 4330 caveritis,
2653 4261 2871 4318 vivetis.
2919 4259 3246 4333 Quicunque
3285 4263 3440 4319 enim
3485 4259 3686 4332 Spiritu
3729 4250 3810 4307 Dei

2255 4371 2275 4406 ι
2319 4361 2589 4424 aguntur,
2635 4352 2693 4408 hi
2723 4353 2822 4408 ﬁlii
2871 4361 3002 4410 sunt
3047 4353 3164 4410 Dei.
3201 4351 3326 4409 Non
3367 4353 3516 4410 enim
3551 4344 3812 4418 accepistis

556 4443 704 4500 Deus
748 4457 860 4498 non
907 4443 1127 4514 penitus
1176 4457 1210 4497 a
1255 4440 1446 4497 fomite
1488 4439 1702 4511 peccati
1748 4433 1968 4506 divisit,
2015 4453 2150 4495 cau—
2179 4462 2228 4518 Ῑ)
2257 4461 2278 4498 ς
2319 4443 2576 4516 spiritum
2603 4445 2882 4501 servitutis
2907 4445 3104 4501 iterum
3145 4445 3200 4500 in
3225 4445 3457 4512 timore,
3487 4443 3582 4501 sed
3623 4436 3813 4506 accepi-

557 4551 620 4593 sa
645 4537 762 4592 haec
785 4533 916 4603 fuit,
943 4535 1074 4606 quia
1099 4533 1321 4604 reliquit
1351 4532 1610 4588 meritum
1639 4529 1871 4586 homini.
1899 4529 1958 4586 Si
1991 4529 2140 4586 enim

557 4629 728 4684 homo
759 4627 878 4684 sola
905 4625 1232 4682 necessitate
1257 4624 1387 4696 quia
1417 4639 1529 4680 non
1561 4630 1781 4695 posset,
1809 4637 1922 4678 non
1943 4637 2142 4693 pecca-

557 4729 671 4788 ret,
699 4735 810 4776 non
830 4727 978 4776 esset
997 4717 1256 4775 meritum
1296 4731 1409 4788 quo
1434 4713 1639 4772 salvari
1681 4715 1921 4770 deberet.
1949 4712 2022 4768 Ut
2043 4729 2146 4770 au-

559 4821 668 4868 tam
699 4813 853 4869 locus
875 4821 1024 4869 esset
1049 4809 1296 4868 merendi
1313 4850 1330 4878 ,
1353 4807 1600 4864 fomitem
1631 4806 1840 4878 peccati
1869 4814 2174 4862 remotam”

559 4919 671 4966 tem
699 4909 938 4976 dimisit,
982 4909 1325 4965 debilitatum
1365 4914 1549 4962 tamen
1575 4912 1632 4961 et
1660 4903 1679 4976 (
1701 4904 1747 4960 si
1775 4903 1910 4959 velit
1935 4901 2102 4959 homo
2125 4899 2146 4973 )

561 5001 843 5058 subditum
863 5000 1087 5056 rationi.
1113 4999 1253 5067 Quia
1289 4999 1488 5056 iterum
1521 4996 1798 5053 hominem
1840 5010 1874 5050 a
1917 5001 2146 5065 peccato

561 5093 934 5164 redemptum,
977 5107 1088 5148 non
1147 5093 1204 5148 in
1259 5100 1413 5148 tanta
1457 5091 1722 5164 dignitate
1765 5087 2033 5155 restituit,
2087 5086 2146 5142 in

561 5197 770 5258 quanta
797 5182 976 5239 fuerat
996 5182 1170 5238 Adam
1194 5197 1321 5238 cum
1349 5183 1578 5250 cecidit,
1611 5181 1814 5237 factum
1835 5189 1920 5237 est
1945 5194 2016 5236 ne
2043 5178 2146 5236 ite-

562 5291 688 5335 rum
719 5277 886 5332 homo
912 5275 980 5332 de
1007 5273 1187 5330 subita
1207 5282 1262 5329 et
1285 5281 1438 5329 tanta
1467 5273 1726 5330 felicitate
1753 5273 2141 5344 superbiende,

563 5371 994 5443 irreparabiliter
1014 5367 1250 5425 caderet.
1269 5367 1450 5434 Quare
1472 5367 1538 5423 ad
1562 5369 1881 5423 memoriam
1911 5369 2143 5439 peccati,

562 5475 618 5522 et
651 5465 720 5522 ad
761 5461 1070 5521 custodiam
1119 5458 1444 5514 humilitatis
1485 5467 1792 5528 opportune
1833 5459 2020 5515 relicta
2063 5467 2148 5517 est

563 5571 724 5627 paena
747 5554 986 5627 peccati;
1013 5559 1073 5608 ut
1093 5552 1257 5607 etiam
1279 5565 1376 5621 per
1385 5550 1491 5605 hoc
1512 5550 1831 5604 ostendatur
1849 5551 1934 5606 vis
1970 5552 2147 5607 sancti

565 5647 838 5719 Spiritus,
883 5648 1156 5720 adjutorio
1204 5645 1365 5717 cujus
1399 5643 1684 5700 rationalis
1736 5644 1902 5699 homo
1943 5644 2147 5715 subigit

565 5740 674 5798 sibi
701 5742 973 5826 carnalem
1000 5760 1013 5800 :
1039 5741 1128 5798 cui
1154 5739 1434 5813 subjectus
1461 5737 1582 5805 fuit,
1611 5737 1852 5810 quandiu
1881 5751 1999 5792 sine
2019 5753 2144 5807 gra-

2253 4555 2272 4592 ι
2319 4537 2420 4594 stis
2441 4537 2696 4607 spiritum
2719 4536 3032 4608 adoptionis
3069 4537 3310 4593 ﬁliorum
3343 4535 3471 4604 Dei,
3511 4536 3566 4590 in
3591 4547 3693 4603 quo
3715 4528 3812 4583 cla-

2253 4648 2272 4683 σ
2317 4643 2534 4686 mamus
2557 4629 2747 4684 :Abba
2771 4629 2990 4700 (pater).
3011 4628 3136 4700 Ipse
3155 4629 3303 4685 enim
3333 4628 3572 4700 Spiritus
3591 4622 3816 4682 testimo-

2209 4777 2217 4796 ,
2254 4745 2274 4780 ι
2299 4727 2472 4780 'nium
2501 4724 2680 4782 reddit
2707 4725 2924 4796 spiritui
2951 4731 3171 4790 nostro,
3197 4723 3348 4794 quod
3377 4737 3572 4779 sumus
3593 4717 3683 4774 ﬁlii
3711 4711 3811 4768 Dei.

2255 4837 2273 4871 ι
2321 4816 2381 4872 Si
2417 4824 2600 4872 autem
2621 4815 2750 4884 ﬁlii,
2785 4824 2841 4872 et
2861 4816 3142 4872 heredes:
3179 4815 3426 4871 haeredes
3455 4813 3672 4885 quidem
3697 4804 3812 4870 Dei.

2255 4927 2276 4963 ι
2320 4908 2631 4966 οοιιωιιθίιεε
2655 4917 2838 4964 autem
2875 4907 3078 4964 Christi
3107 4926 3120 4962 :
3147 4909 3194 4964 si
3223 4916 3410 4964 tamen
3437 4903 3814 4976 compatimur.

2259 5019 2280 5054 ι
2325 5009 2385 5056 ιιι
2413 5010 2468 5057 et
2495 4999 2887 5072 gloriﬁcemur.
2919 4999 3188 5056 Existimo
3221 5000 3370 5054 enim
3401 4999 3548 5070 quod
3573 5009 3677 5051 non
3705 4995 3818 5047 sunt

2246 5112 2282 5154 ι
2323 5093 2606 5166 condignas
2651 5093 2936 5166 passiones
2976 5093 3141 5165 hujus
3171 5093 3440 5164 temporis
3481 5092 3550 5148 ad
3597 5089 3815 5144 futuram

2257 5204 2276 5239 ι
2323 5185 2582 5257 gloriam,
2607 5201 2731 5258 quae
2751 5185 3082 5242 revelabitur
3111 5185 3168 5240 in
3219 5185 3406 5241 nobis.
3437 5183 3576 5239 Nam
3619 5189 3818 5248 exspec-

2257 5293 2284 5332 ο·
2317 5277 2454 5334 tatio
2477 5287 2741 5334 creatura:
2755 5278 3141 5336 revelationem
3152 5277 3394 5333 ﬁliorum
3417 5276 3516 5333 Dei
3535 5273 3812 5343 exspectat.

2259 5389 2279 5424 α
2325 5369 2564 5426 Vanitati
2601 5370 2748 5426 enim
2787 5370 2968 5426 omnis
2999 5378 3251 5426 creatura
3283 5367 3532 5440 subjecta
3563 5373 3672 5430 est,
3719 5369 3816 5416 non

2254 5465 2290 5514 ε’
2319 5461 2510 5517 volens
2527 5501 2542 5528 ,
2573 5463 2669 5518 sed
2691 5473 2915 5532 propter
2937 5477 3062 5518 eum
3087 5462 3182 5532 qui
3211 5461 3454 5531 subjecit
3483 5473 3604 5515 eam
3637 5457 3690 5510 in
3711 5463 3814 5522 spe:

2253 5572 2273 5605 ι
2317 5553 2447 5624 quia
2481 5561 2537 5608 et
2570 5553 2690 5624 ipsa
2711 5562 2964 5610 creatura
3005 5553 3332 5610 liberabitur
3360 5569 3392 5609 a
3423 5551 3682 5610 servitute
3705 5557 3818 5601 cor-

2253 5663 2270 5696 ι
2317 5645 2587 5715 ruptionis
2607 5645 2663 5699 in
2689 5645 2992 5702 libertatem
3007 5647 3193 5718 gloria:
3217 5645 3460 5702 ﬁliorum
3475 5643 3591 5699 Dei.
3619 5638 3816 5696 Scimus

2253 5754 2276 5832 to
2317 5735 2466 5791 enim
2495 5737 2644 5809 quod
2669 5737 2851 5794 omnis
2877 5747 3128 5795 creatura
3165 5738 3480 5808 ingemiscit
3514 5745 3568 5792 et
3600 5725 3814 5806 parturit
