3978 6392
187 325 248 383 ss
552 304 558 308 ’
820 320 1184 389 Exposmo
1217 330 1284 386 IN
1322 323 1703 388 musicus
1741 329 1970 422 mnu.
2008 362 2078 374 —
2115 320 2183 390 IN
2222 328 2440 391 EPIST.
2481 335 2571 390 Αο
2612 326 2775 393 nou.
2847 299 2855 304 ’

3350 333 3460 420 70f

189 465 205 497 α
248 457 412 514 usque
443 435 639 499 adhuc.
675 441 794 500 Non
822 447 999 500 solum
1027 456 1210 503 autem
1237 446 1360 515 illa,
1390 446 1486 503 sed
1511 455 1566 504 et
1605 462 1734 503 nos—
1760 455 1809 512 Α
1835 445 1986 512 Iesu,
2033 446 2085 503 id
2125 456 2207 503 est
2250 463 2348 518 per
2391 447 2671 504 Christum
2712 449 2898 504 Jesum
2924 489 2940 517 ,
2974 449 3217 508 liberavit
3261 469 3343 508 me
3383 471 3417 509 ιι

186 556 204 590 ι
243 535 337 607 ipsi
365 534 632 606 primitias
661 537 888 606 spiritus
913 538 1208 606 habentes;
1235 547 1290 593 et
1317 539 1421 610 ipsi
1453 539 1593 593 intra
1631 554 1736 595 nos

185 646 204 681 ι
239 626 496 698 gemimus
517 668 532 694 ,
566 624 912 698 ad0ptionem
945 629 1178 685 ﬁliorum
1208 628 1303 685 Dei
1323 639 1734 700 exspectantes.
1769 645 1772 650 '

185 736 199 767 ι
237 715 654 785 redemptionem
713 715 960 787 corporis
1009 719 1204 773 nostri.
1258 717 1366 788 Spe
1406 720 1554 774 enim
1597 720 1765 782 salvi,

183 827 199 857 ι
240 806 360 863 facti
391 822 603 862 sumus.
649 806 786 878 Spes
830 819 1010 864 autem
1057 825 1180 880 qua:
1202 809 1454 877 videtur,
1505 826 1615 865 non
1650 820 1736 867 est

181 913 199 947 ι
239 910 376 965 spes.
405 890 542 950 Nam
568 895 716 965 quod
741 897 887 952 videt
913 898 1038 967 quis
1059 897 1248 967 ,'quid
1290 897 1510 968 sperat]!
1541 897 1597 951 Si
1638 912 1742 953 au-

180 1007 196 1040 ι
237 981 340 1047 tim
363 987 511 1058 quod
555 1003 667 1042 non
709 988 988 1056 videmus,
1039 1004 1368 1059 speramus:
1397 989 1735 1061 pam-

180 1095 196 1128 r
235 1079 822 1148 tiam'exspectamus.
876 1078 1139 1135 Similiter
1179 1088 1362 1136 autem
1410 1091 1464 1137 et
1507 1082 1736 1152 spiritus

178 1188 194 1221 ι
233 1169 446 1239 adjuvat
473 1169 848 1226 inﬁrmitatem
879 1179 1143 1228 nostram.
1173 1167 1310 1227 Nam
1338 1173 1470 1244 quid
1513 1188 1735 1230 oremus

179 1275 194 1313 α
235 1260 372 1316 sicut
402 1269 641 1332 oportet,
673 1263 954 1318 nescimus
980 1280 995 1331 ;
1029 1263 1124 1318 sed
1149 1263 1264 1334 ipse
1292 1263 1529 1334 Spiritus
1551 1273 1759 1336 postur

177 1353 193 1402 ά
233 1351 302 1404 lat
322 1366 422 1421 pro
459 1352 618 1408 nobis
661 1352 954 1422 gemitibus
995 1352 1475 1410 inenarrabilibus.
1501 1352 1606 1420 Qui
1635 1370 1736 1409 au-

177 1443 194 1494 i
231 1451 331 1496 tem
358 1451 644 1497 scrutatur
666 1443 856 1510 corda,
881 1444 984 1498 scit
1003 1443 1135 1514 quid
1166 1444 1441 1501 desideret
1472 1443 1731 1516 Spiritus,

175 1552 190 1585 ι
231 1534 353 1604 quia
393 1535 699 1590 secundum
742 1533 912 1590 Deum
942 1535 1180 1604 postulat
1223 1550 1323 1606 pro
1355 1538 1578 1592 sanctis.
1614 1535 1736 1593 Sci-

174 1635 190 1675 t
231 1640 346 1679 mus
388 1633 576 1679 autem
625 1625 887 1695 quoniam
939 1625 1292 1697 diligentibus
1335 1625 1507 1682 Deum
1547 1629 1732 1685 omnia

1837 539 1947 609 lege
1991 540 2225 608 peccati,
2280 539 2333 593 id
2385 547 2472 595 est
2532 555 2562 594 a
2608 539 2798 595 fomite
2846 540 3075 610 peccati,
3123 550 3174 596 et
3220 558 3254 598 a
3299 545 3418 616 lege

1836 627 2045 681 mortis.
2091 627 2147 681 id
2192 635 2276 683 est
2319 628 2388 682 ab
2439 637 2563 683 actu
2607 629 2814 685 iomitis
2857 631 3114 700 peccati,
3152 635 3434 704 nec“

1836 717 2011 774 fomes
2039 720 2181 774 male
2219 722 2430 788 suadet,
2460 731 2752 792 operata
2771 722 3208 782 um
3228 741 3353 783 sum
3383 745 3414 784 a

1835 810 2230 880 lege-peccati;
2251 805 2386 867 ά
2414 827 2520 883 per
2541 812 2741 870 Filium
2769 815 2884 872 Dei.
2918 816 3061 872 Deus
3086 819 3240 874 enim.
3268 821 3416 874 misit

1837 897 2050 955 “in
2076 917 2231 956 suum
2251 917 2270 956 :
2305 919 2418 959 non
2446 905 2592 975 quod
2621 905 2794 963 Filius
2823 909 3040 966 abesset
3067 911 3288 978 alicubi,
3319 913 3415 968 sed

1835 991 1966 1062 quia
1987 991 2104 1062 ipse
2131 1001 2324 1049 natura
2355 995 2645 1053 invisibilis
2673 1014 2770 1069 per
2800 1001 3012 1056 unitam
3053 1002 3158 1057 sibi
3189 1017 3412 1059 carnem

1835 1079 2012 1137 factus
2036 1089 2122 1137 est
2149 1083 2404 1151 visibilis,
2439 1086 2645 1143 missus
2671 1087 2871 1144 dicitur
2895 1092 3199 1148 secundum
3224 1095 3414 1164 cogni-

1835 1173 2040 1228 tionem
2081 1183 2350 1231 nostram.
2382 1176 2531 1233 Misit
2568 1180 2757 1258 utique
2793 1180 2940 1238 Deus
2985 1183 3184 1239 Filium
3225 1200 3410 1252 suum,

1835 1282 1944 1322 non
1980 1268 2036 1323 in
2065 1285 2286 1324 carnem
2334 1271 2563 1340 peccati,
2592 1273 2686 1328 sed
2715 1274 2772 1327 in
2801 1275 3208 1331 similitudinem
3232 1279 3413 1332 carnis

1833 1356 2058 1426 peccati,
2093 1357 2148 1412 id
2177 1365 2262 1413 est
2301 1357 2358 1412 in
2394 1373 2616 1414 carnem
2648 1360 2880 1416 similem
2911 1363 3064 1418 carni
3094 1366 3408 1433 peccatrici.

1833 1445 2088 1502 Christus
2122 1448 2270 1502 enim
2292 1463 2511 1530 pmnem
2541 1451 2727 1506 carnis
2756 1453 3036 1508 materiam
3064 1463 3260 1524 praeter
3283 1472 3411 1526 pec—

1834 1544 2018 1592 catum
2060 1539 2351 1607 sustinuit;
2395 1549 2450 1595 et
2488 1555 2586 1612 per
2631 1543 2862 1598 missum
2904 1544 3101 1601 Filium
3137 1548 3411 1602 damnavit

1832 1635 2131 1696 peccatum,
2186 1627 2243 1682 id
2297 1637 2382 1684 est
2425 1627 2672 1686 fomitem
2717 1633 2955 1702 peccati,
3003 1635 3150 1704 quod
3192 1645 3312 1690 erat
3353 1639 3410 1690 in

173 1731 189 1767 ι
227 1725 592 1787 csoperantur
622 1717 678 1770 in
702 1716 938 1783 bonum,
969 1716 1057 1772 his
1081 1718 1176 1788 qui
1205 1719 1506 1774 secundum
1533 1734 1733 1790 propo-
1762 1786 1806 1796 _
1835 1734 1994 1772 carne
2028 1725 2245 1774 nostra.
2300 1718 2379 1774 De
2422 1731 2666 1790 peccato,
2711 1723 2766 1778 id
2815 1731 2899 1779 est
2949 1739 3047 1794 per
3079 1725 3276 1780 Filium
3314 1727 3412 1796 qui

173 1806 188 1858 ά
225 1786 380 1862 situm
409 1808 596 1863 vocati
631 1814 760 1863 sunt
787 1809 982 1864 sancti.
1009 1786 1146 1862 Nam
1187 1825 1328 1879 quos
1366 1786 1652 1881 praescivit—
1678 1819 1734 1868 et
1762 1786 1809 1846 Β
1835 1808 1938 1864 fuit
1978 1809 2158 1866 hostia
2194 1825 2295 1882 pro
2329 1786 2568 1884 peccatis
2614 1786 2862 1870 omnium
2909 1786 3112 1871 oblata.
3157 1786 3414 1873 Unde-et

171 1916 188 1950 ι
227 1899 630 1969 praedestinavit
672 1899 984 1956 conformes
1028 1900 1148 1957 ﬁeri
1183 1903 1441 1974 imaginis
1471 1903 1595 1960 Filii
1619 1906 1748 1974 sui,

172 2009 187 2042 ι
226 2000 280 2044 ιιι
308 1991 379 2046 sit
402 1991 528 2062 ipse
547 1991 946 2063 primogenitus
969 1992 1024 2047 in
1047 1994 1239 2050 multis
1270 1994 1552 2052 fratribus.
1581 1996 1731 2064 Quos

170 2095 186 2133 ι
225 2089 398 2138 autem
426 2083 870 2153 praedestinavit,
901 2084 1003 2140 hos
1025 2093 1080 2140 et
1099 2086 1317 2141 vocavit
1347 2105 1362 2155 ;
1395 2095 1451 2142 et
1471 2103 1616 2158 quos
1636 2105 1734 2144 vo-

170 2189 187 2224 ι
224 2173 388 2240 cavit,
422 2173 531 2230 hos
552 2182 608 2229 et
629 2174 951 2244 justiﬁcavit
977 2193 990 2230 :
1018 2190 1165 2247 quos
1188 2185 1371 2233 autem
1389 2178 1730 2250 justiﬁcavit,

171 2283 186 2314 ι
223 2263 337 2320 illos
363 2272 421 2319 et
453 2266 849 2336 magniﬁcavit.
887 2266 1031 2334 Quid
1053 2283 1185 2339 ergo
1206 2269 1454 2325 dicemus
1481 2272 1548 2326 ad
1574 2272 1734 2327 haec?

170 2371 187 2406 ι
225 2354 276 2409 Si
298 2354 447 2412 Deus
489 2371 591 2426 pro
620 2357 806 2425 nobis,
838 2359 964 2429 quis
1001 2369 1192 2416 contra
1233 2377 1336 2417 nos
1363 2363 1386 2416 ?
1414 2362 1519 2429 Qui
1566 2363 1730 2418 etiam

171 2463 186 2496 ι
222 2447 438 2516 proprio
465 2445 606 2502 Filio
629 2463 731 2503 suo
755 2463 864 2502 non
890 2451 1160 2519 pepercit,
1195 2452 1290 2506 sed
1308 2466 1407 2521 pro
1433 2452 1591 2508 nobis
1609 2468 1731 2508 om-

170 2555 186 2590 s
225 2539 374 2595 nibus
421 2540 655 2596 tradidit
701 2541 876 2596 illum.
909 2541 1197 2608 Quomodo
1240 2560 1350 2599 non
1397 2546 1564 2600 etiam
1604 2562 1731 2602 clm

171 2649 186 2682 ι
225 2631 308 2688 illo
335 2633 536 2687 omnia
563 2633 724 2688 nobis
746 2634 1014 2689 donavit?
1046 2634 1182 2702 Quis
1216 2637 1497 2692 aecusabit
1537 2638 1732 2693 adver-

169 2740 186 2772 ι
221 2739 306 2779 sus
332 2727 545 2780 electos
575 2723 672 2780 Dei
701 2726 724 2780 ἲ
751 2724 898 2781 Deus
919 2727 1012 2796 qui
1038 2726 1326 2796 justitlcat.
1363 2727 1498 2794 Quis
1525 2737 1610 2785 est
1635 2731 1730 2800 qui

169 2831 185 2864 ι
223 2816 575 2871 condemnet?
589 2814 842 2872 Christus
856 2815 1016 2873 Jesus
1028 2817 1121 2887 qui
1135 2826 1385 2874 mortuus
1396 2827 1498 2884 est,
1513 2820 1624 2874 imo
1635 2819 1730 2889 qui

169 2921 186 2956 ι
219 2905 316 2978 45
333 2915 388 2961 et
397 2908 731 2974 resurrexit,
752 2907 848 2977 qui
860 2915 945 2962 est
958 2907 1024 2962 ad
1039 2907 1316 2963 dexteram
1329 2907 1446 2976 Dei,
1459 2910 1730 2979 quietiam

169 3014 185 3046 ι
222 2998 532 3068 interpellat
573 3014 674 3069 pro
705 2999 883 3054 nobis.
911 2997 1045 3064 Quis
1074 3013 1205 3069 ergo
1251 3015 1351 3055 nos
1390 3001 1664 3070 separabit
1697 3016 1729 3056 a

168 3105 184 3140 ι
222 3089 487 3145 charitate
515 3088 763 3146 Christi?
810 3089 1156 3145 Tribulatio?
1197 3089 1280 3144 An
1305 3091 1556 3161 angustia
1578 3091 1619 3184 ?A
1644 3090 1727 3146 An
1755 3121 1800 3184 ο

167 3197 185 3230 ι
222 3179 576 3250 persecutio?
603 3179 688 3234 An
718 3179 935 3236 fames?
967 3180 1050 3235 An
1093 3181 1356 3237 nuditas'i
1384 3181 1468 3236 An
1510 3182 1729 3252 pericu-

166 3289 183 3322 ι
217 3270 365 3326 lum?
413 3271 505 3325 An
537 3271 794 3342 gladius?
841 3270 998 3327 Sicut
1037 3273 1300 3342 scriptum
1351 3281 1435 3328 est
1467 3289 1481 3328 :
1516 3291 1535 3324 ι
1589 3273 1729 3339 Quia

166 3381 182 3414 ι
218 3373 434 3435 propter
467 3373 521 3419 te
545 3365 943 3420 mortiﬁcamur
967 3372 1079 3420 tota
1109 3365 1226 3432 die,
1250 3364 1502 3420 aestimati
1535 3380 1730 3420 sumus

164 3471 180 3504 ι
216 3455 349 3510 sicut
392 3469 534 3511 oves
577 3455 873 3511 occisionis
919 3454 1074 3523 (Psal
1105 3471 1268 3522 XLIII,
1321 3455 1436 3527 25).
1471 3474 1490 3509 ι
1533 3454 1639 3511 Sed
1671 3456 1729 3512 ia

165 3563 181 3598 ι
218 3547 299 3604 his
324 3547 595 3604 omnibus
628 3561 954 3619 superamus
995 3558 1218 3620 propter
1247 3564 1372 3605 eum
1403 3549 1502 3620 ,qui
1541 3549 1730 3608 dilexit

164 3655 180 3690 ι
217 3655 328 3695 nos.
360 3639 572 3695 Certus
601 3653 724 3695 sum
764 3639 913 3694 enim
950 3641 1078 3710 quia
1120 3656 1298 3712 neque
1340 3656 1518 3709 mors,
1549 3656 1728 3712 neque

159 3746 179 3780 s
215 3731 344 3798 vita,
373 3745 565 3802 neque
586 3730 792 3802 angeli,
824 3745 1002 3802 neque
1021 3731 1390 3801 principatus,
1418 3747 1596 3802 neque
1615 3734 1728 3786 vir-

162 3840 178 3874 ι
216 3830 376 3891 tutes,
402 3838 593 3894 neque
618 3823 913 3890 instantia,
957 3838 1137 3893 neque
1162 3822 1376 3891 futura,
1413 3839 1590 3894 neque
1611 3823 1726 3879 for-

162 3931 180 3965 ι
214 3915 376 3971 titudo
395 3958 412 3983 ,
456 3929 638 3985 neque
663 3915 921 3982 altitudo,
952 3930 1128 3986 neque
1153 3913 1485 3987 profundum
1506 3957 1521 3984 ,
1547 3931 1725 3987 neque

159 4021 180 4057 ι
213 4016 469 4062 creatura
497 4006 604 4060 alia
633 4004 864 4079 [aliqua]
893 4006 1093 4076 poterit
1125 4021 1228 4063 nos
1255 4021 1510 4077 separare
1539 4022 1570 4061 a
1596 4008 1727 4062 cha-

160 4113 178 4148 ι
211 4098 362 4154 ritate
383 4097 513 4166 Dei,
533 4113 657 4168 quas
675 4106 762 4154 est
785 4098 839 4153 in
861 4097 1085 4155 Christo
1103 4097 1232 4155 Jesu
1259 4098 1492 4155 Domino
1511 4112 1722 4155 nostro.

781 4205 1087 4247 ΕΧΡΟΒΙΤΙΟ.

215 4285 671 4358 Quandoquidem
709 4297 892 4342 mente
927 4285 1132 4342 servire
1174 4299 1400 4356 possum
1447 4283 1566 4355 lege
1603 4281 1723 4352 Dei,

156 4374 285 4450 Ergo
307 4396 454 4434 nunc
493 4379 550 4434 in
583 4385 825 4449 tempore
858 4377 1046 4449 gratia:
1079 4376 1215 4430 nihil
1243 4375 1604 4430 damnationis
1637 4389 1727 4429 re-

1831 1901 2084 1960 Christus
2137 1903 2320 1960 dictus
2374 1914 2458 1961 est
2510 1916 2818 1976 peccatum.
2874 1907 3064 1964 Hostia
3116 1910 3264 1964 enim
3311 1925 3411 1980 pro

1831 2001 2056 2062 peccato
2079 1993 2284 2060 oblata,
2300 2003 2582 2063 peccatum
2608 1996 2910 2064 dicebatur,
2937 1999 3021 2053 vel
3044 2013 3143 2068 pro
3165 2009 3409 2067 peccato.

1833 2077 1928 2134 Vel
1963 2081 2074 2136 ita:
2124 2081 2412 2137 Damnavit
2447 2094 2763 2154 peccatum,
2807 2085 2862 2140 id
2901 2095 2987 2142 est
3036 2085 3296 2142 Satanam
3343 2090 3413 2145 de

1838 2179 2064 2241 peccato
2089 2191 2103 2227 :
2137 2174 2284 2244 quod
2322 2174 2574 2230 diabolus
2602 2174 2730 2232 fecit
2759 2177 2814 2231 in
2837 2192 3004 2232 carne
3030 2177 3256 2234 Christi.
3284 2179 3413 2234 Dia-
3497 2178 3524 2266 ς

1834 2261 1996 2318 bolus
2021 2263 2169 2318 enim
2186 2264 2280 2335 jus
2302 2265 2540 2320 habebat
2564 2266 2620 2320 in
2641 2281 2859 2322 omnem
2886 2269 3166 2324 hominem
3191 2279 3413 2340 propter

1832 2354 2096 2426 originale
2124 2364 2406 2426 peccatum
2433 2375 2446 2411 :
2477 2357 2546 2412 de
2567 2371 2678 2427 quo
2700 2358 2831 2428 quia
2859 2356 3113 2415 Christus
3139 2375 3270 2416 reus
3298 2377 3410 2417 non

1832 2441 1950 2502 fuit'
1972 2448 2104 2518 (non
2129 2445 2281 2503 'enim
2311 2448 2367 2502 in
2399 2450 2842 2520 concupiscentia
2875 2456 3059 2507 carnis
3087 2462 3250 2508 natus
3283 2453 3410 2523 est),

1833 2537 1888 2591 in
1917 2553 2045 2592 eum
2073 2537 2326 2593 diabolus
2355 2538 2658 2594 indebitum
2687 2539 2782 2610 jus
2813 2543 3137 2611 usurpavit;
3169 2542 3290 2598 ideo
3317 2543 3414 2614 jus

1831 2636 1980 2700 quod
2010 2643 2336 2685 concessum
2361 2629 2468 2700 ipsi
2496 2639 2615 2685 erat
2649 2631 2704 2685 in
2737 2646 2950 2699 omnes,
2975 2634 3232 2702 perdidit,
3251 2643 3305 2689 et
3330 2635 3414 2691 sic

1832 2720 1961 2791 quia
1999 2721 2318 2776 inconcessa
2350 2722 2616 2791 captavit,
2648 2722 2797 2793 juste
2848 2739 3111 2780 concessa
3154 2725 3409 2794 perdidit.

1832 2811 2121 2867 Damnavit
2153 2813 2341 2883 utique
2385 2822 2670 2884 peccatum
2715 2833 2728 2869 :
2762 2815 2830 2870 ad
2859 2802 2986 2871 hac.
3017 2825 3075 2870 ut
3101 2817 3411 2885 impleretur

1831 2904 1888 2957 in
1917 2905 2064 2958 nobis
2083 2904 2404 2974 justiﬁcatio
2434 2905 2586 2976 legis,
2611 2907 2780 2963 id'est
2804 2923 2970 2978 quam
2995 2908 3081 2963 lex
3105 2925 3408 2980 praesigna-

1830 2995 1944 3061 bat,
1991 3005 2046 3050 et
2079 2995 2304 3066 implere
2332 3012 2442 3051 non
2473 3006 2686 3086 poterat
2719 2999 2776 3053 in
2823 3000 2981 3086 nabis
3022 3003 3090 3055 de
3132 3001 3409 3055 termino:

1830 3088 1920 3156 qui
1968 3104 2071 3142 non
2113 3062 2447 3142 ambulamus
2473 3062 2774 3143 secundum
2819 3062 3052 3157 caVnem,
3093 3091 3147 3146 id
3192 3099 3276 3146 est
3319 3107 3410 3148 se-

1830 3176 2048 3246 quendo
2082 3177 2355 3232 desideria
2379 3178 2606 3246 Icarnis;
2640 3179 2732 3233 sed
2755 3179 3102 3235 ambulamus
3123 3181 3412 3235 secundum

1829 3268 2110 3338 spiritum,
2162 3269 2215 3323 id
2262 3277 2348 3324 est
2394 3269 2695 3325 secundum
2749 3271 2897 3342 quod
2949 3271 3120 3327 dictat
3171 3270 3412 3342 Spiritus

1829 3369 2052 3414 sanctus
2081 3359 2165 3414 vel
2205 3360 2367 3414 ratio.
2409 3359 2718 3430 Damnavit,
2746 3362 2891 3430 dico,
2925 3371 3231 3433 peccatum,
3264 3365 3408 3435 quod

1829 3451 2036 3506 scilicet
2082 3451 2345 3508 damnare
2395 3464 2677 3524 peccatum
2727 3454 3066 3525 impossibile
3111 3464 3230 3511 erat
3283 3455 3408 3527 legi,

1829 3540 1941 3598 Lex
1966 3543 2113 3598 enim
2135 3543 2404 3614 impotens
2417 3553 2535 3600 erat
2557 3545 2789 3602 liberare
2811 3547 2880 3602 ab
2901 3547 3173 3619 originali,
3197 3547 3253 3602 in
3275 3562 3405 3618 quo,

1829 3637 1883 3692 id
1909 3647 1994 3694 est
2035 3638 2092 3694 in
2130 3639 2401 3711 implenda
2445 3639 2871 3712 justiﬁcatione,
2903 3642 2990 3697 lex
3030 3641 3402 3696 inﬁrmabatui

1827 3747 1924 3802 per
1949 3747 2191 3801 carnem,
2238 3733 2295 3788 id
2337 3741 2421 3790 cst
2461 3733 2591 3804 quia
2641 3734 3019 3789 carnalitatem
3067 3734 3406 3790 sectabatur.

1828 3821 1968 3879 Vere
1975 3824 2294 3894 justiﬁcatio
2307 3839 2418 3878 non
2433 3824 2708 3894 impletur,
2722 3824 2791 3879 iis
2803 3825 2898 3894 qui
2917 3823 3197 3879 ambulant
3213 3841 3411 3880 secun-

1827 3913 1959 3969 dum
1981 3929 2238 3983 carnem;
2263 3930 2388 3968 nam
2409 3914 2444 3968 ii
2463 3914 2554 3986 qui
2585 3923 2866 3970 sectantur
2887 3914 3281 3982 carnalitatem,
3312 3931 3410 3969 sa-

1823 4009 2000 4072 piunt.
2019 4008 2072 4062 id
2085 4016 2169 4064 est
2181 4023 2428 4079 saporem
2449 4009 2654 4064 bonum
2668 4009 2916 4079 capiunt,
2929 4009 2984 4062 in
2999 4009 3086 4064 his
3096 4025 3213 4080 qua
3227 4012 3407 4065 carnis

1827 4092 1970 4155 sunt.
1987 4100 2200 4157 Amodo
2212 4100 2266 4156 in
2280 4101 2637 4172 sequentibus
2645 4101 2808 4172 longe
2817 4101 3219 4157 commendabit
3233 4101 3407 4172 legem

1826 4194 2164 4264 spiritualem
2187 4208 2286 4265 per
2305 4201 2637 4264 oppositum,
2663 4191 3017 4263 deprimendn
3036 4193 3330 4248 carnalem.

1897 4281 2040 4350 Quid
2073 4282 2198 4338 inde
2224 4281 2428 4338 diceret
2450 4282 2649 4354 aliquis
2679 4283 2726 4338 si
2753 4281 2974 4352 sapiunt
2995 4296 3059 4337 ea
3081 4296 3204 4352 quas
3223 4282 3408 4338 carnis

1826 4374 1988 4429 sunt?
2011 4372 2214 4428 Malum
2256 4374 2447 4445 utique
2480 4375 2714 4429 multum
2737 4382 2822 4429 est
2846 4375 2973 4429 hoc.
3005 4371 3148 4427 Nam
3169 4373 3407 4443 pruden-

154 4469 322 4526 lictum
353 4479 447 4528 est
480 4471 565 4524 his
602 4470 693 4541 qui
737 4477 858 4523 sunt
897 4469 955 4523 in
982 4467 1195 4525 Christo
1228 4466 1380 4535 Iesu,
1414 4467 1467 4522 id
1509 4475 1595 4523 est
1626 4466 1722 4537 qui
1751 4459 1804 4524 ι)
1829 4465 1908 4518 tia
1929 4464 2105 4518 carnis
2134 4473 2214 4518 est
2243 4480 2404 4532 mors,
2431 4463 2487 4520 id
2525 4472 2612 4519 est
2637 4478 2835 4519 vacare
2870 4463 2942 4518 iis
2972 4477 3094 4533 quae
3127 4476 3256 4518 caro
3278 4477 3408 4518 sua-

155 4559 201 4614 in
233 4560 333 4616 ﬁde
379 4559 600 4616 Christi
645 4559 820 4614 renati
855 4566 1002 4614 sunt.
1045 4556 1164 4614 Non
1198 4557 1346 4628 quod
1387 4557 1551 4612 modo
1591 4555 1723 4611 boni

154 4649 267 4717 sint,
293 4651 469 4705 modo
505 4647 650 4703 male
677 4647 888 4718 agendo
913 4661 1023 4702 non
1046 4646 1176 4714 sint,
1203 4647 1297 4702 sed
1331 4647 1459 4717 quia
1488 4646 1564 4701 ita
1593 4653 1726 4702 sunt

151 4740 197 4795 in
223 4741 450 4798 Christo
478 4739 637 4806 Jesu,
674 4739 814 4810 quod
853 4755 955 4793 non
987 4737 1261 4792 ambulant
1296 4737 1584 4792 secundum
1602 4753 1726 4792 ear-

153 4850 276 4900 nein,
306 4835 361 4890 id
383 4841 478 4890 est
503 4848 614 4887 non
642 4831 984 4887 delectantur
1012 4829 1067 4884 in
1102 4829 1283 4896 malis,
1309 4829 1568 4885 sectando
1600 4844 1724 4884 car-

151 4926 446 4981 nalitatem.
480 4923 780 4978 Ambulare
817 4936 1056 4992 congrue
1087 4929 1349 4976 removet.
1380 4919 1725 4999 lmpossibile

143 5018 282 5074 enim
339 5027 430 5074 est
481 5030 592 5070 non
644 5013 877 5070 invicem
927 5012 1110 5069 facere
1154 5028 1278 5084 quae
1335 5012 1517 5070 carnis
1571 5020 1718 5067 sunt.

149 5107 437 5183 Propterea
479 5121 592 5163 non
635 5105 798 5173 dixit,
836 5105 931 5176 qui
972 5112 1101 5160 sunt
1128 5103 1429 5160 secundum
1475 5117 1722 5170 carnem,

143 5201 233 5256 sed
255 5201 349 5274 qui
378 5198 688 5267 ambulant,
722 5197 777 5253 id
798 5205 885 5253 est
913 5197 1010 5267 qui
1039 5197 1107 5253 de
1135 5195 1280 5251 malo
1304 5211 1411 5251 non
1433 5195 1722 5264 pmnitent,

149 5293 235 5347 sed
279 5291 699 5349 wnsuescendo
749 5289 1092 5345 delectantur
1143 5288 1199 5342 in
1259 5302 1345 5342 eo.
1404 5285 1544 5342 Vere
1589 5285 1725 5340 nihil

148 5383 503 5438 damnationis
545 5392 625 5437 est
659 5381 742 5435 his
784 5382 876 5451 qui
905 5389 1026 5433 sunt
1055 5380 1111 5433 in
1145 5377 1358 5434 Christo
1392 5376 1542 5431 Iesu.
1579 5374 1718 5431 Nam

149 5475 225 5528 lea:
254 5478 504 5546 spiritus,
546 5475 599 5530 id
645 5483 734 5530 est
769 5474 853 5529 vel
891 5476 1059 5544 quam
1102 5471 1340 5542 Spiritus
1377 5477 1600 5526 sanctus
1634 5468 1720 5525 di-

148 5575 268 5634 ctat,
292 5569 380 5624 vel
401 5569 521 5639 ipsa
548 5567 915 5634 ratidnalitas,
939 5566 1168 5637 spiritus
1193 5565 1317 5621 dico
1341 5565 1548 5620 datoris
1575 5565 1718 5632 vita,

149 5655 198 5710 id
227 5670 308 5714 est
340 5661 440 5731 qui
479 5661 570 5716 dat
610 5661 699 5716 hic
735 5659 918 5714 vivere
950 5659 1006 5712 in
1047 5657 1342 5713 virtutibus
1375 5655 1520 5710 unde
1553 5655 1718 5710 etiam

151 5753 389 5818 provenit
433 5753 542 5808 vita
573 5762 774 5808 aeterna
813 5768 825 5804 :
854 5750 992 5807 Vita!
1019 5750 1142 5806 dico
1169 5749 1366 5805 habitae
1399 5749 1454 5803 in
1505 5748 1717 5802 Christo

1825 4555 1936 4622 det,
1967 4569 2118 4610 mors
2158 4554 2356 4610 anima:
2395 4563 2499 4610 est.
2549 4553 2649 4610 llis
2693 4554 2789 4625 qui
2820 4562 3127 4625 sequuntur
3151 4553 3405 4624 spiritum

1825 4645 2139 4718 implebitur
2160 4646 2477 4718 justiﬁcatio
2496 4647 2653 4719 legis.
2676 4645 2812 4701 Nam
2843 4646 2937 4718 qui
2961 4655 3088 4703 sunt
3103 4646 3405 4702 secundum

1827 4738 2111 4810 Spiritum,
2155 4739 2418 4806 sentiunt,
2461 4739 2514 4794 id
2565 4748 2652 4795 est
2686 4741 2908 4810 sapiunt
2954 4748 3011 4795 et
3035 4746 3315 4795 sectantur
3337 4755 3405 4794 ea

1823 4847 1947 4903 quae
1994 4840 2124 4886 sunt
2173 4829 2430 4901 Spiritus.
2461 4829 2572 4903 46
2611 4831 2678 4886 Ει
2712 4831 2844 4901 quid
2888 4831 3012 4886 inde
3057 4820 3278 4885 diceret'
3303 4831 3406 4885 ali-

1822 4923 1986 4995 quis?
2018 4921 2249 4978 Multum
2291 4923 2566 4993 equidem.
2597 4921 2734 4976 Nam
2767 4922 3050 4992 prudentia
3075 4930 3152 4977 est
3179 4908 3407 4993 ipiritus

1820 5013 1951 5079 vita,
1993 5011 2048 5066 id
2081 5019 2167 5067 est
2183 5011 2365 5066 vivere
2404 5009 2494 5065 hic
2533 5009 2590 5064 in
2618 5010 2946 5077 virtutibus,
2987 5019 3038 5064 et
3077 5019 3163 5066 est
3185 5027 3312 5082 pax,
3348 5012 3404 5068 id

1822 5111 1908 5159 est
1941 5102 2308 5174 tranquillitas
2344 5101 2536 5168 animi,
2590 5110 2645 5156 et
2682 5101 2840 5172 quies
2894 5117 2926 5156 a
2983 5103 3402 5160 tcntationibus.

1823 5193 1943 5249 Non
1975 5194 2123 5250 enim
2170 5210 2364 5251 omnes
2401 5194 2497 5265 qui
2531 5194 2724 5250 vivunt
2764 5195 2820 5250 in
2863 5195 3176 5263 virtutibus,
3211 5212 3404 5268 pacem

1824 5287 1968 5344 hanc
2006 5288 2228 5355 habent,
2277 5287 2372 5344 sed
2403 5288 2700 5344 admodum
2734 5287 2927 5359 pauci;
2965 5288 3088 5345 ideo
3114 5289 3404 5360 prudentia

1823 5379 2006 5438 carnis
2023 5387 2110 5436 est
2127 5395 2298 5447 mors,
2317 5381 2566 5451 quoniam
2588 5381 2853 5451 sapientia
2881 5381 3058 5435 carnis
3079 5392 3156 5435 est
3184 5382 3404 5436 inimica

1823 5469 1956 5538 Deo,
1992 5471 2235 5543 quandiu
2281 5472 2596 5529 inimicatur
2638 5471 2770 5540 Deo,
2819 5471 3003 5529 vivere
3042 5474 3251 5542 nequit.
3296 5471 3402 5526 Sed

1824 5563 1922 5633 qui
1954 5563 2157 5620 bonum
2203 5564 2543 5620 carnalitatis
2571 5579 2687 5620 suae
2719 5562 2832 5620 Deo
2853 5563 3143 5635 praeponit,
3174 5579 3401 5635 regnum

1827 5653 1923 5711 Dei
1952 5656 2239 5727 (quantum
2263 5656 2318 5710 in
2346 5672 2406 5712 se
2439 5656 2544 5727 est)
2585 5656 2863 5724 diminuit,
2888 5655 3187 5725 subjiciens
3220 5670 3280 5712 se
3317 5671 3398 5711 re.

1827 5764 1934 5819 gno
1962 5747 2166 5804 carnis.
2199 5746 2337 5802 Vere
2374 5749 2641 5817 sapientia
2667 5748 2852 5804 carnis
2883 5757 2968 5803 est
3009 5745 3230 5804 inimica
3268 5746 3398 5803 Deo.
