3978 6402
471 296 550 372 ’Ἡ
1009 303 1068 362 S.
1109 299 1458 370 BBUNO‘NIS
1497 288 2142 356 CARTHUSIANORUM
2183 283 2672 344 lNSTlTUTORlS
2711 282 2864 340 OPP.
2902 281 3085 339 PARS
3117 281 3184 336 ll.
3687 278 3762 338 72

479 425 628 483 Nam
651 435 762 484 nou
781 429 861 478 est
897 419 1268 492 subjectalegi
1301 417 1424 484 Dei,
1465 414 1561 470 sed
1596 410 1826 482 imperio
1849 407 2052 464 carnis.
2083 411 2134 472 Α
2161 403 2258 460 Dei
2292 402 2516 475 agimini
2541 443 2557 470 ,
2601 409 2657 456 et
2695 415 2849 492 vere
2875 399 3112 492 vivetis,
3164 396 3426 492 quiaﬁlii
3453 396 3550 453 Dei
3577 397 3758 455 eritis.

475 515 602 575 Non
642 524 731 574 est
773 515 1048 586 subjecta,
1097 516 1224 586 quia
1261 528 1358 568 nec
1405 525 1516 564 esse
1564 514 1736 577 potest
1793 499 2059 574 subjecta,

475 606 730 682 quamdiu
759 605 1074 662 carnalitati
1103 604 1362 660 adhaeret.
1393 597 1537 666 Quid
1568 596 1716 651 enim
1739 605 2064 664 enumerare

413 703 418 714 "
479 715 672 772 quaero
693 698 908 769 singula
943 697 1154 762 dicens,
1183 691 1468 765 prudentia
1497 687 1682 746 carnis
1715 693 1801 741 est
1825 699 1976 739 mors
2011 688 2068 737 et

479 789 882 849 inimieaDeo?
911 799 976 846 ut
1001 781 1680 860 paucis-comprehendam
1719 798 1732 833 :
1770 778 2067 849 quicunque

482 892 606 940 sunt
635 884 692 938 in
721 859 900 948 carne,
933 859 1100 943 idest
1131 881 1185 934 in
1217 875 1558 942 carnalitate,
1591 871 1838 944 quandiu
1872 869 1944 938 ibi
1968 869 2064 923 de-

481 975 744 1041 tinentur,
775 974 886 1034 Deo
915 973 1120 1044 placere
1145 986 1250 1024 non
1272 975 1510 1039 possunt.
1551 964 1690 1032 Quia
1719 962 1884 1018 modo
1912 961 2068 1018 dixe-

481 1074 590 1132 rat,
622 1066 717 1136 qui
748 1067 804 1120 in
821 1080 998 1121 carne
1021 1070 1151 1120 sunt
1175 1059 1528 1130 Deoplacere
1555 1062 1856 1127 nequeunt,
1885 1068 1954 1108 ne
1974 1069 2071 1124 per

483 1155 591 1212 hoc
627 1157 930 1217 deterreret
973 1155 1254 1210 Romanos
1279 1193 1294 1220 ,
1341 1151 1434 1221 qui
1487 1150 1642 1220 prius
1681 1147 2072 1219 justiticatione

483 1257 726 1318 accepta,
753 1249 822 1302 ad
841 1248 1022 1317 aliqua
1053 1253 1278 1316 peccata
1306 1242 1509 1312 relapsi
1537 1240 1774 1306 fuerant,
1803 1238 2074 1294 demulcet

483 1354 579 1395 eos
607 1339 952 1405 blandiendo,
989 1347 1173 1394 tamen
1211 1351 1336 1407 quae
1363 1334 1610 1390 facienda
1641 1333 1754 1388 sint
1782 1332 1862 1388 eis
1887 1339 2072 1401 aperte

482 1431 788 1486 insinuans.
827 1429 933 1496 Qui
963 1430 1020 1485 in
1049 1443 1216 1484 carne
1259 1435 1388 1482 sunt
1417 1425 1528 1480 Deo
1557 1425 1772 1494 placere
1803 1439 1914 1477 non
1943 1436 2072 1492 pos-

481 1528 629 1575 sunt.
663 1519 772 1576 Sed
795 1537 906 1587 vos,
933 1535 968 1574 ο
992 1518 1248 1585 Romani,
1277 1533 1382 1576 non
1393 1516 1512 1586 jam
1533 1516 1658 1569 estis
1685 1516 1742 1567 in
1771 1529 1950 1578 carne,
1975 1525 2078 1568 nec

482 1628 583 1668 vos
611 1613 668 1668 in
697 1628 866 1668 carne
887 1627 1010 1668 esse
1034 1611 1310 1681 intelligo,
1345 1609 1436 1664 sed
1475 1609 1609 1664 estis
1633 1609 1690 1660 in
1713 1607 1926 1676 spiritu.
1963 1603 2078 1660 Hac

481 1705 798 1760 conditione
827 1713 1013 1760 tamen
1043 1718 1143 1758 vos
1171 1717 1291 1758 esse
1327 1702 1384 1756 in
1420 1701 1614 1771 spiritu
1649 1698 1948 1769 pronuntio
1970 1739 1986 1764 ,
2027 1699 2075 1751 si

484 1795 723 1868 Spiritus
755 1797 854 1852 Dei
899 1812 1064 1867 quem
1113 1796 1168 1850 in
1217 1794 1490 1865 baptismo
1527 1791 1816 1862 accepistis
1841 1791 2073 1856 habitat,

485 1887 542 1942 id
571 1896 657 1942 est
683 1895 1002 1957 perseverat
1029 1887 1086 1941 in
1107 1886 1272 1941 vobis.
1313 1885 1375 1940 Si
1409 1885 1528 1955 quis
1562 1893 1740 1938 autem
1781 1885 1924 1953 (non
1951 1881 2076 1936 dico

485 1979 554 2034 de
582 1979 759 2046 vobis,
790 1980 885 2034 sed
910 1980 1226 2050 quicunque
1251 1978 1340 2032 ille
1370 1977 1463 2048 sit)
1513 1976 1608 2046 qui
1637 1991 1742 2030 non
1774 1975 1928 2029 habet
1953 1973 2079 2043 Spi-

484 2069 656 2121 ritum.
681 2067 903 2134 Christi,
926 2068 1011 2120 hic
1038 2083 1142 2120 non
1171 2075 1248 2120 est
1285 2066 1399 2135 ejus
1423 2105 1439 2132 ,
1493 2064 1702 2120 scilicet
1725 2063 1821 2118 Dei
1847 2105 1864 2131 ,
1910 2062 1966 2118 id
1995 2071 2081 2120 est

483 2175 596 2216 non
623 2159 788 2214 habet
813 2167 1024 2229 partem
1053 2173 1179 2214 cum
1205 2158 1336 2214 Deo.
1362 2157 1464 2212 Hic
1487 2158 1650 2228 plane
1673 2156 1913 2213 ostendit
1931 2154 2082 2226 Apo-

484 2251 662 2306 stolus
710 2249 976 2318 Spiritum
1006 2250 1088 2306 sic
1115 2266 1146 2304 a
1174 2249 1336 2316 Filio,
1367 2257 1430 2304 ut
1469 2265 1502 2303 a
1549 2249 1712 2304 Patre
1759 2247 2078 2322 procedere,

485 2342 580 2396 ubi
609 2342 686 2396 ait
716 2340 980 2411 Spiritum
1009 2341 1126 2407 Dei,
1157 2349 1214 2396 et
1242 2340 1506 2410 Spiritum
1537 2339 1746 2395 Christi
1769 2381 1784 2408 ,
1835 2347 1892 2395 et
1933 2339 2083 2409 quod

490 2431 640 2486 idem
671 2431 744 2486 sit
769 2431 1008 2502 Spiritus
1037 2431 1156 2498 Dei,
1189 2441 1244 2486 et
1275 2431 1513 2502 Spiritus
1540 2430 1768 2487 Christi.
1815 2428 1874 2485 Si
1904 2431 2084 2484 autem

490 2519 758 2588 Christus,
789 2521 844 2576 id
871 2529 956 2576 est
985 2521 1220 2592 Spiritus
1248 2521 1474 2589 Christi,
1501 2529 1580 2575 est
1621 2522 1675 2574 in
1697 2520 1862 2588 vobis,
1891 2537 2082 2592 corpus

489 2613 706 2683 quidem
754 2621 986 2667 vestrum
1035 2621 1304 2666 mortuum
1345 2621 1466 2680 est,
1523 2612 1578 2667 id
1631 2621 1717 2668 est
1763 2612 2084 2670 mortalitati

486 2703 670 2760 adhuc
701 2704 951 2774 subiacet
977 2713 1190 2774 propter
1223 2713 1515 2773 peccatum,
1539 2703 1594 2758 id
1623 2711 1708 2758 est
1746 2703 1832 2758 vel
1861 2711 2084 2774 propter

487 2807 710 2864 prunam
742 2795 952 2864 peccati
979 2783 1026 2862 ,’
1045 2795 1132 2850 vel
1179 2803 1402 2864 propter
1427 2794 1755 2862 custodiam,
1783 2809 1854 2850 ne
1881 2794 2082 2850 iterum

487 2885 716 2942 cedatis;
747 2901 845 2956 per
889 2887 1218 2954 elationem;
1273 2902 1474 2956 corpus
1519 2886 1738 2956 quidem
1774 2887 1956 2942 adhuc
1998 2893 2086 2942 est

488 2987 769 3034 mortuum
795 2998 808 3033 :
837 2979 928 3034 sed
947 2981 1172 3051 spiritus
1193 2988 1374 3051 vester
1399 2979 1513 3050 jam
1536 2979 1661 3032 vivit
1689 2987 1900 3048 propter
1917 2978 2084 3048 justi-

487 3071 790 3141 ﬁcationem
813 3111 829 3138 ,
872 3069 929 3124 id
977 3047 1064 3126 egi
1095 3086 1202 3140 per
1251 3047 1418 3140 opera
1455 3047 1697 3140 Ῑιιειὶῑὶεθί
1717 3047 1840 3139 quae
1867 3047 2084 3125 exercet

481 3162 816 3233 iustiﬁcatus
851 3178 882 3217 a
926 3163 1165 3233 peccatis
1189 3203 1206 3228 ,
1254 3161 1350 3217 ubi
1377 3161 1456 3216 ait
1487 3180 1499 3215 :
1535 3160 1594 3215 Si
1631 3159 1888 3216 Christus
1913 3168 2000 3216 est
2025 3160 2082 3215 in

487 3255 667 3321 vobis,
701 3255 882 3309 innuit
907 3254 1186 3309 Christum
1226 3263 1280 3308 et
1325 3252 1590 3323 Spiritum
1640 3261 1894 3309 sanctum
1937 3251 2082 3306 idem

489 3361 612 3400 esse
641 3346 698 3399 in
737 3346 1044 3401 substantia
1069 3345 1328 3400 Deitatis.
1352 3343 1464 3399 Nec
1487 3345 1666 3400 solum
1696 3361 1794 3416 per
1829 3344 2084 3415 spiritum

491 3436 830 3491 habitantem
874 3436 928 3490 in
957 3436 1135 3502 vobis,
1171 3437 1338 3490 vitam
1383 3436 1608 3506 spiritus
1646 3437 1940 3504 habebitis,
1987 3437 2084 3493 sed

488 3525 655 3582 etiam
683 3528 730 3580 si
751 3525 986 3596 Spiritus
1009 3527 1123 3596 ejus
1149 3528 1238 3597 qui
1260 3527 1536 3581 suscitavit
1561 3526 1746 3580 Iesum
1773 3544 1810 3580 a
1835 3529 2082 3594 mortuis,

489 3633 592 3687 pro
613 3617 718 3674 hac
746 3621 916 3674 causa
939 3618 1074 3688 quia
1102 3617 1344 3688 Spiritus
1369 3626 1594 3674 sanctus
1616 3618 1672 3672 in
1701 3633 1768 3673 eo
1797 3617 2080 3672 habitavit.

493 3707 572 3776 Si,
605 3707 804 3779 inquit,
838 3709 980 3764 idem
1015 3705 1251 3779 Spiritus
1277 3708 1484 3762 habitat
1517 3709 1574 3762 in
1601 3709 1764 3777 vobis,
1795 3709 2085 3779 viviﬁcabit

488 3801 651 3856 etiam
689 3800 941 3856 mortalia
963 3817 1186 3871 corpora
1207 3810 1398 3868 vestra,
1429 3799 1572 3858 facta
1601 3787 1932 3858 immortalia
1957 3817 2086 3873 pro-

487 3899 608 3962 pter
650 3892 898 3947 eamdem
941 3907 1190 3958 causam,
1222 3891 1430 3947 scilicet
1455 3901 1667 3962 propter
1697 3892 2086 3948 inhabitantem

492 3983 756 4052 Spiritum
783 3984 896 4053 ejus
927 3985 984 4037 in
1012 3983 1196 4038 vobis..
1219 3983 1287 4038 Et
1327 3985 1457 4054 quia
1501 3985 1582 4042 sic
1615 3985 1682 4041 de
1711 3985 1869 4042 vobis
1907 3983 2086 4041 facere

489 4075 682 4143 possit,
711 4083 768 4129 et
807 4074 1054 4130 facturus
1089 4076 1161 4130 sit
1202 4077 1570 4147 praesignavit,
1603 4077 1660 4130 in
1698 4093 1764 4132 eo
1789 4077 1937 4148 quod
1968 4076 2082 4147 jam

491 4166 774 4220 suscitavit
802 4164 986 4220 Iesum
1013 4165 1286 4221 Christum
1313 4183 1346 4220 a
1377 4169 1618 4222 mortuis.

511 4277 522 4300 ε
561 4253 703 4320 Quia
731 4254 780 4309 si
807 4255 1072 4324 quaeritur
1113 4271 1286 4325 quare
1327 4255 1584 4312 Christus
1617 4266 1744 4312 ante
1773 4273 1966 4315 omnes
1996 4261 2082 4314 in-

490 4344 859 4414 oorruptibilis
889 4346 1186 4402 suscitatus
1217 4347 1322 4402 sit?
1373 4347 1732 4417 respondetur
1779 4349 1902 4404 idco
1955 4350 2084 4420 quia

489 4433 560 4491 de
584 4435 788 4507 Spiritu
817 4445 1326 4508 sancto'conceptus
1353 4439 1456 4506 sit;
1504 4441 1634 4510 quia
1661 4451 1944 4510 peccatum
1972 4459 2080 4498 non
2111 4473 2162 4532 ι)

491 4526 640 4595 fecit,
669 4537 726 4583 et
741 4531 870 4600 quia
903 4545 1010 4600 sper,
1047 4546 1174 4585 cum
1219 4531 1684 4616 incorruptionem
1711 4549 1902 4588 omnes
1925 4535 2082 4590 habi-

491 4621 604 4676 turi
633 4629 790 4689 sunt,
825 4622 1050 4692 dignum
1088 4621 1191 4677 fuit
1219 4631 1282 4680 ut
1315 4639 1506 4680 omnes
1529 4623 1586 4678 in
1609 4625 1734 4690 hoc,
1765 4634 1820 4680 et
1840 4635 2085 4696 tempore

489 4713 836 4783 praeveniret,
857 4723 913 4770 et
941 4715 1064 4784 plus
1091 4715 1350 4771 omnibus
1393 4715 1682 4785 acciperet.
1734 4717 2087 4790 Quandoqui-

491 4805 618 4860 dem
647 4805 791 4862 Deus
813 4815 868 4862 et
888 4805 1002 4876 jam
1035 4807 1274 4862 animam
1303 4807 1617 4874 vivilicavit,
1643 4817 1698 4863 et
1717 4825 1920 4879 corpus
1949 4811 2086 4866 vivi-

493 4897 698 4964 ﬁcabit,
717 4915 838 4969 ergo
862 4900 1056 4969 fratres
1078 4899 1198 4969 jam
1217 4916 1320 4954 non
1345 4917 1526 4956 sumus
1551 4902 1808 4957 debitores
1831 4904 2002 4969 carni,
2031 4903 2084 4960 id

491 4997 578 5043 est
597 4988 710 5058 jam
735 4989 870 5044 nihil
895 4992 1158 5047 debemus
1185 4993 1518 5059 carnalitati,
1543 4993 1637 5049 sed
1665 4993 1912 5064 spiritui;
1953 4995 2080 5064 quia

495 5091 592 5148 per
621 5080 872 5151 spiritum
899 5082 1152 5149 vivimus,
1177 5093 1231 5138 et
1259 5085 1437 5140 adhuc
1465 5086 1883 5142 viviticabimur.
1907 5085 2082 5143 Debe-

496 5185 622 5225 mus
643 5171 864 5239 quidem
891 5173 1042 5226 carni
1066 5189 1188 5242 quae
1211 5177 1515 5231 necessaria
1545 5185 1674 5232 sunt
1695 5178 1768 5244 ei,
1791 5185 1852 5232 ut
1875 5177 2082 5232 victum

493 5275 552 5317 et
579 5269 992 5332 tegumentum;
1029 5264 1124 5319 sed
1149 5279 1258 5318 non
1281 5265 1356 5320 ita
1379 5268 1626 5322 vivamus
1651 5277 1942 5338 sequentes
1961 5285 2084 5324 car-

496 5355 798 5410 nalitatem.
833 5354 893 5409 Si
932 5357 1072 5410 enim
1099 5359 1385 5412 secundum
1420 5377 1632 5415 carnem
1665 5366 1929 5431 vixeritis,
1965 5379 2080 5420 non

499 5444 930 5510 viviﬁcabimini,
963 5447 1056 5501 sed
1081 5449 1400 5504 moriemini.
1429 5449 1490 5504 Si
1521 5459 1697 5506 autem
1728 5455 1872 5522 facta
1901 5455 2079 5508 carnis

405 5551 408 5554 '
497 5543 708 5608 mortua
750 5525 1014 5603 feceritis,
1061 5553 1154 5606 per
1171 5538 1426 5606 spiritum
1451 5541 1651 5606 vivetis,
1691 5551 1746 5596 et
1773 5542 1866 5598 hic
1887 5559 2083 5598 secun-

497 5625 626 5680 dum
657 5627 917 5696 animam,
969 5637 1024 5684 ct
1071 5630 1126 5684 in
1161 5630 1348 5685 futuro
1379 5632 1678 5688 secundum
1709 5637 1956 5706 corporis
2001 5637 2085 5690 in-

498 5721 952 5789 corruptionem!
972 5721 1038 5780 Et
1063 5722 1396 5782 mortiﬁcare
1419 5725 1682 5794 debetis;
1713 5742 1838 5784 nam
1879 5725 2086 5796 Spiritu

2162 495 2320 563 Quod
2349 495 2429 550 sic
2463 495 2541 550 ait
2573 512 2587 548 :
2625 492 2762 548 Vere
2809 491 2857 547 si
2885 487 3348 545 mortiﬁcaveritis
3386 503 3631 556 carnem,
3659 503 3764 560 per

2163 587 2418 660 spiritum
2459 585 2675 640 vivetis.
2731 583 2877 638 Nam
2919 583 3215 654 quicunque
3269 590 3502 652 aguntur
3550 579 3764 650 Spiritu

2163 679 2264 734 Dei
2296 678 2464 750 (quod
2492 661 2576 734 est
2609 676 2944 732 mortiﬁcare
2975 674 3117 730 facta
3145 667 3386 745 carnis),
3418 673 3472 726 hi
3495 681 3618 728 sunt
3653 672 3764 742 ﬁlii

2165 767 2286 836 Dei,
2315 779 2370 826 et
2396 771 2513 826 haec
2543 776 2627 824 est
2649 768 2760 822 vita
2793 775 3018 822 aeterna.

2237 849 2540 932 Postquam
2599 860 2735 916 satis
2799 855 3204 914 commendavit
3260 857 3436 928 legem
3492 855 3720 926 spiritus
3745 895 3762 924 ,

2167 955 2408 1010 ostendit
2455 960 2664 1024 quanta
2738 951 2946 1006 utilitas
2995 949 3096 1005 sit‘
3129 949 3290 1004 nobis
3345 963 3441 1018 per
3495 945 3769 1019 Spiritum

2170 1055 2444 1114 sanctum,
2479 1046 2628 1117 quod
2659 1044 2776 1116 jam
2825 1042 3026 1114 partim
3077 1057 3242 1112 supra
3296 1041 3550 1096 ostendit.
3607 1031 3772 1096 'Vere

2169 1139 2268 1192 lilii
2311 1135 2466 1194 estis.
2527 1119 2654 1191 Non
2720 1137 2862 1191 enim
2919 1134 3036 1204 jam
3076 1133 3210 1188 estis
3254 1133 3437 1200 servi,
3483 1132 3631 1201 quod
3685 1132 3774 1188 sic

2171 1230 2250 1285 ait
2307 1249 2321 1284 :
2371 1229 2481 1286 Vos
2533 1229 2751 1300 quidem
2823 1227 3104 1298 accepistis
3164 1227 3457 1297 spiritum,
3507 1227 3604 1282 sed
3650 1241 3772 1282 non

2173 1323 2426 1392 spiritum
2470 1323 2782 1377 servitutis:
2811 1329 2873 1374 ut
2919 1320 3155 1389 amplius
3198 1320 3340 1374 servi
3377 1319 3518 1385 sitis,
3561 1327 3617 1374 et
3649 1333 3774 1374 ser—

2172 1416 2334 1470 viatis
2377 1416 2570 1468 iterum
2605 1415 2662 1466 in
2696 1413 2902 1466 timore.
2956 1409 3098 1464 Dum
3136 1401 3296 1466 enim'
3331 1410 3435 1466 sub
3482 1410 3600 1480 lege
3643 1423 3774 1463 era-

2177 1507 2270 1572 tis,
2303 1504 2409 1576 47
2443 1504 2639 1560 timore
2667 1518 2958 1574 poenarum
2985 1517 3124 1571 quas
3167 1501 3255 1558 lex
3299 1500 3616 1556 minabatur
3643 1514 3774 1554 ser-

2175 1595 2410 1652 viebatis
2437 1614 2449 1650 :
2479 1595 2574 1666 qui
2623 1601 2806 1650 autem
2864 1593 3058 1648 timore
3089 1607 3266 1662 poenae
3310 1591 3500 1658 servit,
3543 1605 3776 1660 ptenam

2177 1689 2380 1756 evadit,
2413 1687 2644 1760 gloriam
2693 1701 2806 1741 non
2856 1697 3118 1741 meretur.
3169 1683 3434 1754 Spiritum
3487 1681 3782 1738 servitutis

2177 1782 2368 1853 utique
2391 1797 2498 1836 non
2519 1779 2828 1850 accepistis,
2841 1777 2930 1832 sed
2953 1777 3231 1848 accepistis
3253 1777 3502 1848 spiritum
3529 1773 3780 1844 adoptio-

2178 1875 2260 1944 nis
2285 1873 2546 1944 ﬁliorum,
2577 1871 2634 1927 id
2661 1879 2748 1926 est
2789 1885 2888 1942 per
2925 1884 3091 1940 quem
3137 1867 3474 1940 adoptamini
3523 1867 3580 1920 in
3627 1865 3786 1920 ﬁlios

2177 1941 2297 2020 Dei;
2330 1963 2400 2018 In
2437 1980 2539 2035 quo
2591 1941 2796 2034 spiritu
2831 1963 3083 2028 docente,
3115 1976 3220 2016 nos
3259 1959 3556 2012 clamamus
3581 1973 3598 2012 :
3621 1956 3786 2011 Abba

2179 2055 2396 2128 (pater).
2415 2056 2568 2110 Abba
2586 2053 2874 2110 Hebraeum
2893 2061 2996 2122 est,
3015 2051 3333 2124 signiﬁcans
3347 2051 3402 2106 id
3415 2049 3572 2122 "quod
3591 2056 3784 2120 pater,

2177 2151 2264 2204 vel
2289 2157 2444 2220 pater
2463 2147 2737 2205 Graecum.
2765 2145 2893 2202 Ideo
2915 2146 3194 2201 hebraeam
3244 2158 3436 2198 vocem
3471 2141 3686 2212 posuit,
3721 2147 3790 2194 et

2178 2253 2370 2310 vocem
2391 2236 2658 2308 gentium,
2683 2252 2780 2292 seu
2811 2249 3066 2306 graecam,
3089 2249 3186 2290 seu
3208 2233 3456 2298 latinam,
3488 2241 3549 2286 ut
3581 2238 3786 2286 osten-

2181 2329 2275 2384 dat
2332 2337 2628 2398 utrumque
2658 2328 2956 2398 populum,
2999 2323 3250 2382 Judaeum
3299 2334 3355 2379 et
3399 2323 3658 2396 gentilem
3723 2320 3788 2377 in

2182 2420 2424 2476 novitate
2457 2419 2682 2490 spiritus
2726 2419 2925 2474 debere
2973 2418 3180 2474 servire
3227 2415 3371 2484 Deo,
3401 2431 3514 2470 non
3543 2415 3662 2484 jam
3723 2413 3786 2468 in

2181 2519 2453 2586 vetustate
2482 2512 2696 2566 litterae.
2728 2509 2869 2566 Vere
2905 2509 2961 2564 in
2998 2509 3195 2579 spiritu
3249 2508 3540 2562 clamamus
3563 2520 3584 2561 :
3621 2505 3788 2561 Abba

2185 2603 2400 2678 (pater).
2418 2602 2554 2660 Nam
2573 2593 2806 2674 Spiritus
2836 2610 3060 2658 sanctus
3083 2602 3270 2676 reddit_
3283 2601 3642 2656 testimonium
3665 2598 3791 2669 spi-

2185 2697 2326 2768 ritui.
2367 2705 2570 2764 nostra,
2617 2695 2670 2750 id
2706 2703 2791 2750 est
2849 2694 3010 2750 docet
3049 2693 3321 2748 rationem
3374 2700 3624 2748 nostram
3669 2691 3790 2746 hoc

2183 2789 2322 2860 quod
2367 2805 2550 2844 sumus
2595 2787 2701 2857 ﬁlii
2745 2787 2864 2842 Dei.
2897 2784 3014 2842 Nisi
3043 2785 3190 2842 enim
3223 2783 3460 2856 Spiritus
3485 2784 3593 2839 hoc
3635 2781 3790 2838 insi-

2184 2890 2409 2954 nuaret,
2455 2879 2799 2936 nesciremus
2841 2893 2946 2934 nos
2996 2893 3120 2934 esse
3163 2877 3308 2933 ﬁlios
3337 2876 3454 2932 Dei.
3487 2874 3548 2954 Si
3595 2883 3792 2930 autem

2187 2988 2381 3030 sumus
2411 2961 2536 3043 ﬁlii,
2566 2972 2775 3028 erimus
2797 2970 2962 3026 etiam
2983 2969 3236 3024 heredes.
3269 2968 3410 3024 Ecce
3451 2975 3587 3038 quot
3624 2967 3794 3022 utili-

2185 3071 2326 3119 tates
2351 3072 2483 3120 sunt
2513 3063 2673 3118 nobis
2701 3077 2797 3132 per
2829 3061 3114 3133 Spiritum.
3153 3060 3315 3116 Prius
3351 3060 3682 3130 adoptamur
3729 3059 3791 3116 in

2186 3165 2348 3222 ﬁlivs.
2383 3164 2589 3220 Dehinc
2617 3165 2938 3220 clamamus.
2987 3161 3244 3218 Hmredes
3269 3161 3436 3218 etiam
3479 3160 3790 3216 constitui-

2185 3272 2333 3324 mur,
2358 3271 2461 3314 nec
2491 3257 2615 3312 vilis
2665 3255 3028 3322 haereditatis,
3061 3254 3158 3312 sed
3215 3253 3447 3308 ha'redes
3487 3252 3620 3320 Dei,
3645 3253 3792 3323 quia

2185 3347 2330 3404 Deus
2373 3349 2667 3404 distribuet
2716 3347 2879 3403 nobis
2929 3347 3304 3404 haereditatem
3356 3360 3544 3412 suam,
3593 3343 3652 3400 id
3697 3355 3798 3402 est

2187 3440 2358 3496 totius
2401 3439 2534 3494 boni
2587 3438 2992 3496 subiciendam.
3042 3436 3103 3492 Si
3155 3437 3456 3508 quaerimus
3495 3436 3796 3506 quomodo

2186 3546 2382 3590 sumus
2402 3531 2646 3587 hatredes
2675 3531 2794 3598 Dei,
2819 3546 2946 3586 cum
2978 3545 3116 3586 usus
3141 3530 3340 3586 habeat
3353 3528 3626 3584 haeredem
3653 3542 3796 3588 esse

2185 3631 2366 3678 morte
2407 3622 2748 3679 decessoris?
2787 3622 3150 3693 respondetur
3214 3621 3346 3692 quia
3395 3619 3542 3686 Deus
3563 3661 3580 3686 ,
3637 3635 3795 3690 quo-

2185 3715 2480 3772 dummodo
2531 3715 2692 3770 nobis
2745 3716 3013 3771 morietur
3059 3715 3115 3770 in
3180 3713 3365 3780 futura
3417 3711 3792 3782 beatitudine,

2186 3805 2490 3880 secundum
2520 3805 2626 3862 hoc
2651 3805 2800 3874 quod
2821 3819 2970 3860 nunc
2993 3791 3246 3878 videmus
3283 3819 3412 3860 eum
3441 3818 3539 3874 per
3579 3817 3794 3873 specu-

2185 3896 2298 3952 lum
2333 3896 2476 3951 etin
2523 3897 2833 3968 aenigmate,
2861 3904 2998 3952 tunc
3038 3904 3223 3952 autem
3271 3895 3414 3952 facie
3461 3895 3532 3951 ad
3575 3893 3792 3953 faciem

2186 4003 2380 4044 sumus
2407 3987 2601 4044 visuri.
2629 3987 2884 4044 Haeredes
2895 3987 3106 4044 erimus
3131 3981 3248 4066 Dei,
3275 3987 3568 4044 echon-edes
3597 3995 3794 4042 autem

2187 4080 2410 4148 Christi,
2461 4081 2592 4151 quia
2621 4081 2869 4138 eamdem
2897 4080 3268 4136 haereditatem
3307 4096 3472 4150 quam
3495 4078 3790 4146 Christus,

2185 4175 2240 4230 id
2260 4184 2344 4230 est
2361 4174 2829 4243 incorruptionem
2845 4173 3146 4230 secundum
3165 4188 3383 4228 carnem
3397 4173 3560 4228 modo
3585 4181 3794 4229 nostro

2186 4266 2542 4336 accipiemus.
2570 4263 2822 4320 Hccredes
2851 4263 2986 4320 dicit
3013 4263 3138 4330 Dei,
3165 4263 3314 4318 velut
3347 4263 3470 4334 ejus
3499 4263 3664 4334 cujus
3697 4273 3794 4320 est

2185 4357 2495 4424 hereditas,
2546 4371 2778 4427 eamque
2825 4356 3127 4412 distribuit.
3179 4354 3488 4412 Cohwredes
3538 4353 3790 4424 Christi,

2185 4449 2334 4504 velut
2363 4449 2485 4518 ejus
2513 4449 2608 4520 qui
2656 4448 2942 4504 nobiscum
2968 4456 3181 4518 partem
3204 4447 3384 4518 capiet
3410 4447 3787 4506 hzereditatis.

2186 4537 2514 4594 Cohaeredes
2559 4539 2768 4596 erimus
2791 4538 3030 4606 Christi,
3077 4539 3184 4594 hac
3231 4547 3411 4594 tamen
3460 4539 3792 4596 conditione

2186 4631 2308 4686 dico
2334 4649 2346 4684 :
2379 4633 2425 4685 si
2455 4632 2814 4701 compatimur
2841 4631 3066 4686 Christo
3095 4646 3208 4687 non
3255 4631 3558 4688 intentione
3595 4633 3790 4692 laudis

2185 4721 2274 4774 vel
2297 4719 2442 4776 lucri
2493 4721 2829 4791 temporalis,
2861 4722 2958 4776 sed
3006 4730 3064 4774 ut
3094 4721 3472 4792 gloriﬁcemur,
3503 4723 3792 4780 desiderio

2187 4820 2397 4866 tantum
2429 4819 2648 4868 aeternae
2673 4813 2877 4883 glorias.
2907 4811 3158 4884 Compati
3187 4814 3379 4885 utique
3401 4814 3692 4884 debemus,
3723 4827 3795 4874 ut

2189 4900 2578 4972 gloriﬁccmur.
2611 4901 2755 4956 Nam
2783 4917 2886 4973 ego
2908 4904 3166 4972 existimo
3189 4905 3266 4974 (et
3281 4920 3472 4960 verum
3495 4906 3604 4977 est)
3629 4909 3795 4976 quod

2190 5007 2368 5048 omnes
2402 4993 2672 5066 passiones
2719 4993 2876 5062 hujus
2919 4995 3192 5064 temporis,
3215 4995 3270 5050 id
3301 5005 3385 5051 est
3417 5011 3541 5067 qua:
3563 5005 3796 5068 tempo-

2189 5083 2333 5138 rales
2361 5091 2510 5149 sunt,
2543 5093 2598 5139 et
2639 5084 2828 5154 hujus,
2869 5085 2926 5139 id
2973 5094 3058 5142 est
3099 5093 3212 5142 tam
3261 5086 3452 5142 brevis
3492 5090 3790 5158 temporis,

2190 5192 2294 5230 non
2339 5185 2460 5230 sunt
2499 5176 2776 5246 condigna:
2815 5178 2883 5232 ad
2923 5179 3346 5248 promerendam,
3387 5179 3628 5250 futuram
3663 5182 3796 5252 glac-

2189 5270 2350 5334 riam,
2375 5284 2492 5337 quae
2515 5268 2833 5322 revelabitur
2861 5271 2918 5322 in
2941 5270 3110 5336 nobis,
3141 5271 3272 5340 quia
3297 5286 3399 5326 nec
3421 5286 3524 5326 nos
3551 5271 3660 5340 ipsi
3681 5273 3794 5343 qui

2189 5372 2309 5412 cam
2343 5357 2584 5414 habituri
2621 5373 2835 5424 sumus,
2861 5375 3028 5430 quam
3081 5360 3246 5430 digna
3283 5369 3338 5416 et
3363 5375 3562 5432 magna
3587 5362 3662 5418 sit
3685 5363 3792 5420 in-

2189 5447 2502 5519 telligimus.
2557 5448 2696 5504 Vere
2743 5451 2916 5522 gloria
2956 5452 3072 5506 haec
3125 5453 3455 5508 revelabitur
3487 5453 3546 5506 in
3591 5453 3786 5512 nobis.

2191 5539 2337 5608 Nam
2383 5543 2704 5610 exspectatio
2745 5552 3024 5610 creaturae,
3065 5543 3120 5598 id
3173 5553 3258 5598 est
3299 5545 3468 5610 totius
3517 5543 3792 5604 Ecclesia:

2189 5643 2460 5702 exspectat
2493 5635 2862 5700 revelationem
2893 5634 3132 5704 ﬁliorum
3171 5634 3292 5702 Dei,
3320 5629 3460 5690 utet
3485 5635 3592 5705 ipsi
3631 5635 3788 5694 inter

2191 5725 2332 5784 ﬁlios
2379 5725 2480 5792 Dei,
2531 5728 2856 5798 reveleutur.
2897 5726 3036 5794 Quia
3075 5727 3142 5800 si.
3163 5727 3342 5804 omnis
3383 5726 3628 5786 Ecclesia
3673 5729 3790 5784 hoc
