3978 6396
238 360 305 422 '13

230 487 524 550 exspectat,
572 485 898 544 credendum
947 501 1032 548 est
1077 493 1322 554 futurum
1353 517 1475 557 esse
1516 507 1660 574 quod
1704 522 1798 563 ex-

226 581 450 640 spectat.
486 573 834 645 Exspectatio
869 596 1177 657 exspectat,
1225 573 1581 663 frequentiam
1619 608 1791 657 notat.

220 662 541 720 Creaturam
593 680 751 725 vocat
793 670 1119 746 Eeclesiam,
1176 698 1300 737 nant
1338 679 1452 742 haec
1489 691 1796 757 specialiter

218 761 470 810 creatura
522 756 618 812 Dei
650 769 754 828 est,
784 778 950 833 quam
997 769 1162 825 etiam
1196 756 1548 843 justificando
1594 797 1791 839 novam

216 852 526 900 creaturam
580 846 835 907 fecitzret
878 857 1008 925 quia
1052 875 1220 917 causa
1261 865 1381 934 ejus
1425 868 1568 926 bona
1606 875 1792 930 omnia

207 1205 409 1274 medit,
463 1221 587 1279 post
642 1216 921 1273 modicum
974 1222 1171 1280 iterum
1228 1230 1462 1298 esuriet;
1516 1235 1562 1290 si
1615 1237 1780 1308 bibit,

206 1292 404 1350 iterum
474 1297 647 1367 sitiet,
689 1311 745 1358 et
806 1306 887 1362 sic
950 1309 1006 1365 in
1061 1316 1292 1372 caeteris.
1359 1317 1424 1376 Et
1448 1292 1459 1298 υ
1484 1324 1610 1393 quia
1665 1292 1783 1385 haec

202 1382 386 1438 omnia
443 1387 591 1444 videt
622 1407 782 1462 vana,
810 1396 933 1453 ideo
973 1413 1251 1471 exspectat
1275 1408 1379 1466 hoc
1419 1382 1518 1467 ubi.
1539 1417 1684 1473 nulla
1711 1421 1781 1474 sit

201 1474 457 1532 varietas.

267 1602 529 1679 Subjeeta
559 1614 777 1684 quidem
799 1628 886 1677 est
908 1624 1159 1694 vanitati,
1184 1630 1279 1685 sed
1305 1647 1409 1687 non
1434 1636 1628 1705 volens,
1645 1643 1777 1710 quia

893 377 1255 441 EXPOSITIO
1295 385 1362 441 ΙΝ
1398 386 1778 452 EPISTOLAS
1814 391 2040 456 PAULI.
2078 433 2147 443 —
2184 398 2250 459 IN
2287 404 2503 468 EPIST.
2541 415 2632 469 AD
2671 410 2835 478 ROM.

3393 438 3461 500 74

1827 512 1867 574 Α
1901 525 2100 583 corpus
2141 527 2389 576 nostrum
2438 525 2599 582 modo
2633 528 2851 602 fragile,
2899 538 3045 594 nulla
3089 549 3466 621 corrumpetur

1898 605 2273 663 mutabilitate.
2303 609 2404 666 Per
2435 613 2538 670 hoc
2566 621 2709 687 quod
2731 622 3261 702 dieit‘exspectantes,

1896 704 1955 745 se
1994 693 2060 748 de
2107 695 2288 754 futura
2341 701 2628 773 adoptione
2667 709 2840 781 loqui,
2870 693 3077 775 nonde
3104 693 3457 792 jam

1896 779 2027 835 Rem
2056 785 2199 840 enim
2238 787 2349 857 jam
2385 792 2629 851 habitam
2659 779 2769 856 non
2793 816 3191 875 exspectamus.
3216 812 3458 876 Creden-

1891 869 2021 924 dum
2047 882 2130 928 est
2151 876 2317 932 etiam
2356 878 2639 941 Christum
2682 869 3048 964 assumpsisse
3088 901 3209 957 ideo
3254 920 3457 978 corpus

2567 1051 2582 1053 ἡ
3095 1051 3108 1054 ,
3126 1051 3138 1054 ,
3153 1051 3169 1053 _
3184 1051 3197 1054 _
3216 1051 3448 1072 _-,_--.....

1890 1051 2027 1113 Vere
2051 1073 2452 1134 exspectamus,
2489 1073 2615 1141 quia
2645 1090 2795 1147 spem
2830 1082 3115 1143 habemus.
3161 1089 3297 1162 Spes
3348 1112 3453 1150 au-

1887 1156 1996 1205 tem
2038 1152 2142 1207 ista
2170 1171 2427 1228 magnum
2460 1158 2623 1220 habet
2651 1170 2930 1240 meritum,
2960 1192 3087 1234 nam
3125 1152 3308 1240 salvos
3348 1200 3451 1244 nos

1885 1238 2032 1296 facit.
2082 1241 2239 1309 Quod
2276 1248 2355 1303 sic
2388 1249 2483 1319 ait,
2527 1269 2637 1323 spe,
2678 1257 2732 1314 id
2764 1270 2850 1316 est
2893 1238 3089 1324 merito
3132 1274 3270 1342 spei,
3320 1277 3453 1346 quia

1882 1345 1996 1386 rem
2028 1333 2357 1393 invisibilem
2393 1349 2447 1396 et
2482 1338 2656 1400 etiam
2698 1350 3097 1423 incogitabilem
3135 1333 3453 1423 constanter

1882 1436 2189 1494 speramus,
2234 1429 2339 1485 hoc
2367 1434 2562 1489 merito
2604 1437 2739 1492 salvi
2779 1458 2978 1510 sumus,
3026 1456 3081 1503 et
3116 1450 3171 1505 in
3201 1453 3303 1509 hac
3354 1471 3450 1524 spe

1880 1510 2013 1579 {acti
2041 1530 2232 1573 sumus
2260 1519 2329 1575 ab
2354 1521 2483 1589 alio,
2528 1540 2638 1580 non
2666 1542 2696 1580 a
2736 1529 2914 1586 nobis.
2943 1531 3063 1589 Non
3105 1538 3250 1593 enim
3279 1539 3448 1613 fragi-

1878 1597 2004 1656 litas
2034 1612 2222 1659 nostra
2260 1607 2368 1664 nisi
2406 1609 2611 1681 Spiritu
2635 1625 2824 1672 sancto
2857 1619 3159 1679 confortata
3183 1597 3446 1698 speraret,

199 1698 363 1754 noua
390 1704 508 1771 pati
556 1706 675 1763 hac
707 1725 872 1779 vana,
912 1723 967 1770 et
1015 1690 1155 1775 "ce"
1183 1737 1294 1779 non
1342 1690 1777 1796 volelﬁ"t’a;;
1876 1690 2003 1759 quia
2029 1694 2364 1796 nescirem-et
2390 1701 2470 1756 sic
2504 1719 2605 1760 nec
2648 1708 2902 1764 meritum
2948 1712 3143 1770 salutis
3177 1716 3445 1789 haberet;

710 1799 723 1813 .
924 1807 935 1818 .
1072 1810 1084 1821 .
1150 1813 1162 1824 .
1418 1818 1429 1830 .
1538 1783 1584 1833 '.
1874 1794 1970 1850 spe
2012 1783 2145 1837 salvi
2177 1784 2305 1842 facti
2335 1805 2546 1859 sumus,
2574 1805 2787 1854 tantum
2832 1803 3087 1858 meritum
3127 1803 3290 1863 habet
3310 1825 3445 1867 vera

194 1801 406 1861 propter
432 1810 558 1851 eum
586 1810 821 1858 sustinet
844 1821 935 1875 qui
962 1809 1185 1879 subjecit
1228 1830 1346 1869 eam
1374 1818 1462 1874 his
1514 1836 1771 1893 miseriis,
1805 1840 1846 1901 η
1875 1885 2031 1911 ΜΝ,
2068 1876 2161 1911 ωδ
2196 1876 2282 1911 mn
2317 1896 2427 1911 um
2494 1883 2543 1911 ελ
2577 1894 2655 1911 Μ,
2695 1903 2780 1911 _“
2812 1899 3012 1911 um,‘
3160 1909 3165 1911 Α
3254 1899 3304 1911 ..
3346 1909 3353 1911 Α

194 1894 259 1911 nn
280 1882 483 1911 ἔθη-...ιιι
521 1903 620 1911 ---η
643 1891 787 1911 ._I_:_,
830 1894 846 1911 ι
1009 1899 1021 1911 ο
1098 1910 1102 1911 ν
1161 1901 1192 1911 η
1240 1906 1250 1911 -
1275 1906 1286 1911 -
1355 1909 1363 1911 ~
1440 1910 1445 1911 ν

193 1894 259 1935 ηε
278 1882 486 1940 uerum
518 1891 887 1959 superbiendo
907 1876 1128 1967 perita.
1150 1901 1389 1976 subjecit
1417 1910 1541 1967 dico
1684 1876 1774 1987 81;;
1807 1876 1846 1901 "
2061 1876 2178 1987 sed.
2189 1876 2283 1987 illa
2310 1896 2448 1987 spes,
2492 1883 2546 1938 id
2574 1894 2658 1941 est
2695 1903 2784 1987 res
2809 1899 3023 1987 sperata
3052 1909 3170 1987 quis
3216 1899 3444 1967 videtur,

192 1973 452 2042 positam,
478 1987 542 2033 ut
559 1995 712 2050 spem
738 1983 965 2044 haberet
987 1973 1421 2055 evadendi'hanc
1443 1973 1773 2075 vanitatem;

192 2060 242 2117 in
264 2080 356 2134 spe
375 2067 508 2124 dico
550 2070 674 2140 hac,
699 2076 848 2146 quia,
880 2079 935 2134 id
977 2090 1063 2138 est
1104 2086 1253 2155 quod
1293 2097 1355 2144 ut
1381 2089 1656 2164 Christus,

192 2156 351 2209 etiam
389 2159 517 2228 ipsa
556 2174 807 2222 creatura
861 2167 1176 2230 liberabitur
1220 2195 1253 2232 a
1296 2182 1544 2239 servitute
1582 2156 1779 2263 co'rrug

187 2245 396 2315 ptionis,
418 2250 479 2306 id
502 2262 587 2309 est
613 2258 1010 2331 variabilitatis,
1041 2267 1419 2328 transferenda
1456 2290 1487 2329 a
1511 2279 1769 2337 servitute

186 2336 238 2393 ia
257 2338 591 2413 libertatem,
615 2363 648 2403 a
671 2355 1021 2424 corruptione
1044 2358 1102 2413 in
1129 2358 1356 2430 gloriam
1377 2364 1616 2433 ﬁliorum
1643 2369 1763 2427 Dei.

187 2425 322 2486 Bene
341 2433 476 2488 dico
506 2452 611 2490 non
642 2441 815 2497 volens
843 2446 1080 2516 subjecta
1104 2460 1182 2509 est
1204 2466 1225 2505 :
1269 2469 1393 2508 nam
1426 2472 1527 2514 nos
1570 2462 1766 2518 scimus

185 2518 314 2587 quod
372 2525 554 2579 omnis
599 2538 866 2601 creatura,
910 2535 963 2590 id
1013 2548 1098 2592 est
1157 2538 1424 2611 Ecclesia,
1470 2546 1764 2618 ingemiscit

182 2607 360 2674 animo
400 2622 459 2666 et
511 2619 768 2688 parturit,
796 2622 851 2677 id
894 2634 980 2680 est
1023 2629 1265 2686 maximo
1308 2643 1509 2690 conatu
1525 2607 1771 2697 'laborat
1804 2682 1829 2699 ν

185 2704 462 2769 Operando
518 2714 982 2778 quemadmodum
1034 2708 1345 2789 parturiens
1407 2725 1646 2785 fructum
1696 2733 1764 2788 de

182 2791 359 2855 labore
386 2811 741 2870 exspectans.
767 2794 1011 2864 Parturit
1036 2812 1161 2868 dico
1180 2831 1343 2886 usque
1362 2820 1556 2887 adhuc,
1579 2823 1707 2893 quia
1728 2841 1773 2901 a_

181 2883 525 2958 primojusto
564 2908 787 2966 semper
823 2898 881 2954 in
930 2901 1118 2960 labore
1141 2968 1145 2972 μ
1167 2883 1551 2989 Ῑυίᾖ Εοε1θεὶεέ
1588 2883 1762 2984 usque

179 2975 243 3031 ad
280 2976 386 3034 hoc
422 2989 669 3053 tempus.
718 2988 981 3047 Creatura
1028 2995 1217 3067 utique
1246 2975 1602 3072 "ingemiscit,
1655 2975 1759 3063 rion

178 3066 337 3123 solum
384 3081 574 3128 autem
620 3075 719 3133 illa
762 3092 1035 3152 creatura,
1065 3066 1156 3141 sed
1195 3066 1360 3145 etiam
1415 3066 1635 3165 nosipsi,
1660 3098 1757 3166 qui
1812 3144 1815 3149 .

177 3160 332 3215 tantae
356 3160 656 3233 dignitatis
685 3184 878 3228 sumus
907 3175 1055 3244 quod
1079 3179 1246 3235 etiam
1275 3182 1351 3236 dii
1383 3198 1507 3241 esse
1530 3160 1753 3259 reputa—
1783 3186 1825 3249 C

178 3258 329 3303 mur:
375 3266 491 3307 nos
517 3255 646 3340 dico
670 3258 917 3319 habentes
937 3267 1206 3336 primitias
1238 3274 1478 3343 spiritus,
1521 3255 1649 3348 quia
1697 3279 1752 3335 in

173 3336 441 3405 primitiva
496 3325 742 3406 Ecclesia
792 3325 948 3422 prius
987 3359 1244 3416 omnibus
1264 3325 1343 3419 'et
1388 3325 1754 3426 abundantius

177 3424 436 3500 Spiritum
493 3448 747 3515 sanctum
787 3448 1123 3518 accepimus,
1171 3453 1542 3514 abundantius
1583 3461 1750 3517 etiam

171 3525 445 3624 prophetis
491 3530 595 3601 qui
635 3548 1070 3603 praecesserunt:
1099 3558 1210 3601 non
1239 3547 1387 3603 enim
1414 3565 1631 3621 semper
1654 3569 1751 3624 per

174 3607 428 3683 Spiritum
490 3632 742 3681 sanctum
799 3628 1205 3702 loquebantur,
1263 3638 1422 3709 quia'
1455 3607 1767 3714 aliquando.

169 3708 448 3769 recedebat
468 3710 711 3783 Spiritus
732 3730 958 3780 sanctus
978 3725 1048 3780 ab
1088 3725 1190 3794 eis,
1214 3736 1271 3784 et
1288 3708 1415 3800 qua:
1434 3708 1572 3790 falsa
1592 3746 1748 3793 erant
1816 3752 1823 3757 '

170 3801 536 3864 pradicebant
561 3825 575 3861 :
603 3807 718 3881 ω
759 3812 1053 3872 utNathan
1087 3821 1415 3893 quandoque
1439 3833 1495 3880 et
1512 3827 1745 3897 quidam

169 3890 289 3946 alii:
321 3897 419 3953 sed
453 3902 696 3968 apostoli
734 3920 1013 3978 nunquam
1060 3911 1259 3981 privati
1289 3890 1420 3971 sunt
1450 3890 1619 3975 semel
1648 3936 1743 3977 ac-

171 3992 313 4051 cepto
365 3986 587 4057 Spiritu
640 4006 850 4051 sancto.
904 3997 1125 4070 Nosipsi
1176 4003 1439 4063 habentes
1476 4009 1744 4079 primitias

168 4072 402 4167 spiritus,
433 4079 536 4148 qui
584 4081 721 4139 adeo
749 4085 899 4157 digni
929 4104 1143 4159 sumus,
1166 4094 1332 4151 etiam
1376 4072 1495 4167 ipsi.
1508 4099 1670 4156 iidem
1708 4118 1743 4159 a

170 4156 269 4216 Deo
295 4164 528 4240 fragiles
556 4189 768 4244 sumus,
802 4156 948 4249 quod
972 4156 1243 4253 gemimus
1282 4156 1737 4258 quemadmodum

166 4266 426 4319 aestiua.
484 4262 553 4319 Et
600 4282 670 4322 ne
712 4279 1038 4338 putarentur
1098 4292 1314 4347 gemere
1357 4285 1739 4353 compassione

171 4345 534 4422 subditorum,
565 4365 619 4412 et
646 4374 758 4416 non
800 4378 901 4433 pro
945 4380 1034 4433 se,
1066 4345 1396 4427 determinat
1422 4391 1435 4428 :
1468 4345 1736 4433 demimus

165 4430 276 4490 dico
302 4439 452 4497 intra
481 4460 597 4513 nos,
624 4446 681 4503 id
718 4430 817 4505 est
846 4430 1029 4522 pressi
1047 4459 1439 4517 tentationibus
1465 4478 1589 4533 qua;
1634 4481 1738 4521 nos

166 4532 491 4623 cpnturbant
513 4535 763 4603 interius.
797 4541 956 4601 Prius
983 4545 1106 4616 ipsi,
1143 4558 1270 4605 nota
1303 4558 1390 4606 est
1410 4532 1728 4623 dignitatis:

164 4610 383 4674 alterum
403 4623 543 4695 ipsi,
570 4624 898 4700 fragilitatis.
929 4610 1035 4689 Per
1057 4610 1163 4693 hoc
1182 4610 1733 4709 Apostolusumultum

164 4711 476 4806 consolatur
496 4714 818 4788 Ecclesiam,
844 4733 899 4779 et
919 4725 1113 4783 invitat
1136 4728 1204 4784 ad
1221 4732 1562 4801 patientiam,
1576 4737 1733 4806 quod

160 4789 279 4851 dicit
301 4804 596 4870 apostolos
617 4809 808 4873 eadem
837 4809 1127 4885 fragilitate
1147 4789 1318 4886 premi
1346 4836 1456 4890 qua

162 4886 239 4936 tur
282 4890 520 4948 subditi.
581 4893 779 4952 Subdit
800 4901 967 4956 etiam
1002 4919 1255 4974 magnam
1299 4886 1731 4970 consolationem

158 4986 306 5042 quam
338 4980 573 5051 habent,
612 4988 802 5044 dicens
828 5009 841 5045 :
870 4990 1139 5048 Geminius
1183 4997 1338 5063 dico,
1373 5011 1728 5071 exspectantes
1758 5032 1764 5041 ι

156 5066 485 5139 adoptionem
510 5077 752 5148 ﬁliorum
788 5081 921 5150 Dei,
972 5085 1027 5140 id
1056 5095 1140 5141 est
1188 5098 1248 5143 ut
1291 5066 1616 5161 adeptemur
1671 5095 1726 5150 in

157 5154 283 5216 ﬁlios
309 5162 429 5221 Dei.

215 5287 421 5363 Duplex
454 5299 732 5369 adoptatio
770 5310 894 5359 est:
939 5306 1115 5376 prima
1160 5324 1268 5378 qua
1309 5309 1452 5366 Deus
1500 5323 1719 5382 peccata

156 5379 369 5443 d'nuitrit
388 5400 449 5446 et
475 5393 778 5463 justitlcat;
804 5401 1043 5456 secunda
1078 5417 1185 5473 qua
1223 5405 1282 5458 in
1322 5379 1525 5460 aeterna
1556 5407 1724 5463 beati-

155 5476 330 5535 tudine
355 5494 584 5541 sanctos
631 5488 941 5545 coheredes
984 5491 1192 5549 faciens
1234 5495 1459 5563 Christi,
1489 5506 1587 5553 eos
1635 5517 1721 5555 re-

158 5574 415 5629 munerat.
449 5573 524 5630 De
564 5575 668 5631 hac
696 5587 879 5633 autem
929 5583 1169 5638 secunda
1214 5584 1394 5641 innuit
1422 5604 1481 5643 se
1515 5586 1718 5646 Paulus

159 5650 479 5729 intelligere,
523 5678 651 5722 eum
681 5670 795 5724 ait:
830 5670 1178 5744 AdOptionem
1220 5675 1374 5744 dico,
1426 5680 1477 5733 id
1513 5690 1597 5736 est
1638 5700 1719 5736 re-

160 5740 497 5816 demptionem
539 5761 773 5826 corporis
796 5740 986 5828 nostri,
1020 5763 1074 5819 id
1099 5772 1182 5820 est
1208 5765 1263 5820 in
1286 5740 1393 5839 qua
1430 5770 1717 5840 adoptione

509 5849 782 5913 PATROL.
818 5850 1025 5915 CLIII.

1863 1960 2121 2049 jamnon
2153 1975 2230 2020 est
2276 1985 2420 2038 spes,
2470 1988 2571 2028 nec
2616 1978 2730 2045 spei
2784 1960 3037 2038 meritum
3063 1960 3257 2043 habet.
3310 1989 3447 2060 Spes

1870 2053 2017 2106 enim
2061 2062 2147 2109 est
2187 2056 2255 2111 de
2306 2074 2365 2113 re
2394 2072 2516 2130 quae
2552 2078 2663 2118 non
2712 2067 2956 2125 videtur:
2992 2082 3050 2126 ut
3078 2076 3126 2129 si
3156 2091 3445 2145 speramus

1868 2141 2104 2212 aliquem
2126 2145 2284 2202 nobis
2312 2148 2566 2206 daturum
2590 2156 2899 2227 pecuniam,
2925 2159 3054 2216 illud
3075 2141 3224 2233 quod
3250 2183 3439 2239 spera-

1868 2242 2012 2299 mus,
2026 2236 2266 2291 uondum
2281 2239 2551 2308 videmus,
2570 2244 2777 2300 scilicet
2790 2262 2890 2302 uos
2912 2249 3112 2307 habere
3127 2258 3438 2324 pecuniam,

1866 2318 1964 2377 etsi
1994 2327 2278 2393 pecuniam
2315 2330 2485 2399 ipsam
2507 2333 2807 2393 videamus.
2835 2337 2931 2394 Rei
2965 2351 3148 2398 autem
3166 2361 3292 2416 quae
3320 2348 3437 2420 jam

1867 2412 2219 2472 habeturuon
2235 2429 2317 2474 est
2343 2438 2485 2491 spes,
2512 2426 2605 2480 sed
2621 2426 2735 2496 jam
2758 2443 2892 2486 usus
2914 2430 3163 2489 habetur.
3186 2412 3340 2495 Vere
3355 2441 3436 2496 rei

1863 2516 1986 2585 quae
2008 2503 2220 2561 videtur
2244 2525 2353 2564 non
2379 2520 2463 2567 est
2486 2529 2628 2583 spes,
2646 2531 2773 2569 nam
2804 2519 2944 2589 quod
2971 2521 3109 2577 videt
3132 2525 3278 2595 quis,
3301 2526 3440 2583 illud

1861 2580 2121 2660 quomodo
2142 2595 2223 2650 vel
2249 2612 2420 2667 quare
2447 2580 2661 2671 sperat?
2686 2580 2925 2662 Non'est
2950 2580 3185 2681 amplius
3211 2580 3441 2685 speran-

1861 2678 2015 2747 dum,
2069 2683 2165 2738 sed
2213 2700 2280 2740 eo
2331 2688 2615 2746 utendum.
2664 2690 2759 2748 Rei
2810 2711 2934 2765 quae
2968 2678 3180 2755 videtur
3212 2718 3326 2758 non
3354 2717 3442 2761 est

1860 2771 2088 2830 dicenda
2119 2793 2264 2848 spes,
2300 2780 2395 2835 sed
2428 2781 2474 2836 si
2498 2782 2630 2838 illud
2662 2786 2807 2856 quod
2830 2804 2939 2843 non
2966 2789 3216 2850 videmus
3244 2809 3435 2866 spera-

1858 2878 2003 2936 mus,
2036 2869 2291 2927 meritum
2333 2873 2497 2945 hujus
2539 2878 2654 2948 spei
2711 2878 2997 2939 habemus.
3052 2881 3190 2941 Nam
3251 2903 3438 2959 exspe-

1858 2966 2062 3013 ctamus
2114 2976 2228 3016 rem
2270 2974 2541 3033 speratam
2599 2984 2693 3038 per
2744 2974 3082 3044 patientiam,
3136 2972 3188 3033 id
3234 2987 3320 3033 est
3377 2979 3436 3034 in

1856 3049 2220 3117 exspectando
2259 3051 2526 3122 patienter
2573 3057 2756 3111 omnia
2811 3060 3130 3137 toleramus,
3157 3064 3431 3122 desiderio

1858 3137 1937 3194 rei
1967 3152 2129 3210 quam
2175 3158 2480 3213 speramus.
2531 3144 2599 3200 Et
2641 3146 2756 3202 haec
2804 3165 2951 3229 spes3
2990 3154 3135 3223 quae"
3158 3156 3296 3210 tanti
3348 3165 3434 3212 est

1857 3230 2068 3296 merizi,
2119 3247 2216 3301 per
2265 3231 2527 3303 Spiritum
2578 3246 2829 3293 sanetum
2866 3240 3114 3298 habetur.
3173 3242 3284 3301 Nec
3325 3246 3432 3304 hoc

1856 3306 2033 3372 selum
2063 3319 2157 3374 dat
2195 3321 2353 3377 nobis
2398 3320 2634 3393 Spiritus
2665 3335 2911 3396 sanctus,
2941 3330 3035 3385 sed
3065 3331 3230 3388 etiam
3275 3335 3431 3390 simi-

1853 3407 1997 3476 liter,
2027 3409 2081 3464 id
2108 3419 2193 3466 est
2226 3413 2367 3468 sicut
2396 3430 2568 3484 spem,
2589 3424 2645 3470 et
2669 3432 2764 3487 per
2790 3435 2942 3490 spem
2968 3423 3321 3492 patientiam:
3349 3427 3430 3483 sic

1851 3499 1995 3556 idem
2028 3502 2247 3572 spiritus
2287 3504 2505 3574 adjuvat
2560 3517 2796 3563 nostram
2842 3512 3229 3583 inﬁrmitatem.
3274 3513 3429 3574 Sicut

1849 3589 1998 3645 enim
2050 3591 2251 3647 inﬁrmi
2282 3593 2399 3650 sine
2438 3594 2643 3666 Spiritu
2693 3608 2882 3657 sancto
2927 3616 3175 3660 essemus
3203 3605 3259 3660 in
3308 3622 3423 3678 spe,

1848 3679 1930 3736 sic
1966 3681 2128 3736 etiam
2159 3680 2565 3741 infirmaremur
2614 3687 2669 3741 iu
2716 3692 2997 3759 oratione,
3052 3694 3158 3749 nisi
3202 3696 3424 3752 doceret

1847 3785 1948 3825 nos
1976 3771 2230 3842 Spiritus.
2282 3773 2422 3830 Vere
2467 3775 2703 3847 Spiritus
2750 3780 2973 3849 adjuvat
3016 3799 3115 3839 nos
3151 3785 3419 3844 inﬁrmos.

1848 3858 1991 3915 Nam
2045 3878 2137 3917 nos
2174 3866 2369 3919 scimus
2398 3867 2524 3936 quid
2547 3885 2773 3935 oremus,
2798 3871 2938 3924 sicut
2967 3873 3107 3927 seire
3129 3884 3342 3945 oportet
3368 3887 3426 3934 et

1842 3966 2024 4019 orare,
2056 3954 2263 4010 scimus
2313 3956 2533 4026 quidem
2585 3960 2860 4028 quomodo
2895 3977 3004 4016 non
3038 3972 3271 4034 oportet.
3309 3965 3421 4023 Nos

1842 4041 2031 4113 utique
2075 4045 2374 4115 nescimus,
2424 4047 2514 4103 sed
2558 4050 2667 4119 ipse
2707 4049 2945 4121 Spiritus
2972 4055 3228 4124 postulat,
3255 4056 3311 4114 id
3335 4067 3420 4114 est

1841 4135 2119 4204 postulare
2146 4152 2247 4192 nos
2292 4137 2424 4195 facit
2449 4147 2504 4194 et
2554 4140 2812 4197 insinuat.
2868 4142 3115 4200 Postulat
3152 4147 3276 4203 dico
3321 4166 3417 4219 pro

1840 4224 2009 4292 nobis,
2039 4227 2093 4280 id
2137 4236 2221 4283 est
2248 4230 2332 4285 vel
2371 4232 2488 4285 vice
2513 4232 2705 4297 nostri,
2735 4235 2817 4287 vel
2843 4250 3009 4290 causa
3037 4246 3240 4294 nostra:
3270 4240 3420 4294 utili-

1840 4316 2002 4373 tatis:
2048 4322 2328 4389 gemitibus
2382 4324 2847 4381 inenurrabilibus.
2887 4325 3133 4386 Gemitus
3172 4330 3293 4389 ideo
3333 4334 3418 4390 in-

1837 4410 2175 4466 enarrabiles
2199 4411 2351 4479 dicit,
2379 4414 2506 4484 quia
2528 4415 2630 4485 ipsi
2661 4419 3119 4488 contemplatorcs
3140 4423 3417 4480 nescirent

1768 4530 1809 4584 D
1837 4499 2129 4570 explicare,
2162 4517 2263 4558 nec
2290 4514 2544 4574 possent,
2595 4516 2731 4578 quot
2763 4517 2817 4563 et
2863 4512 3086 4581 quantis
3125 4513 3414 4571 desideriis

1831 4599 2085 4645 aestuant.
2112 4591 2192 4647 Ex
2222 4608 2288 4649 eo
2313 4597 2456 4665 quod
2484 4598 2687 4654 dictum
2719 4610 2824 4668 est,
2872 4600 3114 4672 Spiritus
3152 4606 3410 4675 postulat,

1825 4682 2047 4751 quidam
2095 4685 2148 4738 in
2201 4700 2418 4743 errores
2469 4689 2608 4761 lapsi
2664 4702 2831 4758 sunt,
2865 4695 3107 4749 dicentes
3148 4695 3410 4766 Spiritum

1826 4771 2095 4828 minorem
2137 4772 2298 4831 Patre
2348 4785 2403 4832 et
2445 4778 2605 4847 Filio,
2648 4785 2774 4852 quia
2807 4784 2900 4852 qui
2947 4785 3189 4854 postulat
3226 4788 3411 4843 minor

1827 4863 2151 4935 intelligitur
2190 4880 2256 4921 eo
2295 4882 2323 4920 a
2361 4882 2471 4938 quo
2518 4873 2786 4940 postulat;
2818 4874 3180 4930 curialitatem
3230 4875 3406 4946 Pauli,

1831 4961 2105 5009 vertentes
2146 4955 2209 5009 in
2261 4956 2534 5012 lueresim.
2585 4959 2737 5013 Sicut
2783 4962 2929 5015 enim
2974 4966 3069 5034 qui
3110 4967 3274 5023 modo
3303 4968 3407 5025 do-

1830 5042 2033 5096 cuisset
2080 5044 2317 5113 aliquem
2374 5063 2484 5116 quo
2527 5063 2724 5118 genere
2769 5050 3061 5121 loquendi,
3110 5064 3165 5112 et
3205 5058 3409 5128 quibus

1828 5132 2009 5188 verbis
2061 5134 2377 5204 loqueretur
2441 5153 2565 5193 eum
2624 5141 2898 5212 principe,
2954 5144 3043 5200 ille
3094 5160 3191 5216 per
3249 5148 3403 5205 illum

1833 5222 2154 5279 instructum
2216 5225 2488 5282 diceretur
2543 5230 2692 5301 loqui
2758 5234 2935 5289 eidem
3000 5238 3271 5311 principi:
3321 5240 3405 5297 sie

1829 5311 2066 5381 Spiritus
2097 5324 2339 5382 sanctus,
2368 5318 2496 5388 quid
2519 5328 2575 5374 et
2599 5324 2875 5392 quomodo
2922 5329 3263 5399 postulemus
3297 5347 3401 5387 nos

1824 5404 2066 5471 instruit,
2118 5414 2172 5462 et
2218 5423 2313 5478 per
2365 5424 2467 5465 nos
2520 5413 2816 5470 instructos
2867 5416 3066 5473 dicitur
3097 5421 3398 5490 postulare,

1823 5510 1932 5550 non
1968 5498 2143 5553 aliter.

1892 5586 2046 5654 ρυοά
2081 5605 2244 5661 supra
2270 5591 2405 5647 dixit
2433 5615 2445 5646 :
2481 5598 2759 5653 nescimus
2807 5612 2967 5655 orare
2997 5603 3133 5655 sicut
3169 5609 3391 5671 oportet,

1822 5680 1927 5734 hoc
1950 5681 2007 5736 in
2032 5683 2148 5752 ipso
2169 5694 2413 5756 apertum
2435 5697 2536 5752 est,
2552 5690 2645 5758 qui
2668 5700 2857 5745 contra
2883 5692 3109 5747 salutem
3140 5692 3391 5762 spiritum

1818 5770 1933 5843 49
1964 5771 2179 5830 Satanae
2209 5778 2384 5832 oravit
2407 5777 2609 5833 auferri
2635 5795 2664 5833 a
2690 5795 2749 5835 se
2771 5781 2958 5836 datum
2987 5782 3089 5837 sibi
3116 5783 3187 5837 ob
3207 5792 3366 5840 custo

3074 5875 3118 5940 3
