3978 6390
486 342 567 403 '75

1010 335 1085 395 ’5.
1129 334 1476 394 BRUNONIS
1509 322 2149 392 CARTHUSIANORUM
2191 325 2679 392 lNSTlTUTORlS
2714 334 2864 393 OPP.
2908 335 3089 393 PARS
3124 334 3187 392 ll.

3689 332 3759 393 ’16

478 449 641 517 diam
678 454 1029 522 humilitatis;
1074 471 1146 511 ne
1189 455 1321 526 quia
1370 461 1559 522 raptus
1600 458 1716 505 erat
1746 449 1810 504 ad
1853 448 2074 503 tertium
2104 460 2149 506 Α
2177 451 2324 519 tatis,
2361 462 2415 506 et
2440 453 2586 522 quod
2615 451 2739 507 inde
2762 453 2966 508 habent
2992 452 3085 507 alii
3112 450 3209 506 lilii
3236 450 3394 505 abeo
3415 449 3648 517 habent;
3678 450 3761 506 sic

494 553 718 619 caelum,
749 557 804 606 et
842 542 1093 604 audierat
1119 562 1243 617 quae
1280 560 1388 599 non
1424 542 1619 597 licebat
1658 540 1866 594 homini
1897 538 2069 608 loqui,

496 644 807 717 superbiret
832 662 845 698 :
870 642 967 698 sed
1003 656 1100 712 per
1149 639 1515 710 impellentem
1562 634 1931 706 fragilitatem,
1966 649 2071 703 pu-

497 731 929 788 sillanimitatem
954 728 1137 785 carnis
1170 727 1627 783 reminisceretur.
1676 722 1914 793 Spiritus
1946 737 2073 777 san-

496 831 619 878 ctus
649 833 870 891 sperare
897 836 999 875 nos
1028 818 1177 885 facit,
1203 832 1360 872 orare
1390 831 1490 869 nos
1527 812 1707 878 docet,
1740 820 1794 867 et
1824 811 2073 867 exaudiri

495 920 600 967 nos
626 907 775 965 facit.
805 909 963 976 Quod
990 909 1070 964 sic
1085 908 1165 970 ‘ait
1189 925 1201 959 :
1227 902 1459 973 Spiritus
1482 902 1716 972 postulat
1741 917 1758 954 :
1781 902 1869 956 ille
1898 910 2076 955 autem

492 1000 586 1070 qui
616 1003 892 1055 scrutatur
927 997 1106 1062 corda,
1158 996 1211 1049 id
1256 1004 1342 1048 est
1370 988 1535 1059 Deus,
1566 991 1688 1057 scit,
1719 992 1772 1047 id
1802 1000 1887 1047 est
1920 1007 2075 1047 com-

494 1088 606 1158 plet
647 1098 702 1144 et
741 1088 1006 1158 approbat
1033 1082 1169 1154 quod
1212 1078 1505 1148 desiderat,
1538 1081 1592 1135 id
1627 1094 1712 1136 est
1764 1081 2076 1137 desiderare

495 1187 598 1233 nos
635 1177 766 1234 facit
810 1176 1040 1246 Spiritus
1082 1181 1327 1228 sanctus.
1375 1169 1645 1235 Scitideo
1679 1169 1804 1241 quia
1839 1168 2077 1240 Spiritus

493 1268 732 1336 postulat
763 1266 1045 1321 secundum
1085 1263 1277 1329 Deum,
1324 1262 1377 1317 id
1408 1269 1493 1317 est
1526 1262 1684 1316 docet
1711 1276 1812 1316 nos
1840 1259 2077 1330 Spiritus

493 1358 768 1429 postulare
799 1356 946 1426 quod
976 1355 1087 1410 Deo
1113 1354 1317 1408 bonum
1350 1363 1433 1408 est
1457 1352 1775 1408 concedere.
1828 1348 2076 1405 Postulat

499 1449 616 1503 dico
648 1464 746 1518 pro
777 1448 1000 1513 sanctis,
1054 1446 1109 1500 id
1137 1454 1220 1500 est
1263 1444 1349 1498 vel
1392 1444 1510 1499 vice
1537 1444 1621 1498 vel
1658 1459 1825 1499 causa
1861 1452 2079 1498 sancto-

508 1551 635 1595 rum.
664 1538 949 1593 Scrutatur
968 1537 1043 1590 ab
1082 1546 1147 1590 ea
1185 1530 1541 1590 similitudine
1576 1532 1781 1589 dictum
1811 1543 1914 1601 est,
1948 1535 2078 1605 quia

501 1628 952 1699 Quemadmodum
975 1625 1085 1693 ille,
1116 1626 1209 1696 qui
1229 1624 1402 1680 multo
1429 1626 1692 1680 scrutinio
1711 1640 1826 1680 rem
1852 1626 2077 1681 investi-

492 1731 605 1790 gat,
630 1722 824 1777 melius
847 1737 962 1775 rem
986 1722 1159 1791 ipsam
1180 1716 1495 1788 cognoscit;
1522 1719 1600 1774 sic
1632 1716 1777 1774 Deus
1800 1735 1907 1774 non
1930 1719 2078 1789 quod

493 1812 794 1867 imitando
832 1811 1059 1877 laboret,
1088 1811 1182 1867 sed
1214 1806 1371 1880 quasi
1403 1819 1676 1865 scrutator
1700 1819 1754 1865 et
1775 1811 1934 1881 longe
1956 1826 2075 1866 me-

492 1900 609 1962 lius
630 1903 840 1957 occu1ta
862 1901 1107 1957 cordinm
1129 1902 1295 1955 novit.
1323 1897 1438 1954 Non
1463 1902 1639 1956 solum
1670 1895 1905 1970 Spiritus
1926 1906 2076 1970 spem

490 1997 604 2055 dat,
631 2006 786 2045 orare
810 1991 1336 2056 insinuat,exaudiri
1364 1990 1513 2057 facit,
1540 1991 1632 2045 sed
1663 2001 1717 2044 et
1737 2004 2076 2059 quascunque

487 2084 751 2149 prospera
784 2072 867 2134 vel
894 2079 1121 2158 adversa
1148 2081 1468 2150 contingant
1509 2080 1733 2146 sanctis,
1775 2081 1961 2135 omnia
1994 2077 2076 2134 fa-

486 2166 564 2227 cit
598 2170 687 2226 ille
716 2184 839 2226 esse
871 2170 941 2226 ad
971 2167 1196 2225 bonum.
1233 2164 1436 2225 Littera
1469 2170 1548 2225 sic
1575 2170 1822 2241 jungitur
1855 2188 1867 2225 :
1906 2164 2077 2225 Orare

488 2262 630 2314 sicut
655 2270 855 2330 oportet
877 2276 973 2330 per
998 2276 1100 2316 nos
1130 2262 1410 2326 nescimus,
1439 2260 1545 2315 hoc
1571 2271 1751 2314 autem
1782 2275 1878 2329 per
1905 2259 2077 2330 Spiri-

492 2357 608 2403 tum
639 2359 887 2405 sanctum
921 2351 1138 2417 scimus,
1168 2351 1418 2420 quoniam
1442 2351 1585 2405 idem
1617 2349 1857 2419 Spiritus
1887 2364 2075 2420 coope-

492 2444 646 2494 ratur
664 2440 862 2507 omnia,
895 2455 991 2497 seu
1013 2455 1275 2511 prospera
1292 2456 1390 2496 seu
1419 2440 1667 2508 adversa;
1696 2441 1754 2495 in
1781 2441 1993 2507 bonum,
2020 2440 2077 2497 id

489 2538 577 2587 est
604 2532 674 2587 ad
701 2532 990 2587 utilitatem
1013 2540 1349 2589 sanctorum.
1383 2516 1479 2586 vel
1502 2534 1681 2587 omnia
1725 2542 2076 2602 cooperantur

489 2637 523 2677 a
552 2621 759 2692 Spiritu
787 2631 979 2680 sancto
1002 2624 1059 2677 in
1100 2622 1313 2689 bonum,
1343 2632 1403 2679 ut
1444 2623 1661 2693 passive
1688 2624 1965 2691 dicamus;
1990 2623 2075 2679 vel

489 2712 549 2768 iu
578 2710 756 2769 activo
791 2727 959 2770 sensu
981 2715 1160 2769 omnia
1192 2724 1539 2784 cooperantur
1577 2715 1632 2768 in
1662 2715 1874 2781 bonum,
1900 2723 1955 2769 et
1982 2715 2077 2769 ite-

488 2818 613 2859 rum
638 2819 736 2875 per
760 2803 1024 2875 Spiritum
1056 2813 1329 2861 sanctum.
1362 2804 1640 2861 Sententia
1668 2819 1777 2861 non
1806 2814 2072 2889 mutatur,

488 2903 841 2965 coeperantur
862 2896 985 2952 dico
1003 2896 1343 2968 diligentibus
1355 2895 1659 2964 Deum,nec
1675 2897 1770 2967 qui
1785 2897 2075 2953 mododili-
2119 2890 2151 2927 θ
2179 2901 2289 2955 snit
2315 2901 2466 2955 illum
2498 2900 2821 2956 tradendum
2847 2900 2915 2954 ad
2935 2907 3166 2954 mortem
3187 2914 3283 2969 pro
3308 2896 3548 2951 omnibus
3570 2896 3778 2952 electis

487 2997 637 3055 gant,
652 2988 816 3042 modo
837 2986 1112 3057 peccando
1128 2987 1335 3055 odiaut,
1362 2987 1455 3044 sed
1467 2988 1571 3053 his,
1590 2988 1642 3043 id
1656 2996 1744 3043 est
1756 2987 2072 3059 hujusmodi

2172 550 2227 596 et
2253 541 2507 597 Christus
2540 541 2807 598 Dominus
2831 552 2917 598 est
2962 544 3020 597 in
3058 543 3163 597 hac
3202 526 3539 607 haereditate,
3565 549 3622 595 et
3643 540 3744 611 qui

2174 648 2389 703 cunque
2411 634 2617 703 aliquid
2646 634 2773 689 inde
2794 634 3018 699 habent,
3044 633 3114 687 ab
3149 647 3215 687 eo
3235 639 3293 685 et
3311 647 3408 702 per
3428 646 3559 686 eum
3584 638 3766 686 totum

2174 723 2392 779 habent.
2447 724 2655 780 Dicitur
2696 725 2860 779 etiam
2915 723 3317 795 primogenitus
3372 729 3763 789 mortuorum,

2174 815 2303 886 quia
2336 815 2545 885 primus
2575 816 2877 872 resurrexit
2906 833 2937 870 a
2964 814 3217 881 mortuis,
3270 814 3436 869 etiam
3466 814 3613 869 sicut
3635 826 3767 867 cum

2176 923 2243 962 eo
2289 906 2734 977 incorruptibiles
2775 908 3147 985 resurrexissc
3202 905 3499 961 credantur
3534 905 3768 975 quidam

2177 998 2373 1053 sancti.
2402 996 2459 1053 Si
2503 1000 2599 1069 qui
2629 1007 2813 1055 autem
2865 1014 2964 1070 per
2996 998 3278 1054 Christum
3317 997 3567 1054 suscitati
3612 1004 3767 1062 sunt,

2177 1100 2287 1160 non
2316 1096 2672 1143 surrexerunt
2698 1104 2731 1143 a
2775 1088 3032 1154 mortuis,
3066 1087 3198 1157 quia
3232 1086 3429 1142 iterum
3477 1083 3767 1141 morituri.

2246 1175 2356 1233 Nec
2383 1178 2561 1233 solum
2592 1179 2884 1249 praescivit,
2915 1179 3009 1234 sed
3036 1194 3166 1249 quos
3206 1176 3631 1247 prwdestinauit,
3668 1175 3771 1229 hos

2176 1256 2339 1321 etiam
2370 1268 2605 1321 vocavit:
2631 1269 2781 1337 quia,
2818 1277 3109 1338 postquam
3138 1267 3430 1337 inspiravit
3454 1279 3574 1333 eos,
3601 1280 3773 1321 vocab

2180 1367 2328 1413 tores
2355 1358 2603 1414 adhibuit
2636 1358 2868 1414 interius
2900 1358 3243 1429 praeparatis,
3274 1371 3510 1427 quorum
3546 1355 3773 1411 vocatio

2180 1447 2384 1504 frustra
2413 1460 2581 1517 esset,
2617 1449 2724 1505 nisi
2767 1449 2995 1519 spiritus
3040 1457 3359 1519 operaretur
3405 1446 3656 1501 interius.
3696 1444 3772 1498 Et

2178 1558 2306 1613 quos
2337 1541 2559 1608 vocavit,
2589 1542 2682 1595 hos
2712 1542 2875 1595 etiam
2908 1540 3252 1610 justi/ienuit,
3282 1537 3608 1593 remittendo
3631 1550 3772 1607 pec-

2179 1622 2323 1697 cata,
2353 1629 2695 1685 infundendo
2730 1628 2983 1700 gratiam.
3016 1627 3159 1694 Quos
3202 1636 3377 1682 autem
3414 1627 3773 1697 justiﬁcaeit,

2179 1721 2301 1775 illos
2326 1722 2489 1775 etiam
2523 1720 2883 1791 magniﬁcabit
2909 1720 2965 1773 in
2992 1718 3198 1785 futuro,
3215 1717 3437 1788 quando
3458 1729 3775 1788 conregna-

2109 1773 2154 1833 Β
2179 1813 2315 1867 bunt
2340 1827 2547 1867 secum.
2600 1773 2714 1867 ὕει’
2739 1810 3108 1882 magniﬁcavit
3137 1773 3439 1865 secundum
3474 1773 3773 1863 cenitudid

2180 1918 2305 1958 nem
2326 1901 2523 1958 futurze
2548 1902 2627 1957 rei
2649 1902 2867 1967 dicit,et
2896 1901 3195 1956 secundum
3219 1898 3508 1969 quosdam,
3536 1898 3644 1969 50
3667 1900 3774 1969 qui

2174 1993 2289 2063 jam
2309 2009 2435 2049 cum
2457 1991 2570 2048 Deo
2590 2001 2839 2063 regnant,
2868 2000 3134 2061 quantum
3156 1990 3224 2044 ad
3243 1990 3474 2049 animas.
3503 1989 3777 2056 Quandoa

2178 2085 2400 2153 quidem
2446 2082 2590 2138 Deus
2636 2084 2838 2153 electos
2881 2097 3011 2138 suos
3057 2082 3350 2153 praescivit,
3407 2082 3773 2151 praeparavﬂ,

2173 2173 2513 2244 justiﬁeavit,
2539 2182 2594 2229 et
2620 2173 2689 2228 ad
2721 2174 2976 2227 ultimum
3021 2172 3413 2243 magniﬁcabit,
3466 2187 3589 2242 ergo
3631 2168 3775 2241 quid

2178 2264 2412 2318 dicemus
2435 2265 2504 2318 ad
2532 2263 2682 2319 lucc?
2707 2262 2875 2319 Estne
2901 2263 3107 2333 aliquid
3150 2262 3297 2333 quod
3330 2261 3608 2317 contraire
3629 2276 3775 2331 pos-

2179 2355 2251 2411 sit
2272 2356 2398 2410 huic
2429 2355 2626 2410 divina:
2649 2355 3031 2425 dispositioni?
3050 2353 3255 2410 Contra
3283 2354 3387 2408 hoc
3409 2353 3598 2423 utique
3623 2348 3776 2407 nihil

2178 2455 2359 2516 potest
2393 2433 2522 2513 dici,
2550 2447 2680 2518 quia
2708 2445 2853 2503 Deus
2877 2454 2964 2501 est
2989 2460 3090 2517 pro
3114 2444 3293 2511 nobis,
3333 2444 3456 2499 etsi
3493 2442 3637 2496 Deus
3666 2457 3774 2512 pro

2180 2538 2350 2605 nobis,
2374 2540 2490 2609 quis
2518 2544 2698 2609 potest
2717 2552 2841 2593 esse
2864 2544 3050 2592 contra
3078 2552 3169 2590 nos
3185 2536 3211 2590 .9
3233 2535 3369 2602 Quis
3396 2541 3578 2606 potest
3601 2547 3775 2589 ever-s

2178 2636 2314 2694 tere,
2344 2643 2413 2683 ne
2439 2628 2752 2698 perﬁciatur
2779 2627 2927 2698 quod
2974 2626 3120 2682 Deus
3153 2626 3222 2681 de
3244 2625 3403 2681 nobis
3424 2623 3777 2696 praeordina-

2177 2719 2275 2773 vit.
2311 2717 2450 2774 Vere
2483 2718 2628 2775 Deus
2649 2728 2733 2774 est
2770 2734 2871 2789 pro
2893 2717 3072 2773 nobis.
3104 2715 3240 2770 Nam
3284 2715 3400 2786 ipse
3429 2723 3514 2770 cst
3538 2715 3632 2784 qui
3659 2727 3776 2768 non

2177 2812 2406 2880 pepercit
2435 2811 2600 2865 etiam
2643 2808 2788 2864 Filio
2818 2826 2936 2877 suo,
2967 2809 3057 2863 sed
3086 2808 3332 2874 tradidit,
3362 2807 3416 2862 id
3445 2815 3531 2862 est
3565 2806 3775 2876 dispo-

2180 2992 2315 3048 suis.
2352 2990 2420 3047 Et
2469 3007 2594 3047 cum
2636 3006 2751 3046 rem
2788 2999 2900 3046 tam
2944 2988 3213 3045 difﬁcilem
3255 2988 3467 3055 iecerit,
3498 2988 3644 3042 sicut
3680 2995 3778 3042 est

486 3074 828 3172 ἀίιίθεξιτίὺαε
875 3074 966 3172 qui
1008 3091 1040 3130 a
1087 3075 1198 3131 Deo
1229 3078 1397 3131 υυεαοὶ
1434 3089 1587 3172 sunt;
1620 3076 1688 3172 ad
1718 3077 1822 3172 huc
1862 3085 1939 3172 ιιι-
1965 3076 2075 3132 Sim
2100 3107 2148 3172 ο
2179 3084 2377 3139 Filium
2402 3098 2513 3155 prae
2546 3083 2801 3139 omnibus
2836 3082 2960 3137 ﬁliis
2980 3082 3207 3137 charum
3232 3080 3444 3135 tradere
3468 3079 3632 3134 morti
3660 3094 3776 3149 pro

482 3166 657 3220 sancti
681 3182 698 3221 :
719 3174 774 3223 et
796 3165 927 3237 quia
951 3183 1059 3222 non
1088 3183 1278 3222 «mnes
1306 3168 1483 3224 vocati
1517 3168 1694 3235 electi,
1721 3168 1997 3239 adjungit:

570 3254 755 3311 Vocati
777 3258 900 3313 dico
924 3259 1207 3313 secundum
1231 3260 1559 3330 propositum
1586 3261 1939 3329 praescientia:
1953 3260 2071 3329 Dei,

489 3364 614 3420 qua:
655 3349 805 3405 nullo
844 3349 1006 3404 modo
1044 3359 1223 3419 potest
1252 3350 1553 3407 immutari.
1592 3347 1731 3406 Vere
1769 3353 2072 3408 secundum

432 3478 436 3482 ι
491 3442 832 3513 propositum
874 3443 1056 3497 vocati
1085 3450 1234 3510 sunt,
1270 3451 1324 3497 et
1365 3443 1550 3498 omnia
1579 3452 1944 3513 cooperantur
1968 3445 2075 3501 illis

490 3536 547 3589 in
576 3534 799 3589 bonum.
836 3530 978 3587 Nam
1009 3532 1151 3589 Deus
1179 3535 1451 3603 praescivit
1490 3549 1587 3589 eos
1625 3535 1694 3589 ab
1735 3543 1939 3589 aeterno
1969 3522 2089 3591 sibi

492 3618 813 3678 idoneos'et
853 3622 1118 3677 electione
1150 3621 1362 3691 dignos.
1417 3620 1480 3676 Et
1524 3622 1651 3691 quia
1696 3622 1959 3691 prtescivit
2006 3623 2076 3678 ab

489 3722 713 3779 aeterno,
748 3711 1145 3783 prwdestinavit
1179 3712 1342 3764 etiam
1373 3726 1489 3777 eos,
1529 3710 1583 3765 id
1631 3720 1717 3765 est
1751 3712 2076 3781 praeparavit

490 3805 548 3858 in
587 3813 825 3874 tempore
862 3817 1127 3874 congruo.
1180 3800 1305 3857 Hzec
1349 3800 1672 3871 praeparatio
1726 3801 1829 3857 fuit
1872 3804 2076 3858 oblatio

490 3895 698 3966 gratiae,
749 3903 803 3949 et
853 3894 1066 3948 interna
1101 3892 1385 3963 aspiratio.
1422 3892 1725 3959 Prtescivit,
1777 3894 1976 3963 inquit,
2024 3903 2075 3948 et

488 3970 879 4056 praedestinavit
914 3984 1031 4053 ﬁeri
1074 3981 1387 4053 conformes,
1427 3984 1480 4038 id
1504 3992 1591 4038 est
1618 3984 1922 4039 imitatores
1947 3984 2080 4040 imae

490 4074 654 4147 ginis,
691 4074 747 4129 id
783 4083 867 4129 est
896 4074 1152 4143 puritatis
1178 4074 1280 4144 ﬁlii
1309 4074 1424 4143 ejus
1447 4090 1465 4127 :
1488 4076 1617 4144 quia
1652 4075 1708 4128 in
1738 4074 1842 4131 hoc
1871 4076 2077 4131 mundo

489 4181 588 4237 per
611 4165 901 4236 puritatem
932 4165 1107 4220 solam
1134 4166 1336 4221 imitari
1364 4166 1491 4221 licet
1531 4166 1731 4222 Filium
1768 4165 1885 4234 Dei,
1912 4183 2076 4238 quem

490 4257 549 4312 in
578 4256 765 4313 futuro
789 4274 885 4328 per
918 4259 1181 4329 majorem
1205 4257 1497 4328 puritatem
1523 4266 1579 4314 et
1599 4258 2077 4315 invariabilitatem

489 4348 854 4405 imitabantur
899 4349 1092 4405 sancti.
1140 4348 1255 4405 Hoc
1301 4357 1483 4404 autem
1513 4350 1581 4405 de
1606 4350 1791 4405 divina
1834 4350 2077 4405 essentia

2180 3174 2362 3241 nobis,
2396 3175 2675 3244 quomodo,
2703 3173 2755 3227 id
2784 3181 2868 3227 est
2901 3187 3008 3243 qua
3031 3172 3370 3226 rationemon
3399 3170 3559 3244 etiam
3585 3168 3774 3221 dona—

2176 3263 2253 3316 bit
2297 3241 2447 3316 nobis
2475 3263 2653 3316 omnia
2687 3277 2809 3332 quae
2850 3241 3061 3316 restant
3083 3299 3097 3326 ,
3142 3275 3266 3314 cum
3303 3241 3562 3313 illo.Filio
3591 3269 3774 3328 quem

2174 3354 2335 3426 longe
2389 3354 2695 3408 chariorem
2745 3353 2895 3407 omni
2946 3367 3006 3406 re
3052 3351 3262 3417 habuit,
3293 3364 3457 3421 quem
3495 3348 3662 3403 nobis
3713 3349 3774 3403 in

2175 3447 2408 3501 articulo
2437 3446 2630 3501 mortis
2652 3444 2836 3501 dedit?
2887 3443 3007 3498 Non
3035 3452 3120 3498 est
3158 3441 3513 3507 credendum,
3554 3447 3618 3494 ut
3660 3438 3773 3511 qui

2175 3535 2375 3591 Filium
2397 3536 2563 3600 dedit,
2591 3550 2713 3605 quae
2737 3535 2951 3588 minora
2974 3541 3103 3589 sunt
3126 3530 3264 3587 Filio
3278 3531 3437 3586 nobis
3458 3537 3776 3601 negaturus

2176 3624 2265 3680 sit.
2299 3623 2365 3678 Et
2386 3623 2827 3694 quandoquidem
2860 3621 3006 3676 Dens
3042 3635 3145 3675 nos
3169 3619 3307 3674 adeo
3335 3618 3546 3682 dilexit,
3574 3626 3639 3672 ut
3668 3617 3773 3673 Fid

2175 3715 2307 3770 lium
2345 3716 2582 3770 traderet
2610 3730 2704 3784 pro
2740 3712 3044 3783 nobis,quis
3065 3712 3181 3782 jam
3207 3710 3479 3764 accusabit
3503 3709 3773 3764 adversus

2176 3820 2279 3877 nos
2319 3805 2507 3859 electos
2544 3804 2681 3859 Dei?
2732 3804 3008 3859 Accusare
3054 3811 3139 3857 est
3186 3801 3451 3857 adversus
3496 3800 3770 3867 electum,
3848 3818 3855 3821 “

2175 3893 2450 3966 quomodo
2504 3897 2851 3951 subvertatur
2901 3894 3231 3964 disponere,
3290 3892 3772 3963 quemadmodum

2178 3987 2344 4042 Satan
2377 3987 2568 4042 videns
2595 3986 2696 4042 Job
2726 3988 2782 4041 in
2811 3985 3045 4041 terrenis
3084 3985 3385 4051 abundare,
3431 3983 3559 4054 quia
3587 3984 3646 4037 in
3671 3983 3773 4039 his

2176 4078 2386 4151 putavit
2430 4077 2534 4133 Job
2577 4087 2759 4134 mente
2800 4077 3050 4143 detineri,
3081 4076 3449 4147 pertractahat
3475 4074 3625 4145 quod
3668 4090 3771 4130 res

2175 4173 2295 4243 ejus
2319 4170 2662 4227 demoliendo
2686 4170 2958 4241 justitiam
2986 4170 3109 4240 ejus
3138 4184 3237 4239 per
3259 4166 3659 4238 impatientiam
3694 4167 3775 4221 de

2176 4263 2378 4318 damno
2401 4276 2584 4317 rerum
2606 4261 2911 4316 venientem
2932 4260 3264 4316 destrueret:
3280 4260 3375 4315 sed
3395 4259 3525 4330 quia
3545 4256 3771 4313 electus

2178 4359 2296 4406 erat
2326 4349 2448 4416 Job,
2480 4349 2646 4405 Satan
2671 4365 2779 4405 non
2807 4349 3002 4420 potuit.
3030 4349 3073 4403 A
3095 4350 3365 4420 principio
3383 4348 3530 4405 enim
3550 4361 3619 4401 ex
3643 4358 3771 4416 quo

492 4438 613 4495 Filii
641 4441 896 4508 dicimus;
910 4440 1039 4511 quia
1065 4439 1110 4497 si
1138 4456 1237 4511 per
1262 4440 1368 4495 hoc
1380 4438 1575 4495 Filium
1602 4439 1807 4496 aPatre
1824 4442 2074 4496 videmur
2105 4439 2151 4499 D
2174 4441 2313 4495 dixit
2340 4459 2352 4493 :
2385 4437 2593 4494 Ponam
2626 4438 2811 4495 sedem
2843 4453 3020 4494 meam
3047 4438 3116 4494 ad
3152 4435 3613 4509 aquilonem(lsa.
3642 4451 3769 4503 11v,

491 4532 883 4600 diversilicare,
915 4532 1045 4603 quia
1074 4532 1308 4587 dicimus
1336 4531 1629 4602 imaginem
1658 4531 1804 4598 Filii,
1846 4548 2070 4602 respon-

491 4624 685 4680 demus
715 4624 862 4695 quod
893 4625 948 4678 in
995 4623 1300 4679 substantia
1325 4623 1545 4694 quidem
1579 4638 1675 4693 per
1703 4623 1888 4677 omnia
1923 4623 2069 4678 idem

491 4726 640 4784 sunt,
681 4716 777 4773 sed
814 4717 869 4771 in
904 4715 1157 4786 personis
1194 4723 1279 4769 est
1321 4715 1573 4770 varietas.
1627 4713 1693 4769 Et
1740 4714 1797 4768 in
1828 4729 1895 4768 eo
1922 4714 2069 4783 quod

494 4806 651 4864 Pater
680 4809 798 4863 sine
825 4806 1115 4878 principio,
1159 4821 1269 4861 non
1314 4806 1383 4859 ah
1428 4805 1536 4860 alio
1563 4823 1575 4858 :
1601 4804 1774 4859 Filius
1820 4813 2000 4858 autem
2035 4819 2069 4859 a

495 4899 652 4955 Patre
678 4899 1002 4968 principium
1034 4898 1215 4964 habet,
1247 4897 1370 4954 licet
1396 4912 1609 4966 semper
1640 4895 1803 4951 fuerit
1824 4910 1949 4950 cum
1974 4893 2073 4949 Pa-

495 5000 597 5056 tre,
635 4998 689 5044 et
720 4992 799 5045 sic
827 4991 895 5044 ab
914 4989 1041 5044 alio.
1062 4989 1118 5044 Si
1140 4998 1324 5044 autem
1345 4988 1644 5044 secundum
1675 4986 2071 5042 humanitatem

495 5082 561 5137 de
587 5080 806 5137 Christo
848 5082 939 5137 hic
979 5083 1210 5152 agimus,
1248 5096 1490 5152 congrue
1519 5079 1802 5150 sequentia
1835 5094 2070 5135 consen-

494 5174 657 5240 tiunt,
679 5187 803 5243 qua:
829 5174 1129 5229 secundum
1155 5186 1375 5227 carnem
1396 5173 1463 5228 de
1477 5173 1699 5228 Christo
1721 5172 2069 5227 solummodo

494 5248 683 5337 agunt,
712 5272 767 5320 et
793 5264 1035 5321 dicemus
1068 5282 1081 5318 :
1111 5263 1294 5317 Simus
1327 5261 1638 5318 conformes
1673 5263 1927 5334 imaginis
1971 5262 2067 5317 ﬁlii

492 5356 636 5427 ejus,
671 5363 731 5410 ut
771 5353 1046 5424 quomodo
1090 5354 1146 5407 in
1200 5352 1438 5407 novitate
1478 5354 1703 5422 spiritus
1749 5353 2068 5419 ambulavit,

490 5446 575 5503 sic
600 5454 653 5501 et
681 5461 780 5501 nos
814 5442 1175 5500 ambulemus.
1213 5442 1291 5498 Ita
1331 5454 1511 5499 tamen
1537 5444 1851 5499 contormes
1876 5460 2070 5500 secun-

494 5540 627 5595 dum
653 5546 941 5607 utramque
977 5536 1304 5593 sententiam
1334 5555 1347 5589 :
1373 5544 1432 5589 ut
1477 5536 1586 5604 ipse
1632 5534 1805 5589 Filius
1845 5536 1915 5589 sit
1949 5536 2064 5604 pri-

492 5632 785 5702 mogenitus
826 5631 885 5687 in
937 5629 1116 5684 multis
1165 5629 1446 5699 fratribus,
1506 5637 1565 5683 ut
1606 5626 2063 5697 quemadmodum
2100 5658 2107 5663 υ

490 5721 886 5794 primogenitus
927 5720 1099 5776 Filius
1136 5718 1402 5776 Dominus
1439 5727 1522 5775 est
1560 5727 1795 5787 paternae
1837 5714 2064 5771 haeredi-

2173 4532 2285 4601 15),
2312 4546 2526 4601 semper
2548 4531 2816 4586 laboravit
2861 4530 3143 4586 destruere
3177 4544 3405 4601 regnum
3433 4528 3663 4594 Christi,
3706 4529 3769 4581 in

2172 4637 2283 4693 quo
2311 4621 2490 4677 adhuc
2516 4622 2658 4677 male
2678 4632 3008 4692 perseverat.
3044 4621 3305 4677 Diabolus
3326 4621 3446 4676 vult
3472 4633 3768 4686 accusare,

2173 4715 2267 4769 sed
2296 4729 2407 4769 non
2444 4723 2638 4783 potest,
2664 4713 2811 4770 Deus
2843 4724 3026 4770 autem
3067 4722 3265 4784 potest,
3301 4712 3397 4779 sed
3445 4725 3556 4767 non
3599 4710 3768 4765 vult:

2172 4803 2313 4858 Deus
2348 4804 2493 4859 enim
2520 4814 2599 4859 est
2625 4807 2714 4875 qui
2738 4805 3027 4874 justi/ient.
3065 4803 3196 4869 Quis
3218 4812 3297 4859 est
3317 4803 3485 4858 etiam
3514 4801 3605 4871 qui
3633 4816 3774 4856 cott-

2173 4895 2381 4949 demnet
2411 4894 2601 4949 electos
2632 4896 2768 4950 Dei?
2796 4896 2962 4951 Satan
2984 4896 3201 4966 quidem
3229 4893 3595 4949 condemnare
3619 4891 3771 4958 vult,

2173 4985 2267 5039 sed
2305 4999 2417 5039 non
2464 4994 2673 5055 potest;
2710 4984 2964 5041 Christus
3002 4985 3222 5056 quidem
3262 4991 3468 5053 posset,
3518 4980 3617 5036 sed
3647 4995 3770 5036 non

2171 5077 2288 5131 vult
2321 5093 2333 5129 :
2362 5076 2511 5146 quod
2537 5091 2603 5130 ex
2640 5092 2704 5132 eo
2757 5076 2937 5146 palam
2970 5084 3076 5142 est,
3115 5074 3264 5145 quod
3306 5072 3549 5130 Christus
3596 5070 3769 5125 Iesus

2171 5176 2276 5234 est,
2297 5168 2388 5237 qui
2416 5178 2654 5222 mortuus
2680 5176 2759 5222 est
2782 5182 2879 5237 pro
2918 5167 3087 5222 nobis.
3126 5159 3237 5221 Nec
3266 5166 3374 5221 hoc
3421 5164 3622 5230 solum,
3651 5163 3770 5216 imo

2170 5257 2260 5327 qui
2300 5258 2461 5311 etiam
2491 5257 2798 5325 resurrexit,
2826 5265 2886 5312 ut
2911 5264 2968 5313 et
2988 5271 3093 5313 nos
3121 5270 3405 5328 resurgere
3433 5253 3600 5310 faciat
3621 5270 3639 5319 ;
3663 5253 3763 5322 qui

2172 5348 2340 5405 etiam
2367 5357 2445 5403 est
2466 5349 2536 5402 ad
2586 5349 2857 5404 dexteram
2888 5347 3007 5414 Dei,
3051 5347 3144 5402 ubi
3169 5356 3225 5402 et
3250 5362 3351 5401 nos
3371 5360 3557 5402 secum
3588 5344 3764 5399 collo-

2171 5439 2319 5493 cabit
2343 5457 2356 5493 ε
2383 5440 2474 5509 qui
2518 5440 2678 5493 etiam
2730 5436 3031 5508 interpellat
3073 5452 3168 5506 pro
3217 5436 3385 5511 nobis,
3425 5434 3516 5489 ubi
3558 5444 3646 5489 est
3696 5433 3759 5487 in

2170 5530 2393 5586 dextera
2423 5530 2622 5597 Patris,
2652 5530 2749 5600 qui
2807 5529 2925 5583 haec
2968 5527 3152 5582 omnia
3193 5541 3292 5595 pro
3342 5526 3497 5580 nobis
3544 5521 3675 5583 fecit
3701 5533 3759 5575 et

2170 5621 2301 5678 facit
2326 5640 2338 5675 :
2363 5620 2692 5677 credendum
2710 5608 2794 5678 est
2813 5618 2958 5688 quod
2986 5632 3088 5673 nos
3108 5616 3465 5673 condemnet?
3491 5612 3755 5681 Interch

2169 5714 2285 5768 lare
2314 5712 2515 5769 dicitur
2543 5708 2819 5777 Christus,
2868 5724 2977 5763 non
3025 5708 3173 5777 quod
3220 5721 3354 5763 voce
3402 5705 3632 5787 clamet,
3655 5699 3785 5769 sed
