3978 6392
222 428 293 483 ’Π
896 425 1266 489 EXPOSITIO
1299 431 1370 488 ιιι
1405 433 1786 496 erumnas
1818 435 2048 499 PAULI.
2084 473 2159 484 --
2194 443 2263 501 ιιι
2295 448 2513 510 EPIST.
2554 455 2651 511 AD
2688 458 2848 520 non.
3424 479 3490 539 τε

211 548 505 611 assumpta
533 540 874 611 humanitas,
900 559 1025 614 quae
1052 546 1106 599 in
1135 547 1311 604 oculis
1328 527 1424 604 Dei
1452 559 1557 617 est,
1592 565 1810 621 semper
1835 559 1884 616 Α
1918 572 1938 604 «
1971 564 2152 612 autem
2190 563 2339 630 quod
2384 568 2647 627 exciderit
2676 574 2926 650 [excidit]
2967 577 3190 639 verbum
3224 582 3338 645 Dei.
3371 590 3489 652 Non

213 633 393 688 Deum
416 636 618 703 pulsat,
641 642 696 689 et
720 635 1192 703 memorem'facit,
1209 650 1271 693 ut
1290 640 1534 709 perﬁciat
1557 642 1687 698 illud
1708 659 1808 714 pro

208 739 327 797 quo
342 725 545 781 Filium
570 741 794 781 carnem
818 742 1101 784 assumere
1117 730 1317 785 voluit:
1344 735 1804 802 quemadmodum

206 817 451 887 legatus,
484 833 583 887 per
612 818 1353 900 solam'reprazsentationem
1373 839 1621 894 persona:
1657 827 1805 900 lega-

205 908 381 962 tionis
408 923 543 972 suae,
576 923 877 963 memorem
918 908 1118 966 faceret
1145 911 1215 966 ad
1241 929 1407 983 quem
1433 915 1638 972 missus
1657 928 1803 973 esset

204 996 263 1051 in
292 1013 387 1063 eo,
422 998 570 1067 quod
600 1015 660 1054 se
688 999 767 1053 illi
800 988 1240 1071 repraasentaret.

200 1082 207 1087 ’
273 1086 738 1160 Quandoquidem
784 1089 930 1146 Deus
971 1094 1265 1162 praescivit,
1290 1095 1632 1167 justiﬂcavit,
1662 1110 1794 1168 etc.,

197 1188 325 1248 ergo
368 1196 490 1249 quis
519 1186 613 1234 nas
640 1197 889 1250 separare
910 1185 1104 1252 poterit
1137 1202 1169 1238 a
1199 1186 1460 1243 charitate
1485 1188 1704 1257 Christi,
1738 1202 1797 1248 ut

197 1270 284 1325 sit.
298 1279 583 1340 pervertat
601 1272 895 1327 consilium
910 1272 1038 1328 Dei?
1061 1275 1346 1346 Separabit
1368 1295 1469 1335 nos
1492 1281 1791 1350 tribulatio,

198 1361 255 1414 id
288 1370 379 1416 est
408 1362 666 1433 quaelibet
694 1363 916 1419 alﬂictio
955 1367 1174 1422 carnis?
1195 1368 1279 1422 An
1312 1374 1559 1441 angustia
1577 1375 1603 1425 τ’
1631 1373 1681 1427 id
1709 1384 1794 1429 est

194 1450 451 1506 anxietas
479 1452 669 1506 animi.
700 1452 783 1506 An
803 1456 1098 1524 persecutio
1126 1457 1192 1511 de
1226 1458 1348 1513 loco
1376 1461 1444 1514 ad
1470 1461 1686 1516 locum?
1708 1466 1790 1518 An

194 1540 412 1608 futues?
455 1542 585 1611 quia
646 1558 790 1613 saepe
831 1546 1044 1612 esuriit,
1078 1556 1138 1601 ut
1183 1549 1347 1603 etiam
1397 1553 1615 1608 taederet
1661 1571 1788 1611 eum

194 1629 398 1685 vivere.
423 1630 508 1685 Au
534 1634 752 1689 auditas
768 1637 795 1689 ?
816 1635 899 1689 Αη
927 1638 1222 1706 periculum
1238 1642 1263 1694 .’
1291 1642 1343 1696 id
1373 1652 1457 1697 est
1483 1648 1787 1703 commina-

193 1723 267 1778 tio
292 1725 526 1780 mortis?
550 1725 632 1779 An
650 1727 860 1799 gladius
876 1730 990 1789 iAn
1018 1731 1136 1802 ipsa
1161 1734 1396 1789 occisio?
1428 1735 1571 1791 Nihil
1599 1740 1785 1810 utique

192 1813 394 1870 horum
438 1832 543 1872 nos
587 1820 881 1888 separabit,
937 1822 1075 1876 sicut
1108 1825 1365 1894 scriptum
1416 1836 1494 1882 est
1538 1830 1591 1884 in
1643 1832 1783 1886 libro

191 1903 542 1963 Psalmorum
580 1927 593 1965 :
623 1909 755 1966 illud
785 1912 914 1981 quia
939 1913 1191 1984 jungitur
1215 1916 1268 1970 in
1297 1926 1575 1987 posterum
1605 1922 1781 1977 :Pro-

187 2006 301 2066 pter
330 2008 385 2053 te
412 2002 805 2071 mortiﬁcamur
829 2012 939 2057 tota
962 2004 1068 2072 die,
1091 2008 1346 2062 aestimati
1372 2027 1553 2065 sumus
1582 2024 1637 2066 ut
1663 2032 1778 2070 oves

187 2091 474 2146 occisionis
498 2092 673 2163 (Psal.
712 2110 867 2162 nm,
894 2093 987 2164 24)
1013 2113 1028 2149 :
1056 2112 1163 2151 non
1191 2113 1314 2167 qua:
1338 2113 1689 2159 reservantur
1710 2107 1777 2161 ad

189 2180 352 2249 fetus,
406 2183 503 2239 sed
539 2200 663 2254 quae
692 2193 823 2240 sunt
851 2187 1153 2255 occisionis,
1185 2188 1239 2244 id
1273 2198 1360 2246 est
1403 2209 1525 2263 quae
1566 2197 1777 2255 steriles

186 2281 313 2327 sunt
339 2275 707 2343 occiduntur;
735 2285 790 2332 et
814 2277 859 2333 si
882 2287 1108 2348 propter
1134 2287 1187 2334 te
1213 2276 1536 2352 occidimur,
1560 2296 1777 2344 constat

185 2365 329 2433 quod
361 2380 393 2419 a
427 2375 482 2420 te
514 2381 623 2421 non
653 2368 1050 2438 separabimur.
1088 2370 1194 2429 Sed
1223 2388 1346 2443 quae
1367 2390 1497 2430 cura
1521 2377 1567 2432 si
1590 2379 1775 2435 morti-

186 2455 451 2511 ﬁcamur?
489 2458 554 2514 In
591 2462 676 2517 Itis
706 2468 853 2522 enim
883 2471 1146 2540 erunibus,
1186 2475 1561 2544 tribulatione,
1594 2494 1770 2551 angu-

185 2545 302 2614 Stia,
355 2557 412 2603 et
449 2554 664 2610 ceteris
705 2573 1037 2629 superamus,
1082 2575 1294 2634 propter
1330 2582 1450 2621 eum
1500 2567 1771 2628 ferventes

184 2630 368 2698 amore
401 2644 545 2715 ejus,
577 2650 666 2719 qui
691 2652 881 2707 dilexit
908 2673 1022 2712 nos.
1055 2657 1194 2715 Vere
1217 2663 1619 2733 superabimus,
1642 2668 1771 2738 quia

182 2748 340 2803 neque
383 2752 550 2805 mors,
588 2740 642 2795 id
685 2754 770 2798 est
799 2748 1155 2805 comminatio
1185 2754 1409 2822 mortis;
1442 2772 1604 2827 neque
1634 2759 1765 2827 vita,

184 2820 231 2876 id
256 2834 345 2880 est
380 2830 681 2896 promissio
708 2835 854 2902 vitm,
905 2839 990 2893 vel
1020 2841 1203 2910 gloriae
1231 2845 1450 2913 mundi;
1482 2864 1644 2919 neque
1665 2866 1767 2904 an-

180 2916 294 2984 geli,
332 2920 432 2989 qui
460 2918 729 2992 legatione
749 2925 846 2982 Dei
870 2926 1197 3001 funguntur;
1225 2951 1387 3005 neque
1408 2916 1762 3009 principatus,

182 3003 229 3058 id
253 3016 341 3061 est
370 3024 552 3080 neque
581 3012 717 3068 ordo
740 3013 831 3069 ille
860 3018 955 3087 qui
977 3021 1142 3075 etiam
1169 3003 1333 3093 super
1361 3003 1762 3099 angelos'prin;

179 3094 414 3165 cipatum
445 3100 638 3171 habet;
670 3121 830 3177 neque
862 3111 1101 3180 virtutes,
1130 3114 1182 3168 id
1206 3126 1288 3171 est
1318 3094 1494 3188 neque
1516 3094 1651 3175 ord—o
1674 3122 1762 3178 ille

177 3187 328 3258 cujus
375 3190 617 3250 ofﬁcium
647 3205 731 3252 est
758 3202 975 3269 Operari
1009 3204 1291 3261 miracula.
1325 3207 1420 3264 Vel
1448 3211 1571 3277 ista,
1597 3212 1642 3267 si
1665 3230 1760 3268 vo—
1789 3216 1830 3271 C

181 3276 378 3348 lamus,
433 3284 505 3339 de’
551 3287 715 3343 malis
766 3293 974 3363 angelis
1010 3294 1386 3368 intelligimus,
1436 3276 1578 3357 inter
1619 3320 1761 3374 quos

177 3372 335 3429 etiam
364 3386 495 3432 sunt
522 3379 884 3441 discretiones
912 3387 1236 3445 ciliciorum.
1262 3392 1337 3448 Dc
1360 3393 1591 3467 singulis
1612 3400 1757 3453 enim

177 3461 459 3524 ordinibus
497 3471 668 3541 aliqui
697 3475 831 3545 lapsi
870 3487 1018 3546 sunt,
1065 3491 1123 3535 ut
1147 3482 1423 3541 dicamus:
1449 3461 1634 3558 Neque
1660 3505 1758 3544 an-

178 3552 277 3639 geli
308 3558 462 3625 mali,
511 3578 747 3630 quorum
777 3567 1013 3625 oﬂicium
1043 3582 1128 3628 est
1162 3576 1380 3645 explere
1427 3579 1754 3652 legationes;

1234 3632 1246 3645 .

180 3632 347 3716 neque
370 3650 735 3721 principatus,
768 3659 862 3726 qui
892 3658 947 3713 in
995 3678 1193 3732 genere
1221 3667 1491 3723 malorum
1522 3673 1755 3727 subditis

179 3741 375 3809 angelis
397 3744 811 3817 principantur;
846 3750 948 3823 51
974 3770 1152 3826 neque
1174 3759 1424 3828 virtutes,
1451 3765 1581 3819 mali
1605 3767 1753 3821 enim

179 3832 392 3901 spiritus
408 3837 676 3894 miracula
701 3839 927 3898 faciunt.
949 3844 1129 3918 Neque
1150 3852 1430 3921 instantia,
1445 3854 1498 3909 id
1514 3866 1597 3912 est
1611 3873 1752 3928 prae-

182 3924 340 3980 stantia
381 3942 481 3982 seu
527 3945 787 4001 prospera
822 3935 933 3990 sint
962 3953 1057 3993 seu
1090 3940 1348 4010 adversa;
1382 3961 1543 4017 neque
1568 3949 1753 4017 futura

185 4010 331 4107 hujus
360 4020 552 4076 mundi
582 4021 726 4079 bona
756 4026 840 4080 vel
880 4029 1042 4084 mala.
1079 4026 1260 4103 Neque
1285 4010 1579 4107 fortitudo,
1594 4039 1647 4095 id
1669 4052 1753 4097 est

185 4100 417 4162 violentia
450 4109 745 4180 cujuslibet
766 4113 1073 4176 fortissimi.
1104 4100 1295 4193 Neque
1308 4100 1564 4196 altitudo,
1592 4130 1647 4186 id
1668 4142 1751 4188 est

183 4197 458 4291 promissio
492 4203 741 4261 honoris.
778 4205 876 4263 Vel
922 4211 1152 4269 altitudo
1183 4225 1243 4270 ut
1266 4217 1354 4273 illa
1381 4222 1604 4291 quando
1627 4223 1749 4279 dia—

184 4280 319 4371 bolus
338 4303 703 4361 purpuratum
735 4314 794 4354 se
816 4309 872 4356 et
886 4302 1192 4362 diademate
1214 4280 1537 4368 renitentem
1564 4323 1748 4371 osten-

181 4370 264 4455 dit.
294 4376 472 4451 Neque
495 4386 844 4458 pro/‘undum,
869 4390 921 4448 id
941 4404 1027 4450 est
1063 4400 1165 4455 etsi
1190 4412 1379 4471 aperto
1404 4370 1618 4463 inferno
1640 4370 1747 4464 mi-

183 4477 381 4558 naletur
405 4474 541 4529 mihi
572 4477 627 4532 in
653 4479 833 4550 ipsum
860 4488 1240 4558 prmcipitium.
1277 4493 1460 4566 Neque
1498 4508 1745 4555 creatura

1915 661 1935 694 «
1967 646 2113 701 enim
2153 662 2345 708 omnes
2392 658 2488 726 qui
2527 674 2593 714 ex
2626 646 2789 720 Israel
2833 666 3298 751 [circumcisione]
3339 695 3488 755 sunt,

1912 754 1932 786 «
1968 735 2024 790 hi
2065 750 2195 794 sunt
2231 741 2520 815 lsraelitae,
2581 768 2757 823 neque
2804 735 2900 827 qui
2938 774 3125 819 semen
3180 735 3311 824 sun‘t

1909 843 1929 877 ι
1963 828 2129 896 rahae,
2155 847 2347 891 omnes
2369 837 2463 892 lilii
2488 850 2617 895 sunt
2640 843 2874 904 Abrahae
2898 866 2913 917 ;
2961 869 2980 904 «
3000 853 3096 909 sed
3128 855 3183 909 in
3211 856 3363 916 Isaac
3385 876 3486 918 vo-

1908 918 2172 974 tcabitur
2210 923 2309 978 tibi
2355 941 2542 983 semen
2564 931 2719 1002 (Cen.
2767 951 2882 1006 xxi,
2939 941 3050 1013 ιε),
3083 962 3101 995 ›
3129 944 3184 1001 id
3219 956 3323 1014 est,
3370 965 3483 1007 non

1905 1023 1924 1056 ι
1957 1009 2052 1078 qui
2076 1009 2173 1065 ﬁlii
2198 1015 2381 1071 carnis
2407 1017 2463 1072 hi
2497 1019 2594 1075 ﬁlii
2627 1022 2744 1091 Dei,
2779 1044 2798 1077 ι
2829 1030 2924 1084 sed
2954 1009 3048 1100 qui
3074 1033 3169 1089 ﬁlii
3198 1009 3328 1092 sunt
3351 1054 3483 1109 pro-

1905 1119 1925 1150 «
1958 1102 2239 1160 missionis
2265 1107 2411 1178 (Gal.
2463 1126 2537 1179 tv,
2579 1114 2727 1186 28),»
2775 1120 3119 1179 aestimantur
3153 1127 3207 1183 in
3248 1102 3477 1187 semine.

1901 1208 1922 1241 «
1953 1189 2497 1255 Promissionisenim
2511 1204 2737 1261 verbum
2755 1209 2855 1265 hoc
2867 1221 2979 1265 est:
3009 1232 3030 1264 «
3042 1213 3353 1274 Secundum
3376 1220 3482 1278 hoc

1901 1299 1921 1331 «
1953 1290 2167 1353 tempus
2195 1288 2431 1357 veniam,
2446 1300 2501 1346 et
2526 1295 2634 1350 erit
2654 1294 2807 1354 Sara:
2828 1301 3136 1374 illius(Gen.
3158 1310 3436 1381 xvm,10).
3452 1331 3471 1365 ι

1900 1389 1917 1419 «
1949 1370 2067 1427 Non
2088 1376 2267 1432 solum
2289 1392 2472 1435 autem
2490 1382 2603 1451 illa,
2633 1389 2759 1442 «sed
2779 1397 2834 1443 et
2850 1370 3094 1449 Rebecca
3115 1410 3183 1450 ex
3213 1413 3324 1454 uno
3342 1414 3476 1456 con-

1896 1480 1916 1512 «
1951 1464 2135 1520 cubitu
2169 1468 2396 1540 habens,
2430 1472 2582 1531 Isaac
2599 1478 2770 1547 patris
2793 1483 2965 1538 nostri
2990 1482 3142 1555 (Gen.
3168 1503 3297 1555 xxv,
3318 1491 3467 1560 24).»

1896 1571 1915 1603 «
1949 1552 2086 1608 Cum
2109 1559 2256 1613 enim
2285 1563 2528 1619 nondum
2560 1569 2673 1623 nati
2690 1568 2945 1640 fuissent,
2976 1552 3070 1630 aut
3105 1552 3311 1647 aliquid
3340 1552 3473 1636 boni

1893 1661 1912 1692 «
1942 1645 2322 1715 egissent,—aut
2342 1654 2472 1707 mali
2500 1655 2583 1724 (ut
2604 1660 2906 1717 secundum
2925 1645 3246 1722 electionem
3269 1684 3472 1740 propo-

1892 1752 1911 1783 ι
1942 1733 2107 1790 situm
2130 1737 2231 1793 Dei
2258 1744 2547 1816 maneret),
2580 1763 2692 1803 non
2724 1765 2791 1805 ex
2821 1754 3098 1823 operibus,
3129 1758 3224 1813 sed
3261 1772 3328 1814 ex
3367 1774 3467 1815 vo-

1893 1843 1910 1873 «
1943 1836 2102 1882 cante
2122 1829 2331 1886 dictum
2357 1843 2442 1889 est
2474 1837 2523 1890 ei
2552 1856 2565 1891 :
2605 1858 2623 1890 «
2653 1838 2789 1906 Quia
2818 1844 2994 1916 major
3036 1848 3237 1903 serviet
3271 1850 3470 1905 minori

1893 1934 1910 1965 α
1945 1916 2096 1986 (Gen.
2128 1935 2257 1988 xxv,
2288 1923 2436 1994 25),»
2485 1927 2629 1984 sicut
2656 1932 2925 2003 scriptum
2975 1946 3101 1992 est:
3145 1937 3343 1996 «Jacob
3379 1941 3468 1996 di-

1888 2020 1906 2053 «
1940 2004 2076 2071 texi;
2128 2006 2274 2093 Esau
2326 2020 2510 2067 autem
2557 2015 2685 2072 odio
2735 2020 2902 2075 habui
2950 2023 3210 2091 (Malaclt.
3257 2043 3296 2093 ι,
3328 2028 3406 2097 2).
3440 2047 3461 2079 ι

1887 2111 1905 2142 «
1938 2092 2078 2159 Quid
2098 2090 2230 2167 ergo
2250 2098 2524 2157 dicemus?
2536 2102 2794 2175 Nunquid
2823 2090 3086 2180 iniquitas
3103 2116 3243 2184 apud
3272 2090 3467 2171 Deum?

1882 2201 1903 2236 «
1933 2183 2120 2240 Absit!
2155 2186 2327 2260 Moysi
2349 2191 2494 2247 enim
2524 2194 2692 2250 dicit:
2731 2197 3058 2257 «Miserebor
3085 2183 3174 2259 cui
3196 2206 3466 2263 misereor

1883 2291 1902 2324 «
1935 2274 2048 2345 [cui
2085 2277 2345 2336 misertus
2393 2282 2565 2355 sum],
2610 2294 2665 2340 et
2700 2288 3130 2373 misericordiam
3193 2297 3463 2366 praestabo

1881 2377 1900 2409 «
1935 2362 2023 2415 cui
2052 2365 2356 2422 miserebor
2386 2369 2586 2440 (Exod.
2627 2392 2824 2445 χχχιιι,
2858 2362 2999 2450 19).»
3027 2362 3211 2453 Igitur.
3227 2399 3336 2440 non
3366 2400 3465 2441 vo-

1881 2470 1899 2503 «
1930 2452 2090 2510 lentis
2125 2473 2302 2527 neque
2330 2466 2625 2533 currentis,
2654 2468 2750 2524 sed
2780 2452 3091 2529 miserentis
3114 2484 3200 2531 est
3225 2475 3341 2531 Dei.
3363 2475 3460 2533 Di-

1879 2560 1898 2593 «
1930 2543 2005 2598 cit
2032 2545 2179 2600 enim
2203 2547 2484 2619 Scriptura
2509 2552 2783 2613 Pharaoni
2810 2578 2823 2614 :
2855 2559 3024 2628 «Quia
3054 2562 3109 2618 in
3141 2564 3249 2621 hoc
3278 2566 3460 2637 ipsum

1877 2652 1898 2684 «
1925 2635 2157 2692 excitavi
2191 2638 2450 2716 [servavi]
2479 2652 2552 2713 te,
2584 2656 2647 2702 ut
2688 2651 2972 2708 ostendam
3003 2654 3057 2708 in
3109 2664 3162 2711 te
3199 2635 3458 2714 virtutem

1876 2743 1896 2776 «
1926 2741 2128 2795 meam,
2154 2740 2210 2786 et
2231 2740 2292 2787 ut
2311 2737 2639 2794 annuntient
2667 2756 2869 2799 nomen
2905 2760 3085 2799 meum
3114 2746 3169 2801 in
3196 2747 3455 2805 universa
3559 2792 3566 2801 .

1874 2835 1894 2869 «
1927 2825 2071 2875 terra
2094 2819 2294 2892 (Exod.
2331 2826 2579 2898 ιι,’16).»
2608 2828 2754 2902 Ergo
2787 2832 2875 2888 cui
2906 2836 3020 2891 vult
3047 2837 3360 2906 miseretur,
3401 2848 3460 2894 et

1874 2926 1893 2958 «
1925 2924 2089 2979 quem
2117 2915 2233 2969 vult
2253 2916 2492 2973 indurat.
2518 2919 2665 2976 Dicis
2687 2923 2872 2995 itaque
2891 2928 3025 2982 mihi
3053 2947 3066 2982 :
3100 2926 3243 2996 Quid
3271 2933 3454 2988 adhuc

1873 3018 1891 3052 «
1920 3002 2222 3071 quaeritur?
2253 3005 2530 3065 Voluntati
2557 3012 2705 3067 enim
2735 3015 2856 3085 ejus
2877 3018 3002 3086 quis
3028 3020 3333 3076 resistit?0
3355 3023 3454 3077 ho-

1871 3111 1890 3141 «
1931 3110 2043 3160 mo,
2073 3106 2129 3150 tu
2161 3098 2288 3167 quis
2309 3115 2370 3154 es
2397 3101 2491 3170 qui
2512 3105 2844 3172 respondeas
2871 3106 3018 3161 Deo?
3052 3108 3339 3182 «Nunquid
3366 3114 3451 3170 di-

1869 3200 1888 3232 «
1917 3184 1993 3238 cit
2012 3186 2328 3256 ﬁgmentum
2340 3189 2387 3244 ei
2413 3192 2509 3261 qui
2530 3208 2591 3247 se
2606 3193 2791 3249 finxit:
2822 3196 2961 3262 Quid
2984 3214 3071 3253 me
3086 3198 3263 3257 fecisti
3289 3203 3401 3259 sic?
3420 3225 3439 3255 ι

1869 3290 1888 3324 «
1923 3273 2091 3345 (Seps
2124 3293 2214 3343 xv,
2261 3278 2319 3345 7;
2366 3278 2479 3335 Isa.
2524 3299 2647 3351 va,
2681 3286 2742 3351 9;
2772 3286 2887 3342 Jer.
2923 3305 3078 3356 xvut,
3102 3291 3181 3362 6.)
3219 3293 3300 3348 An
3330 3311 3445 3352 non

1868 3385 1885 3416 ι
1919 3367 2084 3423 habet
2109 3378 2432 3439 potestatem
2456 3374 2657 3447 ﬁgulus
2685 3379 2806 3446 luti,
2837 3396 2905 3437 ex
2930 3384 3120 3439 eadem
3147 3401 3331 3443 massa
3356 3388 3442 3445 fa-

1867 3477 1885 3508 «
1915 3474 2041 3514 cere
2081 3461 2228 3518 aliud
2277 3465 2495 3534 quidem
2523 3484 2619 3526 vas
2657 3470 2711 3525 in
2747 3473 3032 3543 honorem,
3062 3477 3209 3533 aliud
3231 3493 3363 3537 vero
3388 3482 3446 3537 in

1865 3566 1884 3599 «
1915 3554 2340 3610 contumeliam?
2375 3555 2513 3624 Quia
2558 3559 2737 3635 [quid]
2774 3564 2820 3619 si
2856 3564 3001 3623 Deus
3030 3569 3219 3626 volens
3249 3580 3440 3630 osten-

1863 3656 1882 3691 «
1908 3642 2042 3697 .dere
2066 3643 2222 3712 iram,
2239 3654 2296 3701 et
2324 3659 2508 3705 notam
2534 3651 2716 3710 facere
2740 3657 3040 3725 potentiam
3072 3676 3251 3730 suam,
3277 3668 3445 3722 susti-

1863 3749 1881 3783 «
1912 3733 2031 3787 nuit
2054 3735 2106 3789 in
2138 3739 2308 3793 multa
2331 3742 2593 3809 patientia
2622 3761 2753 3802 vasa
2781 3748 2875 3803 ira)
2895 3760 3021 3821 apta
3050 3752 3104 3807 in
3130 3754 3436 3824 interitum,

1861 3842 1880 3873 «
1915 3833 1973 3877 ut
2001 3829 2313 3884 ostenderet
2337 3831 2559 3890 divitias
2595 3836 2780 3907 gloriae
2811 3855 2925 3895 suae
2952 3841 3008 3895 in
3042 3857 3175 3898 vasa
3219 3846 3438 3902 miseri-

1860 3934 1880 3965 «
1911 3916 2131 3983 cordist,
2164 3934 2286 3988 quae
2312 3926 2636 3993 praeparavit
2658 3926 2712 3981 in
2741 3928 2989 4002 gloriam.
3018 3931 3168 4000 Quos
3201 3946 3256 3992 et
3275 3953 3441 3995 voca-

1859 4022 1878 4056 «
1909 4006 1984 4060 vit
2010 4021 2121 4062 non
2158 4011 2337 4066 solum
2361 4027 2431 4069 ex
2463 4013 2687 4084 Judaeis,
2723 4020 2819 4076 sed
2862 4022 3123 4081 etiam-ex
3159 4029 3433 4100 gentibus,

1858 4115 1876 4149 «
1910 4097 2053 4154 sicut
2073 4099 2129 4154 in
2156 4099 2295 4158 Osee
2313 4103 2447 4161 dicit
2475 4125 2488 4161 :
2536 4106 2791 4166 «Vocabo
2826 4126 2934 4168 non
2966 4097 3182 4185 plebem
3230 4097 3432 4189 meam,

1856 4207 1876 4239 «
1907 4189 2118 4259 plebem
2144 4207 2353 4262 meam;
2382 4205 2436 4252 et
2468 4214 2577 4254 non
2603 4199 2880 4272 dilectam,
2905 4205 3161 4265 dilectam
3193 4230 3206 4278 ;
3237 4221 3293 4268 et
3322 4231 3433 4270 non

1856 4299 1874 4330 «
1908 4281 2340 4340 misericordiam
2367 4300 2741 4360 consecutam,
2772 4297 3205 4357 misericordiam
3235 4319 3433 4362 conse-

1854 4391 1873 4422 «
1903 4382 2085 4429 cutam
2110 4375 2256 4446 (Ose.
2290 4393 2354 4447 ιι,
2373 4379 2471 4448 2'5;
2499 4381 2707 4454 I_Petr.
2739 4403 2800 4455 ιι,
2822 4389 2929 4460 10).
2954 4411 2971 4440 ι
3002 4391 3068 4447 Et
3085 4394 3208 4461 erit,
3234 4395 3289 4452 in
3311 4398 3434 4454 loco

1854 4483 1871 4514 «
1902 4465 1993 4520 ubi
2019 4467 2226 4523 dictum
2247 4479 2331 4525 est
2358 4472 2440 4527 eis
2464 4489 2573 4529 non
2597 4478 2753 4550 plebs
2775 4496 2897 4538 mea
2920 4499 3039 4551 vos,
3066 4486 3141 4541 ibi
3162 4490 3436 4546 vocabun-

182 4550 295 4624 ήδη,
326 4561 375 4618 id
406 4575 492 4621 est
527 4568 573 4624 si
608 4586 803 4628 novam
834 4550 888 4630 ei
922 4550 1042 4633 non‘
1064 4582 1238 4638 visam
1265 4550 1573 4645 “egwmm'
1775 4556 1823 4616 D
1857 4576 1875 4608 «
1908 4566 2015 4651 tur
2040 4559 2135 4614 lilii
2174 4560 2270 4617 Dei
2296 4564 2427 4619 vivi.
2457 4563 2630 4624 Isaias
2664 4580 2846 4627 autem
2871 4575 3069 4632 clamat
3092 4594 3193 4649 pro
3222 4579 3387 4637 lsrael
3416 4603 3429 4637 :

181 4632 299 4706 flant.
342 4654 489 4712 Nihil
535 4661 734 4719 horum
778 4669 1025 4726 omnium
1066 4678 1261 4743 poterit
1308 4695 1401 4733 nos
1439 4698 1742 4753 separarea

92 4731 101 4742 ’
177 4739 412 4803 Charitate
438 4749 564 4821 Dei,
588 4772 707 4824 qua:
734 4768 810 4812 est
835 4760 889 4814 in
915 4760 1267 4822 Christolesu
1289 4731 1522 4828 Domino
1535 4788 1735 4834 nostra.

754 4848 982 4907 CAPUT
1011 4855 1101 4911 IX.

236 4924 572 5017 {Veritatem
618 4936 741 4994 dico
785 4940 839 4995 in
867 4942 1087 5001 Christo
1122 4946 1273 5017 Jesu,
1322 4968 1433 5008 non
1480 4959 1734 5016 mentior.

180 5031 207 5108 ι.
224 5012 611 5082 Testimonium
639 5031 774 5085 mihi
796 5035 1113 5103 pcrhibente
1153 5044 1490 5101 conscientia
1521 5064 1643 5106 mea
1676 5053 1731 5108 in

180 5098 207 5151 θ’
222 5102 410 5176 Spiritu
425 5126 619 5171 sancto
646 5137 660 5172 :
691 5098 949 5190 quoniam
983 5127 1204 5184 tristitia
1242 5134 1377 5188 mihi
1401 5146 1486 5192 est
1512 5155 1729 5212 magna,

180 5210 196 5242 ε
222 5205 269 5250 et
292 5205 583 5263 wntinuus
611 5209 766 5267 dolor
794 5216 944 5271 cordi
981 5234 1122 5275 meo.
1156 5221 1422 5293 Optabam
1463 5205 1732 5307 enim'ego

177 5289 326 5373 {ipse
354 5301 645 5358 anathema
676 5320 799 5363 esse
827 5324 859 5363 a
889 5307 1112 5369 Christo
1143 5289 1242 5384 pro
1277 5314 1540 5378 fratribus
1568 5289 1729 5393 meis,

178 5396 193 5427 ι
224 5385 307 5451 qui
328 5398 452 5445 sunt
476 5397 693 5465 cognati
730 5400 836 5455 mei
868 5405 1170 5460 secundum
1201 5423 1443 5480 carnem,
1468 5415 1564 5485 qui
1599 5426 1729 5474 sunt

176 5486 193 5519 ι
218 5469 479 5552 Israelita,
505 5501 743 5555 quorum
788 5493 1007 5563 adoptio
1039 5506 1124 5552 est
1161 5469 1503 5571 liliorum,’etl
1527 5507 1723 5577 gloria,

178 5578 194 5609 ί
219 5575 742 5647 ettestamentum,et
765 5583 1054 5656 legislatio,
1078 5597 1133 5644 et
1152 5592 1498 5665 obsequium,
1520 5575 1576 5657 et
1595 5618 1726 5671 pro-

176 5668 193 5700 ι
215 5658 409 5718 missa:
442 5683 681 5737 quorum
712 5684 915 5744 patres,
937 5695 1004 5734 ex
1032 5683 1234 5750 quibus
1258 5687 1343 5742 est
1362 5688 1616 5749 Christus
1644 5709 1727 5751 se-

175 5758 194 5789 σ
213 5752 435 5811 cundum
458 5775 680 5817 carnem
705 5783 717 5818 :
740 5766 834 5835 qui
858 5777 942 5824 est
962 5785 1127 5842 super
1149 5778 1333 5833 omnia
1359 5779 1534 5839 «Deus
1557 5783 1723 5842 bene-

175 5850 193 5882 ι
216 5837 377 5902 dictus
408 5849 465 5905 in
512 5856 714 5912 saecula
744 5857 835 5930 (II
873 5861 997 5916 Cor.
1030 5837 1142 5935 ἰε,
1173 5867 1317 5941 51)..
1362 5837 1720 5932 Amet.an

1854 4667 1874 4700 ‹
1905 4647 1962 4702 Si
1992 4648 2157 4706 fuerit
2198 4668 2461 4713 numerus
2495 4657 2732 4718 filiorum
2777 4661 2940 4721 lsrael
2971 4647 3231 4738 tanquam
3263 4687 3431 4728 arena

1854 4757 1873 4790 ι
1907 4741 2096 4809 maris,
2143 4745 2388 4816 reliquie:
2424 4749 2588 4806 salvae
2634 4751 2765 4808 ﬁent
2806 4754 2943 4825 (lsa.
2980 4774 3034 4824 Χ,
3072 4760 3186 4830 22).
3220 4780 3239 4811 ι
3293 4760 3431 4817 Ver--

1851 4849 1870 4881 «
1902 4832 2034 4888 bum
2053 4835 2199 4890 enim
2212 4851 2625 4909 consummans,
2647 4853 2701 4898 et
2715 4846 3041 4903 abbreviaus
3064 4851 3116 4903 in
3136 4854 3394 4923 mquitate
3414 4874 3428 4909 :

1850 4941 1869 4972 «
1902 4923 2031 4992 quia
2066 4925 2294 4980 verbum
2329 4927 2704 4986 abbreviatum
2752 4932 2917 4990 faciet
2960 4935 3225 4997 Dominus
3259 4958 3429 5014 super

1848 5030 1868 5062 ι
1902 5022 2125 5068 terram.
2147 5014 2214 5069 Et
2234 5016 2848 5087 sicutpraedixitlsaias:
2880 5024 3023 5083 «Nisi
3040 5028 3306 5090 Dominus
3322 5035 3420 5093 Sa-

1841 5121 1860 5152 «
1894 5103 2061 5158 baoth
2087 5106 2399 5175 reliquisset
2422 5110 2584 5168 nobis
2615 5129 2823 5185 semen,
2849 5119 2992 5176 sicut
3022 5120 3262 5181 Sodoma
3292 5127 3422 5185 facti

1840 5212 1857 5244 «
1888 5209 2156 5264 essemus,
2221 5207 2275 5252 et
2334 5198 2477 5257 sicut
2529 5202 2837 5271 Gomorrha
2871 5211 3078 5270 similes
3123 5214 3423 5276 fuissemus

1838 5303 1855 5334 «
1888 5283 2026 5355 (Isa.
2058 5302 2098 5353 ι,
2128 5287 2238 5359 9).ι
2280 5289 2423 5358 Quid
2450 5309 2583 5368 ergo
2610 5297 2897 5359 dicemus?
2926 5303 3064 5371 Quia
3087 5319 3278 5379 gentes
3298 5327 3423 5382 qua:

1750 5394 1757 5399 -
1838 5396 1857 5428 «
1890 5392 1999 5432 non
2037 5381 2390 5440 sectabantur
2432 5387 2703 5457 justitiam
2749 5396 3225 5465 apprehenderunt
3248 5381 3416 5471 juSti-

1838 5486 1857 5520 «
1893 5468 2049 5534 tiam,
2076 5469 2349 5540 justitiam
2383 5487 2567 5534 autem
2590 5497 2714 5551 qua:
2734 5498 2802 5537 ex
2835 5485 2939 5540 lide
2962 5496 3066 5541 est.
3101 5468 3267 5544 lsrael
3289 5505 3421 5545 vero

1837 5576 1856 5609 «
1895 5561 2155 5616 sectando
2197 5563 2371 5635 legem
2405 5568 2635 5638 justitiaz
2664 5571 3000 5648 [justitiam],
3032 5578 3089 5633 in
3118 5580 3291 5650 legem
3311 5581 3416 5649 ’ju-

1836 5679 1856 5713 «
1894 5662 2055 5718 stitia:
2095 5679 2205 5719 non
2238 5670 2504 5738 pervenit.
2531 5670 2748 5738 Quare?
2768 5675 2906 5743 Quia
2936 5694 3046 5733 non
3076 5696 3144 5736 ex
3164 5680 3288 5749 tide,
3316 5683 3412 5743 sed

1835 5778 1854 5812 «
1882 5764 2043 5831 quasi
2070 5778 2139 5819 ex
2183 5769 2465 5836 operibus.
2504 5769 2857 5832 Oﬂ’enderunt
2883 5778 3029 5834 enim
3080 5780 3136 5835 in
3176 5782 3415 5852 lapidem

1786 5852 1799 5861 ’
1834 5880 1853 5912 «
1886 5862 2224 5935 offensionis,
2258 5869 2401 5925 sicut
2448 5873 2712 5944 scriptum
2761 5887 2844 5933 est
2877 5896 2889 5931 :
2942 5898 2960 5929 ι
2995 5878 3134 5938 Ecce
3176 5900 3319 5955 pono
3353 5888 3411 5943 in
