4018 6288
546 393 611 456 79
1077 392 1134 447 S.
1173 387 1520 454 BRUNONIS
1555 377 2200 442 CARTHUSIANORUM
2239 372 2727 436 lNSTlTUTORiS
2763 367 2916 435 OPP.
2954 369 3138 438 PARS
3173 367 3238 434 ΙΙ.
3723 373 3796 436 80

549 529 570 564 t
611 509 743 566 Sion
795 508 1029 579 lapidem
1064 503 1385 560 oﬁensionis
1419 510 1473 556 et
1523 507 1732 570 petram
1761 494 2038 559 scandall;
2075 501 2131 551 et
2155 510 2204 566 Α
2233 493 2569 550 transierunt
2601 489 2672 547 ad
2709 490 2980 548 culturam
3015 489 3309 557 idolorum,
3339 494 3394 544 et
3425 487 3654 557 reputat]
3683 502 3802 548 sunt

549 622 568 656 ι
611 599 792 657 omnis
813 599 916 669 qui
944 595 1118 654 credit
1165 595 1220 649 in
1248 609 1396 656 eum,
1439 605 1548 646 non
1593 584 1959 642 confundetur
1988 583 2124 655 (lsa.

551 714 571 746 ι
613 707 808 758 xxviii,
835 689 941 757 26;
975 687 1006 742 Ι
1040 686 1191 742 Petr.
1225 702 1286 751 ιι,
1323 683 1440 751 7).»

1181 783 1493 844 ,εινοειτια

613 867 722 942 52
771 866 894 924 1am
957 865 1194 936 amplius
1250 874 1362 916 nou
1435 853 1734 926 separabor
1781 869 1813 908 a
1861 851 2130 908 charitate

539 961 771 1028 Christi,
823 959 919 1016 sed
962 957 1094 1012 olim
1145 957 1426 1021 separatus
1475 946 1590 1014 fui;
1637 954 1692 1002 et
1741 944 1868 1001 inde
1896 943 2130 998 multum

539 1051 719 1116 doleo,
760 1059 815 1104 et
852 1049 920 1104 de
949 1048 1053 1102 hoc
1083 1039 1230 1112 quod
1257 1039 1437 1107 doleo,
1470 1037 1744 1092 veritatem
1772 1035 1892 1089 dico
1917 1033 2130 1104 positus

537 1139 596 1197 in
625 1135 860 1205 Christo,
887 1138 942 1192 in
984 1133 1140 1204 cujus
1180 1142 1413 1201 corpore
1457 1127 1676 1186 mentiri
1701 1140 1812 1181 non
1841 1124 1988 1180 licet.
2018 1121 2130 1179 Nec

539 1231 596 1289 in
619 1246 731 1285 uno
757 1243 936 1290 verus,
967 1232 1027 1278 ut
1053 1223 1108 1277 in
1146 1221 1256 1276 alio
1281 1219 1535 1276 mentiar.
1567 1217 1676 1273 Sed
1711 1233 1814 1270 non
1846 1216 1900 1272 in
1945 1214 2126 1285 aliqua

539 1325 694 1387 parte
723 1315 980 1377 mentior;
1023 1327 1127 1365 nec
1171 1310 1350 1365 solum
1373 1307 1631 1372 Christo,
1681 1305 1778 1361 sed
1805 1305 1973 1360 etiam
2003 1319 2130 1357 con-

532 1405 760 1462 scientia
785 1418 908 1458 mea
937 1403 1068 1456 mihi
1097 1401 1400 1472 perhibente
1453 1399 1814 1452 testimonium
1841 1396 1988 1466 quod
2018 1409 2128 1450 non

534 1497 774 1562 mentior
803 1513 816 1550 :
849 1493 1187 1552 conscientia
1224 1493 1370 1559 dico,
1400 1489 1627 1546 fundata
1673 1491 1730 1543 in
1765 1487 1971 1558 Spiritu
1997 1502 2126 1541 san-

531 1597 643 1656 cto,
669 1603 798 1644 cum
825 1601 936 1657 quo
959 1601 1069 1640 non
1095 1584 1404 1655 perhiberet
1419 1581 1639 1637 falsum.
1670 1579 1746 1634 De
1772 1580 1897 1645 hoc,
1927 1577 2126 1648 inquit,

535 1679 661 1734 dico
717 1661 1004 1734 veritatem
1039 1694 1052 1730 :
1085 1675 1335 1746 quoniam
1376 1673 1600 1726 tristitia
1644 1686 1834 1740 magna
1870 1677 1948 1723 est
1996 1667 2127 1724 mihi

534 1769 840 1828 secundum
869 1767 1218 1823 alﬁictionem
1263 1763 1534 1845 corporis,
1565 1771 1613 1817 et
1657 1761 1936 1815 continuus
1973 1758 2128 1816 dolor

2229 585 2374 642 inter
2408 593 2616 656 gentes,
2653 582 2933 637 multoties
2965 581 3133 637 etiam
3167 579 3432 637 fecerunt.
3463 579 3614 635 Multi
3643 582 3800 641 etiam

2229 675 2300 731 de
2326 673 2579 746 gentibus
2612 671 2671 726 in
2693 672 2836 726 ritus
2861 669 3178 726 Iudaeorum
3201 669 3560 735 transierunt,
3585 677 3640 724 et
3666 669 3802 727 inter

2229 761 2448 824 Judasos
2500 761 2737 832 reputati
2789 769 2938 816 sunt.
2989 758 3109 815 Non
3158 774 3351 816 omnes
3389 759 3485 830 qui
3529 775 3594 814 ex
3640 758 3803 817 lsrael

2229 861 2360 908 sunt
2383 850 2684 906 secundum
2711 864 2958 916 carnem,
2979 848 3194 904 dicendi
3224 856 3353 903 sunt
3387 847 3662 930 Israelita.
3697 849 3802 905 Ne-a

2229 955 2328 1010 que
2379 954 2573 994 omnes
2598 937 2832 1018 vocandi
2857 946 2987 993 sunt
3019 937 3148 1006 ﬁlii,
3169 935 3225 991 id
3254 945 3338 992 est
3369 936 3609 995 heredes
3631 939 3802 994 Abra-

2230 1029 2332 1097 hae,
2363 1029 2483 1085 ideo
2522 1029 2653 1099 quia
2690 1027 2993 1084 secundum
3029 1042 3253 1083 carnem
3288 1037 3410 1081 sunt
3437 1043 3607 1083 semen
3634 1028 3803 1102 Abra-

2228 1121 2341 1187 luc;
2367 1120 2562 1176 lsmael
2591 1121 2739 1176 enim
2762 1119 2830 1176 de
2863 1119 3072 1175 semine
3099 1118 3281 1176 carnis
3305 1117 3538 1174 Abrahae
3561 1119 3680 1187 fuit,
3708 1131 3806 1180 nec

2231 1223 2412 1269 tamen
2457 1214 2651 1268 haeres.

2303 1303 2455 1360 Unde
2474 1305 2738 1374 scriptum
2759 1312 2874 1358 est:
2905 1302 3084 1374 «Ejiee
3114 1303 3368 1359 ancillam
3397 1311 3452 1358 et
3477 1302 3645 1358 ﬁlium
3666 1303 3802 1374 ejus,

2229 1411 2339 1450 non
2360 1395 2507 1451 enim
2535 1395 2706 1450 lueres
2734 1395 2838 1450 erit
2868 1393 3020 1463 (Gen.
3050 1409 3164 1460 xm,
3197 1394 3339 1464 12),»
3367 1403 3471 1449 etc.
3504 1412 3518 1461 ;
3547 1393 3627 1450 sic
3645 1397 3802 1454 etiam

2230 1505 2330 1564 nec
2357 1487 2502 1542 ﬁlios
2523 1487 2758 1541 Abrahae
2793 1486 3030 1542 dicimus
3060 1487 3450 1558 degener-antes
3477 1501 3509 1540 a
3537 1487 3639 1542 ﬁde
3667 1487 3799 1558 ejus.

2228 1574 2582 1632 Consuetudo
2630 1575 2778 1630 enim
2825 1585 3042 1644 patrum
3076 1582 3182 1642 est,
3229 1591 3358 1631 eum
3402 1590 3600 1632 vocare
3638 1575 3802 1634 ﬁlium

2229 1683 2414 1733 suum,
2437 1665 2531 1738 qui
2547 1665 2794 1721 imitatur
2809 1675 3042 1736 patrem.
3061 1665 3200 1721 Eum
3221 1680 3353 1722 vero
3378 1667 3474 1736 qui
3503 1669 3805 1726 contrarius

2227 1768 2312 1815 est
2339 1758 2500 1816 factis
2531 1761 2724 1830 patris,
2773 1757 2909 1813 dicit
2936 1768 3092 1829 pater
3121 1774 3232 1814 non
3270 1774 3392 1814 esse
3415 1759 3589 1814 ﬁlium
3627 1775 3800 1826 suum,

531 1861 680 1914 cordi
699 1875 812 1914 meo
847 1859 1080 1914 interius
1105 1875 1118 1912 :
1169 1842 1346 1922 dolor,
1375 1854 1572 1926 inquit,
1619 1862 1704 1909 est
1749 1851 1906 1918 mihi,
1931 1858 1986 1906 et
2011 1865 2127 1905 me-
2154 1842 2200 1904 Β
2229 1849 2356 1906 licet
2399 1865 2528 1906 vere
2563 1852 2702 1907 sciat
2745 1849 2812 1904 de
2843 1864 3010 1904 carne
3038 1865 3139 1906 sua
3179 1859 3518 1922 generatum.
3548 1847 3665 1905 Non
3691 1867 3804 1906 om-

529 1949 661 2005 rito.
692 1947 806 2019 Ego
839 1949 987 2004 enim
1019 1950 1154 2017 ipse,
1175 1947 1269 2017 qui
1301 1947 1466 2001 modo
1495 1944 1739 2013 separari
1770 1957 2004 2012 nequeo,
2027 1957 2124 2010 op-

527 2039 712 2092 tabam
755 2054 869 2092 esse
909 2053 1018 2091 non
1062 2037 1242 2092 solum
1287 2045 1606 2104 separatus;
1640 2034 1735 2089 sed
1779 2033 1945 2088 etiam
1987 2048 2124 2086 ana-

531 2126 728 2192 thema,
743 2126 796 2180 id
817 2134 902 2182 est
923 2125 1197 2196 separatio
1209 2123 1443 2178 aliorum
1467 2138 1498 2176 a
1519 2120 1742 2178 Christo
1753 2136 1850 2190 pro
1865 2119 2124 2190 fratribus

534 2216 700 2280 meis;
736 2216 998 2286 quia‘hos
1037 2215 1133 2284 qui
1168 2213 1334 2270 modo
1394 2213 1596 2267 fratres
1635 2219 1766 2267 sunt
1801 2211 1857 2264 in
1906 2209 2128 2268 Christo

529 2309 790 2375 separare
839 2306 1086 2361 volebam
1129 2321 1162 2360 a
1187 2304 1359 2360 “Deo:
1405 2305 1498 2374 qui
1532 2304 1700 2359 etiam
1749 2311 1872 2356 sunt
1911 2302 2125 2372 cognati

529 2398 631 2452 mei
654 2397 940 2451 secundum
966 2413 1210 2463 carnem;
1243 2396 1394 2468 quia,
1443 2396 1568 2452 licet
1604 2395 1862 2451 omnibus
1889 2395 1948 2449 in
1988 2395 2126 2450 dile-

529 2489 710 2566 ctione
745 2490 966 2546 obnoxii
995 2490 1190 2558 simus,
1211 2489 1533 2548 domesticis
1555 2498 1741 2546 tamen
1771 2491 1986 2562 generis
2018 2503 2122 2546 no-

527 2580 626 2640 stri
655 2581 797 2641 hanc
825 2581 1090 2638 debemus
1128 2582 1432 2652 impensius
1445 2599 1488 2636 οε
1523 2581 1614 2652 qui
1648 2580 1818 2638 etiam
1855 2589 1978 2636 sunt
2005 2582 2123 2638 veri

527 2669 799 2734 Israelita:
823 2671 1071 2728 videntes
1092 2670 1286 2738 Deum,
1317 2687 1542 2743 quorum
1579 2671 1745 2728 etiam
1789 2671 2008 2742 adoptio
2049 2672 2121 2742 ﬁ-

523 2763 741 2831 liorum,
765 2763 819 2820 id
847 2772 934 2820 est
965 2763 1320 2834 quiadoptati
1344 2764 1547 2820 suntin
1565 2763 1709 2822 ﬁlios
1729 2762 1848 2819 Dei.
1873 2763 2120 2830 Quorum

523 2853 689 2912 etiam
711 2854 887 2926 gloria
913 2854 1340 2921 miraculorum;
1371 2869 1611 2926 quorum
1634 2852 1803 2910 etiam
1831 2861 1919 2910 est
1955 2863 2121 2909 testa-

522 2954 800 3014 mentum;
851 2945 1208 3018 Evangelium
1247 2947 1678 3016 repromissum;
1721 2945 1924 3016 quibus
1953 2945 2121 3002 etiam

520 3047 606 3096 est
637 3038 772 3092 latio
805 3037 957 3109 legis,
989 3039 1044 3094 id
1079 3047 1164 3094 est
1195 3039 1499 3108 spiritualis
1546 3037 1902 3110 intelligentia
1949 3053 2118 3108 quam

521 3126 627 3184 fert
673 3127 794 3194 lex;
843 3127 1047 3198 quibus
1107 3127 1273 3182 etiam
1310 3135 1396 3182 est
1438 3127 1509 3180 ad
1553 3127 1883 3196 obsequium,
1929 3126 1984 3182 id
2029 3135 2117 3182 est

2227 1955 2328 1996 nes
2363 1939 2458 2010 qui
2493 1939 2795 2019 secundum
2827 1955 3048 1994 carnem
3087 1949 3217 1995 sunt
3246 1940 3313 1996 de
3343 1939 3552 1996 semine
3578 1940 3804 1996 Abrahae

2227 2039 2357 2085 sunt
2381 2047 2397 2096 ;
2426 2029 2523 2086 sed
2552 2031 2647 2101 qui
2674 2031 2728 2086 in
2751 2031 3110 2086 similitudine
3129 2030 3283 2088 Isaac
3307 2047 3404 2102 per
3425 2031 3802 2102 repromissim

2226 2137 2352 2176 nem
2375 2120 2470 2176 Dei
2493 2123 2606 2177 uati
2628 2133 2775 2188 sunt,
2789 2123 2844 2176 hi
2872 2131 3140 2180 vocantur
3165 2123 3259 2178 ﬁlii
3278 2123 3534 2180 Abrahae.
3555 2121 3646 2179 Sic
3661 2124 3803 2180 enim

2225 2219 2458 2268 testatur
2495 2210 2802 2282 Scriptura,
2829 2212 3059 2268 dicens:
3110 2213 3180 2268 In
3216 2212 3399 2282 Isaac,
3426 2213 3482 2269 id
3522 2213 3690 2270 estin
3731 2214 3804 2272 si.

2225 2303 2533 2358 militudine
2568 2303 2720 2359 Isaac
2743 2305 2843 2358 erit
2881 2304 2976 2358 tibi
3007 2321 3201 2359 semen.
3233 2303 3346 2361 Nec
3378 2305 3487 2360 hoc
3511 2305 3803 2365 secundum

2223 2409 2470 2463 carnem,
2518 2395 2614 2450 sed
2651 2396 2946 2464 vocabitur,
2989 2397 3044 2452 id
3093 2405 3179 2452 est
3221 2412 3320 2467 per
3366 2398 3707 2454 vocationem
3751 2406 3805 2456 et
3855 2409 3862 2416 '

2223 2487 2711 2558 repromissionem
2741 2486 2860 2556 Dei,
2885 2497 3048 2544 erunt
3069 2487 3164 2544 tibi
3190 2489 3309 2557 ﬁlii,
3337 2504 3452 2546 non
3486 2498 3695 2546 tantum
3721 2505 3804 2546 se.

2223 2579 2465 2634 cundum
2500 2578 2702 2634 lineam
2735 2578 2949 2647 carnis,
2992 2587 3262 2650 quantum
3304 2595 3403 2650 per
3451 2579 3802 2636 imitationem

2221 2669 2367 2725 fidei.
2396 2669 2551 2726 lsaac
2578 2671 2726 2726 enim
2753 2679 2918 2727 natus
2947 2686 3059 2726 non
3090 2672 3207 2742 lege
3239 2671 3447 2738 carnis,
3471 2672 3600 2742 quia
3628 2671 3694 2727 de
3717 2685 3805 2726 ve-

2220 2762 2337 2816 tulo
2363 2771 2537 2838 patre,
2560 2771 2615 2818 et
2633 2771 2806 2818 matre
2835 2763 3026 2831 sterili,
3057 2763 3216 2834 cujus
3243 2763 3504 2835 genitalia
3520 2763 3636 2834 jam
3661 2777 3802 2818 mar-

2221 2853 2340 2909 cida
2387 2853 2544 2909 senio
2583 2852 2823 2922 fuerant,
2861 2853 3190 2925 signiﬁcavit
3214 2869 3326 2909 non
3364 2854 3644 2910 vocandos
3666 2853 3802 2910 ﬁlios

2218 2944 2455 3001 Abrahae
2479 2953 2702 3018 propter
2739 2945 2940 3001 lineam
2987 2945 3192 3014 carnis,
3228 2945 3324 3002 sed
3347 2946 3599 3017 exemplo
3633 2945 3800 3014 Isaac,

2219 3037 2521 3093 secundum
2553 3037 2974 3108 promissionem
3003 3037 3109 3110 53
3144 3036 3263 3094 Dei.
3303 3037 3542 3110 Exponit
3573 3035 3799 3110 Aposto-

2217 3129 2306 3186 lus
2333 3129 2466 3201 quid
2505 3129 2579 3185 sit
2618 3130 2744 3185 hoc.
2782 3127 2842 3184 ln
2864 3128 3017 3184 Isaae
3039 3129 3323 3184 vocabitur
3357 3128 3458 3184 tibi
3494 3143 3679 3185 semen
3714 3126 3798 3184 di-

521 3219 700 3282 cultus
722 3217 854 3286 Dei;
881 3219 1086 3290 quibus
1114 3219 1283 3273 etiam
1315 3217 1460 3274 facta
1489 3227 1618 3274 sunt
1645 3219 1909 3288 promissa
1932 3218 2114 3273 salva-
2141 3197 2183 3256 θ
2215 3197 2396 3280 ceas—z
2427 3223 2486 3278 Id
2507 3225 2654 3295 quod
2675 3224 2799 3280 dico
2827 3239 3000 3278 semen
3026 3223 3298 3278 vocabitur
3319 3223 3416 3278 tibi
3441 3225 3498 3278 in
3520 3221 3699 3290 Isaac,
3723 3221 3799 3282 sic

518 3309 716 3376 tionis;
776 3310 978 3380 quibus
1029 3309 1196 3366 etiam
1247 3319 1423 3380 patres
1481 3309 1634 3366 fuere
1689 3309 1768 3364 illi
1811 3325 1876 3363 ea:
1921 3307 2112 3380 quibus

521 3401 766 3455 Christus
791 3411 954 3456 natus
980 3409 1066 3456 est
1091 3400 1380 3456 secundum
1407 3417 1661 3456 carnem:
1687 3401 1777 3472 qui
1807 3399 2112 3456 secundum

521 3491 791 3548 Deitatem
836 3491 982 3547 Deus
1024 3500 1109 3547 est
1135 3491 1205 3547 ab
1239 3491 1418 3559 initio,
1464 3507 1693 3554 manens
1721 3509 1878 3562 super
1904 3493 2108 3558 omnia,

519 3579 661 3638 Deus
706 3583 832 3640 dico
883 3582 1185 3638 benedictus
1213 3585 1542 3640 aeternaliter
1567 3585 1624 3638 in
1667 3583 1886 3639 siccata.
1918 3585 2106 3638 Amen.

517 3673 645 3730 Ideo
675 3672 880 3729 Paulus
909 3673 1094 3744 plures
1113 3682 1169 3730 et
1206 3673 1443 3744 majores
1475 3673 1599 3728 aliis
1643 3672 1907 3742 apostolis
1941 3671 2110 3728 susti-

519 3767 639 3822 nuit
681 3766 1121 3838 persecutiones;
1166 3766 1296 3836 quia
1341 3773 1664 3835 persecutus
1703 3763 1883 3820 fuerat
1921 3762 2112 3820 Eccle-.

517 3858 656 3912 siam
681 3858 930 3923 Christi:
981 3857 1127 3928 quod
1169 3857 1312 3912 idem
1360 3855 1609 3926 perhibet
1653 3855 1881 3910 dicens:
1917 3873 1936 3905 ι
1965 3853 2106 3920 Quia

515 3947 642 4017 plus
678 3932 938 4002 omnibus
981 3947 1227 4002 laboravi
1269 3945 1323 4016 (1
1366 3944 1492 4001 Cor.
1544 3961 1637 4011 xv,
1673 3945 1825 4016 10).»
1859 3958 1983 4014 qua:
2023 3953 2114 4002 ta-.

516 4054 644 4095 men
675 4039 1053 4110 augmentatio
1099 4037 1498 4108 persecutionis
1528 4034 1631 4092 fuit
1668 4035 1774 4106 ipsi
1813 4035 1882 4090 ad
1913 4042 2102 4090 custo-

515 4127 662 4198 diam
693 4127 942 4198 justitiaa,
967 4135 1023 4181 et
1053 4127 1449 4182 incrementum
1480 4123 1684 4195 gloriae.
1711 4121 1968 4178 Probavit
1987 4119 2103 4176 suf-

516 4219 766 4276 ﬁcienter
813 4219 1068 4289 superius
1093 4217 1238 4288 quod
1267 4217 1471 4272 electos
1498 4214 1595 4270 Dei
1631 4213 1780 4270 nulla
1809 4229 1896 4269 res
1917 4222 2102 4283 posset

515 4324 549 4364 a
578 4308 692 4364 Deo
721 4323 996 4380 separare.
1030 4306 1089 4362 ln
1118 4307 1474 4380 sequentibus
1501 4315 1684 4360 autem
1712 4303 1944 4375 probare
1984 4303 2102 4358 vult

515 4397 660 4463 hanc
699 4397 1020 4452 electionem
1058 4395 1298 4451 filiorum
1345 4411 1458 4451 non
1493 4392 1794 4450 secundum
1839 4392 2098 4463 propagi-

515 4503 642 4566 nem
671 4487 875 4554 carnis,
915 4487 1012 4542 sed
1047 4503 1113 4542 ex
1149 4487 1436 4542 vocatione
1476 4484 1572 4560 Dei
1599 4483 1736 4539 ﬁeri.
1782 4480 1989 4538 Littera
2017 4483 2097 4539 sic

507 4578 796 4648 jungitur:
829 4577 941 4650 Ego
972 4577 1104 4633 olim
1125 4577 1381 4648 optabam
1423 4591 1545 4632 esse
1571 4574 1842 4646 separatio
1863 4574 2100 4631 ﬁliorum

513 4651 610 4724 Dei
635 4684 667 4724 a
688 4667 949 4735 Christo;
983 4668 1076 4746 sed
1109 4678 1288 4724 tamen
1317 4684 1427 4723 non
1467 4665 1670 4722 excidit
1697 4664 1924 4720 verbum
1972 4664 2102 4734 Dei,

517 4760 572 4814 id
613 4767 698 4815 est
740 4759 868 4816 licet
905 4761 1136 4815 multum
1173 4760 1418 4814 saevirem
1457 4759 1514 4812 in
1549 4771 1738 4813 servos
1773 4754 1890 4822 Dei,
1931 4755 2102 4825 aliqui

511 4831 959 4904 subverterentur
977 4868 991 4916 ;
1014 4859 1196 4904 tamen
1217 4855 1505 4918 propterea
1523 4862 1627 4900 non
1643 4843 1842 4899 excidit
1866 4845 2099 4913 verbum,

509 4937 567 4994 id
595 4948 680 4994 est
720 4955 831 4994 non
876 4940 1144 5011 inexpleta
1185 4939 1348 5010 periit
1389 4937 1685 5008 promissio
1729 4930 1850 5006 Dei,
1883 4953 1994 5010 qua
2040 4952 2101 4994 se

510 5030 840 5100 promiserat
866 5032 1276 5102 redempturum
1304 5029 1499 5096 Israel;
1527 5030 1656 5098 quia
1685 5029 1812 5086 licet
1839 5030 1996 5086 multi
2010 5045 2100 5086 se-

512 5121 752 5178 cundum
773 5136 996 5176 carnem
1027 5122 1094 5174 de
1129 5118 1294 5174 Israel
1323 5134 1352 5172 a
1383 5119 1684 5173 salvatione
1707 5119 2092 5187 alienatisint;

510 5223 704 5266 omnes
731 5219 911 5265 tamen
941 5208 1055 5263 veri
1080 5206 1335 5263 Israelita:
1348 5208 1504 5262 electi
1527 5217 1674 5288 sunt,
1699 5218 1753 5262 et
1776 5209 1855 5263 sie
1876 5209 2096 5280 impleta

506 5309 591 5356 est
619 5301 935 5371 promissio.
979 5301 1117 5356 Vere
1151 5299 1253 5353 etsi
1279 5299 1446 5368 aliqui
1471 5300 1707 5370 separati
1735 5310 1863 5354 sunt
1899 5317 1929 5354 a
1961 5299 2092 5367 Deo,

2213 3326 2300 3374 est
2327 3318 2762 3390 intelligendum.
2790 3316 2913 3372 Non
2934 3318 3024 3388 qui
3052 3317 3154 3387 ﬁlii
3183 3318 3362 3371 carnis
3397 3316 3633 3374 Abrahae
3653 3323 3796 3381 sunt,

2211 3409 2268 3463 Iri
2298 3419 2584 3480 propterea
2610 3418 2739 3465 sunt
2761 3409 2867 3478 ﬁlii
2914 3408 3014 3462 Dei
3039 3424 3056 3462 :
3087 3408 3177 3462 sed
3200 3408 3256 3462 hi
3281 3409 3373 3479 qui
3403 3418 3526 3462 sunt
3551 3407 3656 3478 ﬁlii
3676 3423 3795 3478 pro-

2211 3501 2502 3565 missionis,
2529 3499 2580 3554 id
2611 3509 2695 3554 est
2730 3515 2826 3568 per
2849 3499 3329 3568 repromissionem
3357 3498 3540 3566 electi,
3565 3498 3622 3553 hi
3655 3495 3794 3554 testi-

2211 3601 2427 3646 mantur
2471 3592 2528 3644 in
2573 3592 2769 3645 sentiae
2813 3589 3065 3656 Abrahae,
3113 3590 3417 3646 imitatores
3465 3590 3593 3646 ﬁdei
3655 3589 3792 3660 ejus,

2209 3680 2672 3752 quemadmodqu
2703 3677 2856 3734 Isaae
2881 3695 2975 3749 per
2992 3679 3477 3750 repromissionem
3511 3687 3673 3733 natus
3689 3685 3790 3732 est.

2207 3769 2276 3825 Et
2325 3785 2451 3824 vere
2477 3783 2575 3838 per
2603 3767 3105 3839 repromissionem.
3145 3766 3289 3822 Nam
3325 3768 3432 3824 hoc
3472 3778 3550 3822 est
3584 3765 3790 3822 verbum

2205 3861 2596 3932 promissionis,
2628 3859 2785 3916 factae
2800 3859 2867 3916 de
2883 3857 3056 3927 Isaac,
3073 3860 3219 3930 quod
3240 3859 3469 3916 verbum
3485 3853 3700 3915 locutus
3711 3864 3794 3912 est

2205 3951 2436 4023 angelus
2457 3950 2525 4006 ad
2552 3949 2832 4005 Abraham
2864 3945 3236 4006 determinans
3259 3950 3674 4022 conceptionem
3697 3943 3790 4002 ﬁlii

2202 4043 2297 4098 diu
2311 4051 2438 4098 ante
2455 4041 2734 4113 promissi,
2746 4041 2934 4098 dicens
2956 4061 2968 4095 :
3003 4062 3020 4092 ι
3035 4040 3146 4112 Ego
3158 4041 3362 4096 veniam
3384 4041 3672 4096 secundum
3696 4039 3790 4093 hoc

2205 4144 2428 4205 tempus,
2455 4133 2508 4189 id
2529 4143 2615 4190 est
2637 4144 2763 4204 post
2784 4135 3092 4190 revolutqu
3123 4150 3328 4188 annum
3349 4134 3454 4189 hac
3473 4133 3664 4188 eadem
3683 4129 3787 4196 die,

2201 4235 2250 4280 et
2263 4233 2552 4296 postquam
2569 4225 2861 4290 advenero,
2881 4227 2980 4280 crit
2995 4223 3146 4281 Sara:
3157 4225 3300 4296 ﬁlius
3315 4224 3632 4296 (Geruxvm,
3648 4221 3752 4290 {0).
3765 4238 3784 4272 ι

2204 4311 2513 4369 Secundum
2561 4313 2908 4367 Ambrosium
2943 4313 3042 4386 (l),
3085 4314 3368 4385 praemissa
3408 4313 3588 4367 littera
3633 4310 3790 4380 longe

2200 4419 2366 4473 supra
2391 4405 2548 4457 aliter
2567 4403 2837 4474 jungitur,
2877 4404 2984 4459 ita:
3011 4403 3126 4476 Ego
3152 4403 3406 4473 optabam
3421 4417 3545 4457 esse
3569 4415 3790 4471 separa~

2134 4535 2176 4591 Β
2200 4495 2277 4549 ιίο
2298 4495 2568 4549 bonorum
2599 4511 2629 4549 a
2653 4495 2902 4567 Christo,
2925 4497 3070 4566 quod
3094 4494 3361 4591 faciebam
3403 4508 3504 4563 pro
3529 4490 3789 4591 fratribus

2204 4583 2363 4649 meis,
2389 4583 2441 4637 id
2452 4593 2733 4639 estamore
2751 4585 2982 4640 fratrum
3003 4601 3250 4640 meorum
3261 4582 3576 4638 Iudaeorum
3599 4590 3654 4638 et
3674 4580 3788 4636 zelo

2204 4672 2362 4743 legis,
2403 4689 2568 4743 quam
2617 4675 2745 4744 quia
2797 4673 3142 4730 Christianos
3191 4675 3452 4745 putabam
3497 4671 3786 4738 invertere,

2204 4762 2454 4818 dolebam
2485 4780 2498 4817 ;
2531 4777 2632 4818 nec
2673 4763 2874 4818 mirum
2913 4764 2961 4817 si
3011 4778 3110 4832 pro
3156 4762 3417 4819 fratribus
3466 4766 3630 4831 meis,
3661 4759 3788 4832 quia

2203 4859 2332 4906 sunt
2357 4851 2572 4919 cognati
2602 4851 2709 4905 mei
2739 4851 3040 4906 secundum
3071 4867 3315 4919 carnem,
3335 4863 3388 4909 et
3415 4855 3513 4924 qui
3547 4866 3674 4910 esse
3696 4849 3789 4904 de-

2202 4937 2450 4995 buissent
2479 4943 2594 4995 veri
2628 4939 2906 5009 Israelitte,
2937 4951 2990 4997 et
3014 4959 3255 5012 quorum
3277 4954 3358 4998 est
3387 4945 3614 5016 adoptio
3644 4942 3786 4998 ﬁlio-

2201 5045 2326 5085 rum
2353 5027 2471 5098 Dei,
2496 5027 2550 5085 id
2577 5031 2784 5102 estqui
2817 5033 3085 5089 debebant
3109 5034 3176 5088 ad
3215 5035 3356 5104 ptari
3399 5034 3454 5088 in
3489 5034 3634 5089 ﬁlios
3667 5029 3783 5096 Dei,

2199 5120 2310 5179 nisi
2343 5121 2450 5176 hoc
2483 5121 2691 5177 malitia
2742 5137 2934 5178 eorum
2985 5134 3278 5192 averteret;
3320 5135 3373 5180 et
3423 5125 3629 5195 quibus
3670 5129 3786 5177 erat

2197 5209 2370 5280 gloria
2395 5211 2741 5280 eloquiorum
2776 5211 2872 5268 Dei
2907 5213 3260 5280 creditorum,
3295 5223 3350 5268 et
3389 5215 3596 5284 quibus
3623 5211 3786 5267 debe-

2195 5303 2359 5358 batur
2392 5309 2800 5370 testamentum,
2840 5305 2894 5359 id
2939 5313 3024 5361 est
3057 5304 3431 5376 Evangelium,
3457 5316 3513 5360 et
3543 5317 3779 5376 quorum

507 5402 794 5462 propterea
847 5407 958 5446 non
1005 5388 1208 5446 excidit
1250 5389 1475 5444 verbum
1513 5388 1640 5456 Dei;
1690 5390 1949 5458 quoniam
1987 5406 2091 5443 non
2193 5401 2312 5447 erat
2339 5393 2607 5464 legislatio
2641 5401 2697 5447 et
2732 5395 3078 5465 obsequium,
3125 5395 3178 5450 id
3211 5405 3293 5450 est
3323 5397 3508 5454 cultus
3551 5395 3668 5451 Dei.
3715 5391 3780 5447 Et

507 5498 682 5538 omnes
707 5485 760 5538 hi
783 5485 872 5553 qui
891 5492 1016 5536 sunt
1042 5498 1106 5536 ea:
1121 5481 1296 5556 fsrael
1316 5480 2090 5546 secundumcarnem,vocandi

505 5585 625 5625 sunt
656 5571 940 5627 Israelita.
973 5571 1240 5642 Tempore
1259 5572 1406 5628 enim
1419 5572 1710 5636 Jeroboam
1738 5572 1896 5626 multi
1916 5571 2090 5626 Judaei

2195 5484 2469 5550 promissa
2513 5484 2851 5540 debebantur
2891 5486 2992 5539 eis.
3033 5483 3223 5540 Patres
3271 5501 3508 5555 quorum
3556 5484 3780 5539 fuerunt

2196 5573 2296 5642 illi,
2323 5590 2391 5630 ex
2415 5575 2617 5646 quibus
2639 5574 2939 5631 secundum
2967 5590 3186 5631 carnem
3214 5585 3377 5631 natus
3393 5585 3481 5631 est
3501 5575 3775 5631 Christus.

691 5698 1095 5786 Commentaria
1131 5702 1188 5758 in
1237 5717 1430 5760 omnes
1453 5702 1608 5759 Pauli
1660 5703 1931 5774 Epistolas
1984 5717 2094 5757 non
2139 5712 2401 5773 putantur
2446 5721 2567 5762 esse
2620 5707 2933 5786 Ambrosii:
2971 5707 3038 5784 de
3079 5725 3190 5778 quo
3225 5708 3454 5765 consule
3485 5703 3777 5766 Possevini

504 5774 856 5836 Apparatum.
