3978 6396
191 415 267 476 8.!
836 417 1200 475 EXPOSITIO
1240 418 1311 474 lN
1345 418 1727 477 EPISTOLAS
1763 423 1991 481 PAULI.
2031 456 2102 467 -υ
2140 424 2206 480 IN
2247 426 2465 485 EPIST.
2507 430 2600 485 AD
2630 430 2803 489 ROM.
3377 437 3448 493 82

196 533 308 587 Sed
346 531 478 587 licet
654 533 927 602 promissa
969 534 1108 600 illis,
1153 533 1443 605 iniquitate
1471 538 1570 593 sua
1605 538 1777 608 impe-
1808 542 1851 602 Α
1878 540 2150 608 cluderet;
2179 542 2252 598 ita
2273 552 2329 599 et
2348 544 2418 599 de
2456 545 2706 615 sequenti
2747 546 3116 603 testimonium
3147 548 3345 619 posuit,
3388 564 3451 611 ut

191 624 385 678 diente
413 638 524 678 non
554 608 735 692 adepti
781 624 912 690 sint,
948 640 1060 680 non
1107 634 1292 681 tamen
1337 628 1460 683 ideo
1479 628 1603 683 dico
1635 629 1780 698 quod

190 721 486 782 propterea
508 714 771 768 exciderit
789 715 1040 781 verbum,
1074 715 1129 771 id
1157 726 1241 772 est
1272 717 1517 787 impletio
1543 719 1780 788 promis-

190 801 372 857 sionis
405 801 505 857 Dei
535 819 554 861 ι
584 803 848 872 quoniam
894 805 942 859 si
989 820 1099 860 non
1135 820 1327 862 omnes
1354 808 1449 877 qui
1478 810 1779 864 secundum

189 907 421 948 carnem
439 890 643 959 Iudaei,
671 901 851 949 tamen
881 896 1197 967 quicunque
1220 898 1333 953 veri
1362 897 1620 954 lsraelitat
1656 898 1779 954 fue-

188 992 345 1048 runt,
378 983 802 1053 promissionem
834 984 933 1041 Dei
957 999 1304 1058 acceperunt.
1331 988 1581 1060 Sequens
1601 991 1781 1047 littera

188 1088 303 1128 non
334 1083 603 1130 mutatur.
647 1073 768 1130 Non
799 1078 976 1132 solum
1008 1090 1189 1133 autem
1218 1080 1360 1136 hanc
1386 1081 1520 1137 Sara
1548 1083 1781 1153 promis-

186 1164 411 1220 sionem
446 1165 659 1231 habuit,
683 1165 779 1221 sed
803 1167 970 1222 etiam
1000 1168 1264 1225 Rebecca.
1292 1170 1694 1229 Convenienter
1711 1174 1781 1229 de

187 1252 444 1311 Rebecca
476 1256 704 1321 inducit,
728 1257 783 1310 in
810 1258 968 1328 cujus
991 1259 1126 1315 ﬁliis
1162 1271 1405 1330 apertum
1431 1272 1533 1330 est,
1570 1279 1637 1318 ex
1671 1264 1780 1318 ele—

186 1347 377 1401 ctione
396 1355 615 1403 tantum
642 1347 758 1414 Dei,
783 1349 988 1404 bonum
1014 1351 1249 1421 aliquem
1273 1353 1410 1407 ﬁeri.
1456 1353 1515 1407 Si
1544 1355 1688 1409 enim
1710 1371 1775 1410 ex

185 1452 392 1509 genere
447 1453 560 1494 non
587 1448 671 1495 est
716 1455 885 1495 causa
924 1457 1095 1511 quare
1131 1441 1300 1498 Iacob
1329 1444 1502 1513 magis
1548 1445 1782 1515 eligatur

184 1544 358 1601 quam
398 1528 546 1585 Esau
572 1571 592 1597 ,
623 1530 678 1585 in
713 1546 947 1601 quorum
984 1533 1247 1588 electione
1280 1534 1363 1588 vel
1402 1536 1781 1604 reprobatione

184 1621 338 1675 nulla
368 1629 679 1690 parentum,
704 1622 850 1677 nulla
873 1622 1109 1678 ﬁliorum
1137 1619 1332 1679 merita
1360 1634 1777 1695 praecesserunt,

181 1719 239 1767 et
271 1712 401 1767 ideo
448 1727 548 1782 per
586 1712 887 1769 Rebeccam
924 1715 1167 1784 apertius
1206 1716 1437 1785 probat,
1477 1718 1779 1773 secundum

184 1805 620 1875 promissionem
646 1804 787 1861 ﬁlios
815 1806 1049 1863 Abrahae
1075 1807 1212 1872 ﬁeri,
1245 1823 1410 1878 quam
1440 1824 1537 1879 per
1563 1808 1776 1877 Saram,

1882 632 2134 688 ostendat
2160 648 2397 704 sequens
2420 637 2673 691 meritum
2704 636 2873 693 Iacob
2902 638 3231 695 insuiﬁciens
3258 641 3451 712 fuisse,

1879 731 1935 776 et
1954 724 2171 791 penitus
2198 739 2295 794 per
2313 740 2374 780 se
2403 726 2687 798 indignum
2711 728 2880 785 fuisse
2904 730 3075 800 gratia
3102 729 3226 795 Dei;
3250 740 3306 787 et
3328 732 3451 789 ideo

1879 824 2135 871 constare
2180 820 2327 887 quod
2379 834 2475 889 per
2514 821 2944 877 misericordiam
2996 818 3200 878 electus
3248 825 3340 890 sit,
3387 832 3455 883 ut

1879 906 2043 960 etiam
2074 908 2382 964 ostenderet
2405 906 2549 979 quod
2572 910 2717 969 Esau
2757 910 2903 981 iuste
2933 922 3128 984 negata
3159 914 3230 967 sit
3252 914 3452 984 gratia,

1878 996 2126 1068 quianon
2147 1009 2293 1056 esset
2303 1013 2691 1071 cooperaturus
2714 1004 2917 1073 gratiae.
2940 1003 3213 1071 Quaeritur
3239 1017 3337 1059 cur
3354 1003 3455 1062 Ia-t

1878 1092 1982 1147 cob
2006 1093 2212 1148 electus
2235 1094 2328 1157 sit,
2362 1103 2415 1147 et
2448 1092 2589 1149 Esau
2623 1095 2942 1164 reprobatus
2970 1114 2983 1149 :
3015 1110 3141 1151 cum
3171 1095 3225 1149 in
3255 1104 3454 1151 neutro

1878 1184 2132 1239 meritum
2158 1184 2292 1239 beni
2309 1185 2392 1239 vel
2413 1185 2541 1239 mali
2567 1185 2928 1254 praecesserit,
2953 1197 3075 1255 quae
3097 1200 3266 1241 causa
3287 1182 3453 1241 fuerit

1876 1277 2157 1331 electionis
2186 1276 2370 1343 unius,
2402 1284 2457 1331 et
2501 1277 2897 1346 reprobationis
2936 1277 3159 1332 alterius
3174 1277 3311 1332 ?=A’d
3346 1270 3487 1331 hoc.

1878 1366 2257 1434 respondetur,
2289 1363 2456 1419 Iacob
2478 1365 2709 1418 electum
2729 1376 2852 1419 esse
2873 1379 2971 1433 per
2990 1362 3449 1426 misericordiam;

1878 1454 2019 1509 Esau
2067 1456 2416 1523 reprobatum
2453 1453 2751 1509 secundum
2775 1453 3063 1523 iustitiam.
3105 1451 3250 1507 Deus
3279 1451 3451 1516 enim,

1878 1561 2001 1601 cum
2033 1545 2270 1615 primum
2298 1545 2504 1600 creavit
2530 1544 2830 1610 hominem,
2857 1543 3143 1612 multiplici
3187 1556 3312 1597 eum
3362 1540 3452 1597 in—

1880 1635 2099 1705 signivit
2132 1636 2307 1705 gratia
2335 1654 2348 1688 :
2397 1650 2561 1705 quam
2593 1634 2722 1703 quia
2762 1634 3037 1703 peccando
3062 1648 3093 1685 a
3139 1647 3198 1686 se
3231 1630 3465 1698 repulit,

1880 1726 2161 1797 indignum
2203 1742 2263 1780 se
2292 1726 2419 1781 fecit
2452 1726 2625 1797 gratia
2648 1724 2767 1790 Dei,
2798 1734 2854 1779 et
2898 1721 3093 1778 exinde
3129 1720 3271 1777 Deus
3316 1719 3453 1774 nihil

1880 1814 2089 1868 homini
2111 1813 2317 1879 debuit,
2342 1814 2532 1883 sicque
2555 1828 2664 1867 non
2686 1820 2769 1867 est
2793 1812 3041 1866 relictum
3070 1809 3277 1864 homini
3309 1807 3463 1861 unde

183 1873 309 1964 qua:
344 1894 528 1951 solum
570 1896 801 1950 electum
851 1896 1041 1951 habuit
1068 1914 1081 1950 :
1119 1873 1327 1966 accepit
1356 1873 1546 1967 utique
1584 1873 1777 1968 repro-'
1811 1873 1854 1929 Β
1875 1903 2023 1974 iuste
2052 1912 2239 1973 posset
2274 1873 2564 1974 conqueri,
2609 1904 2655 1957 si
2686 1902 3002 1959 destituitur
3031 1899 3203 1971 gratia
3226 1896 3344 1953 Dei.

184 1982 515 2038 missionem
546 1981 822 2052 Rebecca,
845 1984 1041 2039 habent
1078 1985 1217 2041 ﬁlios
1251 2001 1316 2039 ex
1344 2001 1448 2039 uno
1472 1985 1788 2055 eodemque

182 2074 479 2127 concubitu
509 2072 671 2128 Isaac
697 2076 868 2144 patris
899 2076 1087 2129 nostri.
1134 2074 1202 2131 Ut
1223 2076 1428 2132 sciatur
1454 2075 1649 2139 merita
1680 2091 1778 2144 pa-

183 2171 411 2218 rentum
462 2178 577 2219 non
621 2163 894 2234 profuisse
933 2163 1124 2230 Iacob,
1174 2180 1277 2221 nec
1323 2165 1578 2223 nocuisse
1599 2164 1775 2230 Esau,

183 2253 525 2308 determinat
551 2269 650 2309 eos
676 2270 799 2310 esse
820 2264 1105 2325 generatos
1128 2256 1196 2310 de
1225 2254 1416 2310 eodem
1453 2254 1733 2309 concubitu
1756 2269 1775 2307 :

184 2362 253 2401 ne
282 2346 333 2402 si
360 2347 446 2417 (ut
471 2345 697 2416 quidam
745 2347 957 2417 physici
997 2347 1209 2417 volunt)
1250 2346 1482 2403 diversis
1518 2345 1777 2415 tempori-

183 2439 288 2495 bus
332 2439 583 2510 generati
624 2448 831 2505 essent,
858 2448 1182 2508 putarentur
1205 2447 1462 2508 parentes
1489 2452 1613 2494 esse
1637 2437 1778 2509 grati

184 2528 319 2597 Dao,
348 2545 484 2585 cum
506 2538 815 2600 genuerunt
841 2527 1042 2597 Iacob;
1069 2529 1289 2602 ingrati,
1322 2529 1545 2599 quando
1576 2544 1778 2599 genue-

183 2634 315 2677 runt
352 2620 524 2676 Esau.
576 2620 729 2676 Sicut
756 2630 1063 2691 parentum,
1094 2621 1178 2676 sic
1216 2622 1377 2677 etiam
1410 2621 1605 2676 merita
1634 2620 1775 2675 ﬁlio-

184 2728 305 2769 rum
336 2712 606 2778 excludit,
642 2712 872 2768 dicens:
914 2711 1157 2770 Rebecca
1203 2713 1391 2782 utique
1416 2712 1607 2769 habuit
1645 2728 1777 2782 pre-

184 2802 537 2858 missionem.
568 2799 703 2855 Nam
735 2801 939 2855 dictum
963 2809 1041 2856 est
1059 2802 1108 2856 ei
1121 2817 1140 2854 .'
1154 2801 1331 2871 Major
1353 2801 1539 2855 serviet
1563 2802 1774 2856 minori.

187 2890 294 2947 Sed
349 2900 649 2963 antequam
701 2892 847 2948 dicat
895 2893 1338 2963 promissionem,
1393 2893 1781 2949 convenienter

183 2985 382 3040 merita
405 2984 646 3039 ﬁliorum
676 3001 802 3040 cum
845 2985 1056 3042 meritis
1088 2992 1379 3055 parentum
1409 2985 1668 3052 excludit,
1720 2996 1782 3043 ut

182 3085 401 3133 constet
437 3092 663 3135 omnem
716 3078 1035 3135 electionem
1059 3092 1184 3134 esse
1226 3076 1463 3147 primum
1492 3085 1546 3133 et
1576 3077 1782 3147 princi-

183 3171 382 3241 paliter
406 3185 480 3226 ex
506 3171 679 3242 gratia
714 3170 830 3236 Dei,
853 3171 1040 3229 dicens
1071 3190 1084 3225 :
1126 3169 1370 3226 Rebecca
1393 3170 1585 3226 habuit
1612 3170 1774 3237 ﬁlios,

184 3262 278 3331 qui
307 3277 441 3316 cum
466 3262 708 3316 nondum
738 3261 850 3316 nati
877 3269 1089 3328 essent,
1121 3275 1217 3331 per
1254 3260 1361 3315 hoc
1389 3259 1631 3327 excludit
1662 3276 1778 3315 me-

183 3352 286 3405 rita
312 3351 577 3406 ﬁliorum.
633 3349 740 3406 Sed
778 3360 959 3407 tamen
990 3350 1120 3422 quia
1166 3351 1222 3412 in
1243 3359 1433 3408 ventre
1462 3351 1655 3407 matris
1686 3350 1777 3405 lu-

184 3442 313 3496 ctati
338 3457 469 3497 esse
491 3441 767 3508 dicuntur,
806 3457 875 3496 ne
907 3442 1037 3498 ideo
1069 3450 1390 3512 putarentur
1424 3443 1498 3497 ibi
1537 3441 1777 3512 potuisse

186 3534 411 3599 mereri,
436 3534 545 3587 hoc.
567 3532 939 3593 determinans
958 3533 1034 3588 ait
1059 3552 1072 3587 :
1095 3532 1205 3589 Aut
1229 3550 1351 3590 cum
1377 3534 1610 3588 nondum
1639 3534 1777 3604 egis-

184 3632 296 3697 sent
323 3624 541 3695 aliquid
572 3623 691 3679 boni
727 3609 987 3689 uel‘mali,
1027 3639 1127 3694 pro
1148 3625 1371 3694 quorbie
1388 3625 1607 3681 deberet
1625 3624 1774 3695 eligi,

187 3713 274 3770 hic
307 3714 614 3784 reprohari.
650 3713 774 3771 Ideo
819 3715 1138 3785 priusquam
1184 3725 1406 3786 agerent
1450 3717 1667 3780 bonum
1692 3716 1781 3775 vel

74 3836 87 3847 -
186 3807 419 3872 malum,
447 3806 654 3860 dictum
691 3814 770 3860 est
799 3815 857 3859 ut
884 3806 1229 3876 propositum,
1267 3805 1320 3861 id
1361 3815 1448 3862 est
1493 3806 1775 3877 prmdesti-

185 3899 337 3957 natio
377 3897 482 3952 Dei
511 3914 620 3969 qua
662 3898 812 3954 hunc
851 3898 1104 3969 eligebat,
1149 3899 1381 3954 alterum
1429 3898 1786 3968 reprobabat,

188 3995 447 4053 maneret,
481 3986 534 4041 id
556 3996 640 4043 est
657 4002 978 4057 permanere
1007 3989 1476 4057 comprobaretur,
1490 3988 1775 4041 secundum

187 4078 499 4132 electionem
521 4075 637 4142 Dei,
660 4092 783 4147 quae
807 4076 1001 4132 eiectio
1041 4093 1142 4131 non
1178 4086 1300 4133 erat
1323 4076 1464 4133 facta
1504 4094 1569 4132 ea:
1604 4079 1777 4147 operi-

186 4170 301 4231 bus,
334 4170 390 4224 id
415 4178 505 4223 est
529 4169 663 4238 quia
685 4169 824 4224 bene
851 4168 1056 4238 egisset
1086 4167 1276 4236 Iacob,
1306 4169 1397 4224 sed
1431 4168 1774 4224 solummodo

188 4273 251 4315 α’
263 4268 505 4324 rorante,
521 4258 576 4312 id
589 4266 673 4314 est
682 4273 749 4313 ex
765 4258 939 4329 gratia
954 4266 1009 4313 et
1031 4259 1370 4328 beneplacito
1384 4259 1630 4315 vocantis
1655 4259 1769 4313 Dei.

255 4348 373 4406 Hoc
410 4350 604 4420 utique
645 4350 851 4405 dictum
887 4358 971 4405 est
1015 4350 1165 4420 quia,
1226 4351 1276 4405 id
1314 4359 1397 4406 est
1436 4352 1559 4420 quia
1605 4351 1776 4418 major

186 4442 371 4495 serviet
402 4441 621 4495 minori.
662 4438 782 4495 Non
822 4441 948 4496 ideo
967 4441 1169 4497 dicitur
1196 4441 1421 4507 servire,
1454 4441 1600 4511 quod
1632 4441 1775 4496 Esau

187 4530 484 4603 aliquando
502 4532 756 4588 servierit
778 4531 969 4600 Iacob,
995 4533 1091 4589 sed
1119 4534 1443 4604 plerumque
1461 4534 1774 4589 dominatus

187 4620 256 4675 sit
275 4621 349 4687 ei,
379 4630 444 4678 ut
463 4622 560 4692 qui
587 4620 777 4678 iunior
796 4633 915 4678 erat
941 4623 996 4677 in
1025 4633 1191 4679 terra.
1233 4622 1299 4680 Et
1330 4624 1451 4679 ideo
1492 4624 1574 4680 sic
1604 4623 1768 4678 intel-

187 4708 463 4783 ligendum
486 4722 572 4768 est
599 4732 612 4767 :
643 4712 821 4783 Major
840 4716 1052 4782 serviet,
1070 4714 1125 4769 id
1152 4724 1237 4770 est
1260 4714 1411 4769 utilis
1424 4714 1531 4770 erit
1554 4715 1767 4769 minori.

185 4800 403 4869 Quanto
418 4805 570 4859 enim
591 4803 737 4861 Esau
764 4807 937 4875 magis
958 4806 1386 4876 persequebatur
1403 4804 1592 4873 Iacob,
1619 4813 1770 4861 tanto

187 4896 359 4966 magis
389 4896 650 4950 meritum
682 4895 792 4968 54
820 4897 1095 4966 patientiae
1132 4896 1478 4951 accrescebat
1501 4896 1729 4965 patienti
1754 4914 1768 4949 :

184 4994 238 5042 et
262 4987 337 5042 ita
370 4986 585 5042 dictum
621 4997 708 5042 est
744 4988 798 5042 in
837 4987 1034 5043 Genesi
1064 5006 1079 5045 ε
1126 4986 1305 5057 Major
1345 4987 1531 5041 serviet
1577 4986 1772 5044 minori

190 5075 337 5142 (Gen.
364 5094 495 5145 xxv,
522 5078 639 5149 23).
664 5075 780 5134 Hoc
803 5089 984 5134 autem
1015 5079 1222 5134 dictum
1245 5087 1330 5134 est
1354 5078 1632 5143 Rebeccae,
1669 5094 1770 5132 an-

187 5175 404 5237 mquam
461 5169 621 5240 pueri
668 5178 1045 5236 nascerentur,
1097 5171 1244 5241 quod
1282 5170 1488 5227 dictum
1517 5178 1601 5225 est
1626 5169 1772 5225 sicut

189 5259 453 5328 scriptum
496 5267 584 5315 est
610 5275 706 5329 per
739 5258 1066 5316 Malachiam
1104 5261 1172 5316 de
1220 5261 1424 5319 eisdem
1459 5261 1619 5332 longe
1648 5267 1773 5331 post

188 5362 375 5404 eorum
426 5350 737 5409 decessum.
784 5350 900 5407 Hoc
943 5353 1133 5423 utique
1182 5336 1446 5424 scriptum
1483 5362 1613 5410 est:
1656 5351 1770 5424 Ego

190 5439 351 5495 di!ezi
378 5439 548 5496 Iacob
581 5440 806 5514 (Malae.
834 5458 873 5507 ι,
900 5442 978 5513 2),
1005 5452 1060 5498 et
1088 5458 1188 5513 pro
1210 5445 1314 5501 hoc
1341 5445 1610 5516 praecipue
1630 5444 1766 5514 elegi

190 5542 333 5584 eum.
358 5529 507 5585 Esau
533 5541 712 5585 autem
737 5533 865 5604 quia
887 5534 1009 5588 odio
1031 5534 1214 5601 habui,
1238 5534 1543 5606 reprobavi.
1569 5533 1766 5589 Odium

191 5623 331 5677 enim
350 5622 446 5679 Dei
467 5624 608 5679 nihil
628 5623 777 5680 aliud
802 5635 906 5692 est,
943 5641 1109 5696 quam
1150 5643 1218 5682 ex
1255 5627 1511 5696 aequitate
1538 5625 1769 5696 gratiam

194 5711 531 5769 subtrahere.
560 5712 962 5771 Convenienter
983 5716 1127 5771 sicut
1152 5717 1220 5772 de
1248 5714 1572 5786 praecedenti
1616 5715 1771 5770 testi-

197 5806 432 5861 muniunt
461 5808 668 5879 posuit,
713 5816 772 5863 ut
825 5808 1174 5879 praecessisse
1203 5806 1393 5863 merita
1437 5822 1627 5863 eorum
1671 5822 1769 5863 ex-

1910 2030 1917 2031 κ
1950 1991 2089 2058 Quia
2118 1994 2164 2047 si
2190 1994 2389 2047 iterum
2416 1994 2699 2061 quaeritur,
2741 2008 2865 2048 cum
2890 2001 3120 2059 uterque
3141 2006 3206 2045 ex
3234 1986 3451 2058 iustitia

1879 2093 2102 2152 propter
2135 2081 2400 2153 originale
2437 2090 2621 2150 posset
2651 2080 2949 2148 reprobari,
2993 2078 3239 2146 nihilque
3272 2076 3479 2131 meriti‘

1878 2172 1934 2227 in
1967 2171 2237 2227 ambobus
2267 2177 2541 2239 repertum
2585 2169 2678 2234 sit,
2706 2182 2806 2237 pro
2830 2181 2940 2236 quo
2968 2166 3097 2221 huic
3123 2165 3204 2219 sic
3229 2164 3357 2220 data
3382 2164 3455 2219 sit

1876 2264 2071 2335 gratia,
2125 2263 2254 2317 huic
2289 2269 2513 2332 negata;
2552 2274 2722 2330 quare
2749 2259 2923 2329 magis
2948 2256 3116 2313 Iacob
3146 2256 3352 2311 electus
3385 2254 3457 2312 sit

1876 2370 2041 2424 quam
2072 2353 2248 2409 Esau?
2294 2352 2376 2407 Ad
2405 2352 2511 2406 hoc
2552 2349 2911 2420 respondetur
2937 2348 3066 2417 quia
3096 2344 3242 2402 Deus
3284 2339 3462 2401 Iacob

1876 2441 2132 2497 idoneum
2169 2448 2224 2496 et
2265 2445 2683 2508 eooperaturum
2716 2435 2903 2508 gratia:
2953 2433 3282 2506 prtescivit;
3308 2432 3455 2487 Esau
3492 2454 3495 2457 λ

1876 2548 2008 2587 vero
2031 2548 2140 2587 non
2162 2530 2579 2600 idoneum,quia
2609 2544 2721 2584 non
2752 2534 3171 2598 cooperaturum
3190 2525 3344 2580 :ideo
3356 2524 3459 2578 uni

1877 2624 2306 2681 misericorditer
2327 2623 2538 2689 tribuit,
2581 2620 2727 2693 quod
2754 2620 2822 2675 ab
2846 2621 3018 2675 altero
3050 2619 3199 2688 iuste
3231 2624 3456 2689 propter

1877 2716 2141 2787 originale
2163 2716 2437 2780 alienavit,
2468 2714 2614 2785 quod
2626 2713 2758 2769 satis
2780 2719 2965 2782 aperte
2981 2712 3034 2765 in
3048 2709 3186 2764 Iuda
3199 2707 3454 2765 conside-

1877 2816 2051 2873 ratur,
2081 2807 2398 2877 quem'licet
2426 2805 2569 2861 Deus
2598 2820 2698 2874 pro
2728 2812 2876 2859 certo
2911 2804 3211 2874 periturum
3250 2812 3455 2868 cogno-

1878 2909 2074 2965 sceret,
2098 2899 2349 2968 permisit
2380 2906 2564 2953 tamen
2602 2897 2679 2951 illi
2702 2896 2930 2966 gratiam
2963 2892 3374 2954 miraculorum,
3395 2899 3457 2945 ut

1879 2992 2001 3047 aliis
2029 2990 2309 3060 apostolis,
2346 3005 2471 3045 eum
2496 2990 2610 3059 iam
2635 2987 2722 3043 fur
2753 2996 2920 3051 esset,
2951 2996 3005 3041 et
3041 2986 3255 3041 loculos
3286 2983 3455 3037 habe-

1878 3091 1979 3139 ret.
2016 3081 2135 3137 Non
2155 3094 2338 3138 tamen
2368 3082 2487 3136 ideo
2511 3081 2646 3151 quin
2668 3080 2832 3136 sciret
2854 3079 3005 3132 illum
3042 3075 3453 3132 irrevocabilem

1880 3191 1911 3230 a
1937 3175 2101 3242 malo,
2132 3175 2225 3229 sed
2254 3183 2312 3228 ut
2342 3173 2720 3243 comprobaret
2739 3169 2896 3224 nobis
2918 3184 3015 3239 per
3042 3169 3208 3233 hunc,
3230 3168 3375 3236 iuste
3397 3182 3456 3223 se

1879 3263 2203 3332 quibusdam
2233 3277 2448 3318 omnem
2474 3275 2669 3330 negare
2696 3258 2947 3330 gratiam,
2979 3266 3039 3312 ut
3059 3257 3244 3327 pueris
3271 3256 3454 3311 statim

1878 3353 1997 3407 sine
2051 3352 2322 3422 baptismo
2365 3349 2723 3405 morientibus
2767 3367 2780 3402 :
2829 3347 3033 3418 quibus
3079 3346 3200 3401 ideo
3235 3360 3461 3399 omnem

1878 3443 2106 3514 gratiam
2137 3444 2387 3513 denegat,
2417 3441 2542 3512 quia
2567 3439 2614 3495 si
2642 3448 2858 3509 tempus
2879 3439 3142 3493 baberent
3162 3436 3447 3507 operandi,

1877 3543 1932 3589 et
1957 3535 2129 3604 gratia
2165 3534 2243 3589 eis
2292 3546 2553 3588 concessa
2593 3538 2757 3593 esset,
2796 3530 3150 3583 abuterentur
3171 3542 3254 3592 ea,
3287 3535 3342 3580 et
3375 3525 3456 3580 sic

1877 3639 1978 3694 pro
2002 3626 2179 3696 gratia
2203 3625 2362 3694 longe
2392 3621 2611 3693 gravius
2648 3621 3007 3690 punirentur;
3050 3620 3139 3674 cui
3168 3618 3217 3673 si
3257 3631 3456 3686 coope-

1876 3724 2151 3782 rarentur,
2181 3717 2540 3771 salvarentur.
2592 3710 2662 3768 Ut
2689 3721 2872 3768 autem
2922 3713 3027 3767 hoc
3082 3709 3224 3765 Deus
3263 3716 3453 3764 notum

1877 3807 2099 3874 faceret,
2134 3809 2283 3864 dedit
2323 3808 2648 3878 quibusdam
2683 3806 2943 3877 gratiam,
2993 3804 3061 3858 de
3106 3801 3306 3871 quibus
3345 3814 3457 3853 non

1876 3899 2162 3954 haesitabat
2188 3896 2319 3967 quin
2350 3897 2707 3952 abuterentur
2729 3908 2815 3959 ea,
2839 3892 2930 3948 sed
2965 3900 3024 3946 ut
3065 3890 3229 3948 etiam
3275 3886 3455 3957 palam

1874 3990 2048 4046 oculis
2076 3988 2422 4051 haberemus,
2446 3986 2595 4057 iuste
2618 3982 2945 4054 quibusdam
2969 3995 3187 4037 omnem
3210 3993 3271 4034 se
3289 3978 3454 4034 dene—

1876 4097 2004 4153 gare
2022 4082 2276 4151 gratiam.
2323 4078 2521 4134 lterum
2545 4078 2691 4133 aliud
2724 4077 2895 4130 :Cum
2925 4073 3065 4127 Deus
3094 4070 3278 4125 omnia
3301 4084 3454 4125 erea—

1873 4176 1971 4242 vit,
1999 4175 2247 4245 quaedam
2278 4172 2610 4236 necessaria,
2639 4179 2700 4226 ut
2721 4177 2901 4223 ortum
2932 4165 3066 4219 solis
3086 4173 3139 4221 et
3162 4162 3452 4233 huiusmo-

1874 4265 1964 4329 di;
1997 4263 2245 4334 quaedam
2300 4261 2605 4316 voluntaria
2655 4268 2715 4314 ut
2765 4256 3039 4313 hominem
3089 4265 3144 4309 et
3200 4251 3455 4322 angelum

1874 4352 2176 4407 constituit.
2216 4350 2360 4405 Deus
2381 4359 2560 4404 autem
2587 4349 2668 4403 sic
2700 4362 2868 4402 unum
2897 4360 2992 4415 per
3024 4341 3454 4427 misericordiam
3506 4390 3509 4393 Α

1873 4441 2044 4513 eligit,
2073 4440 2231 4495 sicuti
2262 4439 2493 4493 alterum
2522 4452 2620 4507 per
2647 4435 2915 4505 iustitiam
2955 4432 3209 4504 reprobat
3237 4449 3249 4485 :
3278 4438 3339 4485 ut
3369 4436 3453 4483 ta-

1874 4549 1999 4589 men
2041 4531 2406 4587 voluntariam
2434 4529 2763 4606 facultatem
2803 4527 2856 4581 in
2888 4526 2969 4581 eis
3007 4539 3118 4579 non
3151 4522 3398 4578 destruat
3434 4538 3450 4574 :

1876 4624 2006 4696 quia
2049 4624 2155 4680 etsi
2197 4624 2401 4678 multos
2427 4622 2481 4675 in
2521 4621 2624 4676 hoc
2675 4618 2875 4675 saeculo
2915 4624 3136 4672 sanctos
3164 4610 3452 4681 multiplici

1878 4716 2115 4772 munivit
2143 4715 2337 4786 gratia,
2370 4728 2482 4768 non
2513 4721 2692 4766 tamen
2716 4708 2891 4779 coegit
2917 4721 3011 4762 eos
3029 4714 3089 4760 ut
3117 4718 3182 4758 ex
3212 4699 3453 4756 necessi-

1878 4816 1987 4862 tate
2009 4807 2212 4862 bonum
2243 4812 2482 4875 agerent,
2507 4817 2607 4857 nec
2640 4800 2708 4855 ad
2731 4800 2932 4854 malum
2968 4795 3014 4849 si
3055 4793 3252 4848 vellent
3283 4789 3453 4846 decli-

1880 4911 2013 4954 nare
2053 4902 2296 4967 possent,
2329 4893 2423 4949 sed
2465 4890 2677 4961 adiuvit
2709 4903 2806 4958 per
2842 4885 3094 4956 gratiam,
3147 4880 3277 4951 quia
3317 4878 3453 4943 vidit

1879 5004 1975 5045 eos
2004 4978 2191 5059 gratia:
2225 4993 2631 5056 cooperaturos.
2685 4974 3013 5047 Econtrario
3038 4988 3150 5029 non
3194 4973 3269 5027 ita
3297 4969 3451 5027 Iudae

1876 5080 2149 5137 subtraxit
2177 5078 2429 5150 gratiam,
2478 5082 2560 5139 ut,
2603 5070 2779 5144 gratia
2813 5067 3111 5131 subtracta,
3150 5063 3451 5133 impelleret

1874 5188 2022 5237 eum,
2051 5171 2212 5226 vellet
2237 5168 2424 5233 nollet,
2460 5162 2677 5235 operari
2725 5160 3095 5230 iniquitatem,
3134 5154 3230 5211 sed
3264 5162 3322 5209 ut
3358 5167 3451 5223 apn

1873 5263 2089 5329 pareret
2110 5254 2242 5326 quid
2268 5269 2365 5324 per
2386 5268 2446 5309 se
2477 5249 2969 5324 possetiniquitas.
3009 5243 3068 5299 Si
3099 5244 3246 5299 enim
3276 5242 3449 5315 gratia

1873 5348 1998 5404 data
2021 5347 2107 5402 vel
2128 5353 2321 5418 negata
2354 5343 2684 5415 compellens
2705 5348 2851 5397 esset
2889 5354 2955 5394 ac
2980 5334 3308 5401 necessaria,
3331 5332 3449 5405 iam

1875 5454 1987 5494 non
2027 5447 2174 5494 esset
2200 5436 2448 5491 relictum
2478 5432 2689 5489 homini
2720 5430 2975 5486 meritum
3014 5425 3333 5484 salvationis
3363 5422 3451 5479 vel

1869 5529 2257 5587 damnationis.
2284 5524 2730 5596 Quandoquidem
2750 5522 2919 5578 Iacob
2938 5520 3088 5577 nullo
3107 5518 3302 5593 merito
3316 5528 3450 5585 pm

1872 5622 2095 5680 cedente
2117 5620 2355 5693 eligitur,
2384 5617 2528 5674 Esau
2550 5615 2804 5673 similiter
2832 5613 2949 5669 sine
2977 5611 3173 5667 merito
3196 5604 3449 5678 reproba-

1872 5724 1982 5781 tur,
2008 5730 2131 5786 ergo
2170 5711 2299 5784 quid
2330 5709 2605 5764 dicemus?
2638 5705 2891 5775 Nunquid
2918 5702 3171 5771 iniquitas
3195 5705 3272 5775 est
3306 5696 3446 5767 apud

1873 5806 2080 5861 Deum?
2100 5805 2194 5875 qui
2221 5800 2389 5859 Iacob
2411 5800 2617 5872 eligens
2645 5798 2763 5856 sine
2784 5793 2997 5860 merito,
3020 5788 3161 5861 Esau
3194 5787 3450 5860 reprobat
