3978 6386
450 418 523 473 85
984 403 1042 459 S.
1082 397 1432 457 BRUNONIS
1467 386 2049 454 CARTHUSIANORE

2154 384 2647 442 lNSTl'I'UTORlS
2674 383 2827 441 OPP.
2865 384 3049 459 PARS
3086 384 3151 439 ll.
3646 387 3717 446 84

449 528 702 591 “milite;-
735 524 855 581 sine
899 519 1130 576 merito?
1165 517 1319 572 Absit
1347 514 1450 573 hoc
1477 520 1536 566 ut
1563 516 1847 580 propterea
1889 504 2034 559 Deus
2061 503 2109 560 A
2132 501 2271 558 velle
2304 516 2405 558 nos
2433 502 2572 557 bene
2598 515 2782 571 agere,
2820 499 2979 570 cujus
3002 498 3352 591 voluntatem
3385 498 3725 591 impossibile

451 589 663 679 dicatur
689 631 813 673 esse
843 612 1064 682 iniquus
1088 611 1101 665 !
1128 608 1267 665 Vere
1289 608 1347 662 in
1366 604 1627 661 electione
1659 600 1828 656 Jacoh
1856 606 1912 653 et
1943 611 2034 651 re-
2132 601 2218 649 est
2237 593 2459 682 mutari.
2490 592 2699 682 Paulus
2718 593 2834 682 haec
2861 590 3047 682 omnia
3227 589 3380 682 dicit,
3403 589 3537 682 quiq
3572 590 3727 682 vide.

454 677 772 783 probatione
809 677 957 762 Esau
1001 714 1113 755 non
1137 707 1223 754 est
1250 696 1473 767 iniquus
1499 692 1665 759 Deus,
1708 690 1837 760 quia
1885 688 2034 743 hunc
2132 682 2227 783 bat
2249 681 2615 783 liqmanosnin
2644 680 2910 783 sapientia
2936 678 3126 734 mundi
3140 678 3372 783 nimium
3402 677 3649 783 gloriari,
3669 686 3729 732 et

452 768 698 871 eligendo
727 792 1041 850 misericors
1059 798 1163 856 est,
1195 790 1343 843 hunc
1366 783 1707 855 reprobando
1721 782 1907 851 justus
1926 787 2031 871 est.
2248 772 2564 871 huiusmodi
2601 771 2936 871 Quiesliones
2972 785 3139 871 supra
3166 770 3417 871 modum“
3435 768 3726 871 infimus:

455 859 759 960 Devjustitia
788 883 1037 956 sequitur
1063 879 1313 944 inferius,
1355 876 1450 931 ubi
1482 874 1551 930 de
1582 873 1871 928 Pharaone
1898 868 2035 925 sub—
2135 865 2259 960 ιιιεο
2279 874 2339 923 ιιι
2363 864 2539 960 magis
2559 864 2819 960 reprimat
2837 877 2955 960 eos,
2977 862 3057 918 sic
3076 859 3521 960 totumattribuit

454 950 567 1046 dit:
613 978 808 1049 probat
994 968 1368 1029 misericordia
1410 967 1599 1023 dicens
1650 982 1664 1019 :
1714 962 1854 1018 Vere
1907 960 2035 1031 quia
2137 956 2254 1049 Dei,
2280 964 2347 1049 ut
2383 955 2523 1010 nihil
2559 954 2808 1049 videatur
2844 953 3164 1049 relinquere
3205 951 3448 1049 libertati
3489 950 3728 1049 arbitrii.

454 1042 810 1141 elegit-Iacob
835 1081 944 1124 non
970 1071 1060 1119 est
1103 1061 1344 1131 iniquus,
1376 1068 1462 1114 est
1509 1056 1655 1111 enim
1697 1052 2032 1141 misericors.
2135 1046 2499 1141 Quodgtamen
2527 1046 2664 1141 satis
2687 1045 2980 1141 commode
2997 1044 3484 1141 intelligitur,_quia
3514 1057 3619 1098 nee
3646 1042 3737 1112 ip-

527 1135 634 1230 55
678 1157 851 1227 Moysi
878 1155 1015 1209 enim
1035 1152 1174 1205 dixit
1221 1148 1367 1203 Deus
1410 1145 1608 1216 (Exod.
1650 1158 1846 1208 xum,
1890 1139 1979 1212 l9)
2018 1157 2033 1195 :

2151 1153 2261 1194 tum
2296 1137 2512 1192 initium
2545 1137 2751 1191 bonum
2768 1135 2985 1191 volendi
3004 1151 3072 1190 ex
3097 1135 3257 1190 nobis
3279 1136 3459 1189 solum
3480 1149 3605 1189 esse
3627 1146 3738 1203 po-

454 1223 789 1319 Ejus'cujus'
810 1246 1055 1299 misereor
1079 1241 1137 1296 in
1170 1237 1528 1310 praescientia,
1554 1234 1837 1289 miserebor
1872 1233 1928 1287 in
1947 1232 2040 1301 ju-
2140 1238 2262 1295 test,
2299 1228 2346 1284 si
2396 1244 2506 1283 non
2559 1228 2789 1297 inspiret
2817 1227 2989 1299 gratia
3021 1226 3137 1282 Dei.
3180 1224 3341 1319 ilinde
3376 1226 3458 1319 sic
3486 1224 3613 1319 ait-z
3644 1223 3735 1278 Τιι

456 1315 796 1396 stilicatione.
833 1334 903 1389 Et
930 1334 1082 1404 cujus
1106 1330 1387 1385 miserebor
1412 1328 1467 1382 in
1504 1325 1914 1398 justiﬁeatione,
1952 1323 2038 1377 illi
2139 1320 2276 1377 dicis
2295 1320 2565 1391 mihiquid
2586 1319 2758 1373 adhuc
2771 1320 3032 1389 quieritur
3050 1333 3083 1372 a
3101 1317 3279 1383 nobis,
3297 1317 3391 1372 sed
3412 1334 3445 1371 o
3464 1325 3545 1383 tu,
3570 1315 3737 1369 homo

454 1431 715 1499 praestabo
735 1425 1155 1481 misericordiam
1178 1422 1233 1476 in
1255 1420 1573 1477 salvatione.
1592 1416 1691 1474 Hic
1710 1417 1844 1472 satis
1862 1423 2044 1472 osten-
2141 1411 2425 1467 adhzerens
2445 1410 2772 1466 humanitati
2798 1429 2812 1464 :
2844 1418 2899 1462 tu
2926 1410 3043 1479 quis
3069 1426 3122 1463 es
3141 1409 3232 1478 qui
3254 1408 3568 1478 respondeas
3594 1407 3740 1473 Deo,

457 1498 538 1574 dit
579 1518 762 1573 omnia
806 1530 928 1572 esse
963 1530 1030 1570 ex
1060 1509 1456 1581 misericordia,
1498 1507 1627 1579 quia
1676 1505 2038 1577 praescientia,
2142 1502 2197 1557 id
2224 1510 2311 1557 est
2346 1502 2442 1571 qui
2473 1500 2520 1557 si
2546 1500 2692 1557 Deus
2722 1500 3043 1571 mysterium
3080 1499 3245 1569 hujus
3273 1498 3350 1553 rei
3378 1499 3475 1553 tibi
3504 1513 3740 1560 enarra,-

450 1608 794 1679 justiﬁcatio,
821 1605 1074 1669 salvatio,
1095 1602 1277 1658 omnia
1306 1601 1481 1656 ﬂuunt
1501 1616 1533 1655 a
1557 1600 1705 1654 fonte
1726 1598 2041 1654 miscricor-
2141 1592 2302 1658 verit,
2333 1591 2606 1661 intelligas
2636 1590 2807 1646 illud?
2835 1588 2930 1645 Vel
2960 1598 3016 1643 tu
3045 1590 3161 1660 quis
3192 1606 3245 1679 es
3272 1590 3362 1659 qui
3392 1589 3738 1659 respondeas,

456 1678 578 1755 diae.
627 1696 1079 1767 Quandoquidem
1125 1696 1307 1751 omnia
1365 1693 1543 1764 (sicut
1589 1702 1872 1748 ostensum
1924 1692 2041 1760 est)
2144 1682 2197 1738 id
2225 1681 2431 1751 estqui
2473 1681 2653 1751 litiges
2691 1688 2746 1735 ει
2769 1680 3015 1749 disputes
3047 1694 3173 1734 cum
3225 1678 3333 1732 Deo
3359 1679 3428 1733 de
3467 1679 3747 1750 mysterio

456 1790 597 1844 llunt
620 1804 717 1859 per
744 1788 1171 1843 misericordiam
1200 1785 1311 1840 Dei.
1347 1785 1522 1855 Igitur
1543 1784 1678 1839 velle
1711 1784 1916 1839 bonum
1932 1793 2045 1836 'non
2076 1830 2118 1859 η
2145 1772 2313 1843 huius
2333 1772 2445 1826 mi?
2466 1769 2587 1825 Non
2607 1770 2776 1825 habes
2801 1785 2966 1840 super
2993 1770 3100 1824 hoc
3117 1769 3448 1839 respondere
3469 1768 3601 1834 Deo,
3624 1768 3746 1824 sio-

457 1887 544 1937 est
565 1880 803 1946 volentis,
832 1888 892 1934 ut
913 1874 1218 1934 ascribatur
1245 1878 1315 1933 ei.
1351 1876 1531 1947 Neque
1563 1890 1784 1931 currere
1808 1884 1887 1928 est
1918 1891 2043 1928 cur-
2076 1860 2120 1889 ¹³
2145 1875 2208 1920 ut
2229 1881 2331 1921 nec
2357 1879 2498 1935 opus
2527 1862 2676 1934 ﬁguli
2703 1862 2866 1917 habet
2907 1863 2974 1917 de
3009 1861 3217 1917 iactura
3247 1860 3331 1915 sui
3356 1860 3746 1915 contradicere

458 1971 646 2037 rentis,
670 1968 723 2025 id
748 1979 832 2027 est
855 1970 1071 2040 operari
1096 1984 1205 2023 non
1244 1977 1329 2023 est
1349 1968 1645 2037 operantis,
1678 1966 1769 2020 sed
1795 1967 2046 2020 miseren-
2146 1956 2333 2029 ﬁgulo,
2357 1966 2412 2011 et
2443 1963 2529 2011 est
2574 1961 2699 2025 apta
2743 1953 3074 2018 similitudo;
3112 1953 3240 2023 quia
3270 1951 3741 2022 quemadmodum

460 2060 529 2113 tis
552 2068 636 2115 est
655 2060 775 2113 Dei.
817 2057 1004 2128 Neque
1031 2059 1165 2113 velle
1195 2072 1370 2127 neque
1398 2055 1579 2112 facere
1620 2057 1825 2112 bonum
1867 2063 2046 2125 potest

456 2150 643 2216 homo,
676 2148 781 2205 nisi
810 2149 1183 2205 misericordia
1230 2148 1324 2204 Dei
1359 2164 1455 2219 per
1501 2140 1762 2218 Spiritum
1794 2156 2043 2203 sanctum

458 2249 714 2309 operetur
741 2241 796 2294 in
818 2255 904 2295 eo.
930 2240 1068 2296 Vere
1091 2243 1384 2295 miserantis
1416 2240 1515 2294 Dei
1535 2250 1612 2294 est
1639 2241 1772 2293 velle
1800 2249 1854 2295 et
1886 2240 2047 2309 perli-

457 2341 582 2381 cere
611 2368 626 2392 ,
654 2327 783 2396 quia
804 2341 913 2382 non
937 2328 1247 2383 miserentis
1267 2337 1349 2383 est
1370 2344 1546 2398 neque
1567 2329 1702 2384 velle
1726 2344 1903 2397 neque
1925 2344 2046 2397 per-

458 2415 622 2471 licere
652 2416 777 2485 (hoc
806 2425 888 2473 est
925 2419 1238 2489 reprohare)
1274 2418 1421 2488 quod
1460 2428 1644 2489 aperte
1674 2419 1727 2474 in
1762 2418 2047 2474 Pharaone

459 2504 784 2559 ostenditur.
838 2504 984 2559 Dicit
1024 2508 1165 2560 enim
1208 2506 1489 2577 Scriptura
1536 2507 1810 2562 Pharaoni
1854 2508 1910 2562 in
1943 2508 2049 2564 Ge-

459 2592 601 2648 nesi.
633 2590 1035 2675 Convenienter
1070 2596 1137 2651 dc
1182 2594 1467 2653 Pharaone
1507 2597 1734 2665 inducit,
1772 2598 1861 2654 cui
1904 2599 2047 2655 Deus

456 2680 602 2738 hanc
623 2685 854 2755 gratiam
883 2688 1171 2757 proposuit
1204 2708 1216 2743 :
1249 2697 1311 2744 ιιι
1343 2688 1389 2744 si
1420 2689 1581 2745 vellet
1609 2706 1705 2760 per
1739 2691 2047 2747 doctrinam

457 2770 632 2845 Moysi
655 2775 795 2831 bene
823 2770 985 2847 agere
1012 2788 1197 2848 posset
1220 2778 1417 2848 (Exod.
1445 2797 1520 2847 Ix,
1550 2781 1659 2851 16).
1685 2782 1904 2838 Certum
1930 2782 2049 2852 qui-

458 2864 584 2920 dem
608 2864 754 2922 Deus
770 2868 1005 2924 habebat
1024 2869 1363 2926 Pharaonem
1386 2888 1666 2943 nunquam
1688 2874 2044 2944 pmniturum,

455 2955 551 3011 sed
577 2965 639 3012 ιιι
670 2958 726 3012 in
761 2973 829 3013 eo
865 2959 954 3014 cui
984 2960 1214 3031 gratiam
1256 2962 1521 3018 doctrina:
1558 2963 1851 3030 concessit,
1873 2979 2049 3034 eaque

455 3047 664 3105 abusus
690 3059 775 3106 est
798 3051 977 3122 plane,
1005 3053 1163 3109 nobis
1190 3054 1499 3111 ostenderet
1518 3056 1748 3127 gratiam
1769 3056 1916 3127 juste
1950 3072 2048 3111 ne—

2145 2049 2345 2119 llgulus
2382 2049 2451 2103 de
2488 2048 2627 2113 luto,
2665 2046 2746 2101 sic
2772 2045 2918 2101 Deus
2945 2045 3222 2099 hominem
3255 2045 3452 2106 lutum,
3485 2050 3538 2097 et
3583 2043 3745 2097 omni

2145 2141 2445 2213 pollutione
2467 2139 2728 2195 infectum
2765 2139 2845 2193 im
2857 2138 2989 2193 enit.
3016 2135 3136 2192 Non
3161 2137 3331 2192 habes
3352 2136 3563 2207 utique,
3586 2135 3748 2205 quod

2146 2236 2461 2307 respondeas
2482 2235 2612 2290 Deo.

2220 2327 2475 2397 Nunquid
2509 2327 2657 2381 enim
2705 2325 3008 2395 ﬁgmentum
3043 2325 3177 2378 dicit
3218 2324 3270 2378 ei
3312 2324 3402 2396 qui
3432 2339 3486 2378 se
3534 2323 3701 2392 ﬁnxit
3724 2337 3746 2377 :

2149 2419 2291 2485 Quid
2344 2434 2425 2472 me
2464 2418 2541 2471 sic
2584 2417 2756 2488 fecisti
2792 2417 2954 2471 breve
2984 2415 3069 2470 vel
3106 2416 3353 2486 longum,
3385 2414 3623 2470 informe
3652 2416 3751 2470 vel

2147 2510 2476 2567 formatum?
2493 2510 2577 2563 An
2599 2525 2701 2563 non
2721 2508 2874 2562 habet
2889 2507 3083 2579 ﬁgulus
3097 2515 3405 2577 potestatem
3431 2506 3554 2570 luti,
3577 2506 3749 2577 cujus

2146 2611 2231 2661 est
2255 2603 2355 2659 luti
2383 2601 2647 2658 materia?
2670 2600 2762 2657 Sic
2800 2599 2947 2656 Deus
2971 2616 3069 2655 vos
3103 2614 3295 2655 omnes
3329 2598 3384 2653 in
3411 2600 3527 2655 luto
3553 2600 3749 2656 sordi-

2146 2693 2304 2748 datos
2347 2691 2600 2762 originali
2639 2690 2858 2760 reperit.
2904 2689 2987 2743 An
3018 2705 3120 2742 non
3147 2684 3337 2758 utique
3363 2696 3621 2757 potestea:
3641 2706 3749 2743 ea-

2146 2784 2264 2838 dem
2286 2799 2483 2848 massa,
2511 2797 2635 2852 quae
2656 2789 2769 2836 tota
2792 2781 2847 2836 in
2875 2795 2934 2836 se
2960 2780 3242 2835 immunda
3265 2787 3368 2847 est,
3389 2780 3561 2850 facere
3584 2780 3753 2834 aliud

2148 2876 2256 2948 56
2281 2876 2490 2947 quidem
2514 2891 2603 2930 vas
2631 2876 2688 2928 in
2721 2874 2991 2939 honorem,
3015 2887 3126 2943 quo
3145 2871 3367 2928 bibatur
3394 2891 3409 2926 :
3437 2872 3591 2925 aliud
3618 2888 3753 2926 vero

2147 2970 2203 3023 in
2231 2966 2624 3032 contumeliam,
2657 2966 2711 3020 in
2741 2979 2853 3034 quo
2886 2963 3107 3019 sordida
3129 2962 3350 3019 familiae
3370 2965 3755 3033 reponantur?

2147 3059 2214 3115 Et
2238 3060 2380 3115 sicut
2414 3058 2613 3129 ﬁgulus
2635 3064 2958 3127 potestatem
2994 3056 3156 3110 habet
3185 3055 3239 3109 in
3263 3055 3380 3110 luto
3408 3054 3513 3111 hoc
3533 3070 3633 3111 vas
3652 3054 3751 3109 fa-

454 3148 635 3209 gatam
652 3140 795 3198 Esau
812 3144 1131 3215 priusquam
1148 3156 1469 3214 mereretur,
1496 3156 1550 3203 et
1562 3149 1819 3205 omnibus
1845 3148 2047 3219 quibus
2072 3163 2116 3221 ο
2147 3167 2290 3218 cere,
2322 3151 2465 3206 sicut
2491 3150 2667 3221 placet
2689 3146 3026 3202 honorabile.
3059 3145 3173 3201 Hoc
3195 3145 3362 3213 aliud,
3394 3146 3536 3202 sicut
3560 3153 3751 3200 mate-

452 3230 531 3286 ita
562 3242 790 3303 negatur
817 3254 828 3287 :
858 3237 986 3306 quia
1013 3237 1060 3293 si
1096 3237 1239 3294 Deus
1280 3240 1435 3295 daret
1469 3241 1722 3312 gratiam,
1755 3241 2046 3297 abuteren-

455 3330 548 3376 tur
572 3338 657 3389 ca,
685 3333 741 3378 et
764 3326 890 3381 inde
913 3327 1134 3397 gravius
1154 3331 1479 3399 punirentur
1508 3350 1521 3386 :
1564 3331 1685 3388 ideo
1708 3334 1874 3388 etiam
1902 3332 2047 3388 Deus

457 3414 733 3470 Pharaoni
786 3417 1041 3473 doctores
1065 3420 1333 3488 adhibuit,
1356 3430 1420 3477 ut
1464 3423 1605 3477 mala
1637 3439 1761 3494 quae
1798 3424 1951 3493 prius
1990 3425 2046 3479 in

456 3503 555 3559 illo
579 3504 840 3573 latebant,
861 3507 1025 3562 modo
1054 3517 1238 3578 aperta
1265 3510 1485 3577 ﬁerent;
1512 3511 1641 3566 dum
1671 3511 1784 3567 Deo
1810 3512 1863 3566 in
1897 3520 1977 3567 tot
1995 3521 2051 3567 et

460 3597 627 3652 tantis
651 3598 960 3667 resisteret,
984 3608 1039 3654 et
1056 3600 1334 3670 prophetis
1355 3611 1409 3657 et
1429 3603 1708 3659 miraculis
1731 3619 1838 3658 non
1862 3603 2051 3673 aequi-

458 3696 689 3744 esccret.
740 3688 874 3758 Hoc,
921 3690 1167 3761 inquam,
1218 3690 1499 3763 Scriptura
1550 3695 1681 3749 dicit
1726 3694 2049 3750 Pharaoni:

456 3783 584 3852 quia
611 3784 667 3837 in
695 3785 791 3840 hoc
812 3786 1022 3855 ipsum;
1048 3786 1153 3841 hoc
1167 3788 1315 3857 quod
1345 3789 1400 3843 in
1428 3787 1625 3844 Genesi
1653 3789 2008 3845 continuatur
2033 3808 2047 3843 :

456 3873 515 3927 in
536 3874 632 3929 hoc
661 3876 835 3946 ipsum
863 3878 919 3933 in
941 3892 1052 3949 quo
1075 3886 1132 3933 tu
1166 3895 1314 3946 eras,
1348 3880 1402 3936 id
1427 3889 1530 3947 est,
1559 3890 1613 3937 tu
1650 3897 1774 3938 eras
1799 3883 1855 3937 in
1883 3882 2047 3948 malo,

458 3968 555 4023 sed
579 3971 848 4037 occultus,
872 3980 927 4025 et
950 3972 1005 4025 in
1035 3972 1141 4026 hoc
1163 3973 1308 4028 malo
1328 3975 1557 4028 excitavi
1587 3983 1655 4040 te,
1680 3974 2051 4031 subtrahendo

459 4056 692 4127 gratiam
727 4067 788 4113 ut
812 4074 1107 4129 appareres
1136 4062 1314 4119 malus
1360 4064 1504 4119 sicut
1529 4079 1673 4119 eras.
1708 4063 1833 4120 Ideo
1864 4066 2052 4137 utique

458 4158 517 4203 ut
547 4151 822 4204 ostendam
863 4151 919 4205 in
945 4161 993 4205 te
1018 4154 1265 4207 uirtutem
1295 4171 1485 4220 meam,
1514 4155 1565 4209 id
1593 4163 1677 4210 est
1704 4156 1859 4226 signa
1892 4157 2075 4211 mit-ar

460 4240 732 4307 culorum,
761 4258 883 4312 quae
925 4259 1033 4299 non
1058 4245 1397 4300 ostenderem
1430 4247 1475 4301 si
1502 4246 1899 4317 acquiescercs.
1925 4248 2052 4303 ldeo

459 4332 626 4387 etiam
655 4334 961 4401 ostendam,
993 4345 1049 4388 ut
1072 4352 1258 4389 nomen
1286 4352 1456 4390 meum
1486 4339 1833 4391 annuntietur
1858 4340 1913 4391 in
1934 4341 2053 4393 uni-

459 4439 611 4479 rersa
645 4436 808 4493 terra,
836 4436 1054 4497 propter
1091 4427 1355 4483 miracula
1381 4427 1523 4483 facta
1550 4429 1605 4482 in
1632 4427 1882 4500 Egypto.
1915 4428 2048 4484 Uhi-

460 4534 678 4590 cunque
711 4519 857 4573 enim
879 4519 1242 4577 audiebantur
1264 4521 1419 4592 signa
1457 4519 1694 4592 JEgypti,
1725 4521 2006 4575 dicebatur
2031 4541 2044 4576 :

462 4608 694 4681 Magnus
721 4618 806 4666 est
834 4608 978 4665 Deus
1018 4608 1388 4665 Hebraeorum.
1425 4611 1876 4682 Quandoquidem
1906 4612 2050 4667 Deus

464 4716 532 4757 ex
556 4703 832 4759 voluntate
859 4703 1019 4775 elegit
1056 4702 1245 4770 Jacoh,
1290 4714 1343 4759 et
1378 4719 1443 4758 ex
1481 4704 1759 4759 voluntate
1797 4706 2052 4776 reprobat

460 4790 627 4848 Esau.
664 4792 807 4864 Ergo
845 4794 1025 4864 palam
1070 4800 1160 4849 est
1187 4794 1333 4865 quod
1374 4793 1521 4849 Deus
1562 4795 1840 4848 miseretur
1899 4795 2050 4863 cujus

459 4884 576 4940 uult
596 4899 625 4937 ει
655 4870 785 4954 quia
817 4883 964 4941 videt
991 4899 1116 4940 eum
1141 4893 1562 4955 cooperatnrum
1586 4884 1863 4969 gratiaauet
1892 4885 2051 4938 indu-

460 4982 549 5025 rat
571 4989 723 5043 quem
759 4974 866 5027 vult
894 4976 1064 5045 :quia
1089 4976 1234 5031 videt
1254 4991 1381 5031 eum
1422 4991 1531 5032 non
1559 4976 1813 5031 idoneum
1838 4976 2042 5047 gratiae.

461 5062 724 5119 lndurare
750 5063 864 5130 Dei,
890 5074 975 5121 est
1012 5067 1241 5137 gratiam
1285 5084 1394 5123 non
1432 5068 1866 5125 accommodare.
1908 5067 2045 5134 Quia

461 5154 575 5210 dixi
604 5154 775 5210 Deum
802 5155 1049 5211 misereri
1072 5158 1219 5224 huic,
1242 5167 1294 5212 et
1318 5160 1572 5215 indurare
1590 5160 1737 5216 hunc
1757 5175 1823 5216 ex
1854 5161 2048 5216 volun--

454 5254 593 5311 tate,
622 5246 809 5317 itaque
837 5247 995 5313 dicis,
1019 5256 1073 5302 et
1094 5248 1291 5317 ohjicis
1320 5250 1454 5303 mihi
1489 5268 1501 5301 :
1533 5250 1675 5316 Quid
1698 5252 1870 5306 adhuc
1897 5268 2046 5322 quaa-

462 5338 655 5396 ritura
688 5336 848 5393 nobis
876 5345 936 5392 ut
974 5339 1110 5394 bene
1146 5354 1373 5410 agamus
1404 5359 1416 5392 :
1468 5345 1560 5410 qui
1595 5343 1869 5412 reprobati
1909 5343 2048 5398 bene

462 5442 627 5501 agere
652 5444 763 5484 non
786 5430 1118 5499 possumus?
1141 5428 1239 5485 Vel
1275 5429 1368 5485 ita.
1398 5430 1539 5496 Quid
1573 5432 1743 5487 adhuc
1772 5434 2050 5503 queritur,

463 5518 518 5575 id
541 5527 625 5575 est
651 5520 1023 5591 conquieritur
1044 5520 1189 5578 Deus
1210 5522 1275 5577 de
1305 5521 1483 5588 nobis,
1510 5522 1556 5578 si
1582 5521 1907 5580 oll‘endimus
1927 5540 2051 5580 cum

462 5610 707 5668 indurati
732 5627 841 5668 non
874 5611 1145 5668 offendere
1170 5626 1279 5669 non
1311 5615 1640 5685 possumus?
1660 5612 1778 5670 Non
1800 5624 1885 5671 est
1908 5615 2052 5671 unde

463 5710 760 5772 quaeratur.
783 5701 881 5757 Vel
902 5702 1031 5775 quid
1058 5720 1089 5759 a
1110 5703 1269 5760 nobis
1292 5705 1534 5775 requirat
1558 5724 1569 5758 :
1599 5704 1727 5776 quia
1748 5707 1864 5775 quis
1887 5715 2054 5774 potest

466 5792 711 5853 resistere
744 5795 1002 5851 uoluntati
1027 5796 1139 5867 ejus
1155 5797 1181 5850 ?
1200 5792 1303 5853 Ubi
1324 5812 1424 5854 nos
1447 5797 1683 5866 indurat,
1709 5797 1918 5853 videtur
1944 5812 2052 5856 non

2148 3244 2230 3300 ria
2252 3242 2399 3299 vasis
2425 3249 2545 3299 erat
2581 3240 2884 3306 immunda,
2932 3237 3291 3293 immunditia:
3307 3238 3582 3293 destinare
3620 3237 3757 3293 :sio

2148 3335 2293 3391 Deus
2329 3350 2550 3390 omnem
2595 3347 2834 3389 massam
2882 3330 3123 3386 hominis
3167 3338 3477 3401 comptam
3518 3338 3753 3403 propter

2147 3425 2413 3496 originale
2443 3422 2749 3488 inveniens,
2772 3420 2818 3477 si
2852 3429 3058 3491 partem
3105 3419 3273 3489 hujus
3297 3434 3494 3474 massae
3514 3418 3752 3475 mundi-

2146 3516 2238 3571 tiae
2257 3516 2510 3580 destinat,
2538 3512 2930 3570 misericordiae
2953 3519 3038 3567 est
3065 3530 3077 3565 :
3102 3510 3250 3590 quod
3271 3525 3404 3566 vero
3426 3510 3586 3564 aliam
3609 3526 3752 3580 par-

2148 3615 2258 3663 tem
2287 3607 2342 3660 in
2366 3604 2712 3661 immunditia
2735 3604 3049 3660 sordescere
3070 3602 3295 3670 deserit,
3318 3602 3592 3673 arquitatis
3612 3610 3702 3657 est
3732 3620 3752 3657 :

2148 3708 2202 3754 et
2233 3707 2422 3753 contra
2461 3698 2775 3768 aequitatem
2818 3696 3119 3751 reclamare
3155 3693 3420 3764 iniustum
3460 3701 3564 3761 est,
3598 3693 3754 3749 sicut

2148 3802 2430 3847 ostensum
2454 3797 2556 3845 est.
2587 3788 2645 3844 Si
2677 3788 2810 3843 illud
2832 3787 2979 3858 quod
3012 3795 3239 3857 peccato
3266 3801 3368 3842 suo
3400 3785 3752 3842 sordidatum

2148 3893 2252 3947 est,
2276 3881 2420 3938 Deus
2448 3880 2728 3952 sequendo
2744 3880 3018 3951 justitiam
3047 3878 3101 3933 in
3132 3877 3476 3935 immunditia
3498 3877 3749 3944 deserat,

2148 3989 2259 4029 non
2295 3974 2459 4028 habet
2486 3974 2654 4027 homo
2692 3987 2858 4042 super
2903 3971 3011 4027 hoc
3048 3970 3194 4040 quod
3239 3968 3577 4025 contradicat
3606 3967 3746 4025 Deo.

2148 4065 2290 4132 Quid
2319 4066 2483 4120 etiam
2514 4064 2728 4119 dicetur
2748 4063 2816 4118 de
2856 4063 2982 4129 hoc,
3010 4062 3058 4117 si
3096 4060 3241 4116 Deus
3278 4060 3477 4131 quibus
3503 4072 3616 4115 non
3642 4060 3750 4114 de-

2149 4157 2241 4212 bet
2268 4173 2331 4210 ex
2365 4155 2740 4211 misericordia
2769 4154 2863 4208 dat
2891 4153 3144 4225 gratiam,
3172 4161 3227 4208 et
3257 4152 3333 4206 illi
3365 4159 3584 4221 accepta
3616 4166 3756 4222 gra-

2151 4250 2223 4303 tia
2248 4249 2568 4313 abutuntur,
2603 4261 2783 4301 nonne
2807 4246 2901 4315 qui
2932 4243 3245 4315 huiusmodi
3270 4252 3399 4299 sunt
3421 4241 3620 4297 merito
3649 4256 3749 4297 re-

2148 4339 2483 4408 probantnr?
2543 4336 2699 4404 Quod
2754 4336 3164 4406 aequipollenter
3207 4335 3302 4390 ait.
3357 4333 3439 4400 Si,
3491 4334 3753 4403 inquam,

2153 4430 2292 4483 Deus
2316 4430 2490 4482 volens
2513 4428 2781 4482 ostendere
2807 4428 2967 4493 iram,
2996 4426 3050 4482 id
3080 4437 3162 4481 est
3205 4425 3610 4503 damnationem
3633 4423 3750 4477 im-

2151 4521 2364 4591 piorum
2408 4529 2649 4590 apertam
2689 4518 2866 4574 facere
2897 4518 3235 4583 hominibus,
3261 4517 3365 4572 sibi
3388 4516 3609 4587 quidem
3638 4530 3749 4569 no-

2150 4621 2265 4668 tum
2305 4621 2420 4668 erat
2464 4627 2745 4682 nunquam
2773 4627 2868 4667 eos
2897 4610 3085 4681 gratia:
3130 4610 3271 4665 datm
3310 4614 3748 4678 cooperaturos:

2149 4704 2321 4758 colens
2367 4704 2530 4758 etiam
2586 4713 2766 4756 notam
2815 4703 2988 4773 facere
3032 4704 3322 4773 potentiam
3353 4716 3527 4764 suam,
3570 4698 3625 4753 id
3659 4708 3755 4755 est

2152 4805 2353 4867 quanta
2381 4795 2620 4866 potentia
2650 4794 2921 4865 patientia:
2947 4792 3148 4867 faceret
3175 4808 3308 4848 suos
3333 4789 3755 4863 persecutiones

2152 4888 2443 4957 impiorum
2470 4887 2725 4953 tolerare,
2752 4901 2846 4956 per
2868 4884 3013 4955 quod
3044 4899 3144 4939 nec
3172 4884 3225 4937 in
3258 4881 3440 4952 impiis
3482 4879 3755 4951 reproba-

2152 4980 2225 5033 tis
2255 4978 2399 5034 Deus
2423 4987 2682 5047 operatur
2730 4976 2847 5032 sine
2882 4975 3280 5040 misericordia,
3313 4989 3437 5029 cum
3468 4970 3757 5043 patientiae

2155 5072 2408 5126 meritum
2438 5078 2715 5126 accrescat
2749 5068 2863 5125 suis
2885 5084 2980 5139 per
3006 5068 3407 5122 indurationem
3446 5064 3750 5119 malorum.

2165 5162 2352 5217 Valens
2375 5162 2564 5231 utique
2607 5162 2742 5216 Deus
2770 5160 3040 5215 ostendere
3063 5160 3199 5213 iram
3233 5158 3289 5213 in
3320 5156 3523 5229 impiis,
3557 5164 3753 5226 poten-

2155 5256 2287 5308 tiam
2312 5254 2366 5308 in
2395 5254 2582 5309 electis
2611 5294 2625 5321 ,
2667 5253 2922 5309 sustinuit
2957 5254 3011 5305 in
3040 5251 3299 5320 patientia
3341 5248 3531 5313 multa,
3563 5254 3617 5301 et
3654 5260 3754 5300 sev

2155 5345 2393 5401 cundum
2429 5352 2666 5415 tempus,
2711 5355 2766 5400 et
2815 5343 3115 5399 secundum
3150 5356 3440 5397 numerum
3493 5337 3753 5408 impieta-

2154 5446 2293 5492 tum.
2322 5435 2589 5490 Sustinuit
2617 5436 2740 5490 dico
2788 5453 2911 5490 uasa
2941 5437 3057 5500 irae,
3104 5433 3156 5488 id
3204 5442 3287 5489 est
3316 5447 3415 5488 eos
3445 5431 3500 5486 in
3541 5428 3751 5500 quibus

2150 5528 2300 5598 juste
2328 5527 2658 5583 infundenda
2682 5536 2766 5583 est
2801 5527 2903 5593 ira,
2936 5527 2988 5583 id
3008 5535 3093 5581 est
3118 5524 3414 5580 damnatio.
3458 5520 3600 5575 Vasa
3620 5519 3753 5574 dim

2156 5625 2284 5687 apta
2304 5617 2359 5670 in
2391 5618 2686 5683 interitum,
2716 5617 2771 5673 id
2804 5626 2890 5673 est
2916 5615 2971 5671 in
2999 5616 3356 5686 perditionem
3400 5619 3622 5684 propter
3649 5622 3749 5662 so-

2158 5708 2269 5763 lum
2298 5706 2583 5778 originale,
2610 5708 2655 5763 si
2676 5722 2955 5778 nunquam
2971 5708 3194 5763 daretur
3220 5705 3392 5778 gratia
3417 5719 3524 5775 qua
3552 5700 3751 5757 abute-

2155 5807 2365 5857 rentur.
2394 5798 2669 5856 Sustinuit
2698 5800 2838 5870 ideo,
2868 5810 2925 5855 ut
2963 5800 3254 5856 ostenderet
3301 5797 3517 5851 diritins
3557 5793 3749 5867 gloria.-
