3978 6394
202 389 274 450 83

780 420 787 428 -
830 396 1199 458 exposmo
1236 399 1305 456 IN
1342 395 1723 460 EPISTOLAS
1757 404 1985 463 psum.
2028 437 2099 449 -
2135 407 2206 464 IN
2230 407 2467 467 'EPIST.
2504 398 2801 484 Αιῌιὸκ-

3377 426 3465 482 86

200 520 330 565 sua,
360 503 416 559 id
435 514 519 560 est
540 504 762 562 divitem
794 509 1024 579 gloriam
1061 527 1217 568 suam
1238 492 1304 567 in
1326 531 1451 569 vasa
1484 518 1785 570 misericor—
1813 520 1860 577 Α
1885 520 2183 577 secundum
2213 524 2477 583 sacriﬁcia
2504 535 2558 581 et
2582 515 2871 599 praecepta.
2911 527 3022 588 Nec
3044 546 3207 604 super
3231 533 3461 597 Judaeos-

198 595 319 659 die,
342 594 398 650 id
420 603 505 649 est
527 595 591 649 iu.
611 612 707 651 eos
731 598 794 652 in
806 614 949 669 quos
971 600 1303 659 infundenda
1325 613 1443 659 erat
1468 606 1779 663 misericor-
1879 611 2077 679 solum,
2091 614 2184 668 sed
2206 614 2370 670 etiam
2389 632 2544 686 super
2564 594 2779 686 terram,
2792 619 2848 676 id
2860 594 3457 694 cstsupedgentesﬁ'el

196 684 311 749 dia;
335 700 457 755 qua:
483 701 612 740 vasa
639 692 982 757 prmparavit,
1008 691 1061 745 id
1082 701 1165 747 est
1192 695 1596 762 praedestinavit
1633 697 1777 754 Deus

1878 700 1951 797 ita
1969 720 1981 754 :
1998 701 2172 758 Salva:
2192 705 2318 797 ﬁent
2342 706 2604 797 reliquias.
2618 707 2754 766 Nam
2767 725 2865 779 per
2874 712 3102 771 verbum
3114 715 3326 773 illud-de
3336 734 3461 797 quo.

195 772 261 829 od
287 773 594 877 habendam
619 775 858 877 futuram
889 779 1135 850 gloriam.
1161 780 1273 837 Nec
1300 785 1477 840 solum
1500 786 1777 855 praedesti-
1874 791 2079 847 dictum
2094 772 2202 849 esti
2221 793 2308 848 ειη
2321 772 3148 873 principioeratverbumann.
3169 807 3319 877 1,1),i

192 864 338 922 navit
390 883 407 918 :
440 867 535 921 sed
583 883 734 937 quos,
788 869 842 924 id
878 879 963 925 est
1000 887 1128 927 vasa
1180 875 1565 931 misericordiae
1607 878 1771 932 etiam

192 953 374 1010 missis
404 956 853 1025 praedicatoribus
874 963 1107 1017 vocavit.
1140 963 1276 1018 Illud
1299 980 1438 1034 quos
1468 966 1537 1020 ad
1563 975 1774 1022 sentcn-

190 1044 318 1101 u'am
341 1047 586 1116 respicit,
614 1064 722 1103 non
747 1052 814 1105 ad
844 1052 1101 1108 litteram.
1140 1054 1355 1117 Vocavit
1376 1057 1498 1115 dico
1518 1074 1632 1126 nos,
1664 1060 1772 1114 sci-

188 1137 309 1197 licet
333 1146 392 1193 et
417 1155 558 1208 quos
593 1142 747 1196 nos!
774 1142 941 1198 idest
971 1161 1074 1197 non
1118 1147 1286 1199 solum
1317 1164 1381 1200 ex
1425 1147 1652 1215 Judwis,
1679 1152 1775 1203 sed

184 1229 343 1282 etiam
370 1244 440 1283 ex
466 1231 704 1300 gentibus
727 1247 746 1285 :
776 1233 907 1301 quia
928 1237 1388 1304 quemadmodum
1428 1237 1643 1294 Iudaeos
1675 1257 1767 1293 ro-

186 1320 337 1385 carit,
367 1319 450 1375 sic
472 1329 527 1374 et
546 1329 753 1391 gentes.
780 1321 979 1378 Probat
1019 1328 1163 1394 quod
1194 1329 1408 1382 \‘ocatio
1432 1330 1672 1399 gentium
1701 1348 1766 1386 ex

184 1408 289 1465 Deo
309 1411 383 1466 sit
410 1411 638 1466 dicens:
665 1411 802 1467 Vere
825 1413 968 1470 Deus
996 1419 1209 1472 vocavit
1236 1427 1449 1488 gentes,
1467 1421 1608 1476 sicut
1635 1423 1765 1477 dicit

182 1502 479 1570 nomOsee,
510 1506 604 1560 sed
638 1505 904 1564 Dominus
934 1510 987 1564 in
1027 1510 1184 1566 Osce.
1231 1510 1345 1570 Hoc
1373 1516 1561 1586 utique
1591 1517 1720 1573 dicit
1747 1538 1760 1575 :

190 1593 389 1650 Yocabo
425 1597 628 1667 plebem
659 1616 828 1655 meam
876 1618 987 1656 non
1002 1603 1201 1674 plebem
1228 1621 1419 1674 meam,
1445 1608 1496 1662 i‘d
1522 1617 1613 1664 est
1629 1625 1762 1680 gen-

178 1687 448 1757 tilitatem,
473 1707 597 1762 quze
624 1694 788 1750 modo
819 1711 928 1750 non
955 1698 1108 1766 plebs
1138 1715 1259 1755 mea
1291 1701 1510 1757 dicitur.
1546 1702 1762 1761 Vocaho

177 1794 269 1848 per
292 1781 550 1850 gratiam,
593 1792 648 1839 et
699 1784 897 1841 faciam
930 1787 1130 1856 plebem
1154 1806 1324 1844 meam
1353 1791 1502 1861 (Ose.
1536 1809 1596 1859 n,
1643 1794 1756 1864 25),

1873 878 2030 948 Quod
2059 882 2306 950 verbum,
2338 884 2391 939 id
2418 895 2501 940 est
2530 884 2803 955 Christus,
2836 889 2945 945 erit
2978 906 3370 953 consummatis
3390 905 3457 956 ει

1871 970 2196 1027 abbrevians
2245 962 2414 1044 leg’em
2467 976 2521 1029 in
2564 976 2837 1046 mquitate,
2890 979 3033 1037 sicut
3075 982 3278 1045 dictum
3313 995 3399 1041 est
3426 1027 3459 1045 μ

1872 1060 2012 1124 Quia
2065 1061 2324 1118 Dominus
2375 1066 2535 1135 faciet
2584 1068 2688 1122 hoc
2748 1069 2958 1124 verbum
3005 1073 3329 1141 breviatum,
3385 1075 3447 1134 id

1868 1161 1953 1207 est
1997 1154 2295 1208 secundum
2344 1166 2678 1226 assumptam
2730 1174 2951 1215 carnem
3002 1165 3352 1222 mortalitatis
3387 1175 3445 1222 et

1867 1242 2241 1310 passibilitatis
2306 1244 2376 1299 ab
2436 1246 2643 1315 angelis
2690 1248 3045 1306 minoratum.
3095 1251 3256 1310 Juxta
3307 1254 3453 1311 illud.

1867 1331 2043 1411 (Psal.
2074 1333 2229 1404 vin):
2268 1353 2287 1385 ί
2316 1333 2601 1390 Minorasti
2634 1352 2757 1392 eum
2789 1342 3137 1410 paulominus
3173 1344 3243 1400 ab
3269 1360 3439 1417 auge-

1865 1422 1950 1477 lis.
1979 1442 1997 1473 ι
2034 1422 2102 1477 Et
2122 1424 2227 1480 hoc
2249 1424 2459 1480 verbum
2482 1427 2642 1496 faciet
2664 1444 2821 1498 super
2850 1439 3065 1498 terram,
3093 1434 3152 1489 id
3175 1438 3444 1505 estquod

1864 1513 1917 1567 in
1952 1522 2147 1568 natura
2190 1515 2408 1571 deitatis
2459 1523 2579 1571 erat
2627 1516 2915 1585 invisibile,
2956 1534 3053 1590 per
3099 1533 3451 1593 assumptam.

1862 1619 2082 1658 carnem
2111 1604 2428 1660 hominibus
2464 1606 2518 1659 in
2544 1614 2689 1670 terra
2736 1608 3009 1663 exhibebit
3034 1610 3267 1670 visibile.
3298 1611 3444 1668 Vere

1860 1710 1956 1764 per
2006 1696 2231 1750 verbum
2273 1695 2577 1758 breviatum
2610 1697 2774 1752 salvae
2820 1697 2950 1753 ﬁent
3004 1700 3266 1770 reliquiae.
3300 1700 3463 1758 Nam.

1862 1786 1966 1838 nisi
1992 1784 2248 1839 Dominus
2279 1786 2576 1857 reliquisset
2605 1786 2753 1841 nobis
2798 1788 2903 1843 hoc
2949 1805 3142 1855 semen,
3187 1792 3465 1860 perderc~

175 1878 345 1924 etnon
382 1873 639 1928 dilectam
663 1890 733 1947 ge
754 1853 1039 1933 nitatem,
1066 1878 1285 1936 vocabo
1310 1853 1407 1953 μέν
1428 1853 1675 1954 διηπείλει),
1861 1888 2019 1939 mur;
2046 1882 2101 1928 et
2134 1874 2236 1931 hoc
2262 1853 2399 1931 dico-
2418 1891 2531 1933 non.
2555 1877 2731 1933 solum
2757 1893 2820 1931 ex
2850 1892 2955 1944 me,
2982 1880 3076 1934 sed
3104 1853 3270 1934 etiam
3298 1880 3443 1936 sicut

174 1961 364 2022 faciam
384 1965 665 2033 dilectam,
688 1968 1038 2038 justiﬁeando
1066 1987 1097 2026 a
1127 1975 1362 2042 peccatis
1391 1994 1403 2029 :
1436 1985 1490 2030 et
1512 1978 1758 2033 eamdem

175 2057 524 2128 gentilitatem
562 2075 665 2113 non
694 2073 1025 2117 consecutam
1057 2066 1479 2121 misericordiam
1514 2084 1532 2122 :
1559 2069 1757 2126 faciam

175 2157 501 2203 consecutam
532 2151 961 2206 misericordiam
982 2154 1037 2208 in
1081 2156 1411 2219 salvatione.
1442 2157 1500 2213 In
1538 2160 1757 2231 signum

173 2248 343 2294 autem
378 2241 663 2298 salvandae
707 2244 1024 2314 gentilitatis
1068 2245 1158 2303 hic
1177 2244 1316 2301 Osee
1361 2250 1757 2317 praedicaturus

174 2332 390 2387 salutem
429 2334 700 2404 gentium,
727 2335 918 2404 jussus
953 2345 1040 2391 est
1074 2352 1106 2391 a
1137 2336 1249 2392 Deo
1288 2338 1488 2394 ducere
1526 2356 1755 2396 uxorem

174 2410 572 2490 fornicationis,
595 2434 701 2480 etc.
739 2424 944 2480 Vocabo
965 2427 1154 2497 utique
1178 2429 1553 2500 gentilitatem,
1577 2441 1628 2484 et
1652 2432 1757 2488 hoc

170 2514 280 2578 erit,
307 2515 364 2569 in
389 2514 510 2570 loco
535 2516 627 2569 ubi
652 2516 853 2571 dictum
878 2527 976 2584 est,
1008 2517 1130 2573 Non
1143 2518 1286 2589 plebs
1314 2537 1430 2574 mea
1457 2537 1566 2589 vos,
1594 2522 1645 2575 id
1673 2531 1757 2585 est

175 2602 226 2659 in
258 2612 369 2659 toto
402 2606 614 2660 mundo
649 2606 740 2661 ubi
772 2606 942 2663 Judaei
983 2609 1159 2663 solum
1189 2609 1340 2680 plebs
1368 2610 1468 2665 Dei
1480 2613 1754 2667 uocaban-

172 2702 270 2762 tur,
298 2698 532 2768 gentiles
580 2714 711 2753 vero
753 2715 862 2761 non
914 2700 1113 2756 ibidem
1166 2702 1525 2758 vocabuntur
1559 2704 1756 2767 amodo

169 2793 366 2855 gentes,
397 2787 499 2842 sed
520 2788 845 2842 vocabuntur
870 2789 976 2859 filii
1000 2789 1098 2844 Dei
1119 2790 1241 2858 vivi,
1277 2791 1373 2861 qui
1406 2792 1574 2848 vitam
1603 2802 1757 2849 aeter-

171 2890 285 2932 nam
314 2893 486 2949 quam
508 2878 681 2935 habet
717 2880 947 2937 daturus
976 2890 1061 2937 est
1087 2883 1169 2938 eis
1222 2898 1361 2954 quos
1393 2898 1462 2940 ex
1489 2884 1764 2951 electione

169 2969 393 3023 vocavit.
421 2968 621 3029 Velita
654 2989 666 3025 :
690 2971 746 3024 in
774 2970 910 3039 loco,
941 2971 996 3027 id
1015 2980 1104 3028 est-
1120 2971 1177 3026 in
1199 2970 1408 3040 Judaza,
1432 2974 1523 3028 ubi
1550 2974 1750 3028 dictum

169 3068 256 3127 est,
279 3059 403 3116 Non
424 3061 572 3132 plebs
596 3080 711 3118 mea
733 3080 820 3119 uos
843 3080 862 3120 :
886 3064 962 3118 ibi
987 3065 1312 3119 vocabuntur
1334 3065 1437 3136 ﬁlii
1461 3065 1595 3131 Dei;
1620 3068 1750 3137 quia

165 3155 313 3210 etde
352 3154 565 3211 Iudaeis
599 3157 757 3212 electi
795 3166 924 3213 sunt
960 3158 1212 3227 apostoli,
1245 3173 1342 3227 per
1383 3174 1523 3228 quos
1560 3168 1748 3230 gentes
1773 3191 1816 3248 α

169 3261 439 3304 conversa:
477 3256 636 3315 sunt;
666 3248 796 3303 etin
835 3247 1020 3304 Iudaea
1067 3248 1330 3320 originem
1369 3250 1601 3319 primam
1649 3250 1747 3305 ha-

168 3337 275 3392 buit
301 3338 573 3395 Ecclesia.

229 3427 527 3500 Postquam
580 3430 919 3485 vocationem
962 3431 1204 3501 gentium
1243 3432 1565 3487 auctoritate
1610 3430 1747 3487 Osee

168 3519 525 3587 conﬁrmavit,
559 3520 756 3590 probat
787 3535 882 3592 per
914 3519 1113 3577 Isaiam
1142 3521 1497 3577 salvatiouem
1531 3521 1747 3579 ludam-

170 3627 298 3677 rum,
326 3623 381 3667 et
423 3613 813 3667 convenienter
828 3609 939 3668 hoc
963 3612 1175 3683 probat.
1202 3610 1444 3668 Gentiles
1469 3613 1614 3669 enim
1640 3616 1744 3669 im-

169 3698 778 3769 properabant-Judmis,
817 3700 964 3772 quod
1008 3703 1176 3757 semel
1204 3704 1362 3773 culpa
1410 3720 1509 3760 sua
1542 3707 1745 3775 repulsi

168 3792 532 3861 etreprobati,
561 3792 791 3848 ulterius
826 3793 1036 3864 indigni
1075 3796 1586 3850 essentksalvatione
1627 3794 1741 3851 Dei.

168 3880 292 3938 Osee
318 3885 415 3940 sic
437 3883 585 3940 dicit
598 3884 665 3940 de
701 3885 995 3957 gentibus:
1031 3883 1209 3945 Isaias
1245 3896 1422 3962 autem
1461 3887 1658 3941 clamat
1693 3898 1747 3943 et

171 3973 390 4032 aﬁirmat
424 3976 535 4032 hoc
570 3992 667 4047 pro
695 3975 1039 4048 Israel'(lsa.
1089 3993 1145 4045 x,
1175 3977 1291 4049 22),
1329 3978 1380 4033 id
1407 3988 1492 4034 est
1520 3995 1620 4048 pro
1641 3981 1743 4035 ho-

170 4072 405 4126 norando
431 4069 663 4126 Judaico
710 4071 947 4141 populo,
1005 4071 1095 4127 cui
1137 4072 1413 4128 multoties
1458 4074 1602 4128 mala
1645 4089 1745 4128 sua

169 4156 568 4230 improperavit.
626 4160 751 4218 Hoc
787 4163 978 4233 utique
1006 4163 1226 4219 clamat.
1264 4162 1345 4232 Si,
1383 4164 1437 4220 id
1481 4173 1567 4219 est
1595 4165 1741 4232 licet,

172 4249 315 4317 fuerit
356 4269 609 4309 numerus
657 4254 891 4324 filiorum
941 4253 1572 4322 Israel‘innumerabilis,
1621 4265 1742 4310 tan-

170 4356 314 4409 quam
332 4361 499 4398 arena
528 4347 715 4411 maris,
747 4355 929 4401 tamen
980 4347 1224 4418 reliquiae
1241 4347 1429 4413 Israel,
1459 4348 1510 4402 id
1533 4356 1637 4413 est,
1660 4349 1743 4401 vi-

170 4429 241 4488 les
260 4442 311 4488 et
332 4436 554 4506 abiecti,
579 4437 671 4506 qui
703 4438 840 4492 nihil
866 4439 920 4491 in
942 4440 1259 4494 carnalitate
1286 4439 1423 4510 legis
1451 4439 1741 4506 conﬁdent,

1857 1963 2106 2031 praedixit
2128 1963 2297 2020 Isaias
2324 1965 2633 2020 vaticinans
2662 1966 2729 2021 de
2757 1968 2947 2022 eodem
2977 1987 2987 2022 :
3023 1968 3147 2023 Nisi
3178 1970 3446 2025 Dominus

1862 2050 2096 2106 Sabaoth
2134 2053 2270 2123 (lsa.
2322 2071 2360 2121 1,
2408 2055 2484 2123 9),
2536 2054 2591 2110 id
2614 2064 2697 2110 est
2734 2058 3078 2113 exercituum
3111 2070 3221 2115 tam
3272 2062 3440 2117 εοειε-

1859 2145 2025 2199 stium
2073 2160 2238 2215 quam
2270 2153 2613 2200 terrenorum
2652 2144 2948 2216 reliquisset
2987 2148 3138 2202 nobis
3161 2166 3356 2217 semen,
3384 2153 3455 2206 id

1856 2244 1941 2290 est
1963 2234 2243 2295 Christum
2271 2255 2285 2290 :
2319 2251 2482 2307 quem
2510 2246 2636 2293 ante
2660 2247 2906 2309 tempora
2934 2240 3014 2294 sic
3044 2240 3346 2306 constituit,
3383 2250 3459 2297 et.“

1858 2326 1912 2381 in
1938 2335 2180 2396 tempore
2207 2326 2385 2394 dedit;
2433 2329 2519 2382 vel
2552 2343 2758 2397 semen,
2785 2329 2836 2384 id
2863 2339 2947 2385 est
2990 2332 3216 2385 verbum
3242 2332 3459 2401 przedi--

1856 2417 2113 2483 cationis,
2141 2433 2241 2488 per
2287 2418 2434 2489 quod
2478 2418 2809 2477 fructiﬁeant
2859 2421 3175 2489 eredentes;
3214 2423 3298 2476 vel
3328 2423 3437 2478 nisi
3514 2478 3517 2483 .

1856 2505 2121 2563 Dominus
2152 2510 2455 2564 ascendens
2481 2510 2803 2580 reliquisset
2840 2512 3001 2567 nobis
3034 2526 3240 2579 semen,
3276 2512 3328 2567 id
3353 2522 3439 2569 est

1855 2599 2150 2668 apostolos,
2174 2599 2279 2669 qui-
2297 2600 2352 2655 in
2376 2600 2542 2657 nobis
2560 2602 2795 2657 verbum
2809 2600 2939 2657 ﬁdei
2955 2602 3310 2670 seminarent,
3336 2619 3437 2658 nos

1855 2691 2045 2761 utique
2053 2691 2186 2762 facti
2210 2706 2440 2745 essemus
2462 2692 2600 2746 sicut
2613 2691 2845 2748 Sodoma
2866 2702 2921 2748 et
2934 2692 3399 2748 sicut—Gomorrha
3416 2736 3432 2759 ,

1855 2781 1909 2836 id
1934 2791 2019 2837 est
2038 2782 2257 2852 penitus
2278 2782 2733 2855 periclitaremur,
2756 2792 2812 2839 et
2836 2783 3051 2849 merito,
3074 2785 3201 2854 quia
3229 2784 3435 2840 similes

1853 2871 2151 2929 fuissemus
2183 2874 2776 2945 spernendopreecepta
2807 2874 2921 2930 Dei.

1924 2964 2080 3031 Quod
2126 2965 2382 3034 superius
2432 2965 2571 3020 dixit
2599 2966 2666 3020 de
2712 2966 3001 3020 vocatione
3050 2965 3291 3036 gentium
3337 2980 3479 3033 per-

1852 3051 1991 3109 Osee
2028 3055 2170 3124 (cap.
2210 3070 2277 3120 ιι,
2302 3054 2394 3124 ‘25)
2415 3094 2430 3120 ,
2483 3069 2552 3109 ne
2594 3052 2766 3109 Judaei
2801 3061 3062 3123 negarent
3089 3053 3193 3107 hoc
3225 3052 3432 3109 dictum
3461 3086 3471 3092 -

1851 3160 1972 3201 esse
2020 3146 2088 3201 de
2132 3146 2407 3216 gentibus,
2449 3146 2543 3200 sed
2569 3146 2637 3200 de
2668 3160 2749 3210 se,
2796 3145 2890 3214 qui
2935 3144 3213 3198 multoties
3259 3159 3289 3197 a
3319 3134 3459 3198 Deo~

1848 3236 2148 3290 rccedeudo
2176 3251 2287 3290 non
2317 3236 2467 3306 plebs
2502 3234 2597 3291 Dei
2634 3234 2761 3290 facti
2783 3244 2943 3289 sunt:
2969 3234 3196 3303 exponit
3224 3233 3464 3293 Paulus.

1847 3330 2126 3400 quomodo
2174 3330 2241 3385 de
2293 3331 2557 3401 gentibus:
2594 3330 2710 3385 huic
2755 3328 2926 3385 verba.
2979 3334 3192 3385 tantum
3245 3337 3449 3397 aganta

1847 3421 2300 3492 Quandoquidem
2352 3421 2855 3493 superiusdiotum
2911 3429 3023 3486 est,
3054 3432 3167 3473 non
3216 3417 3427 3490 plebem

1846 3532 2026 3573 meam
2077 3517 2287 3573 vocabo
2343 3516 2555 3587 plebem
2577 3510 2784 3583 meam,
2830 3530 2955 3586 ergo
2992 3513 3119 3584 quid
3152 3512 3387 3573 dicemus
3404 3513 3453 3565 ἕν’

1847 3609 1915 3665 Et
1961 3608 2239 3681 quomodo
2278 3608 2421 3665 hanc
2449 3607 2828 3663 auctoritatem
2879 3603 3216 3674 accipiemus
3240 3603 3266 3654 ’ἵ
3314 3599 3433 3659 Hoc

1847 3703 2036 3773 utique
2079 3701 2134 3756 in
2171 3700 2353 3757 verbis
2379 3698 2519 3756 Osee
2547 3712 2903 3769 exponemus,
2946 3694 3085 3766 quod
3113 3702 3287 3764 gentes
3312 3708 3429 3763 quia

1847 3809 1949 3847 non
1996 3792 2335 3848 sectabantur
2370 3792 2673 3861 justitiam,
2717 3788 2773 3843 id
2801 3794 2889 3842 est
2932 3799 3056 3855 qua:
3098 3798 3200 3838 nec
3254 3782 3430 3853 legem

1848 3884 2139 3950 habebant,
2173 3899 2274 3939 nec
2299 3883 2456 3938 bono
2474 3880 2703 3935 rationis
2728 3892 2842 3933 suae
2869 3876 3162 3931 utebantur
3179 3915 3196 3940 ,
3238 3887 3435 3942 appre-

1846 3974 2136 4029 henderunt
2186 3988 2296 4029 non
2337 3988 2405 4028 ex
2440 3971 2657 4037 merito,
2687 3969 2783 4025 sed
2828 3983 2896 4023 ex
2925 3966 3099 4038 gratia
3147 3965 3429 4037 ingerente

1845 4067 1968 4137 ejus
2004 4067 2276 4137 justitiam
2301 4080 2329 4119 τη
2366 4079 2468 4120 nec
2510 4062 2785 4120 carnalem
2825 4058 3296 4130 justiﬁcationem,
3332 4057 3433 4112 sed

1837 4158 2113 4228 justitiam
2142 4172 2260 4227 qua:
2301 4164 2379 4211 est
2428 4171 2492 4210 ex
2520 4154 2642 4225 fide.
2691 4152 2905 4207 Partem
2942 4151 3140 4205 iterum
3188 4148 3428 4203 auctori-

1846 4253 1977 4308 tatis
2010 4267 2176 4323 quam
2218 4250 2387 4306 Isaias
2429 4263 2529 4319 pro
2559 4247 2727 4303 Israel
2754 4246 2980 4317 protulit
3007 4264 3019 4299 :
3050 4244 3194 4299 hanc
3221 4242 3443 4302 scilicet-

1845 4342 1994 4414 quod
2042 4358 2150 4397 non
2187 4340 2555 4396 numerositas
2599 4338 2835 4395 ﬁliorum
2879 4335 3047 4392 Israel
3101 4335 3475 4402 salvaretur”

1846 4432 2169 4503 exsequitur
2189 4429 2482 4499 Apostolus
2510 4428 2765 4499 ponendo
2788 4442 3012 4483 causam
3036 4441 3207 4496 quare
3228 4438 3426 4495 repro-

170 4521 474 4593 hujusmodi
500 4527 743 4598 reliquiae
782 4528 943 4584 saltue
968 4530 1117 4599 ﬁent.
1153 4528 1249 4585 Vel
1292 4530 1553 4601 reliquiae,
1584 4531 1637 4586 id
1662 4540 1744 4586 est
1775 4523 1820 4578 Β
1844 4524 2020 4589 betur,
2074 4522 2262 4577 dicens
2286 4540 2315 4574 ει
2344 4520 2542 4575 Gentes
2598 4519 3072 4589 apprehenderunt
3113 4516 3381 4587 justitiam
3410 4533 3445 4576 ξ

172 4629 298 4683 tinos
326 4615 475 4674 Deus
500 4618 605 4674 sibi
632 4620 871 4690 reliquit,
897 4630 952 4676 et
993 4621 1218 4678 idoneos
1249 4623 1537 4678 salvationi
1563 4637 1743 4678 reser-

169 4708 322 4775 vavit,
379 4710 440 4765 hi
489 4710 864 4766 salvabuntur.
923 4711 1254 4768 Determinat
1303 4715 1524 4769 modum
1568 4713 1745 4768 salva-

171 4797 351 4867 tionis,
403 4816 485 4857 ne
531 4816 628 4872 per
673 4803 846 4874 legem
901 4813 1155 4873 putarent
1228 4805 1333 4876 57
1399 4820 1459 4861 se
1519 4804 1740 4860 salvari.

173 4883 297 4945 Vere
347 4890 514 4946 salva:
561 4890 691 4946 ﬁent
738 4892 1029 4962 reliquiae:
1064 4908 1188 4947 nam
1241 4908 1337 4963 per
1381 4896 1622 4958 verbum,
1688 4894 1741 4948 id

171 4988 246 5034 est
276 4996 374 5051 per
396 4982 707 5038 doctrinam
750 4982 901 5049 ﬁthi,
931 4984 1076 5055 quod
1105 4983 1330 5039 verbum
1349 4994 1467 5039 erat
1490 4999 1738 5037 consum-

173 5086 331 5140 unus,
358 5075 413 5130 id
436 5084 526 5131 est
567 5074 804 5145 perfecte
854 5075 1183 5147 justiﬁcans,
1235 5074 1380 5146 quod
1426 5076 1508 5130 lex
1558 5074 1742 5130 facere

175 5175 273 5219 non
292 5167 487 5236 potuit.
510 5166 631 5222 Erit
667 5168 833 5223 etiam
860 5167 1170 5223 abbrevians
1202 5176 1258 5222 et
1286 5174 1553 5237 praecepta
1582 5165 1739 5237 legis,

176 5273 288 5328 qua:
307 5248 583 5320 omniaad
604 5264 953 5321 dilectionem
976 5262 1072 5319 Dei
1094 5270 1150 5318 et
1168 5261 1402 5332 proximi
1425 5260 1666 5326 reducet,
1687 5267 1743 5315 et

176 5353 464 5423 sacriﬁcia;
491 5370 618 5425 quae
650 5355 837 5410 omnia
867 5354 932 5410 ad
951 5369 1122 5410 unum
1147 5351 1481 5408 sacriﬁcium
1495 5350 1743 5421 corporis

176 5440 372 5500 Christi
401 5447 628 5518 rediget.
675 5446 835 5522 Esne
856 5446 984 5516 quia
1028 5445 1201 5516 legem
1232 5442 1601 5509 abbreviaret,
1652 5442 1742 5496 ine-

174 5531 371 5601 lIIStum
409 5522 771 5608 iudicantur,
829 5536 1237 5608 bocoyerbum,
1286 5534 1407 5589 ideo
1457 5534 1635 5600 addit,
1684 5536 1743 5587 in

180 5625 413 5692 unitate
433 5643 452 5682 :
475 5628 607 5699 quia
631 5627 737 5684 etsi
762 5626 1042 5683 abbreviat
1070 5626 1264 5696 legem,
1317 5634 1536 5695 aequum
1556 5631 1740 5678 tamen

182 5714 274 5769 erit
294 5724 351 5770 et
371 5717 600 5789 justum.
632 5716 793 5786 Quod
820 5717 1000 5788 palam
1019 5725 1107 5773 est
1135 5732 1204 5773 ex
1220 5730 1288 5772 eo
1311 5713 1459 5785 quod
1482 5712 1741 5769 Dominus

187 5801 336 5879 {sciet
366 5808 463 5868 hoc
520 5808 749 5870 verbum
784 5807 1180 5887 abbreviatum,
1219 5806 1363 5865 sicut
1406 5803 1613 5861 dictum
1658 5809 1750 5858 est

1845 4618 1940 4674 sed
1966 4616 2158 4682 Israel,
2191 4615 2244 4670 id
2288 4622 2387 4670 est
2410 4613 2674 4669 Iudaicus
2703 4613 2939 4683 populus
2969 4613 3217 4666 sectanda
3262 4611 3429 4680 legem

1842 4708 2079 4766 carnalis
2115 4706 2367 4777 justitite,
2414 4721 2517 4758 non
2550 4706 2783 4775 pervenit
2827 4705 2884 4757 in
2925 4704 3086 4774 legem
3126 4701 3427 4771 spiritualis

1833 4799 2085 4870 justitite.
2115 4795 2222 4851 Sed
2246 4812 2409 4867 quare
2437 4810 2548 4849 non
2578 4794 2856 4863 pervenit?
2881 4791 3005 4846 Ideo
3046 4791 3171 4860 quia
3213 4805 3317 4842 non
3360 4806 3434 4844 ea)

1844 4893 1951 4963 ﬁde
1973 4890 2205 4946 credidit
2239 4903 2299 4944 se
2315 4885 2626 4957 justiﬁcari,
2653 4881 3124 4953 sed‘prtesumpsit
3166 4882 3321 4951 quasi
3361 4897 3426 4935 ea:

1843 4983 2089 5053 operibus
2108 4988 2295 5052 posset
2316 4976 2626 5049 iustiﬁcari.
2671 4975 2737 5030 Et
2765 4974 2894 5045 quia
2934 4988 3045 5029 non
3084 4988 3151 5029 ex
3174 4973 3279 5028 ﬁde
3307 4989 3426 5028 cre-

1843 5074 2100 5129 diderunt
2147 5086 2207 5127 se
2235 5084 2396 5140 posse
2435 5066 2747 5137 iustiﬁcari,
2800 5066 2925 5121 ideo
2959 5065 3313 5135 oﬁ‘enderunt,
3371 5065 3425 5118 id

1841 5161 2300 5221 estoﬁensionem
2348 5159 2452 5215 sibi
2482 5157 2729 5214 fecerunt
2763 5159 2821 5212 in
2861 5158 3112 5227 lapidem,
3150 5156 3204 5210 id
3248 5162 3334 5211 est
3368 5156 3424 5209 in

1842 5254 2148 5319 Christum,
2179 5250 2277 5322 qui
2304 5249 2444 5319 lapis
2467 5248 2590 5317 fuit,
2612 5251 2707 5320 qui
2737 5258 2799 5305 et
2824 5249 3081 5305 inimicos
3097 5254 3423 5311 contereret,

1845 5354 1900 5401 et
1920 5346 1976 5399 in
1998 5359 2109 5415 quo
2136 5342 2489 5398 fundamenta
2511 5342 2783 5410 justorum
2810 5339 3131 5397 consistent.
3162 5336 3431 5407 Lapidem

1846 5437 1972 5493 dico
2014 5434 2340 5503 offensionis,
2391 5432 2444 5487 id
2496 5441 2579 5487 est
2624 5432 2722 5502 qui
2751 5432 2892 5502 lapis
2934 5446 3033 5501 per
3060 5427 3432 5485 humilitatem.

1814 5546 1817 5553 ’
1845 5526 2231 5598 quam’habuit
2250 5534 2411 5596 aptus
2436 5524 2540 5584 fuit
2585 5523 2640 5577 in
2677 5537 2796 5593 quo
2811 5521 3156 5579 ’oﬁ‘enderent
3181 5516 3433 5587 superbi,

1847 5616 1990 5673 sicut
2009 5617 2274 5687 scriptum
2297 5623 2383 5670 est
2406 5614 2462 5669 in
2492 5612 2631 5670 Isaia
2658 5633 2681 5667 :-
2710 5613 2846 5668 Ecce
2862 5628 2998 5683 pono
3013 5612 3068 5665 in
3091 5608 3245 5693 Sion,
3265 5606 3318 5663 id
3340 5620 3427 5665 est

1845 5708 1902 5764 in
1928 5706 2155 5765 Iudaico
2188 5706 2410 5778 populo,
2453 5705 2688 5775 lapidem
2710 5702 3033 5772 olfensionis,
3064 5699 3121 5754 id
3149 5706 3234 5753 est
3258 5696 3416 5753 Chri-

1845 5810 2015 5871 stum,
2037 5809 2314 5874 etpetram
2335 5798 2581 5856 scatultdi
2603 5795 2742 5870 (Isa.
2774 5811 2903 5865 vni,
2921 5794 3023 5864 Ηυξ
3051 5791 3247 5849 lPetr.
3268 5792 3449 5863 11,2)-
