3978 6402
508 349 576 404 87
1037 342 1092 397 S.
1137 338 1485 403 BRUNONIS
1522 339 2164 408 (iARTHUSIANORUM
2202 339 2695 399 INSTITUTORIS
2725 342 2879 400 OPP.
2914 342 3099 401 PARS
3118 343 3194 401 II.
3695 351 3764 408 88

507 461 652 525 Inter
697 457 932 528 lapidem
977 465 1031 511 et
1079 433 1287 525 petram
1340 456 1489 512 nulla
1544 456 1802 513 distantia
1840 465 1954 525 est,
1988 456 2084 513 sed
2111 456 2159 514 Δ
2184 463 2275 511 tur
2298 456 2592 527 Apostolus
2634 456 2852 516 Iudaeos
2893 459 3015 517 ideo
3063 460 3245 518 dicere
3272 467 3619 535 rcprobatos,
3664 484 3763 526 nec

506 550 862 608 offensionem
892 557 1051 605 vocat
1074 558 1293 617 peccata
1317 548 1458 605 facta
1494 548 1549 603 in
1573 547 1872 608 Christum.
1906 547 2080 604 Scan-

506 642 690 696 dalum
741 647 900 693 vocat
950 638 1354 693 damnationem
1412 654 1477 693 ex
1523 639 1681 709 culpa
1732 647 2083 709 peccatorum

500 710 934 798 provenientem.
993 724 1147 788 Licet
1203 728 1378 782 dicam
1432 726 1578 796 quod
1627 725 1883 785 Christus
1943 727 2083 796 lapis

509 817 831 874 offensionis
871 814 1037 872 fuerit
1062 816 1285 884 ludatis,
1327 824 1508 872 tamen
1546 833 1657 871 non
1686 833 1878 874 omnes
1907 816 2085 872 offen-

506 908 705 964 derunt
730 907 787 962 in
806 921 872 961 eo
899 926 915 965 :
944 907 1041 963 sed
1064 908 1231 961 omnis
1255 907 1322 963 de
1352 904 1485 961 Sion
1516 908 1608 977 qui
1637 906 1811 962 credit
1856 907 1910 959 in
1963 922 2083 960 eum

450 998 456 1006 '
506 997 762 1069 lapidem,
789 1014 892 1053 non
917 998 1178 1052 erubescet
1200 1011 1258 1052 se
1278 996 1592 1051 credidisse.

1198 1107 1429 1164 CAPUT
1467 1108 1535 1164 X.

1053 1108 1166 1180 58
1198 1108 1429 1165 CAPUT
1467 1108 1535 1164 X.

582 1218 602 1250 ι
623 1198 868 1266 Fratres,
897 1199 1148 1274 voluntas
1169 1199 1389 1268 quidem
1413 1199 1595 1253 cordis
1621 1199 1726 1252 mei
1749 1210 1804 1253 et
1835 1199 2087 1255 obsecra-

512 1309 531 1340 ι
579 1291 655 1345 tio
678 1291 745 1345 ad
770 1291 939 1344 Deum
963 1289 1025 1344 fit
1045 1304 1147 1360 pro
1179 1290 1287 1347 illis
1313 1290 1367 1343 in
1400 1289 1653 1344 salutem.
1684 1288 2081 1345 Testimonium

510 1400 529 1431 ι
575 1382 727 1436 enim
764 1381 1026 1450 perhich
1067 1382 1197 1447 illis,
1225 1381 1372 1450 quod
1415 1381 1818 1435 aemulationem
1861 1380 2082 1452 quidem

509 1490 528 1522 ι
570 1470 664 1527 Dei
696 1472 918 1538 habent,
947 1474 1043 1528 sed
1083 1487 1196 1529 non
1240 1474 1540 1529 secundum
1586 1474 1893 1530 scientiam.
1920 1473 2106 1545 Igno-~

508 1580 527 1614 ‹
573 1572 759 1619 rantes
802 1565 952 1619 enim
993 1563 1264 1632 justitiam
1321 1563 1438 1631 Dei,
1478 1574 1533 1631 et
1580 1580 1736 1619 suam
1778 1574 2084 1635 quaerentes

507 1671 526 1703 ι
573 1661 849 1719 statuere,
897 1653 1129 1722 justitiae
1158 1653 1255 1709 Dei
1290 1670 1400 1710 non
1457 1658 1597 1710 sunt
1641 1655 1893 1725 subjecti.
1931 1654 2084 1711 Finis

2185 549 2416 605 ulterius
2448 565 2609 620 posse
2637 551 2856 607 salvari.
2886 552 3030 609 Dicit
3061 570 3121 610 se
3154 570 3316 612 orare
3360 572 3463 628 pro
3505 559 3641 626 illis,
3666 576 3764 631 pro

2184 641 2385 711 quibus
2412 642 2598 713 utique
2619 658 2728 698 non
2763 653 2965 711 oraret,
2999 646 3047 700 si
3074 647 3218 717 apud
3242 647 3411 703 Deum
3439 653 3764 721 reprobatos

2185 743 2555 806 cognosceret.
2603 734 2753 794 Unde
2782 736 2863 797 sic
2898 737 2975 792 ait
3005 757 3018 792 :
3047 738 3199 793 Licet
3222 739 3396 796 Judaei
3437 742 3768 800 offenderint

2184 824 2241 881 in
2270 825 2572 892 Christum,
2608 836 2791 884 tamen
2824 828 3040 898 fratres,
3072 830 3317 890 uoluntas
3343 834 3522 887 cordis
3563 836 3665 888 mei
3708 836 3765 904 ﬁt

2182 930 2279 984 pro
2304 914 2436 981 illis,
2465 915 2519 969 id
2558 924 2643 970 est
2674 916 2876 972 bonam
2919 918 3257 974 voluntatem
3293 921 3470 977 habeo
3500 922 3574 977 ad
3625 923 3764 991 illos,

2184 1020 2324 1076 quos
2368 1006 2414 1061 si
2448 1007 2750 1076 pmniteant
2788 1008 3005 1064 confido
3058 1012 3369 1068 salvandos.
3420 1012 3537 1070 Nec
3592 1016 3766 1070 solum

2185 1097 2459 1162 voluntas,
2494 1096 2589 1151 sed
2617 1098 2783 1152 etiam
2809 1100 3103 1154 obsecratio
3122 1102 3188 1170 ﬁt
3214 1102 3284 1155 ad
3309 1102 3478 1157 Deum
3507 1118 3608 1173 pro
3636 1104 3764 1172 illis,

2184 1188 2253 1243 ad
2302 1188 2606 1244 habendam
2661 1191 2769 1246 illis
2817 1192 3068 1247 salutem.
3121 1193 3246 1249 Ideo
3293 1195 3484 1265 utique
3542 1196 3783 1251 obsecro.

2184 1278 2355 1335 Deum
2386 1296 2487 1351 pro
2508 1281 2638 1345 illis,
2662 1283 2791 1351 quia
2825 1284 3184 1338 testimonium
3207 1284 3318 1340 illis
3339 1287 3613 1356 perhibet»,
3632 1288 3775 1358 quod,

2183 1388 2284 1442 pro
2314 1382 2465 1428 certo
2492 1374 2685 1428 habent
2729 1374 3141 1443 aemulationem,
3193 1377 3249 1435 id
3292 1387 3378 1433 est
3417 1378 3767 1434 dilectionem

2183 1462 2325 1542 Dei;
2370 1465 2455 1521 vel
2503 1466 2930 1533 aemulationem,
2962 1467 3014 1522 id
3046 1476 3131 1522 est
3182 1467 3620 1539 indignationem
3670 1471 3770 1525 ad-

2182 1570 2378 1612 versus
2401 1565 2642 1623 sanctos,
2677 1557 2794 1612 zelo
2814 1555 2911 1613 Dei
2947 1566 3002 1614 et
3032 1574 3149 1614 suae
3187 1559 3342 1629 legis.
3374 1559 3771 1617 Existimantcs

2183 1646 2331 1702 enim
2359 1647 2441 1703 sic
2466 1648 2725 1704 tuendam
2767 1664 2889 1705 esse
2940 1649 3114 1720 legem
3152 1667 3331 1718 suam,
3363 1662 3770 1723 persequuntur

507 1761 527 1792 ι
569 1743 719 1798 enim
760 1743 895 1813 legis
922 1743 1179 1801 Christus
1225 1746 1291 1800 ad
1327 1747 1601 1814 justitiam
1631 1747 1781 1801 omni
1814 1746 2078 1802 credenti.
2114 1783 2158 1842 Β
2185 1747 2425 1795 sanctos.
2473 1738 2687 1803 Habent
2722 1741 2912 1811 utique
2945 1743 3337 1798 emulationem
3366 1743 3495 1810 Dei,
3526 1745 3621 1799 sed
3669 1760 3767 1799 non

506 1851 527 1885 ι
570 1832 785 1906 Moyses
820 1835 971 1897 enim
1017 1836 1237 1907 scripsit
1267 1836 1453 1910 [dixit]
1478 1857 1490 1892 :
1515 1838 1776 1908 quoniam
1811 1838 2083 1908 justitiam

505 1941 527 1977 ι
567 1941 692 1996 quae
737 1942 806 1993 ex,
834 1928 1092 1999 lege-est
1143 1929 1238 1998 qui
1279 1927 1469 1984 fecerit
1509 1929 1695 1996 homo,
1747 1930 1892 1985 vivet
1926 1930 1982 1984 in
2015 1944 2082 1984 ea

503 2033 523 2067 ‹
571 2014 762 2086 (Leuit.
793 2033 925 2083 xvn,
953 2018 1029 2087 5).
1060 2016 1193 2084 Qua:
1224 2025 1406 2072 autem
1454 2032 1522 2072 ex
1570 2016 1674 2072 ﬁde
1718 2025 1805 2073 est
1833 2017 2076 2086 justitia,

503 2124 522 2157 ι
566 2108 648 2162 sic
685 2108 839 2165 dicit.
869 2106 948 2163 Ne
983 2108 1190 2165 dixeris
1229 2108 1285 2163 in
1313 2107 1479 2164 corde
1526 2117 1624 2163 tuo
1652 2108 1778 2177 quis
1823 2108 2083 2164 ascendet

500 2217 520 2249 ι
565 2199 620 2253 in
648 2200 850 2256 malum
876 2199 1059 2270 (Deut.
1082 2208 1215 2267 xx‘x,
1247 2200 1336 2270 Il)
1364 2219 1384 2264 ε,
1408 2200 1461 2256 id
1485 2210 1571 2256 est
1591 2200 2082 2256 Christum'dedu-

500 2310 519 2340 ι
568 2305 732 2357 cere;
769 2298 865 2346 aut
912 2292 1042 2361 quis
1091 2291 1389 2348 descendet
1416 2293 1473 2346 in
1510 2293 1792 2364 abyssum,
1844 2294 1947 2349 hoc
1997 2301 2084 2348 est

499 2399 526 2433 α
567 2380 849 2452 Christum
904 2398 934 2438 a
987 2383 1222 2439 mortuis
1265 2384 1574 2439 revocare?
1634 2382 1737 2439 Sed
1789 2384 1920 2453 quid
1952 2384 2083 2438 dicit

500 2493 517 2525 ι
566 2472 884 2544 Scriptura?
912 2473 1090 2545 Prope
1138 2484 1223 2531 est
1249 2475 1474 2531 verbum
1528 2474 1582 2528 in
1632 2490 1727 2530 ore
1778 2483 1876 2530 tuo
1922 2483 1977 2529 et
2024 2475 2081 2530 in

499 2584 518 2617 ι
561 2566 726 2622 corde
783 2575 880 2622 tuo
931 2566 1111 2636 (Deut.
1161 2582 1295 2633 xxx,
1359 2566 1468 2637 l4).
1525 2566 1642 2622 Hoc
1697 2575 1783 2622 est
1848 2567 2079 2622 verbum

497 2675 518 2709 ι
563 2657 687 2713 ﬁdei
746 2658 896 2728 quod
954 2658 1346 2729 praedicamus,
1395 2657 1525 2728 quia
1575 2658 1624 2714 si
1663 2658 1977 2714 conﬁtearis
2023 2659 2080 2713 in

498 2771 519 2804 ι
564 2767 662 2807 ore
687 2759 785 2808 tuo
822 2752 1118 2808 Dominum
1171 2750 1385 2818 Iesum,
1414 2760 1470 2809 et
1520 2752 1575 2807 in
1608 2752 1772 2807 corde
1819 2760 1915 2807 tuo
1960 2768 2080 2807 cre-

495 2862 513 2894 σ
560 2842 766 2903 dideris
807 2843 955 2914 quod
1000 2842 1146 2901 Deus
1214 2843 1370 2899 illum
1423 2843 1684 2898 excitavit
1747 2840 2078 2914 [suscitavit]

494 2954 514 2986 ‹
559 2952 591 2990 a
646 2935 913 3003 mortuis,
969 2937 1157 2992 salvus
1217 2935 1346 2991 eris.
1411 2934 1587 2991 Corde
1644 2934 1791 2989 enim
1844 2932 2081 3007 [autem]

496 3045 514 3077 ι
556 3024 800 3081 creditur
827 3026 894 3080 ad
933 3025 1230 3096 justitiam,
1257 3034 1353 3081 Ore
1395 3032 1575 3089 autem
1624 3024 1900 3081 confessio
1927 3023 1986 3078 ﬁt
2008 3024 2077 3079 ad

2183 1832 2470 1886 secundum
2497 1834 2794 1888 scientiam.
2826 1833 2949 1889 Non
2978 1834 3124 1890 enim
3155 1835 3388 1892 scienter
3416 1837 3499 1892 sic
3537 1837 3770 1908 diligunt

2182 1918 2377 1992 legem,
2405 1922 2488 1977 vel
2509 1922 2591 1978 sic
2623 1921 2979 1995 indignantur
3005 1940 3105 1995 pro
3125 1925 3261 1997 lege.
3287 1924 3416 1982 Inde
3446 1927 3526 1982 ait
3575 1927 3768 1983 beatus

2182 2009 2379 2068 Petrus
2404 2031 2418 2068 :
2473 2033 2492 2066 ‹
2530 2011 2656 2087 Scio
2673 2056 2689 2082 ,
2718 2014 2935 2083 fratres,
2960 2017 3090 2087 quia
3113 2032 3208 2088 per
3230 2018 3606 2089 ignorantiam
3635 2017 3768 2074 feci-

2182 2102 2284 2157 stis
2298 2102 2439 2174 (Act.
2466 2120 2548 2171 ιιι,
2568 2104 2711 2176 17),›
2730 2114 2837 2162 etc.
2863 2105 3120 2164 Verenon
3131 2109 3432 2164 secundum
3458 2108 3766 2176 scientiam,

2182 2209 2307 2247 nam
2358 2194 2462 2263 ipsi
2508 2195 2811 2266 ignorantes
2848 2197 3122 2268 justitiam
3163 2198 3292 2266 Dei,
3338 2200 3394 2255 id
3433 2208 3521 2256 est
3549 2215 3767 2256 omnem

2176 2282 2629 2353 justificationem
2659 2301 2728 2342 ex
2772 2288 2894 2343 solo
2932 2287 3046 2343 Deo
3085 2304 3230 2355 esse,
3253 2297 3304 2343 et
3332 2299 3630 2360 qucerentes
3652 2297 3765 2344 sta-

2184 2380 2357 2442 tuere,
2400 2376 2455 2432 id
2483 2386 2570 2433 est
2617 2378 2947 2435 conﬁrmare
2986 2397 3140 2435 suam
3169 2381 3437 2452 justitiam
3483 2383 3636 2453 quod
3672 2397 3766 2452 per

2181 2467 2423 2521 carnalia
2445 2482 2608 2539 opera
2630 2469 2764 2541 legis
2780 2470 3244 2540 justiticarcntur:
3269 2487 3391 2542 qua:
3402 2473 3598 2543 utique
3606 2472 3765 2542 justi-

2180 2555 2256 2611 tia
2285 2572 2394 2612 non
2430 2556 2548 2625 Dei,
2575 2559 2667 2615 sed
2688 2574 2880 2615 eorum
2908 2570 3072 2617 esset.
3104 2560 3220 2627 Hoc
3241 2563 3430 2632 utique
3456 2570 3765 2633 quzerentes

2181 2666 2285 2704 non
2309 2660 2431 2705 sunt
2456 2651 2679 2721 subjecti
2697 2653 2934 2723 justitia:
2958 2652 3076 2720 Dei,
3089 2654 3143 2709 id
3171 2662 3257 2710 est
3280 2653 3392 2710 Deo
3408 2652 3761 2724 justiﬁcanti:

2181 2743 2274 2799 sed
2322 2743 2506 2812 potius
2549 2743 2865 2814 derogando
2914 2743 3054 2811 Deo,
3081 2745 3355 2814 justitiam
3375 2761 3501 2816 quae
3546 2744 3646 2801 Dei
3683 2752 3765 2800 cst

2178 2835 2528 2890 ascribebant
2548 2836 2674 2891 sibi.
2703 2834 2839 2891 Vere
2854 2835 3089 2905 justitia}
3102 2835 3198 2892 Dei
3226 2853 3335 2893 non
3357 2845 3487 2893 sunt
3507 2836 3759 2907 subjecti.

2177 2922 2314 2979 Nam
2336 2924 2559 2981 Christo
2598 2926 2895 2981 noluerunt
2921 2926 3141 2994 subjici;
3163 2927 3259 2998 qui
3307 2926 3558 2982 Christus
3587 2936 3665 2980 est
3694 2923 3760 2979 ad

2170 3016 2449 3086 justitiam
2484 3018 2628 3071 omni
2650 3018 2905 3083 credenti,
2923 3017 2973 3071 id
2993 3017 3179 3088 estqui
3204 3032 3423 3073 omnem
3451 3017 3759 3073 credentem

494 3136 513 3167 ι
557 3115 810 3172 salutem,
837 3115 981 3173 Dicit
1003 3116 1152 3172 enim
1185 3115 1467 3187 scriptura
1495 3135 1509 3171 ε
1542 3115 1736 3171 omnis
1779 3116 1875 3186 qui
1900 3115 2075 3171 credi;
2099 3122 2145 3186 ο
2170 3105 3755 3178 justiﬁcat.Christusdico,quiestfinislegis,etsecuudum

495 3225 515 3255 ι
559 3207 616 3261 in
639 3206 816 3274 illum,
834 3222 947 3265 non
968 3206 1354 3264 confundetur.
1372 3205 1494 3264 Non
1508 3207 1657 3263 enim
1688 3215 1776 3262 est
1794 3204 2076 3263 distinctio

498 3317 518 3347 ι
557 3297 732 3353 Judaei
772 3307 829 3356 et
867 3298 1062 3354 Graeci.
1101 3297 1239 3354 Nam
1292 3299 1439 3355 idem
1488 3298 1757 3356 Dominus
1804 3299 2072 3367 omnium,

494 3410 513 3443 ε
556 3388 790 3451 diresin
817 3403 1017 3447 omnes
1046 3389 1141 3459 qui
1166 3390 1423 3447 invocant
1468 3391 1643 3445 illum.
1687 3389 1879 3446 Omnis
1927 3391 2074 3445 enim

495 3498 514 3528 ι
556 3480 876 3551 quicunque
900 3481 1238 3539 invocaverit
1264 3496 1462 3536 nomen
1490 3481 1729 3548 Domini,
1763 3484 1948 3539 salvus
1973 3483 2077 3537 erit

495 3587 517 3622 ι
562 3567 723 3637 (Joel.
753 3584 822 3636 ιι,
840 3568 955 3640 52).
979 3567 1266 3643 Quomodo
1286 3584 1419 3641 ergo
1455 3569 1805 3637 invocabant,
1829 3571 1883 3625 in
1911 3587 2074 3641 quem

495 3677 513 3707 s
564 3671 672 3721 non
719 3656 1102 3713 crediderunt?
1130 3659 1239 3718 Aut
1278 3658 1556 3729 quomodo
1576 3659 1798 3714 credent
1818 3660 2075 3729 ei,quem

496 3769 513 3799 ι
557 3764 669 3804 ηοιι
723 3749 1055 3811 audierunt?
1114 3750 1404 3817 Quomodo
1450 3760 1638 3807 autem
1687 3752 1912 3808 audient
1957 3752 2076 3807 sine

491 3860 514 3894 ι,
556 3840 922 3911 praedicante?
969 3840 1262 3908 Quomodo
1324 3857 1455 3898 vero
1514 3842 1916 3912 praedicabunt,
1965 3842 2074 3898 nisi

412 3964 425 3973 ς
490 3952 510 3983 ι
555 3933 885 3990 mittantur?
920 3932 1076 3988 Sicut
1120 3933 1385 4004 scriptum
1431 3942 1547 3990 est:
1602 3932 1777 4000 Quam
1839 3933 2073 4005 speciosi

489 4044 508 4074 ι
554 4024 722 4093 pedes
771 4024 1264 4094 evangelizantium
1318 4040 1531 4094 pacem,
1583 4026 2073 4097 evangelizantium

489 4134 508 4166 ι
555 4115 726 4169 bona!
744 4112 998 4185 (Isa.t.u,
1014 4115 1066 4180 7;
1095 4115 1295 4171 Naum.
1313 4132 1354 4181 ι,
1371 4116 1484 4186 15.)
1503 4114 1731 4171 Sednon
1745 4132 1937 4172 omnes
1951 4118 2074 4174 obe-

495 4224 517 4258 ‹
560 4205 720 4267 diuut
744 4204 1064 4278 Evangelio.
1093 4205 1268 4264 Isaias
1284 4207 1433 4263 enim
1453 4207 1588 4263 dicit
1614 4226 1627 4262 :
1666 4206 1913 4275 Domine,
1947 4209 2073 4278 quis

489 4318 508 4349 ι
554 4296 786 4355 credidit
813 4297 1027 4359 auditui
1066 4298 1296 4354 nostro?
1325 4296 1464 4368 (Isa.
1495 4315 1591 4354 un
1611 4339 1629 4367 ,
1654 4298 1730 4368 1.)
1769 4299 1912 4370 Ergo
1939 4301 2073 4357 ﬁdes

488 4408 508 4443 ι
548 4405 618 4445 ex
668 4389 897 4449 auditu:
945 4389 1167 4446 auditus
1215 4398 1396 4445 autem
1446 4406 1543 4460 per
1588 4390 1815 4445 verbum
1864 4390 2069 4448 Christi

488 4501 507 4534 ι
550 4480 725 4555 {Dei}.
769 4480 876 4539 Sed
932 4480 1104 4537 dico:
1151 4480 1411 4552 Nunquid
1463 4496 1574 4539 non
1623 4482 1953 4545 audierunt?
2002 4482 2070 4543 Et

487 4596 506 4629 ι
552 4575 776 4647 quidem
808 4575 865 4633 in
894 4590 1112 4632 omnem
1140 4584 1341 4635 terram
1370 4576 1541 4633 exivit
1576 4591 1749 4632 sonus
1774 4592 1989 4644 eorum,
2012 4588 2069 4633 et

492 4687 511 4722 ι
555 4669 611 4723 in
648 4669 783 4725 lines
803 4666 955 4724 orbis
985 4675 1144 4724 teme
1168 4667 1335 4723 verba
1361 4680 1553 4723 eorum
1589 4666 1763 4739 (Psal.
1801 4684 1957 4735 xvm,
1985 4668 2062 4740 5).

486 4777 507 4813 ι
555 4759 663 4816 Sed
687 4760 813 4817 dico
837 4778 857 4815 ε-
884 4758 1144 4831 Nunquid
1175 4758 1345 4816 Israel
1384 4773 1494 4815 non
1523 4759 1810 4830 cognovit?
1848 4759 2067 4814 Primus

484 4868 504 4901 ι
548 4848 762 4921 Moyses
807 4851 941 4907 dicit
968 4851 1150 4923 (Deut.
1204 4865 1393 4917 χχιιι,
1431 4850 1484 4921 1)
1514 4869 1527 4905 :
1561 4849 1676 4921 Ego
1726 4851 1794 4907 ad
1841 4850 2066 4907 aemula-

487 4961 506 4994 s
556 4942 758 4997 tionem
786 4959 888 5001 vos
937 4945 1203 5003 adducam
1243 4945 1300 5000 in
1342 4959 1455 5001 non
1480 4954 1718 5017 gentem,
1748 4945 1804 5000 in
1850 4952 2066 5016 gentem

484 5056 503 5087 ι
551 5036 920 5106 insipientem,
948 5038 1005 5093 in
1056 5039 1195 5095 iram
1224 5056 1325 5096 vos
1368 5041 1603 5097 mittam.
1664 5039 1838 5097 Isaias
1884 5049 2085 5096 autem

484 5145 504 5179 σ
555 5126 745 5195 audet,
773 5136 827 5182 et
855 5127 989 5182 dicit
1019 5147 1032 5184 :
1065 5128 1323 5186 Inventus
1346 5148 1468 5187 sum
1492 5148 1524 5188 a
1559 5147 1670 5189 non
1696 5132 2069 5203 quaerentibus

374 5238 379 5242 ν
485 5238 503 5270 ι
552 5233 659 5284 me,
696 5218 878 5288 palam
900 5221 1128 5289 apparui
1178 5221 1263 5276 his
1283 5222 1379 5292 qui
1409 5237 1495 5277 me
1520 5240 1629 5279 non
1653 5223 2066 5295 interrogabant

488 5329 508 5361 ι
557 5308 698 5381 (Isa.
738 5325 873 5376 va,
910 5310 986 5381 I).
1018 5310 1098 5373 Ad
1126 5311 1291 5368 Israel
1322 5322 1507 5368 autem
1547 5313 1719 5368 dicit:
1757 5333 1775 5365 ε
1810 5313 1947 5369 Tota
1975 5314 2064 5370 die

482 5420 500 5452 ι
546 5399 785 5471 expendi
815 5416 1014 5458 manus
1067 5417 1218 5457 meas
1257 5404 1324 5458 ad
1367 5402 1631 5475 populum
1676 5414 1789 5463 non
1834 5406 2064 5470 creden-

482 5510 501 5542 ι
543 5502 674 5559 tem,
697 5492 793 5547 sed
819 5493 1284 5549 contradicentem
1307 5494 1442 5551 mihi
1467 5493 1635 5566 (Ibid.
1661 5510 1723 5562 v,
1746 5493 1826 5565 2).
1873 5515 1892 5548 ι

1121 5598 1422 5640 EXDOBITIO.

544 5669 624 5726 Ne
654 5659 786 5742 quia
830 5674 997 5729 modo
1051 5673 1306 5728 dixerat:
1334 5672 1503 5730 Israel
1552 5690 1675 5733 non.
1700 5676 1946 5745 pervenit
2000 5678 2057 5733 in

473 5760 649 5833 legem
665 5762 912 5836 justitite,
944 5764 1038 5821 sed
1055 5764 1399 5823 oﬁ‘enderunt
1420 5764 1477 5820 in
1498 5762 1800 5833 Christum,
1836 5775 2058 5837 putare-

2098 4455 2148 4516 D

2179 3196 2549 3267 impletionem
2577 3199 2726 3269 ejus,
2762 3208 2816 3254 et
2840 3198 3142 3255 secundum
3186 3198 3297 3269 hoc
3327 3198 3473 3268 quod
3512 3197 3762 3253 veniente

2177 3288 2287 3360 59
2299 3288 2519 3346 Christo
2535 3290 2687 3345 finita
2709 3300 2792 3345 est
2804 3290 2887 3345 lex
2911 3290 3021 3357 illa,
3048 3300 3103 3345 et
3120 3289 3234 3359 jam
3251 3305 3350 3360 per
3371 3287 3657 3345 Christum
3679 3287 3756 3340 lo-

2177 3397 2302 3436 cum
2350 3381 2513 3437 habet
2544 3382 2737 3452 gratia.
2764 3380 2903 3436 Vere
2937 3380 3192 3437 Christus
3234 3388 3320 3435 est
3361 3380 3429 3434 ad
3466 3378 3757 3449 justitiam,

2177 3488 2306 3526 nam
2342 3474 2429 3528 lex
2456 3487 2568 3528 non
2592 3480 2677 3529 est
2698 3473 2766 3528 ad
2783 3473 3076 3543 justitiam.
3106 3471 3314 3542 Moyses
3339 3472 3479 3526 enim
3507 3473 3591 3527 sic
3623 3469 3759 3524 scri-

2175 3564 2307 3632 psit,
2351 3565 2630 3633 quoniam,
2659 3564 2710 3619 id
2739 3573 2824 3619 est
2868 3564 3013 3632 quod
3051 3566 3217 3619 homo
3240 3562 3335 3633 qui
3371 3561 3563 3618 fecerit
3591 3560 3756 3632 justi-

2179 3652 2331 3718 tiam,
2353 3669 2472 3723 (μιαί
2499 3662 2576 3707 est
2621 3669 2686 3707 ea:
2714 3654 2843 3725 lege,
2866 3655 2920 3709 id
2958 3664 3044 3709 est
3084 3654 3333 3709 carnales
3381 3652 3758 3709 observantias

2176 3760 2318 3815 quas
2358 3746 2605 3816 praecipit
2635 3747 2743 3811 lex,
2790 3748 2907 3817 ipse
2940 3748 3075 3814 uiuet
3104 3748 3161 3801 in
3180 3763 3242 3802 ea
3272 3746 3465 3817 (Leuit.
3511 3762 3670 3812 xvln,
3702 3741 3754 3812 5)

2175 3837 2316 3908 lege,
2334 3837 2388 3893 id
2415 3847 2500 3894 est
2523 3838 2629 3895 hoc
2650 3839 2829 3895 solum
2852 3839 3075 3895 habebit
3092 3855 3161 3895 ex
3179 3839 3494 3910 impletione
3520 3834 3758 3895 carnalis

2176 3926 2340 3998 legis,
2377 3928 2524 3999 quod
2573 3943 2682 3984 non
2720 3930 2988 3985 morietur
3031 3929 3242 4000 judicio
3284 3930 3439 4000 legis.
3473 3929 3582 3996 Qui
3615 3927 3755 3984 enim

2175 4021 2348 4092 legem
2380 4021 2532 4090 facit,
2564 4038 2782 4093 pcenam
2812 4024 3158 4080 solummodo
3177 4026 3377 4092 evadit,
3405 4026 3500 4082 sed
3521 4042 3622 4096 per
3636 4036 3752 4079 eam

2175 4133 2285 4172 non
2317 4118 2670 4188 justiﬁcatur.
2728 4119 2805 4175 De
2851 4120 3067 4190 justitia
3117 4121 3253 4192 legis
3294 4122 3374 4177 sic
3409 4123 3503 4176 ait.
3549 4120 3657 4177 Sed
3690 4118 3756 4173 de

2165 4208 2385 4279 justitia
2411 4227 2529 4281 quae
2575 4220 2651 4265 est
2679 4227 2745 4265 ea:
2773 4212 2900 4281 ﬁde,
2929 4212 3009 4268 sic
3039 4211 3172 4268 dicit
3199 4213 3341 4268 idem
3377 4211 3593 4284 Moyses
3620 4230 3633 4266 :
3676 4208 3757 4264 Ne

2174 4302 2374 4357 dixeris
2404 4304 2458 4356 in
2481 4304 2637 4358 corde
2658 4313 2770 4370 tuo,
2797 4304 2851 4359 id
2877 4313 2979 4370 est,
3008 4319 3108 4359 nec
3135 4305 3298 4360 corde
3324 4305 3516 4362 credas
3539 4319 3644 4359 nec
3664 4314 3756 4357 ore

2174 4394 2560 4465 quuarishoc:
2580 4395 2712 4460 Quis
2723 4398 2957 4451 ascendit
2984 4399 3039 4454 in
3063 4398 3282 4452 malum?
3309 4398 3490 4470 (Deut.
3514 4413 3649 4463 xxx,
3669 4393 3755 4463 I2)

2172 4485 2227 4540 id
2260 4494 2346 4543 est
2376 4502 2444 4540 ne
2469 4486 2686 4542 dubites
2712 4488 2876 4542 etiam
2907 4490 3177 4559 quosdam
3206 4490 3521 4545 ascendisse
3550 4490 3608 4545 in
3645 4502 3753 4543 ca:-

2169 4575 2306 4643 lum,
2336 4585 2389 4631 et
2418 4577 2597 4633 adhuc
2642 4593 3003 4650 quoscunque
3029 4581 3212 4651 justos
3241 4594 3570 4638 ascensuras
3610 4592 3747 4636 esse.

2168 4666 2226 4721 Id
2252 4669 2399 4727 enim
2420 4670 2621 4738 dicere,
2647 4670 2778 4737 Quis
2808 4674 3046 4727 ascendit
3072 4675 3128 4726 in
3158 4672 3367 4740 calum,
3393 4683 3470 4729 est
3502 4672 3752 4728 deducere

2170 4758 2443 4814 Christum
2472 4761 2539 4816 de
2588 4764 2750 4829 coelo,
2780 4762 2831 4819 id
2865 4773 2949 4820 est
2990 4780 3189 4836 negare
3215 4765 3363 4834 quod
3404 4765 3663 4822 Christus
3694 4763 3748 4818 in

2170 4851 2368 4906 ctelum
2417 4853 2743 4908 ascenderit.
2777 4853 2969 4909 Autne
2991 4855 3193 4909 dixeris
3219 4856 3275 4909 in
3319 4856 3477 4911 corde
3517 4865 3609 4910 tuo
3635 4853 3748 4926 quis

2171 4942 2437 5003 descendit
2464 4945 2519 5000 in
2552 4945 2818 5014 abyssum,
2849 4945 2902 5001 id
2950 4955 3035 5002 est
3064 4948 3118 5003 in
3135 4947 3416 5004 ﬁtfernum
3437 4950 3460 5004 ?
3485 4950 3615 5021 quia
3655 4948 3748 5001 hoc

2170 5032 2352 5089 dicere
2393 5043 2471 5088 est
2510 5050 2749 5089 revocare
2780 5034 3052 5092 Christum
3090 5055 3154 5094 ea:
3184 5041 3429 5106 mortuis,
3462 5042 3611 5111 quod
3650 5050 3746 5095 nec

2168 5122 2422 5181 Christus
2441 5135 2692 5181 mortuus
2714 5128 2781 5182 ad
2810 5126 3085 5184 infernum
3111 5131 3473 5200 descenderit,
3495 5147 3598 5188 nec
3624 5129 3747 5187 inde

2166 5217 2441 5275 Abraham
2468 5228 2796 5290 sanctosque
2825 5237 2956 5276 suos
2985 5223 3333 5290 abstraxerit,
3365 5226 3511 5295 quod
3534 5234 3741 5280 utrum-2

2165 5327 2272 5381 que
2321 5320 2514 5369 contra
2562 5312 2721 5367 ﬁdem
2750 5322 2851 5368 est.
2901 5312 3016 5372 Hoc
3056 5330 3125 5373 ne
3161 5316 3480 5383 credideris,
3515 5317 3609 5372 sed
3640 5317 3743 5370 hoc

2164 5403 2311 5473 quod
2337 5403 2586 5475 sequitur
2611 5404 2791 5459 crede.
2824 5403 2966 5470 Quid
2995 5406 3140 5463 enim
3181 5407 3313 5462 dicit
3336 5406 3614 5479 Scriptura
3646 5420 3738 5479 per

2162 5495 2413 5551 eumdem
2450 5494 2706 5565 Moysen?
2748 5495 2925 5567 Prope
2976 5507 3054 5551 est
3093 5501 3305 5554 uerbum
3332 5500 3390 5554 in
3415 5487 3504 5555 ore
3525 5512 3649 5566 tuo,
3685 5495 3735 5551 id

2160 5594 2267 5653 est,
2297 5595 2546 5656 paratum
2571 5595 2657 5643 est
2682 5584 2909 5644 verbum
2940 5572 3221 5649 doctrinas.
3267 5590 3364 5647 Vel
3395 5593 3618 5648 verbum
3644 5586 3735 5643 Dei

2160 5678 2417 5736 Christus
2452 5679 2508 5731 in
2546 5695 2636 5734 ore
2674 5690 2783 5746 tuo,
2812 5688 2873 5735 nt
2896 5681 3229 5749 conﬁtearis,
3268 5692 3323 5738 et
3346 5683 3734 5741 rationabiliter

2164 5767 2367 5826 tuearis
2409 5767 2561 5825 illud.
2598 5768 2668 5824 Et
2702 5770 2974 5866 hoeidem
3008 5771 3240 5839 verbum,
3268 5790 3438 5852 prope
3469 5785 3555 5837 est
3576 5774 3731 5831 etiam
