3978 6388
186 316 276 415 εεῖ
807 347 1175 408 εχροειτιο
1210 349 1280 407 tu
1314 349 1734 413 EPISTOLASJ

1832 350 1957 408 ULl.
1995 381 2065 394 —-
2101 351 2179 410 ΙΝ
2206 354 2427 414 EPIST.
2467 358 2565 414 AD
2597 357 2763 417 8031.

185 475 238 525 in
256 465 406 522 corde
435 474 524 519 tuo
548 463 733 533 (Deut.
765 479 896 533 xxx,
926 464 1039 536 14),
1069 473 1132 520 ιιι
1164 465 1355 521 credas
1378 464 1531 521 illud.
1559 462 1628 520 Et
1655 466 1751 534 hoc
1781 466 1829 524 Α
1860 485 1880 519 t
1917 468 2091 535 Quam
2121 470 2354 540 speciosi
2395 482 2524 529 sunt
2545 475 2729 544 pedes,
2760 474 2815 529 id
2851 485 2939 532 est
2965 472 3231 537 adventus
3257 498 3410 542 etan-

184 562 381 618 oerbam
414 558 561 629 quod
606 572 774 628 prope
811 572 934 613 esse
965 558 1111 625 dico,
1140 568 1218 615 est
1263 560 1474 614 verbum
1513 559 1661 630 ﬁdei,
1694 558 1759 615 id

182 663 277 719 est,
298 651 543 707 doctrina
573 650 775 705 habilis
800 650 870 706 ad
889 651 1240 706 credendum.
1277 649 1370 708 Vel
1401 650 1655 709 Christus
1690 653 1759 711 in.

183 757 330 817 quem
370 740 753 796 convenienter
784 739 933 794 credi
968 751 1201 810 Oportet,
1227 741 1377 813 quod-
1395 741 1620 806 verbum
1644 757 1759 799 nos.

178 833 538 905 prcdicamus.
573 830 709 899 Hoc,
761 832 989 899 scilicet,
1021 833 1148 891 inde
1180 834 1562 904 praedicamus,
1598 838 1744 907 quia,

178 926 227 984 id
251 935 351 992 est,
372 926 515 997 quod
536 927 584 979 si
604 926 908 994 conﬁtearis
935 924 1217 981 Dominum
1237 925 1422 982 Iesum
1446 929 1505 982 in
1520 945 1611 987 ore
1633 938 1757 995 tuo,

176 1032 222 1075 et
241 1020 525 1076 credideris
566 1021 620 1074 in
650 1022 809 1076 corde
835 1031 947 1088 tuo,
980 1021 1119 1092 quod
1150 1022 1291 1076 Dens
1313 1024 1564 1077 excitavit
1587 1022 1757 1077 illum

176 1132 207 1166 a
232 1113 469 1177 mortuis,
501 1122 556 1167 et
592 1127 934 1182 quaecunque
964 1112 1323 1181 impossibilia
1346 1113 1415 1167 de
1435 1128 1502 1180 eo
1529 1113 1739 1179 credas,

173 1220 265 1259 nec
305 1204 477 1274 legero
523 1210 736 1258 naturae
760 1204 1008 1273 potuisse
1039 1203 1143 1273 ipsi
1185 1203 1454 1259 obsistere
1484 1222 1498 1259 :
1535 1203 1583 1259 si
1613 1204 1757 1272 hoc,

173 1297 356 1367 inquit,
390 1296 729 1363 conﬁtearis,
762 1306 819 1352 et
851 1298 1066 1364 credas,
1106 1313 1217 1352 non
1242 1299 1422 1354 solum
1455 1299 1607 1355 vives
1627 1300 1755 1355 vita.

171 1389 431 1460 praesenti,
466 1398 527 1444 ut
564 1404 662 1459 per
694 1390 891 1460 legem,
919 1389 1015 1445 sed
1041 1391 1206 1446 etiam
1235 1390 1414 1446 salvus
1440 1392 1546 1447 eris
1582 1402 1740 1448 teter-

171 1482 368 1537 naliter.
403 1479 545 1538 Vere
583 1482 649 1537 εἰ·
677 1482 844 1538 corde
867 1482 1193 1548 credideris,
1228 1484 1547 1542 salvabcris.
1594 1483 1738 1539 Nam

168 1576 309 1630 corde
326 1576 566 1631 creditur
591 1577 663 1630 ad
694 1576 996 1632 habendam
1018 1578 1311 1647 justitiam,
1347 1579 1400 1634 id
1433 1588 1516 1635 εει
1535 1579 1738 1649 justiti-

167 1666 419 1721 cationem
466 1667 784 1737 apcccaiis.
830 1667 933 1734 Qui
963 1678 1144 1723 autem
1170 1669 1504 1738 justiﬁeatus
1527 1679 1629 1737 εει,
1667 1671 1736 1726 de

167 1756 452 1813 salvatione
504 1773 634 1813 srcu
668 1775 735 1814 us
763 1767 867 1814 est.
913 1757 978 1813 Et
1010 1767 1139 1814 vere
1186 1760 1231 1815 si
1269 1760 1583 1816 confitearis
1615 1778 1730 1828 ore,

166 1850 467 1906 salvaberis.
499 1849 637 1906 Nam
667 1851 946 1907 confessio
971 1852 1033 1922 ﬁt
1072 1869 1161 1906 ore
1189 1853 1729 1924 ad‘consequendam

162 1947 401 1994 reternam
428 1940 678 1995 salutem.
714 1941 839 1995 Ideo
865 1942 1093 1997 salutem
1123 1942 1273 2012 (quia
1297 1944 1475 2012 majus
1494 1945 1730 2013 videtur)

163 2031 327 2100 posuit
358 2031 429 2086 ad
483 2030 906 2089 confessionem
941 2032 1074 2089 oris.
1118 2029 1238 2089 Hoc
1283 2035 1430 2090 enim
1459 2036 1757 2102 conﬁteri,-

163 2121 351 2179 scilicet
376 2122 579 2190 Deum,
610 2133 880 2195 magnum‘
911 2133 967 2179 et
989 2126 1324 2195 pramipnum
1347 2136 1467 2181 erat
1510 2127 1564 2181 in
1590 2136 1757 2182 tem»

165 2227 282 2281 pore
329 2212 581 2283 Apostoli
608 2213 866 2269 saeviente
891 2215 1275 2284 persecutione
1308 2233 1321 2270 :
1355 2232 1466 2286 quo
1487 2226 1732 2287 tempore

161 2301 297 2356 multi
324 2318 461 2358 sane
485 2303 772 2360 credentes
796 2319 905 2359 non
929 2305 1205 2361 audebant
1234 2290 1413 2376 palam
1439 2307 1610 2377 loqui)
1631 2323 1758 2363 nec

161 2393 411 2449 confiteri.
464 2392 670 2451 Pcobat
705 2396 854 2466 quod
905 2396 1202 2452 credulitas
1237 2399 1421 2453 cordis
1445 2399 1728 2467 jnstiticet,
1756 2432 1761 2437 -

1042 2503 1143 2543 nec
1177 2496 1360 2542 tamen
1405 2489 1732 2549 determinat
1753 2516 1764 2533 ρ

160 2483 219 2538 ab
254 2486 581 2541 auctoritate
631 2484 931 2556 Scriptum
974 2506 987 2541 :

159 2576 298 2646 cujus
314 2579 397 2637 sit
426 2579 865 2649 haeescriptura
894 2597 907 2633 :
942 2580 1038 2637 sed
1076 2580 1131 2634 in
1184 2580 1410 2650 psalmis
1451 2581 1730 2636 multoties

158 2683 292 2739 eque
315 2670 509 2727 valens
535 2671 832 2726 invenitur.

1851 560 2221 630 gelizantium,
2245 563 2301 619 id
2326 573 2412 619 est
2438 564 2578 621 bene
2604 566 3042 624 annnntiantium
3073 586 3259 639 pacem
3281 574 3417 634 inter

1849 649 2087 708 Deumet
2109 653 2417 722 hominem,
2444 664 2497 712 et
2518 657 3006 727 evangelizantium
3028 661 3168 717 bona
3188 661 3324 733 (Ira.
3340 665 3439 737 v),_

1849 744 2020 800 idest
2047 746 2429 813 humilitatem,
2470 749 2806 816 castitatem,
2832 760 2888 806 et
2920 751 3008 808 his
3021 753 3246 810 similia.
3280 755 3421 823 Quia

1848 852 2013 906 supra
2047 838 2260 893 dixerat
2307 853 2374 897 eo
2408 841 2553 910 quod
2594 842 2884 901 audierunt
2925 844 3307 903 crediderunt:
3351 852 3431 906 ne

1845 937 2165 999 putaremus
2181 931 2325 1000 quod
2338 932 2515 988 solum
2526 933 2715 988 audire
2735 934 3006 991 suﬂiceret
3024 937 3092 992 ad
3114 937 3420 995 habendam

1844 1020 2004 1076 fidem
2051 1034 2159 1076 non
2204 1032 2461 1091 operante
2515 1022 2721 1094 Spiritu
2767 1035 2960 1083 sancto
3008 1028 3268 1097 interius,
3298 1033 3415 1087 ait:

1844 1112 1995 1168 Licet
2049 1114 2279 1169 dixerim
2328 1115 2456 1184 quia
2500 1116 2970 1173 audient'credent
3010 1136 3029 1173 :
3068 1129 3249 1176 tamen
3307 1138 3417 1178 non

1843 1223 2019 1261 omnes
2058 1208 2149 1277 qui
2185 1207 2410 1261 audiunt
2457 1208 2705 1262 obediunt
2739 1208 3045 1281 Evangelia.
3102 1211 3215 1268 Nec
3263 1214 3415 1270 solus

1840 1298 1946 1353 hoc
1989 1297 2156 1353 dico:
2204 1299 2299 1353 sed
2346 1296 2523 1353 Isaias
2571 1314 2789 1353 mecum
2818 1301 3058 1356 sentiens
3084 1302 3215 1355 dicit
3264 1304 3411 1359 hoc:

1837 1392 2082 1455 Domine,
2114 1393 2232 1461 quis
2273 1390 2499 1444 credidit
2517 1390 2728 1444 auditui
2761 1401 2938 1445 nostro
2965 1393 2989 1445 ?
3018 1391 3070 1446 id
3099 1401 3185 1448 est
3216 1396 3296 1449 vel
3326 1396 3419 1451 his

1837 1500 1962 1555 quae
1989 1483 2280 1549 audierunt
2308 1499 2343 1536 a
2376 1482 2559 1547 nobis,
2589 1483 2673 1537 vel
2703 1483 2790 1537 his
2817 1498 2940 1552 qua:
2961 1499 3065 1539 nos
3104 1485 3414 1541 audivimus

1837 1593 1868 1632 a
1898 1585 1951 1631 te
1970 1584 2025 1631 ει
2044 1575 2421 1630 nuntiavimus
2442 1574 2581 1630 illis?
2608 1573 2711 1628 Per
2740 1574 2847 1629 hoc
2868 1575 3013 1645 quod
3029 1576 3118 1635 ,ait
3142 1575 3272 1640 Quis
3294 1593 3410 1629 cre-

1835 1670 2011 1735 didit,
2043 1667 2224 1722 innuit
2247 1668 2450 1722 multos
2480 1667 2700 1722 audisse
2730 1708 2742 1721 .
2780 1676 2835 1720 et
2860 1666 2906 1721 si
2945 1682 3051 1720 non
3070 1672 3283 1732 omnes,
3319 1667 3415 1721 ali-

1835 1775 1977 1831 quos
1993 1760 2173 1815 tamen
2200 1758 2518 1814 credidisse.
2542 1756 2610 1812 Et
2630 1757 3071 1827 quandoquidem
3098 1757 3266 1827 aliqui
3294 1773 3415 1811 cre-

1835 1853 2090 1908 diderunt
2138 1871 2151 1906 :
2201 1865 2332 1921 ergo
2383 1850 2514 1919 ﬁdes
2538 1848 2801 1905 ‘hahctur
2848 1865 2914 1904 es;
2969 1850 3188 1916 auditu,
3244 1848 3297 1903 id
3329 1857 3416 1903 est

1832 1943 2064 1999 credunt
2097 1943 2286 2012 aliqui,
2333 1943 2463 2011 quia
2509 1942 2756 1996 audiunt.
2794 1940 2910 1996 Non
2944 1949 3127 1995 tamen
3170 1956 3236 1994 ex
3264 1940 3413 1994 omni

1832 2032 2022 2088 auditu
2056 2031 2286 2085 habetur
2318 2045 2452 2085 sana
2474 2029 2609 2083 ﬁdes
2640 2047 2655 2087 :
2693 2030 2787 2084 sed
2813 2045 2878 2082 ea:
2908 2031 3095 2082 auditu
3125 2031 3217 2097 qui
3247 2029 3306 2082 tit
3323 2045 3416 2098 per

1832 2124 2067 2188 verbum,
2114 2123 2167 2177 id
2203 2130 2289 2176 est
2315 2121 2616 2177 secundum
2662 2120 2969 2174 doctrinam
3012 2119 3234 2183 Clu-isti,
3277 2119 3413 2173 ﬁdes

1829 2223 1916 2269 est
1944 2212 2202 2270 salubris.
2243 2211 2394 2267 Licet
2427 2211 2587 2281 pauci
2629 2211 2912 2265 crederent
2943 2208 3150 2263 auditui
3186 2215 3412 2263 nostro:

1831 2311 2014 2357 tamen
2044 2303 2185 2365 dico,
2221 2300 2476 2371 Nunquid
2504 2316 2609 2353 non
2637 2300 2920 2353 audierunt
2940 2300 2965 2353 ?
2987 2298 3147 2368 quasi
3169 2298 3412 2353 diceret:

1833 2396 1910 2450 De
1938 2396 2045 2450 hoc
2073 2394 2221 2464 quod
2267 2409 2374 2447 non
2417 2392 2767 2447 crediderunt
2802 2388 3201 2444 inexcusabiles
3243 2395 3413 2443 sunt:

1831 2488 1960 2558 quia
2003 2487 2229 2542 verbum
2284 2485 2408 2540 ﬁdei
2463 2483 2774 2541 audierunt.
2822 2480 3080 2551 Equidem
3116 2479 3173 2532 in
3210 2491 3417 2532 omnem

1831 2592 2028 2637 terram
2054 2581 2217 2634 exivit
2254 2594 2438 2642 sonus,
2473 2577 2526 2631 id
2567 2584 2653 2631 est
2682 2574 2848 2639 fama,
2872 2588 3052 2627 eorum
3093 2570 3419 2641 praedicata.

1832 2687 1976 2726 rum.
2010 2669 2118 2724 Nec
2144 2671 2322 2725 solum
2374 2666 2558 2722 fama:
2607 2665 2701 2721 sed
2747 2666 2910 2717 et'am
2944 2661 3330 2726 verba-eorum,
3360 2658 3415 2715 id

217 2760 545 2818 Vcreeorde
573 2762 813 2816 creditur
832 2762 903 2816 ad
940 2763 1234 2832 justitiam.
1265 2761 1402 2818 Nam
1445 2762 1726 2834 Scriptura
1830 2771 1917 2817 est
1954 2760 2145 2815 eadem
2195 2774 2320 2829 quae
2370 2757 2471 2827 ipsi
2514 2755 2916 2825 praedicabant,
2972 2752 3155 2807 audita
3187 2758 3316 2807 sunt
3357 2750 3418 2804 in

156 2851 307 2909 dicit:
344 2854 563 2922 Omnis,
594 2855 712 2910 sive
758 2853 1001 2921 Judaaus,
1039 2855 1154 2910 sive
1183 2855 1421 2925 gentilis,
1444 2857 1534 2925 qni
1558 2856 1729 2910 credit
1830 2855 1959 2924 ﬁnes
2010 2861 2206 2907 terrm:
2236 2859 2292 2905 et
2338 2850 2412 2904 ita
2464 2847 2588 2903 dico
2643 2856 2801 2902 terra:
2835 2844 2982 2915 quod
3029 2843 3192 2909 orbis,
3243 2842 3297 2897 id
3330 2849 3418 2897 est

156 2946 203 2999 in
220 2946 367 3001 illum
389 2961 562 3017 quem
586 2946 733 3003 Deus
760 2946 1022 3003 excitavit
1045 2964 1075 3002 a
1108 2948 1359 3013 mortuis,
1386 2965 1488 3002 non
1511 2949 1730 3018 confun—
1830 2943 2348 3000 orbiculataaterrai.
2390 2939 2451 2993 lu
2480 2938 2631 2993 omni
2659 2937 2805 2991 enim
2836 2945 2991 3006 parte
3032 2943 3193 2989 terra
3228 2934 3414 2989 audita

156 3039 307 3105 detur,
334 3040 391 3095 id
415 3048 506 3097 cst
552 3055 663 3095 non
703 3039 994 3096 erubescet
1035 3040 1196 3109 quasi
1240 3040 1383 3094 male
1412 3040 1722 3097 crediderit.
1758 3065 1763 3075 ι
1827 3043 1958 3091 sunt
1977 3034 2142 3089 verba
2165 3030 2554 3102 apostolorum.
2580 3029 2879 3084 Audierant
2900 3028 3107 3096 utique,
3128 3025 3271 3081 sicut
3286 3039 3418 3095 pro-

154 3128 282 3187 Bene
300 3132 425 3187 dico
444 3132 640 3185 omnis.
665 3129 805 3186 Nam
819 3147 927 3186 non
952 3139 1037 3186 est
1055 3132 1337 3187 distinctio
1356 3133 1499 3202 apud
1523 3132 1723 3187 Deum:
1755 3165 1796 3220 ε
1828 3125 2017 3180 batum
2068 3131 2172 3177 est.
2229 3119 2343 3175 Nec
2372 3120 2548 3175 solum
2577 3134 2673 3173 eos
2703 3118 2925 3172 audisse
2963 3116 3129 3171 dico:
3172 3114 3263 3169 sed
3294 3115 3416 3169 dico

154 3219 305 3279 Judaei
332 3233 386 3280 et
409 3223 613 3287 Graeci,
647 3224 701 3277 id
733 3232 819 3279 est
842 3222 988 3278 Deus
1012 3222 1067 3277 in
1094 3224 1398 3278 salvatione
1434 3238 1534 3278 sua
1566 3222 1729 3278 indif—
1758 3206 1796 3220 ν
1830 3217 1975 3288 quod
2025 3216 2188 3271 etiam
2228 3212 2630 3283 cognoverunt,
2651 3210 2797 3281 quod
2843 3207 3228 3278 interrogative
3261 3206 3418 3277 ponit

154 3313 366 3370 ferentur
401 3316 608 3385 accipit
627 3314 874 3372 Iudicum
914 3323 975 3369 ut
998 3316 1275 3385 gentilem,
1311 3316 1642 3386 etgcntilem
1667 3324 1731 3370 ut
1762 3354 1763 3357 η
1831 3307 2081 3378 utmagis
2105 3321 2200 3362 eos
2220 3305 2440 3371 excitet,
2468 3304 2657 3359 dicens
2683 3321 2696 3356 :
2738 3300 2998 3372 Nunquid
3021 3298 3217 3365 Israel,
3248 3299 3302 3354 id
3326 3309 3416 3353 est

152 3402 396 3462 intimum.
415 3405 563 3463 Vere
588 3406 734 3477 apud
769 3406 940 3463 Deum
963 3408 1112 3463 nulla
1138 3408 1534 3463 est-distinctio
1554 3407 1727 3464 Judaei
1828 3398 2090 3455 Judaicus
2122 3398 2381 3468 populus,
2427 3411 2532 3450 non
2575 3395 2855 3465 cognovit?
2900 3392 3183 3448 Duo'sunt
3214 3406 3415 3464 genera

154 3506 213 3551 et.
231 3499 451 3569 gentilis
492 3518 505 3553 :
546 3514 673 3553 nam
725 3499 868 3553 idem
902 3508 989 3554 est
1037 3498 1297 3553 Dominus
1338 3501 1592 3555 omnium.
1621 3501 1727 3568 Qui

153 3590 279 3645 enim
310 3591 522 3647 creavit
568 3606 741 3646 unum
770 3632 784 3655 ,
825 3591 1032 3646 creavit
1054 3600 1109 3645 et
1155 3590 1410 3646 alterum.
1444 3589 1600 3647 Unde
1627 3609 1727 3663 ap-

152 3692 284 3749 paret
305 3683 459 3754 quod
478 3699 692 3754 aequam
718 3683 1055 3739 voluntatem
1086 3683 1286 3738 habeat
1312 3684 1379 3738 ad
1407 3693 1724 3754 utrumque,

142 3781 198 3845 ‘et
216 3773 353 3831 sicut
374 3778 738 3841 voluntatem,
768 3775 850 3833 sic
876 3774 1039 3829 etiam
1064 3774 1227 3830 habet
1242 3775 1562 3845 potentiam.
1589 3775 1724 3831 Nam

154 3864 252 3934 ipse
273 3876 360 3925 est
402 3868 603 3923 dives:
632 3875 687 3922 et
723 3867 1064 3922 abundanter
1094 3867 1406 3923 retribuens
1445 3869 1502 3922 in
1550 3885 1726 3923 omnes

154 3960 228 4026 qui
261 3961 511 4016 invocant
576 3958 753 4014 illum.
801 3958 1006 4014 Probat
1050 3960 1196 4029 quod
1255 3962 1516 4031 confessio
1558 3962 1620 4031 ﬁt
1656 3961 1725 4016 ad

153 4047 378 4105 salutem.
449 4046 766 4119 Respondet
818 4057 1015 4105 tamen
1051 4049 1234 4104 littera
1263 4049 1331 4104 ad
1388 4049 1721 4119 proximum.

153 4136 275 4197 Vere
318 4140 472 4198 Deus
524 4151 609 4196 cst
641 4140 794 4195 dives
821 4142 878 4195 in
927 4157 1105 4195 omnes
1136 4142 1229 4213 qui
1257 4142 1501 4195 invocant
1548 4141 1721 4195 illum.
1766 4164 1771 4170 ι

152 4225 270 4285 Nam
317 4230 497 4285 omnis
546 4229 842 4301 quicunque
888 4229 962 4285 sit
995 4229 1107 4296 ille,
1166 4229 1281 4285 sive
1333 4228 1577 4295 Iudaeus,
1611 4229 1726 4284 sive

155 4323 365 4392 gentilis,
393 4324 489 4394 qui
522 4324 843 4377 invocaverit
881 4338 1071 4376 nomen
1116 4321 1358 4389 Domini,
1389 4320 1567 4375 salvus
1600 4321 1721 4374 erit.
1766 4342 1771 4345 ·

154 4411 591 4486 Quandoquidem
627 4422 843 4483 oportet
874 4428 970 4469 eos
998 4413 1256 4468 invocare
1295 4422 1356 4468 ut
1404 4413 1683 4468 solventur
1707 4454 1720 4467 .

1829 3490 2180 3564 cognitionis.
2222 3488 2404 3544 Unum
2446 3502 2557 3558 quo
2589 3486 2753 3542 sicuti
2787 3499 2915 3540 rem
2934 3485 3136 3539 bonum
3163 3498 3286 3540 esse
3317 3499 3415 3538 co-

1829 3584 2164 3656 gnoscimus,
2190 3583 2397 3638 bonum
2440 3580 2608 3650 huius
2630 3578 2711 3634 rei
2741 3577 3021 3648 diligimus
3054 3586 3109 3631 et
3143 3575 3416 3653 approba:-

1828 3694 1955 3733 mus
1980 3696 1992 3732 :
2023 3686 2077 3732 et
2104 3678 2222 3731 haec
2264 3683 2351 3731 est
2377 3674 2521 3729 bona
2552 3671 2813 3743 cognitio.
2846 3669 3090 3724 Alterum
3127 3683 3239 3738 quo
3269 3682 3413 3728 rem,

1829 3770 1990 3826 sicuti
2042 3768 2265 3834 dicitur,
2312 3767 2389 3821 ita
2421 3780 2544 3820 esse
2582 3764 2865 3828 videmus,
2897 3776 2999 3817 nec
3042 3759 3416 3816 contradicere

1827 3876 2124 3933 possumus
2154 3879 2167 3914 :
2193 3868 2249 3914 et
2283 3867 2464 3913 tamen
2499 3871 2613 3910 rem
2642 3845 2793 3909 illam
2831 3867 2941 3908 non
2976 3851 3275 3923 diligimus,
3316 3848 3414 3906 sed

1830 3954 1998 4029 (quod
2029 3954 2207 4009 solum
2245 3946 2571 4020 possumus)
2601 3946 2849 4016 iniquum
2872 3944 3011 3998 velle
3035 3941 3103 3996 ad
3135 3941 3282 3995 illam
3321 3940 3418 3994 ha-

1826 4049 2039 4103 bemus.
2070 4044 2198 4099 Harc
2236 4050 2323 4097 est
2342 4039 2486 4096 mala
2513 4037 2757 4109 cognitio
2779 4050 2945 4106 quam
2969 4033 3141 4090 διιόωί
3163 4032 3217 4088 in
3252 4031 3416 4087 Chri-

1827 4149 1971 4195 stum
2023 4138 2351 4191 habuerunt.
2391 4132 2595 4187 Probat
2632 4129 2956 4185 auctoritate
2990 4126 3161 4197 Moysi
3196 4123 3414 4184 Judmos

1826 4230 2147 4301 cognovisse
2180 4217 2484 4291 Christum,
2515 4223 2749 4279 dicens:
2781 4219 2918 4275 Vere
2949 4219 3113 4273 lsrael
3139 4216 3411 4288 cognovit.

1824 4321 1960 4377 Nam
2008 4321 2215 4391 Moyses
2259 4319 2462 4390 primus
2508 4325 2754 4385 tempore
2818 4312 3119 4367 secundum
3171 4308 3410 4378 scripta:
3452 4354 3475 4373 ,

1826 4429 1987 4469 nemo
2008 4412 2156 4468 enim
2202 4420 2331 4465 ante
2367 4424 2496 4464 eum
2531 4405 2751 4476 scripsit
2777 4402 3140 4474 prophetiam.
3174 4399 3279 4454 Per
3307 4399 3412 4453 hoc

154 4521 266 4574 ergo
306 4516 529 4580 oportet
559 4523 658 4564 eos
689 4507 932 4578 primum
976 4507 1228 4571 credere,
1258 4515 1321 4562 ut
1344 4514 1533 4577 postea
1565 4505 1725 4560 invo-
1757 4509 1802 4563 ι)
1827 4514 2009 4561 autem
2039 4503 2186 4575 quod
2234 4503 2309 4557 ait
2340 4503 2565 4572 primus,
2600 4495 3057 4564 innuiticjusdem
3096 4492 3173 4547 rei
3206 4490 3413 4546 multos

156 4611 278 4657 (ent.
318 4603 773 4670 Quantudocnim
824 4601 1141 4655 invocabant
1168 4601 1322 4656 illum
1353 4601 1410 4654 in
1443 4616 1595 4671 quem
1618 4615 1722 4653 non

156 4695 471 4750 crediderunt
486 4696 512 4749 7
530 4694 689 4766 quasi
710 4694 915 4748 d'ceret
931 4712 944 4747 :
962 4692 1102 4760 Quia
1121 4692 1346 4748 credent
1366 4692 1718 4747 invocabunt.

155 4784 245 4840 Aut
266 4790 527 4858 quomodo
555 4786 769 4840 credent
797 4786 846 4841 ei
867 4801 1021 4856 quem
1052 4801 1158 4838 non
1181 4784 1511 4838 audierunt?
1533 4783 1587 4838 id
1613 4790 1717 4849 est,

155 4879 264 4945 quia
291 4879 518 4935 audient
557 4878 799 4934 credent.
838 4876 1113 4943 Quomodo
1142 4864 1320 4929 autem
1360 4875 1576 4929 audient
1607 4876 1720 4929 sine

156 4970 497 5035 medicante?
545 4969 601 5025 id
628 4977 714 5025 est
759 4969 889 5039 quia
923 4967 1310 5039 praedicabitur
1334 4966 1443 5022 illis
1475 4967 1713 5021 audient.

159 5058 412 5124 Quomodo
440 5078 561 5118 vero
611 5062 978 5133 praedicabunt
1013 5060 1117 5114 nisi
1170 5060 1497 5113 mittantur?
1532 5057 1584 5112 id
1634 5065 1721 5113 est

158 5151 269 5220 quia
288 5151 433 5209 Deus
453 5153 637 5208 mittet
655 5152 802 5219 illos,
819 5151 1339 5223 “praedicabunt.
1359 5149 1437 5204 Ex
1461 5150 1720 5205 omnibus

158 5238 235 5295 his
259 5241 777 5314 interrogationibus
807 5243 1039 5298 intendit
1085 5250 1260 5297 totum
1283 5240 1470 5296 venire
1495 5256 1561 5294 ex
1592 5255 1720 5312 gra-

158 5329 220 5387 tia
242 5331 355 5400 Dei,
385 5350 416 5389 a
445 5334 717 5405 principio
733 5335 1037 5391 vocationis
1062 5350 1235 5405 usque
1267 5334 1335 5389 ad
1362 5332 1719 5389 salvationem

157 5436 353 5481 eorum.
383 5425 521 5482 Cum
559 5427 704 5482 enim
731 5425 864 5483 dicit
895 5428 1278 5497 praedicatores
1311 5443 1342 5482 a
1371 5426 1485 5481 Deo
1519 5425 1721 5481 missos

160 5526 284 5582 quos
303 5517 595 5574 audiemnt
620 5537 634 5573 :
661 5527 717 5575 et
737 5528 865 5590 post
876 5520 1124 5575 auditum
1151 5520 1383 5576 credunt
1408 5538 1420 5574 :
1447 5528 1502 5575 et
1522 5518 1720 5575 deinde

159 5602 416 5677 invocant,
444 5620 498 5667 et
534 5611 618 5667 sic
658 5611 727 5666 ad
771 5612 1025 5685 ultimum
1044 5612 1374 5668 salvantur:
1410 5612 1582 5667 totum
1628 5610 1718 5665 in-

161 5698 267 5753 nuit
284 5700 624 5760 rctcrendum
655 5719 783 5760 esse
805 5704 992 5775 gratia:
1022 5703 1138 5759 Dei.
1177 5704 1312 5760 Vere
1331 5704 1716 5775 praedicatores

162 5788 431 5855 mittuntur
497 5813 526 5851 a
563 5794 695 5862 Deo,
747 5797 892 5851 sicut
949 5797 1212 5866 scriptum
1266 5804 1350 5852 est
1415 5796 1472 5853 in
1527 5796 1712 5852 Isaia:

1830 4607 1997 4655 testes
2026 4612 2178 4662 esse,
2210 4596 2337 4650 licet
2362 4608 2475 4648 non
2517 4595 2745 4662 reponat
2777 4605 2892 4644 eos.
2937 4586 3032 4640 Vel
3070 4584 3303 4656 primus,
3355 4582 3411 4637 id

1826 4700 1910 4747 est
1938 4689 2245 4761 praecipuus
2273 4685 2575 4743 secundum
2597 4682 2934 4754 dignitatem.
2962 4678 3188 4747 Moyses,
3208 4674 3406 4745 inquit,

1823 4792 2027 4862 primus
2072 4786 2203 4841 dicit
2233 4785 2339 4841 hoc
2369 4803 2390 4839 :
2439 4782 2554 4854 Ego
2597 4774 2861 4835 adducam
2884 4793 2993 4841 vos,
3024 4791 3060 4829 ο
3106 4772 3300 4839 Judaei,
3338 4772 3412 4827 ad

1825 4880 2239 4943 mutulationem,
2284 4875 2338 4931 id
2365 4882 2449 4930 est
2498 4871 2565 4927 ad
2594 4868 2861 4924 invidiam
2893 4875 2945 4921 ει
2981 4863 3406 4935 indignationem

1823 4974 2013 5040 animi,
2036 4975 2091 5027 in
2118 4987 2220 5026 non
2251 4963 2476 5039 gentem,
2495 4962 2549 5017 id
2578 4968 2664 5017 est
2686 4968 2875 5015 contra
2907 4956 3260 5029 gentilitatem
3285 4971 3410 5026 qua)

1824 5066 1978 5138 prius
2007 5080 2140 5135 gens
2175 5049 2786 5123 nteanon'dicebatur:
2820 5066 2961 5122 quos
3004 5049 3207 5119 vosipsi
3240 5064 3407 5104 canes

1823 5156 2121 5211 vocabatis.
2154 5152 2251 5207 Vel
2276 5152 2331 5203 in
2367 5164 2471 5201 non
2497 5153 2719 5217 gentem,
2752 5144 2923 5200 idest
2956 5152 3165 5197 contra
3187 5139 3406 5212 gentili-

1825 5256 1990 5304 tatem
2024 5259 2189 5316 quam
2240 5240 2436 5295 faciam
2480 5253 2592 5293 non
2637 5245 2872 5309 gentem,
2909 5234 2962 5289 id
2995 5243 3078 5289 est
3107 5248 3217 5288 non
3264 5232 3408 5288 sicut

1827 5339 2008 5413 genita
2043 5346 2127 5393 est
2156 5333 2427 5390 dimittam
2457 5345 2602 5395 eam,
2634 5329 2729 5386 sed
2787 5327 2982 5383 faciam
3024 5340 3220 5379 novam
3251 5340 3406 5379 crea-

1827 5411 2048 5487 turam:
2099 5435 2472 5498 regencratam
2519 5436 2661 5491 aqua
2694 5427 2750 5475 et
2795 5417 3002 5488 Spiritu
3036 5422 3250 5471 sancto.
3292 5411 3405 5468 Nec

1827 5525 2005 5581 solum
2035 5520 2303 5577 adducam
2338 5532 2438 5573 vos
2470 5524 2531 5570 ut
2558 5512 2788 5568 videatis
2823 5529 2835 5565 :
2877 5508 2970 5567 sed
3002 5508 3165 5563 etiam
3191 5507 3403 5561 mittam

1825 5631 1913 5670 vos
1941 5614 1998 5667 in
2040 5613 2200 5677 iram,
2228 5617 2289 5665 ut
2318 5603 2721 5680 persequamini
2766 5616 2882 5655 eos.
2917 5598 3129 5653 Mittam
3173 5596 3297 5651 dico
3342 5595 3400 5649 in

1822 5709 1996 5773 iram,
2024 5705 2078 5761 id
2124 5713 2209 5759 est
2236 5709 2423 5759 contra
2461 5696 2818 5769 gentilitatem
2846 5691 3197 5762 insipientem,
3234 5686 3287 5744 id
3316 5697 3405 5750 est

1821 5815 1945 5870 qur
1966 5798 2120 5868 prius
2140 5802 2258 5852 erat
2281 5790 2565 5862 insipiens,
2590 5786 2743 5858 quia,
2772 5785 2897 5840 licet
2918 5780 3072 5839 multi
3090 5778 3408 5856 philosophi
