3978 6402
232 372 318 431 93
858 372 1226 432 EXPOSITIO
1261 372 1330 429 Ii'i
1368 375 1750 437 EPiSTOLAS
1785 377 1841 432 ΡΑ

1941 377 2012 433 LI.
2043 392 2121 419 ‘-—-
2153 375 2222 432 IN
2257 377 2477 435 EPIST.
2516 380 2611 440 AD
2902 396 2903 403 ‘
3448 390 3523 445 Μ

241 511 266 542 ι
322 489 478 561 prior
496 484 646 544 dedit
667 488 765 555 illi,
784 496 839 544 et
857 489 1186 545 retribuetur
1203 490 1255 545 ei
1275 492 1299 545 ?
1318 492 1589 558 Quoniam
1610 506 1677 547 ex
1698 491 1839 561 ipso,
1871 496 1915 553 Α
1944 508 2132 563 quam,
2163 494 2220 548 in
2246 501 2474 564 tempore
2505 486 2696 566 gratiae
2717 496 2877 552 salute
2903 498 3062 567 facta
3098 507 3222 553 sunt
3260 501 3523 573 reliquiis,

244 601 271 634 ο
322 591 382 636 et
422 596 521 651 per
558 575 760 650 ipsum,
795 588 853 634 et
880 579 937 634 in
966 580 1086 650 ipso
1119 590 1248 637 sunt
1275 583 1483 649 omnia,
1518 582 1625 653 ipsi
1664 583 1839 638 honor

249 692 271 723 ι
322 681 382 729 et
408 671 584 747 gloria
614 672 669 726 in
701 672 901 727 saecula
933 672 1280 728 saeculorum.
1317 674 1511 730 Amen.
1559 693 1578 727 ι

895 780 1201 820 EXPOSITIO.

323 854 468 921 Quia
515 851 639 910 dico
684 856 944 925 populum
982 854 1294 910 Iudaeorum
1340 873 1448 911 non
1497 857 1836 924 credentem,

243 947 352 1000 sed
397 946 894 1014 contradicentem;
931 964 1053 1018 ergo
1090 948 1230 1013 dico,
1261 949 1312 1003 id
1345 959 1429 1003 est
1456 949 1692 1019 nunquid
1722 964 1843 1017 pro-

242 1045 439 1105 pterea
466 1036 648 1091 dicere
668 1037 952 1111 existimor
972 1038 1122 1107 quod
1164 1038 1304 1093 Deus
1353 1039 1546 1108 repulit
1589 1038 1841 1109 populum

242 1144 411 1180 suum
438 1125 724 1183 Iudaicum
755 1144 918 1198 quem
955 1129 1109 1198 prius
1146 1130 1420 1200 elegerat?
1455 1129 1606 1183 Absit
1642 1130 1748 1185 hoc
1783 1138 1843 1183 ut

244 1215 402 1271 Deus
430 1216 726 1285 aliquando
760 1218 985 1286 repellat
1018 1219 1280 1287 populum
1324 1234 1484 1273 suum
1513 1221 1525 1272 !
1574 1217 1706 1273 Vere
1730 1233 1841 1272 non

243 1307 476 1384 repulit.
518 1306 659 1359 Nam
680 1324 773 1378 ego
800 1307 1054 1362 Israelita
1074 1326 1213 1374 sum,
1240 1318 1295 1365 et
1317 1310 1473 1364 multi
1488 1310 1579 1364 alii
1607 1309 1701 1379 qui
1730 1314 1841 1364 non

244 1413 451 1453 sumus
480 1399 703 1468 repulsi.
750 1398 864 1454 Nec
896 1399 970 1453 ita
1003 1398 1270 1465 Israelita,
1320 1408 1380 1454 ut
1417 1400 1638 1455 aliunde
1680 1409 1843 1456 natus

243 1487 305 1541 in
326 1484 673 1542 Iudaismum
702 1489 1034 1556 transierim,
1053 1491 1147 1545 sed
1161 1506 1282 1547 sum
1298 1492 1569 1559 exsemine
1590 1491 1839 1547 Abrahae.

242 1571 366 1630 Nec
391 1576 588 1630 iterum
610 1576 677 1630 de
702 1576 949 1643 Ismaele,
981 1578 1066 1632 vel
1106 1579 1173 1632 de
1218 1580 1344 1633 ﬁliis
1376 1578 1610 1645 Cetturae,
1642 1580 1737 1636 sed
1778 1581 1844 1636 de

245 1666 397 1720 tribu
421 1666 723 1736 Benjamiu.
763 1666 889 1723 llaec
929 1668 1105 1723 tribus
1141 1668 1264 1724 aliis
1292 1671 1512 1749 praelata
1549 1669 1677 1735 fuit;
1713 1670 1843 1739 quia

243 1757 347 1826 qui
384 1758 452 1812 de
481 1757 585 1812 hac
610 1759 754 1813 tribu
796 1758 1039 1825 fuerunt,
1075 1776 1186 1814 non
1221 1769 1336 1815 tam
1365 1777 1507 1831 saepe
1552 1770 1610 1815 ut
1638 1762 1729 1817 alii
1774 1763 1840 1816 ad
1898 1751 1903 1758 ’

1941 583 1996 639 id
2023 592 2108 639 est
2140 584 2218 639 illi
2247 601 2389 655 quos
2424 584 2569 641 Deus
2595 586 2699 642 sibi
2732 589 2951 658 reliquit
2984 589 3319 661 idoneosque
3343 595 3522 650 salva-

1939 671 2077 727 tioni
2110 674 2400 742 praescivit.
2447 675 2704 746 Reliquiae
2735 677 2895 733 salva:
2938 678 3097 747 factm
3130 690 3273 747 sunt,
3320 690 3376 737 et
3415 685 3525 739 hoc

1864 801 1868 805 .
1940 764 2225 816 secundant
2250 765 2553 819 electionem
2580 765 2698 832 Dei,
2722 769 2791 822 ab
2817 777 3021 824 aeterno
3049 771 3335 839 praevisum
3362 789 3524 844 :qua:

1940 851 2133 907 electio
2150 868 2262 907 non
2288 853 2393 909 fuit
2416 863 2637 923 propter
2657 855 2868 922 merita,
2898 857 2993 912 sed
3018 856 3119 911 fuit
3139 860 3327 929 gratiae
3349 876 3368 913 :
3390 862 3520 930 quia

1940 951 1994 997 et
2039 957 2136 1012 per
2173 944 2402 1013 gratiam
2449 945 2629 1015 elegit,
2671 954 2725 1000 et
2764 962 2861 1015 per
2906 948 3135 1019 gratiam
3172 950 3418 1007 salvavit.
3460 950 3521 1005 Si

1942 1044 2118 1109 autem
2145 1034 2260 1089 haec
2287 1034 2479 1089 electio
2506 1043 2591 1090 est
2612 1052 2707 1105 per
2736 1039 2987 1107 gratiam,
3013 1039 3126 1107 jam
3157 1050 3362 1093 constat
3383 1042 3528 1115 quod

1943 1142 2046 1188 non
2071 1136 2155 1182 est
2176 1143 2242 1181 ea:
2276 1127 2537 1196 operibus,
2565 1144 2667 1197 pro
2696 1129 3033 1184 merentibus
3066 1131 3212 1185 illam
3242 1151 3256 1186 :
3283 1132 3525 1202 alioquin

1943 1218 1989 1277 si
2023 1226 2243 1287 propter
2266 1233 2429 1287 opera
2459 1218 2805 1288 eligerentur,
2827 1219 2940 1289 jam
2971 1220 3100 1275 illud
3130 1222 3274 1292 quod
3296 1230 3529 1277 vocatur

1942 1307 2138 1375 gratia,
2170 1323 2273 1360 non
2299 1315 2432 1360 esset
2455 1322 2592 1376 pura
2619 1309 2818 1376 gratia,
2842 1310 2938 1363 sed
2960 1310 3236 1365 meritum.
3280 1311 3393 1367 Hoc
3422 1326 3522 1379 au-

1944 1406 2052 1452 tem
2086 1398 2473 1453 convenienter
2496 1398 2563 1453 de
2598 1398 2770 1468 gratia
2793 1398 3020 1466 inducit,
3049 1409 3109 1455 ut
3142 1416 3242 1476 nec
3274 1402 3350 1455 illi
3379 1417 3522 1470 quos

1943 1487 2087 1542 Deus
2140 1489 2242 1543 sibi
2294 1488 2516 1559 reliquit
2556 1496 2747 1559 putent
2789 1504 2848 1543 se
2892 1489 3090 1547 electos
3155 1507 3220 1545 ex
3275 1491 3471 1546 merito
3504 1508 3526 1550 ξ

1944 1580 2085 1635 sicut
2132 1581 2305 1635 malos
2357 1580 2487 1650 quia
2533 1582 2675 1636 male
2722 1591 3041 1637 meruerunt
3076 1575 3425 1652 reprobatos;
3469 1590 3553 1639 et-

1943 1670 2059 1726 ba:c
2102 1670 2290 1726 dicens
2338 1671 2475 1725 bene
2509 1673 2676 1726 servit
2714 1672 3024 1728 intentioni.

2017 1760 2301 1816 Summam
2332 1762 2715 1818 auctoritatum
2749 1780 2914 1832 supra
2943 1764 3246 1833 positarum
3277 1763 3367 1818 hic
3397 1763 3527 1818 bre-

243 1847 618 1903 idololatriam
658 1850 865 1920 delapsi
910 1859 1058 1907 sunt.
1108 1850 1175 1905 Et
1214 1853 1349 1922 quia
1376 1868 1478 1923 ego
1510 1854 1578 1908 de
1630 1854 1839 1908 semine
1870 1845 1913 1902 Β
1938 1850 2079 1904 viter
2107 1849 2332 1920 colligit,
2366 1858 2428 1904 ut
2456 1851 2664 1920 aperiat
2702 1854 2849 1922 quod
2890 1869 2987 1922 per
3028 1853 3149 1907 illas
3173 1852 3529 1908 auctoritates

243 1937 488 1994 Abrahae
512 1954 621 1993 non
648 1956 773 1996 sum
822 1942 1096 2010 repulsus,
1138 1954 1360 2013 apparet
1407 1959 1502 2012 per
1550 1945 1656 1999 hoc
1691 1944 1839 2014 quod

242 2027 401 2085 Deus
437 2046 542 2084 non
577 2030 771 2099 repulit
814 2030 1014 2100 plebem
1052 2049 1226 2087 suam.
1282 2033 1434 2088 Illam
1478 2034 1664 2104 utique
1702 2050 1838 2089 voco

240 2121 467 2190 plebem
501 2120 595 2175 Dei
632 2118 795 2191 q'uam
831 2124 1119 2192 prwscirit,
1150 2124 1203 2178 id
1233 2132 1316 2180 est
1345 2125 1748 2195 praedestinavit
1770 2126 1838 2180 ad

240 2212 630 2268 salvationem.
670 2212 789 2268 Non
816 2215 1004 2285 utique
1038 2217 1202 2272 modo
1237 2218 1454 2287 repulit,
1483 2217 1838 2287 quemadmo-

239 2305 384 2359 dum
408 2304 541 2359 olim
566 2305 915 2362 existimante
959 2307 1075 2368 Elia
1115 2323 1308 2364 omnes
1332 2317 1528 2379 praeter
1567 2324 1626 2365 sc
1655 2324 1841 2364 reces-

238 2397 395 2453 sisse
420 2414 455 2459 ει
478 2398 626 2454 cultu
659 2398 789 2465 Dei;
818 2401 976 2455 multi
999 2410 1203 2468 tamen,
1232 2417 1373 2471 quos
1396 2402 1510 2470 ipse
1530 2401 1835 2471 ignorabat,

236 2491 515 2547 reservati
544 2499 675 2550 sunt
701 2506 732 2545 a
762 2490 893 2550 Deo.
933 2491 1025 2548 Sic
1051 2493 1213 2549 modo
1238 2494 1439 2548 multos
1468 2492 1613 2548 Dcus
1633 2493 1837 2549 electos

238 2581 297 2649 h_
323 2581 438 2648 bet,
464 2596 605 2653 quos
632 2582 973 2654 ignoramus.
1008 2584 1116 2640 Pro
1142 2594 1292 2641 certo
1322 2584 1464 2640 Deus
1502 2601 1612 2639 non
1639 2585 1840 2654 repulit

235 2670 467 2740 plebem
489 2687 681 2738 suam;
716 2672 846 2742 quia
880 2691 953 2729 an
980 2675 1190 2730 nescitis
1217 2674 1344 2746 quid
1382 2674 1664 2745 Scriptura
1692 2676 1837 2730 dicat

236 2763 301 2815 in
337 2761 489 2829 Elia,
519 2764 574 2818 id
608 2774 694 2820 est
721 2765 813 2819 ubi
841 2766 1082 2838 loquitur
1114 2767 1181 2822 de
1208 2766 1323 2822 Elia
1350 2785 1362 2821 :
1395 2766 1837 2837 quemadmodum
1880 2804 1881 2807 η

236 2851 342 2905 ille
377 2850 525 2906 Elias
563 2853 869 2923 interpellat
903 2854 1070 2910 Deum
1110 2855 1356 2910 adversus
1383 2853 1528 2926 [pro]
1561 2854 1755 2919 Israel,
1784 2855 1838 2911 id

236 2951 335 2996 est
364 2941 433 2997 ad
458 2943 864 3000 damnationem
899 2943 1232 3011 Iudaeorum,
1263 2946 1449 3003 dicens
1472 2946 1578 3001 hoc
1599 2946 1656 3002 in
1677 2946 1837 3002 tertio

235 3033 397 3088 libro
441 3032 652 3106 Regum
694 3055 707 3091 :
756 3036 1000 3106 Domine,
1037 3039 1225 3094 Achab
1267 3048 1320 3094 et
1359 3038 1577 3095 Iezabel
1617 3041 1835 3095 occide-

240 3133 380 3176 runt
407 3125 687 3194 prophetas
733 3137 880 3191 tuos;
924 3128 1252 3196 su/foderunt
1300 3128 1462 3184 etiam
1506 3129 1707 3184 altaria
1745 3138 1836 3185 tua

242 3214 383 3286 (III
426 3216 554 3287 Reg.
607 3234 723 3283 xxx,
769 3217 912 3287 20)..
957 3218 1166 3274 Fideles
1204 3220 1350 3274 enim
1400 3221 1468 3275 de
1501 3220 1668 3276 Israel
1707 3222 1837 3291 quia

237 3323 368 3361 non
394 3308 665 3363 audebant
690 3310 756 3364 ad
785 3309 1123 3366 adorandum
1149 3312 1442 3367 convenire
1484 3313 1536 3366 in
1577 3312 1841 3377 Hierusa:

238 3399 384 3464 lem,
419 3400 648 3455 latenter
686 3401 808 3456 ideo
855 3401 908 3456 in
946 3402 1221 3471 speluncis
1248 3412 1302 3458 et
1332 3404 1483 3459 silvis
1515 3413 1837 3461 construxe-

240 3498 382 3544 rant
408 3506 555 3557 aras,
596 3491 779 3563 ibique
830 3492 1215 3560 immolabant;
1253 3511 1391 3565 quas
1436 3512 1562 3551 aras
1597 3497 1760 3551 ctiam
1807 3515 1839 3551 a

242 3578 271 3632 Ι
311 3580 626 3644 adamentis
661 3598 771 3637 eve:
787 3592 966 3639 terant
1012 3584 1313 3641 idololatraa
1360 3585 1634 3653 Israelitze,
1672 3604 1840 3657 quos-

243 3687 364 3740 que
393 3671 740 3730 immolantes
769 3674 1135 3741 inveniebant,
1165 3676 1500 3732 occidebant.
1546 3679 1695 3734 Alios
1728 3680 1838 3749 (in—

245 3761 396 3832 quit)
444 3763 739 3832 prophetas
789 3765 1144 3834 occiderunt;
1196 3775 1246 3822 et
1293 3784 1385 3838 ego
1426 3768 1570 3823 solus
1624 3769 1838 3825 relictus

246 3871 373 3907 sum
405 3855 464 3908 in
493 3855 641 3911 cultu
674 3855 789 3922 Dei,
815 3865 865 3910 et
887 3858 1067 3913 adhuc
1101 3870 1345 3928 quarrunt
1371 3862 1610 3916 animam
1647 3880 1836 3927 meam,

247 3950 316 3997 ut
346 3958 437 3996 me
467 3959 590 4000 cum
615 3944 738 4000 aliis
763 3945 1106 4002 interﬁciant.
1150 3947 1240 4002 Sic
1264 3948 1341 4002 ait
1363 3947 1512 4005 Elias
1539 3969 1552 4003 :
1581 3949 1682 4005 Sed
1711 3952 1838 4021 quid

247 4030 391 4088 dicit
416 4032 502 4087 illi
534 4035 772 4092 divinum
795 4052 1098 4106 responsum
1123 4039 1149 4092 .9
1183 4037 1297 4094 Hoc
1321 4039 1546 4109 utique:
1571 4039 1685 4111 Ego
1716 4040 1841 4095 reli-

248 4124 371 4194 qui,
403 4124 457 4179 id
487 4132 571 4179 est
594 4126 866 4183 reservavi
892 4126 1023 4184 mihi
1053 4138 1247 4198 septem
1276 4128 1450 4183 millia
1470 4130 1722 4196 uirorum,
1748 4132 1839 4200 qui

250 4229 365 4267 non
395 4224 741 4295 curvaverant
776 4208 947 4285 genua
994 4226 1116 4272 ante
1168 4218 1328 4284 Baal,
1366 4219 1420 4274 id
1454 4227 1541 4277 est
1585 4222 1680 4290 qui
1728 4237 1838 4278 non

250 4306 626 4360 adoraverunt
656 4306 818 4362 idola.
864 4307 985 4363 Non
1013 4309 1135 4365 ideo
1165 4309 1299 4366 dicit
1327 4319 1533 4381 septem
1571 4312 1740 4367 millia
1779 4329 1842 4369 ut

252 4398 353 4452 hic
374 4413 639 4454 numerus
667 4399 1060 4457 determinatus
1078 4409 1223 4458 esset
1250 4402 1307 4457 in
1338 4402 1466 4470 illis,
1495 4404 1642 4474 quod
1665 4420 1842 4478 neque
1880 4444 1883 4445 ν

1940 1941 2271 2005 intendebat,
2314 1942 2544 1998 dicens:
2581 1942 2719 2008 Quia
2758 1944 3009 2012 superius
3051 1944 3184 2011 dixi,
3223 1944 3526 1999 secundum

1938 2034 2136 2089 Isaiam
2186 2032 2404 2088 Iudaeos
2445 2048 2554 2087 non
2595 2033 2900 2099 credentes,
2933 2036 3027 2089 sed
3067 2034 3524 2089 contradicentes.

1939 2124 2062 2199 Dixi
2093 2125 2289 2179 iterum
2315 2123 2617 2179 secundum
2644 2124 2900 2179 eumdem
2921 2124 3180 2193 reliquias
3205 2122 3520 2196 Judteorum

1937 2233 2060 2272 esse
2101 2217 2357 2271 salvatas.
2401 2213 2545 2283 Ergo
2568 2214 2696 2284 quid
2722 2229 2786 2269 ex
2828 2213 2915 2270 his
2949 2215 3112 2271 dictis
3140 2228 3264 2284 quae
3293 2213 3399 2269 sibi
3421 2213 3522 2266 ob-

1937 2308 2085 2361 viare
2110 2302 2363 2361 videntu'r
2390 2305 2746 2377 colligemus?
2771 2304 2885 2360 Hoc
2910 2306 3097 2374 utique
3108 2304 3354 2359 dicemus
3395 2304 3525 2373 quia

1937 2398 2075 2468 quod
2102 2397 2367 2468 quwrebat
2402 2395 2594 2461 Israel,
2632 2395 2687 2449 id
2727 2403 2813 2450 est
2857 2395 3116 2450 Iudaicus
3149 2395 3386 2464 populus
3415 2401 3529 2449 sta-

1938 2498 2111 2556 tuere,
2140 2488 2349 2544 scilicet
2370 2487 2641 2556 justitiam
2666 2502 2847 2554 suam,
2885 2495 2940 2541 et
2968 2485 3026 2540 in
3053 2501 3118 2541 ea
3147 2486 3377 2551 salvari,
3421 2487 3529 2540 hoc

1939 2597 2041 2634 non
2070 2589 2147 2634 est
2195 2587 2523 2634 consecutus.
2556 2577 2730 2632 Israel
2762 2578 2817 2631 in
2838 2586 2953 2632 toto
2975 2592 3075 2631 non
3095 2585 3173 2631 est
3197 2585 3526 2643 consecutus,

1937 2672 2027 2725 sed
2064 2671 2252 2725 electio
2291 2679 2570 2724 consecuta
2597 2676 2696 2734 est,
2732 2668 2786 2723 id
2829 2676 2913 2722 est
2939 2667 2996 2723 hi
3029 2683 3172 2737 quos
3194 2667 3339 2723 Deus
3371 2668 3533 2738 elegit

1936 2761 2006 2819 de
2044 2760 2211 2818 Israel
2257 2760 2537 2817 consecuti
2586 2770 2717 2816 sunt
2761 2759 3138 2814 salvationem.
3184 2758 3379 2815 Crateri
3409 2775 3529 2814 vero

1937 2852 2032 2923 qui
2067 2867 2178 2908 non
2205 2860 2335 2908 sunt
2364 2852 2545 2919 electi,
2581 2867 2691 2907 non
2722 2851 2898 2906 solum
2930 2866 3039 2907 non
3066 2851 3348 2907 consecuti
3377 2858 3527 2915 sunt,

1938 2944 2033 3000 sed
2057 2945 2222 3001 etiam
2248 2952 2370 2998 sunt
2399 2944 2671 2999 cremati.
2712 2941 2779 2998 Et
2805 2943 2909 2998 hoc
2940 2942 3068 2998 dico
3094 2943 3232 2997 sicut
3268 2944 3527 3012 scriptum

1937 3045 2013 3091 est
2045 3035 2103 3091 in
2129 3034 2301 3101 Isaia;
2356 3035 2485 3091 licet
2511 3034 2635 3089 aliis
2663 3033 2865 3099 verbis,
2896 3033 3087 3088 eodem
3116 3040 3300 3086 tamen
3329 3047 3516 3087 sensu.

1940 3125 2098 3180 Dedit
2120 3126 2229 3180 illis
2255 3124 2459 3181 Iudaais
2490 3124 2631 3179 Deus
2656 3123 2905 3193 spiritum
2947 3122 3385 3191 compunctionis,
3412 3121 3526 3176 sci-

1938 3216 2063 3272 licet
2094 3215 2348 3288 spiritum
2377 3215 2677 3285 malignum
2703 3214 2798 3284 qui
2826 3222 3091 3284 pangeret
3122 3228 3240 3279 eos,
3274 3222 3328 3268 et
3368 3226 3531 3282 coge-

1937 3316 2020 3363 ret
2048 3307 2191 3363 male
2219 3323 2398 3377 agere.
2438 3306 2534 3361 Vel
2560 3307 2828 3376 spiritum,
2847 3305 2901 3360 id
2922 3313 3005 3360 est
3024 3304 3357 3359 voluntatem
3385 3320 3531 3357 com—

1936 3399 2235 3468 punctionis
2258 3414 2275 3451 :
2294 3414 2402 3469 qua
2434 3406 2801 3468 pungerentur
2834 3396 3146 3461 invidendo,
3164 3394 3529 3453 et'irascendo

1938 3490 2208 3548 ﬁdelibus.
2244 3489 2403 3546 Dedit
2427 3489 2594 3544 etiam
2633 3489 2743 3544 illis
2772 3488 2972 3555 Oculos,
3016 3489 3069 3543 id
3099 3496 3186 3543 est
3221 3487 3528 3542 naturalem
3590 3478 3591 3483 “

1937 3583 2207 3639 rationem
2237 3601 2251 3638 :
2280 3583 2374 3637 sed
2402 3582 2476 3636 ita
2512 3589 2569 3634 ut
2597 3598 2702 3634 non
2737 3581 2971 3646 uideant,
3000 3580 3055 3634 id
3077 3588 3162 3636 est
3188 3588 3250 3634 ut
3273 3579 3418 3633 bono
3445 3594 3532 3631 ra-

1937 3674 2105 3729 tionis
2130 3673 2429 3745 privcntur.
2464 3672 2620 3727 Dedit
2646 3672 2812 3727 etiam
2841 3688 3016 3737 aures,
3059 3672 3113 3727 id
3149 3681 3237 3726 est
3272 3669 3524 3725 eamdem

1937 3763 2204 3818 rationem
2232 3761 2390 3831 quasi
2411 3760 2556 3830 quod
2588 3775 2685 3829 per
2712 3776 2773 3814 se
2801 3776 2909 3814 non
2938 3767 3164 3829 possent
3185 3757 3482 3827 intelligere
3511 3776 3527 3810 :

1937 3852 2239 3913 debuerant
2278 3853 2469 3907 audire
2505 3860 2562 3905 et
2602 3851 2906 3906 addiscere.
2955 3850 3077 3902 Non
3107 3849 3333 3902 audiant
3378 3848 3526 3912 dico,

1938 3960 2100 4014 usque
2139 3945 2195 3997 in
2236 3944 2545 3998 hodiernum
2587 3943 2748 3997 diem.
2790 3939 2892 3996 Hic
2926 3941 3046 3995 dies
3084 3939 3384 3994 hodiernus
3425 3936 3531 3992 fuit

1938 4033 2219 4104 prophetae
2257 4052 2271 4086 :
2304 4033 2600 4090 hodiernus
2623 4033 2789 4089 etiam
2820 4042 2995 4102 uSque
3014 4032 3085 4087 ad
3112 4030 3276 4086 ﬁnem
3297 4029 3488 4105 mundi
3513 4049 3527 4084 :

1939 4126 2082 4181 sicut
2109 4126 2243 4180 illud
2266 4125 2321 4180 in
2348 4126 2556 4182 balneis
2581 4145 2595 4181 :
2632 4146 2651 4177 ε
2694 4125 2867 4182 Hodie
2890 4141 3015 4181 cum
3048 4125 3242 4195 pretio,
3267 4141 3393 4181 cras
3411 4125 3531 4181 sine

1938 4217 2132 4289 pretio.
2166 4237 2185 4270 ι
2218 4216 2365 4272 Dicit
2406 4218 2569 4273 etiam
2599 4217 2776 4272 David
2806 4218 2875 4274 de
2913 4217 3278 4273 exczecatione
3315 4215 3532 4273 Iudaeo-

1940 4326 2061 4365 rum
2091 4310 2195 4365 hoc
2237 4327 2250 4364 :
2288 4307 2415 4363 Fiat
2460 4325 2640 4363 mensa
2661 4325 2863 4376 eorum,
2893 4310 2947 4365 id
2979 4318 3065 4366 est
3096 4308 3380 4379 Scriptura
3421 4324 3529 4379 qua

1940 4390 2677 4456 debuerantanimadvertere
2696 4401 2924 4476 bonum,
2949 4401 3041 4457 ﬁat
3062 4402 3170 4457 illis
3190 4402 3247 4455 in
3259 4400 3531 4470 laqueum,

250 4489 383 4561 plus
425 4505 603 4561 neque
630 4491 814 4547 minus
856 4491 930 4546 ibi
958 4501 1138 4560 esset;
1185 4494 1278 4550 scd
1318 4494 1449 4565 quia
1492 4511 1587 4565 per
1636 4505 1840 4567 septem
1869 4514 1919 4573 ο
1944 4491 1998 4547 id
2028 4501 2112 4548 est
2160 4493 2527 4563 illaqueentur
2557 4492 2613 4547 in
2641 4493 2734 4551 illa
2758 4494 3004 4563 quotidie
3041 4493 3284 4549 deterius
3331 4492 3532 4547 intelli-

252 4580 976 4654 universimsﬁesignatur:
1007 4584 1129 4640 ideo
1165 4585 1330 4640 etiam
1368 4595 1551 4643 certus
1579 4604 1844 4644 numerus

252 4673 311 4726 in
356 4672 562 4727 incerta
588 4687 648 4727 re
684 4674 927 4744 ponitur,
976 4681 1038 4728 ut
1085 4676 1404 4733 ostendatur
1445 4679 1537 4734 hic
1582 4695 1845 4736 numerus

250 4764 559 4818 electorum
612 4762 726 4820 Deo
768 4779 891 4821 esse
938 4766 1216 4836 cognitus,
1268 4769 1372 4824 etsi
1418 4771 1488 4829 ab
1529 4770 1844 4827 hominibus

252 4836 560 4925 ignoretur.
601 4853 761 4921 Quod
810 4855 877 4912 de
918 4854 1035 4912 Elia
1083 4859 1368 4928 prtemisit,
1411 4862 1632 4930 adaptat
1677 4861 1842 4917 modo

250 4945 423 5002 dictis
474 4945 590 5002 suis
638 4944 762 5001 ita:
805 4945 1258 5019 Quandoquidem
1308 4949 1365 5004 in
1419 4959 1661 5021 tempore
1712 4952 1843 5008 Elite

201 5076 209 5081 .
252 5035 414 5096 multi
466 5036 654 5093 ﬁdeles
702 5039 962 5094 reservati
1018 5039 1255 5106 fuerant,
1300 5057 1442 5112 quos
1492 5051 1672 5098 tamen
1723 5044 1839 5113 ipse

252 5126 576 5195 ignorabat;
600 5143 751 5204 ergo,
783 5128 836 5184 id
873 5137 960 5185 est
982 5138 1264 5201 propterea
1294 5147 1392 5203 per
1413 5133 1589 5188 simile
1616 5133 1840 5189 creden-

252 5216 389 5271 dum
428 5226 512 5271 est
554 5218 707 5288 quod
749 5219 849 5284 sic,
892 5218 945 5274 id
1001 5228 1085 5276 est
1130 5237 1226 5290 per
1270 5222 1701 5279 miscricordiam
1746 5221 1839 5278 Dei

254 5308 422 5362 sicuti
468 5316 620 5364 tunc.
683 5308 781 5365 Vel
833 5312 914 5369 sic
955 5331 967 5367 :
1012 5311 1153 5380 Quia
1201 5314 1662 5385 quemadmodum
1711 5325 1844 5373 tunc

253 5399 635 5468 ignorabatur,
659 5401 740 5458 sic
759 5412 813 5458 et
835 5404 997 5459 modo
1026 5405 1229 5461 electos
1251 5404 1346 5460 Dei
1369 5406 1678 5464 discernere
1727 5424 1837 5464 non

253 5490 580 5547 suﬂicimus.
773 5492 885 5561 Sic,
917 5494 1113 5564 inquit,
1143 5495 1376 5552 nunc'ut
1397 5498 1527 5553 olim
1566 5501 1725 5554 etiam
1742 5500 1839 5554 hoc

255 5584 317 5637 in
349 5591 577 5653 tempore
613 5586 822 5655 gratiae,
854 5601 963 5656 qua
989 5602 1156 5644 causa
1193 5589 1368 5661 magis
1401 5591 1727 5647 credendum
1756 5600 1842 5648 est

255 5673 435 5729 Deum
470 5675 896 5734 misericorditer
932 5679 1035 5734 sibi
1069 5694 1379 5737 reservasse
1423 5682 1623 5737 electos
1667 5685 1840 5753 magis

257 5783 433 5836 quam
457 5768 607 5836 olim,
636 5780 762 5825 cum
796 5785 904 5827 non
936 5780 1051 5827 crat
1087 5780 1300 5845 tempus
1334 5773 1542 5845 gratiae.
1582 5772 1714 5840 Hoc,
1759 5775 1843 5829 ina

1942 4585 2117 4656 gendo
2152 4603 2164 4638 :
2192 4585 2286 4640 ﬁat
2308 4584 2472 4640 etiam
2502 4584 2610 4638 illis
2635 4584 2692 4638 in
2717 4585 3034 4654 captionem,
3069 4585 3199 4654 quia
3227 4584 3371 4654 capti
3401 4591 3532 4639 sunt

1941 4693 1972 4732 a
2012 4677 2274 4732 Romanis
2306 4695 2318 4731 :
2350 4684 2405 4731 et
2434 4676 2527 4731 ﬁat
2563 4676 2672 4732 illis
2692 4677 2747 4729 in
2776 4674 3401 4730 scandalum.Miseriam
3429 4689 3528 4729 eo-

1941 4785 2065 4824 rum
2105 4748 2479 4837 dispersorum
2525 4783 2622 4839 per
2657 4768 2924 4823 mundum
2971 4773 3134 4821 vocat
3158 4765 3476 4821 scandalum
3513 4784 3526 4819 :

1942 4860 2036 4918 ﬁat
2085 4861 2395 4917 etiam.illis
2429 4860 2486 4914 in
2521 4859 2919 4914 retributionem
2956 4855 3131 4927 (Psal.
3168 4871 3357 4922 vam,
3411 4856 3526 4927 25).

1942 4955 2080 5011 Cum
2101 4955 2392 5024 captionem
2414 4959 2469 5007 et
2486 4949 2798 5006 scandalum
2815 4949 3220 5002 retributionem
3235 4956 3422 5018 posset
3442 4964 3532 5004 vo—

1947 5062 2110 5113 care,
2153 5054 2417 5102 aeternum
2458 5051 2643 5097 tamen
2684 5041 2988 5107 interitum,
3033 5039 3163 5112 quia
3201 5054 3530 5111 permanens

1945 5139 2071 5203 erit,
2103 5137 2511 5193 retributionem
2551 5135 2820 5207 intelligit.
2858 5134 2954 5191 Vel
2993 5135 3068 5190 ita
3110 5150 3290 5189 mensa
3322 5149 3526 5200 eorum,
3592 5139 3596 5143 ‘

1947 5229 2002 5284 id
2023 5228 2234 5284 esthoc
2265 5226 2409 5296 quod
2434 5240 2495 5281 se
2518 5224 2719 5287 lellitos
2753 5235 2808 5282 et
2839 5227 3026 5282 acidos
3065 5226 3364 5287 intulerunt
3392 5223 3525 5290 Deo,

1948 5322 2045 5397 qui
2077 5322 2145 5377 de
2171 5318 2526 5376 conversione
2555 5334 2746 5374 eorum
2773 5319 2922 5373 reﬁci
2955 5318 3190 5385 volebat,
3221 5318 3314 5372 ﬁat
3333 5317 3442 5372 illis
3471 5317 3527 5371 in

1942 5413 2216 5483 laqueum,
2261 5411 2315 5466 id
2355 5419 2440 5469 est
2467 5410 2833 5480 illaquecntur
2857 5409 2980 5464 ideo
3004 5409 3289 5464 obsidione
3317 5408 3525 5463 Roma-

1943 5519 2158 5560 norum.
2182 5500 2390 5558 Caetera
2420 5517 2530 5557 non
2564 5508 2866 5556 mutantur.
2898 5498 2970 5553 Et
3000 5499 3160 5566 oculi,
3199 5500 3249 5553 id
3275 5508 3360 5555 est
3386 5499 3525 5554 ratio

1943 5610 2155 5660 eorum,
2183 5593 2526 5648 obscurentur
2551 5608 2613 5645 ne
2647 5591 2945 5658 videant,et
2970 5590 3270 5662 intelligant
3294 5590 3522 5645 bonum.

1948 5684 2016 5738 Et
2035 5684 2249 5738 dorsum
2275 5700 2483 5749 eorum,
2502 5682 2556 5736 id
2585 5691 2670 5737 est
2690 5681 2935 5737 eamdem
2951 5682 3218 5736 rationem
3235 5697 3340 5750 qua
3373 5696 3432 5736 se
3454 5687 3524 5736 ad

1945 5775 2312 5847 cognitionem
2342 5775 2436 5831 Dei
2463 5774 2671 5843 erigere
2699 5761 3022 5839 debuerunt,
3055 5772 3187 5828 illud
3216 5773 3431 5828 incurva
3464 5776 3539 5830 ini
