3978 6420
483 390 553 447 9‘3

481 504 740 573 terrenis,
764 512 991 575 semper
1001 507 1178 576 magis
1198 496 1253 562 et
1266 508 1441 577 magis
1457 506 1843 577 praecipitando
1866 505 1923 558 in
1947 520 2063 574 pte-

482 599 587 654 nis.
611 596 752 664 Quia
778 595 891 652 dixi
913 594 1129 652 Iudaeos
1154 607 1469 653 excaecatos.
1500 596 1635 666 Ergo
1657 596 1901 666 nunquid
1931 611 2059 665 pro-

483 694 669 760 pterea
693 688 813 740 dico
835 687 982 756 quod
1012 689 1090 741 sic
1117 687 1461 757 oﬁ'enderunt,
1496 695 1555 740 ut
1578 686 1822 740 caderent
1849 685 2059 743 inutili-

483 785 567 835 ter
580 783 642 836 et
660 776 1171 847 irrecuperabiliter,
1200 778 1344 847 quod
1363 777 1769 833 solummodoin
1793 776 1874 832 eis
1897 790 2058 831 casus

482 870 588 925 sit?
611 867 709 924 ilic
738 869 970 924 intendit
992 869 1285 938 reprimere
1311 868 1559 938 gentiles,
1584 868 1652 923 ne
1682 883 1740 922 se
1771 865 2060 937 praeferant

482 956 704 1026 Iudaeis,
730 959 857 1014 licet
879 976 973 1015 eos
1002 960 1137 1014 dixit
1162 967 1460 1014 excaecatos
1487 978 1500 1013 :
1528 959 1657 1029 quia
1677 973 1839 1013 casus
1869 972 2056 1013 eorum

481 1057 567 1105 est
597 1051 1009 1120 recuperabilis.
1046 1057 1101 1104 et
1144 1038 1430 1104 Salvationi
1474 1050 1713 1119 gentium
1761 1049 2056 1118 plurimum

485 1136 654 1210 utilis,
676 1143 862 1199 dicens
889 1163 902 1198 :
928 1143 1083 1197 Absit
1117 1142 1222 1197 hoc
1252 1150 1312 1196 ut
1349 1142 1474 1197 licet
1498 1141 1818 1196 oﬁ'enderint
1851 1142 2059 1196 irreeu-

481 1235 814 1304 perabiliter,
841 1234 961 1289 ideo
995 1234 1215 1297 cadant,
1247 1241 1301 1288 et
1328 1233 1619 1288 inutiliter!
1672 1233 1810 1288 Vere
1836 1249 1944 1287 non
1974 1235 2058 1288 in-

480 1324 706 1391 utiliter,
722 1323 812 1377 sed
831 1322 1112 1391 delicto,id
1131 1331 1217 1378 est
1230 1338 1329 1393 per
1349 1324 1602 1378 delictum
1629 1340 1827 1390 eorum,
1851 1324 2058 1379 scilicet

479 1412 786 1469 Iudteorum
825 1396 903 1468 est
940 1415 1084 1470 facta
1114 1414 1269 1468 salus
1291 1415 1540 1486 gentium.
1579 1413 1695 1470 Nisi
1719 1416 1865 1469 enim
1887 1414 2056 1471 Judaei

481 1514 803 1586 respuerent
826 1506 1056 1560 verbum
1106 1505 1224 1569 Dei,
1269 1507 1500 1575 apostoli
1529 1522 1637 1561 non
1663 1508 1959 1563 transirent
1988 1508 2055 1563 ad

478 1603 685 1664 gentes.
736 1595 898 1651 Salus
937 1596 1125 1666 utique
1163 1595 1303 1651 facta
1351 1604 1434 1653 est
1474 1598 1744 1668 gentibus,
1779 1607 1839 1652 ut
1871 1605 2056 1669 gentes

479 1682 814 1749 eemulentur,
847 1684 899 1737 id
922 1692 1006 1738 est
1031 1685 1308 1741 imitentur
1332 1685 1452 1740 illos
1485 1685 1721 1753 Iudaeos,
1753 1688 1847 1757 qui
1874 1688 2057 1745 ﬁdeles

479 1769 721 1838 fuerunt,
743 1782 796 1827 et
820 1766 1052 1842 quorum
1084 1775 1169 1829 lex
1197 1776 1595 1831 ﬁrmamentum
1617 1786 1699 1834 est
1720 1776 1854 1832 Novi
1876 1778 2059 1834 Testa-

479 1861 668 1915 menti.
704 1861 800 1917 Vel
826 1863 918 1918 ita.
942 1863 1045 1919 Per
1064 1866 1319 1920 delictum
1342 1864 1652 1923 Iudaeorum
1689 1877 1770 1924 est
1801 1867 1940 1924 facta
1966 1885 2057 1924 sa-

476 1948 565 2004 lus
600 1945 890 2021 gentibus,
914 1956 986 2010 ita
1033 1964 1093 2010 ut
1132 1957 1302 2011 Iudaei
1348 1958 1672 2013 aemulentur
1697 1959 2057 2031 64ἰ11οε,ἰ‹1

476 2038 759 2096 imitentur
778 2052 964 2114 gentes
1003 2045 1059 2098 in
1096 2046 1199 2099 ﬁde
1240 2044 1465 2105 Christi.
1505 2046 1573 2102 Et
1617 2050 1915 2107 secundum
1951 2052 2056 2106 hoc

471 2131 685 2199 probat,
717 2134 861 2202 quod
882 2149 1044 2190 casus
1068 2133 1380 2191 Iudaeorum
1404 2137 1475 2193 sit
1494 2141 1898 2208 recuperabilis.
1915 2140 2055 2207 Quia

471 2219 519 2309 si
540 2218 793 2273 delictum
808 2236 1014 2288 eorum,
1039 2238 1140 2292 pro
1169 2238 1280 2292 quo
1310 2222 1481 2281 ιιιάωί
1516 2226 1720 2309 repulsi
1745 2236 1893 2292 sunt,
1919 2228 2057 2282 divi-

355 2369 357 2371 1
461 2308 565 2361 .tiaz
585 2310 936 2377 sunrmundi,
960 2312 1015 2365 id
1043 2320 1127 2366 est
1150 2327 1317 2367 causa
1353 2312 1456 2368 fuit
1484 2331 1655 2384 quare
1675 2318 1946 2386 gentilitas
1973 2318 2056 2373 di-

474 2403 682 2451 taretur
712 2400 885 2470 gratia
928 2400 1050 2469 Dei;
1081 2411 1277 2472 quanto
1330 2406 1497 2474 magis
1542 2404 1813 2475 plenitudo
1852 2424 2052 2474 eorum,

473 2486 530 2539 id
558 2496 642 2543 est
663 2487 835 2544 Iudaei
865 2490 1107 2560 plenarie
1135 2494 1325 2549 salvati
1344 2536 1358 2561 ,
1382 2504 1543 2550 erunt
1564 2497 1767 2551 divitia:
1791 2500 2017 2568 gentium
2033 2501 2059 2554 2

473 2574 580 2631 Per
603 2578 708 2635 hoc
736 2596 898 2637 casus
925 2581 1236 2640 Iudaeorum
1271 2588 1660 2657 recuperabilis
1690 2590 1970 2658 probatur.
1997 2591 2054 2646 Si

472 2668 623 2722 enirn
657 2668 801 2726 Deus
846 2672 1050 2728 malum
1089 2673 1402 2730 Iudaeorum
1444 2676 1574 2732 utile
1624 2677 1755 2733 fecit
1783 2680 2051 2749 gentibus,

483 2759 651 2814 multo
698 2761 875 2832 magis
911 2765 1246 2821 credendum
1275 2777 1376 2823 εει
1419 2769 1564 2840 quod
1613 2770 1819 2826 bonum
1863 2786 2054 2826 eorum

476 2846 637 2919 longe
658 2850 850 2908 utilius
890 2851 1052 2910 faciet
1088 2856 1358 2926 gentibus.
1408 2858 1667 2913 Delictum
1707 2877 1885 2916 eorum
1934 2871 2057 2916 sunt

470 2939 678 2996 divitiis
706 2944 913 3012 mundi,
943 2954 995 3000 et
1036 2947 1321 3005 diminutio
1348 2949 1585 3018 illorum,
1615 2952 1670 3007 id
1705 2961 1791 3008 est
1825 2955 2056 3023 apostoli

482 3034 568 3106 qui
595 3036 663 3092 de
689 3036 895 3096 Iudicis
915 3041 1069 3098 electi
1094 3045 1393 3101 setamdum
1416 3062 1475 3103 se
1505 3056 1715 3118 partem
1745 3048 2056 3105 Iudaeorum

482 3124 864 3185 limiauerunt.
907 3129 1055 3200 Haec,
1079 3132 1327 3204 inquam,
1376 3136 1664 3192 diminutio
1692 3147 1813 3192 sunt
1854 3139 2057 3195 divitia:

482 3219 706 3286 {entiam
731 3235 751 3273 :
785 3224 1016 3290 apostoli
1036 3225 1180 3279 enim
1210 3226 1521 3283 ditaverunt
1537 3238 1722 3300 gentes
1750 3231 1915 3286 verbo
1936 3231 2051 3287 Dei.

482 3303 594 3360 Non
617 3306 742 3362 ideo
760 3309 892 3364 dicit
921 3312 1212 3382 plenitudo,
1242 3316 1388 3384 quod
1416 3332 1608 3374 omnes
1634 3319 1875 3375 salvandi
1903 3321 2013 3376 sint
2036 3339 2054 3376 :
2100 3330 2101 3333 ‘

483 3395 619 3451 sicut
658 3413 760 3453 nec
795 3400 1052 3457 universa
1100 3405 1374 3474 gentilitas
1414 3408 1584 3463 electa
1630 3419 1733 3475 est,
1793 3411 1885 3465 sed
1928 3412 2057 3480 quia

481 3488 635 3543 multi
661 3490 1037 3549 salvabuntu'r.
1070 3493 1210 3551 Vere
1240 3499 1519 3567 plenitudo
1539 3500 1852 3557 Judmorum
1877 3504 2057 3558 salva-

469 3575 645 3633 bitur.
691 3578 828 3636 Nam
869 3583 1035 3639 etiam
1065 3585 1121 3640 in
1160 3596 1406 3658 tempore
1450 3593 1830 3648 exczecationis
1866 3609 2057 3649 eorum

481 3669 835 3727 salvabuntur
853 3674 1023 3745 aliqui
1050 3692 1117 3732 ex
1147 3676 1278 3733 illis.

547 3759 614 3816 Et
641 3763 746 3821 hoc
779 3766 898 3820 dico
928 3768 1070 3823 vobis
1109 3771 1347 3840 gentibus
1370 3787 1388 3826 :
1410 3772 1540 3843 quia
1576 3780 1791 3845 semper
1823 3776 2059 3848 quandiu
2102 3800 2106 3805 -

480 3851 686 3921 quidem
710 3871 803 3925 ego
845 3871 963 3910 sum
1005 3860 1277 3929 apostolus
1317 3862 1569 3933 gentium,
1605 3864 1672 3918 ad
1694 3881 1832 3935 quas
1856 3867 2061 3922 solum-

479 3943 640 3999 modo
669 3946 1048 4014 missus'sum,
1082 3950 1444 4021 honori/icabo
1481 3963 1662 4009 tamen
1695 3972 1866 4011 meum
1901 3959 2061 4013 mini-

480 4035 698 4089 sterium
729 4052 748 4090 :
774 4039 902 4107 quia
931 4055 1056 4094 cum
1081 4043 1315 4097 cilicium
1340 4060 1520 4100 meum
1546 4047 1653 4102 hoc
1677 4049 1852 4102 solum
1882 4050 2062 4120 exigat

482 4127 779 4194 praedicare
809 4132 1085 4201 gentibus,
1127 4133 1488 4197 honoriﬁcum
1516 4136 1709 4193 faciam
1733 4138 1866 4194 illud
1896 4156 2061 4209 supra

481 4218 585 4271 hoc
607 4220 754 4287 quod
792 4220 965 4278 debeo
991 4243 1005 4278 ε
1031 4225 1328 4281 laborando
1354 4227 1410 4281 in
1436 4227 1657 4284 Iudaeis.
1686 4229 2061 4300 Honori/icabo

480 4307 604 4362 dico
643 4310 699 4363 si
722 4310 1006 4381 quomodo
1039 4316 1325 4387 (quidquid
1356 4319 1503 4373 enim
1530 4329 1745 4389 paterer
1764 4337 1873 4375 non
1902 4337 2063 4376 cura-

481 4401 621 4472 rem)
650 4402 919 4472 prorocem
950 4423 1160 4461 carnem
1190 4424 1381 4478 meam,
1420 4412 1471 4467 id
1502 4419 1587 4467 est
1612 4411 1828 4468 Iudaeos
1864 4430 2062 4470 secun-

480 4491 610 4547 dum
635 4509 857 4550 carnem
878 4497 1013 4553 mihi
1043 4501 1380 4571 propinquos
1399 4503 1469 4557 ad
1494 4504 1874 4572 remittendum,
1901 4506 1955 4561 id
1979 4516 2063 4562 est

478 4584 548 4637 ad
570 4584 896 4642 imitandum
926 4602 1013 4643 me
1046 4590 1101 4644 i'n
1128 4591 1252 4658 ﬁde,
1286 4601 1416 4648 etut
1453 4594 1534 4649 sic
1562 4596 1908 4664 provocando
1948 4597 2063 4651 sal-

478 4691 567 4729 ros
588 4677 808 4746 faciam,
840 4678 894 4734 id
916 4690 1000 4737 est
1028 4681 1172 4738 Deus
1200 4698 1394 4752 perme
1429 4685 1598 4741 salvet
1621 4685 1824 4756 aliquos
1844 4704 1908 4742 ex
1928 4687 2059 4744 illis.

476 4765 714 4825 Causam
738 4771 915 4827 reddit
937 4789 1108 4843 quare
1131 4775 1326 4830 debeat
1344 4776 1593 4831 laborare
1622 4778 1676 4831 in
1696 4778 1776 4831 eis
1808 4797 1820 4832 :
1846 4787 1899 4832 et
1920 4778 2061 4834 idem

481 4859 694 4916 videtur
706 4863 958 4932 superius
972 4865 1244 4934 posuisse,
1261 4867 1355 4922 sed
1372 4866 1446 4923 ibi
1467 4884 1592 4923 cum
1615 4869 2065 4926 determinatione

480 4952 761 5020 tamporis,
785 4955 881 5010 ubi
916 4956 1034 5027 ait:
1070 4957 1349 5013 Plenitudo
1391 4975 1553 5031 quam
1597 4960 1652 5015 in
1682 4961 1842 5017 ﬁnem
1875 4962 2064 5018 mundi

479 5049 698 5097 constat
718 5042 854 5101 fore.
878 5045 978 5103 Hic
996 5059 1177 5105 autem
1206 5050 1274 5105 ad
1295 5051 1440 5106 aliud
1471 5052 1643 5123 ponit,
1673 5062 1727 5107 et
1748 5053 1866 5109 sine
1888 5054 2062 5109 detera

479 5130 780 5190 minutione
799 5140 1081 5207 temporis,
1103 5141 1291 5196 dicens
1320 5161 1333 5196 :
1363 5142 1487 5198 Ideo
1502 5145 1761 5201 laborabo
1789 5145 1961 5199 salvos
1984 5145 2067 5200 fa-

479 5239 607 5280 cere
649 5225 856 5297 aliquos
888 5245 954 5283 ea:
978 5230 1108 5284 illis.
1144 5230 1284 5284 Nam
1306 5234 1353 5286 si
1382 5236 1600 5289 amissio
1637 5252 1818 5290 eorum
1852 5246 1934 5291 est
1979 5252 2065 5290 re-

482 5317 791 5373 conciliatio
825 5321 1028 5388 mundi,
1063 5322 1114 5376 id
1142 5332 1227 5377 est
1259 5323 1308 5377 si
1336 5326 1627 5380 excaecatio
1660 5341 1852 5381 eorum
1898 5342 2064 5382 causa

479 5406 588 5467 fuit
637 5418 698 5464 ut
728 5409 1002 5480 gentilitas
1041 5412 1484 5469 reconciliaretur
1512 5414 1622 5471 Deo
1660 5435 1672 5469 :
1705 5434 1842 5487 quia,
1886 5418 1941 5473 id
1984 5427 2070 5474 est

481 5499 661 5570 qualis
688 5500 917 5559 dicenda
956 5514 1043 5561 est
1079 5508 1371 5577 assumptio
1400 5506 1709 5563 Iudaeorum
1736 5510 1790 5563 in
1817 5525 2068 5580 quocun-

482 5607 590 5663 que
612 5602 863 5665 tempore
892 5597 998 5651 nisi
1037 5599 1148 5653 vita
1173 5615 1238 5653 ea:
1274 5602 1536 5655 mortuis?
1561 5599 1698 5668 Quia
1727 5602 1774 5656 si
1799 5600 1944 5657 Deus
1973 5618 2071 5673 per

482 5686 690 5743 malum
716 5702 912 5744 eorum
942 5688 1316 5745 reconciliavit
1333 5690 1438 5745 sibi
1463 5691 1729 5745 mundum
1749 5691 1923 5746 multo
1949 5706 2072 5745 ma-

484 5777 568 5858 gis
589 5780 918 5842 credettdum
942 5789 1027 5839 est
1042 5782 1188 5853 quod
1214 5796 1311 5853 per
1331 5782 1757 5854 assumptionem
1774 5796 1966 5839 eorum
1992 5780 2074 5837 i'a-

1017 388 1075 445 s.
1118 380 1464 446 BRUNOMS
1500 386 2141 447 CARTHUSIANORUM
2180 374 2669 451 msri'rUronis
2704 390 2857 453 ore.
2895 390 3078 447 mss
3114 365 3177 446 η’.

3658 389 3757 448 π

2089 511 2136 563 Α
2160 504 2420 561 cietDeus
2432 506 2612 562 vivere
2634 508 2896 563 multosin
2910 512 3392 577 peccatomortuos
3409 507 3531 577 :qui
3556 522 3735 564 exeris
3778 500 3788 515 ³

2159 594 2249 665 plo
2278 595 2494 649 illorum
2530 596 2809 667 provocati
2838 597 3020 651 vivent
3050 597 3106 650 in
3142 596 3248 651 ﬁde
3272 595 3498 652 Christi.
3541 595 3740 653 Proba

2159 686 2304 755 quod
2335 701 2505 756 genus
2529 702 2719 741 eorum
2745 703 2856 741 non
2890 682 3157 756 impediat
3178 688 3614 757 assumptionem
3643 702 3760 744 eo-

2156 762 2305 841 rum,
2333 776 2426 831 sed
2462 777 2575 831 sola
2616 776 2986 841 incredulitas,
3029 775 3217 831 dicens
3251 792 3265 829 :
3299 774 3444 830 Bene
3470 776 3619 843 dico,
3659 793 3750 831 as-

2158 868 2403 936 sumptio.
2449 865 2585 921 Nam
2623 867 2759 922 bene
2793 876 3024 936 possunt
3049 866 3477 935 assumptionem
3514 866 3765 926 mereri.

2159 956 2220 1012 Si
2241 959 2377 1011 enim
2399 958 2650 1012 delibatio
2676 968 2859 1012 sancta
2887 967 2984 1025 est,
3011 957 3067 1013 id
3092 962 3177 1012 est
3214 957 3260 1012 si
3285 958 3550 1026 apostoli,
3571 968 3625 1012 ct
3654 958 3769 1012 alii

2155 1050 2249 1118 qui
2280 1049 2346 1103 de
2387 1063 2582 1120 genere
2620 1065 2808 1105 eorum
2843 1050 2998 1104 electi
3034 1056 3184 1116 sunt,
3220 1049 3394 1104 sancti
3426 1058 3577 1116 sunt,
3611 1065 3763 1105 con-

2157 1147 2263 1194 stat
2287 1141 2430 1209 quod
2457 1141 2616 1193 etiam
2649 1157 2854 1205 massa,
2891 1141 2944 1194 id
2978 1148 3062 1194 est
3096 1140 3186 1193 illa
3218 1139 3499 1209 plenitudo
3524 1139 3762 1195 Iudaic-

2154 1245 2276 1285 rum
2298 1230 2450 1285 salva
2467 1246 2587 1285 esse
2622 1239 2817 1300 potest.
2844 1229 2902 1284 Si
2926 1230 3073 1283 enim
3094 1230 3389 1300 Apostolus
3412 1229 3547 1284 nihil
3567 1229 3763 1284 obfuit

2155 1303 2325 1390 genus
2337 1333 2436 1373 nec
2455 1320 2581 1377 aliis
2598 1320 2792 1373 obesse
2812 1319 2987 1373 debet.
3019 1317 3408 1373 Delibationem
3434 1318 3571 1373 dicit
3600 1317 3769 1372 abea

2156 1407 2551 1464 similitudine:
2583 1408 3042 1478 quemadmodum
3079 1423 3272 1478 parum
3308 1408 3440 1477 quid
3489 1414 3765 1478 gustatur

2155 1499 2222 1554 de
2244 1500 2385 1565 cibo,
2409 1515 2506 1569 per
2525 1500 2671 1569 quod
2700 1507 2812 1554 tota
2848 1516 3027 1553 massa
3055 1500 3201 1554 bene
3234 1515 3303 1553 an
3339 1500 3481 1554 male
3519 1498 3760 1555 condita

2155 1591 2227 1646 sit
2249 1591 2511 1661 probatur
2541 1609 2554 1645 :
2584 1591 2663 1646 sic
2683 1590 2910 1660 apostoli
2937 1590 3191 1644 delibatio
3221 1589 3544 1645 dicebantur
3575 1592 3765 1646 totius

2154 1698 2351 1737 massm
2375 1681 2708 1749 Iudaeorum,
2729 1682 2785 1736 in
2809 1682 3010 1752 quibus
3034 1682 3259 1751 planum
3287 1690 3411 1737 erat
3425 1680 3631 1738 Iudaeis
3654 1696 3753 1753 ge-

2155 1789 2262 1829 nus
2281 1774 2416 1829 nihil
2436 1773 2647 1829 obesse.
2670 1772 2873 1828 Probat
2897 1774 3092 1828 iterum
3117 1773 3261 1827 idem
3289 1788 3389 1843 per
3411 1773 3579 1828 aliud.
3613 1772 3763 1828 Ideo

2090 1845 2133 1902 B
2158 1866 2320 1921 etiam
2364 1873 2581 1919 constat
2621 1879 2719 1920 eos
2756 1864 2894 1919 bene
2925 1878 3086 1934 posse
3121 1864 3351 1919 assumi.
3398 1862 3534 1917 Nam
3585 1864 3766 1917 radix

2157 1972 2370 2023 eorum,
2394 1956 2448 2010 id
2471 1964 2553 2010 est
2578 1955 2877 2023 Abraham,
2898 1953 3048 2010 lsaac
3076 1963 3130 2010 et
3152 1952 3339 2021 Iacob,
3364 1955 3502 2025 quod
3520 1955 3571 2007 si
3585 1954 3777 2009 radi.»

2155 2062 2347 2103 eorum
2382 2055 2568 2102 sancta
2602 2032 2722 2115 est,
2758 2049 2896 2101 rami
2928 2048 3088 2101 etiam
3124 2048 3303 2101 sancti
3333 2063 3457 2103 esse
3485 2056 3761 2117 possunt.

2155 2137 2312 2193 Dices
2363 2139 2559 2194 iterum
2587 2139 2721 2193 mihi
2752 2138 2899 2209 quod
2931 2139 3071 2193 rami
3119 2139 3197 2193 illi
3219 2138 3380 2209 fracti
3408 2147 3565 2193 sunt:
3594 2139 3763 2209 quod

2156 2230 2202 2286 si
2231 2231 2405 2302 aliqui
2425 2246 2493 2286 ex
2526 2231 2695 2286 ramis
2714 2246 2809 2300 per
2837 2228 3269 2286 incrudelitatem
3308 2246 3338 2285 a
3371 2224 3554 2285 radice
3583 2231 3777 2300 fracti

2153 2330 2276 2376 sunt
2302 2364 2321 2390 ,
2346 2331 2401 2377 tu
2432 2333 2609 2377 autem
2653 2324 2881 2377 insertus
2917 2339 2972 2377 es
3003 2322 3060 2376 in
3097 2321 3236 2390 illis,
3264 2322 3319 2376 id
3360 2329 3444 2377 est
3471 2321 3595 2377 loco
3619 2321 3765 2379 illo.

2153 2426 2278 2466 rum
2310 2428 2429 2466 cum
2466 2428 2602 2466 esses
2651 2412 2909 2479 oleaster,
2950 2412 3003 2466 id
3038 2419 3123 2466 est
3149 2411 3372 2477 sterilis,
3396 2418 3451 2466 et
3478 2426 3509 2466 a
3550 2420 3771 2467 sancta

2155 2501 2336 2556 radice
2370 2502 2581 2558 alienus
2611 2521 2624 2557 :
2654 2502 2826 2572 factus
2856 2518 2917 2558 es
2944 2503 3107 2558 etiam
3135 2503 3308 2556 socius
3333 2502 3555 2568 radicis,
3585 2501 3644 2557 id
3673 2511 3768 2559 est

2152 2594 2541 2664 prophetarum
2577 2636 2592 2662 ,
2624 2594 2679 2648 in
2709 2595 2911 2665 quibus
2944 2593 3186 2650 radicata
3214 2602 3297 2649 est
3331 2594 3484 2649 ﬁdes.
3538 2591 3614 2647 Et
3670 2594 3767 2665 fa-

2155 2695 2270 2739 ctus
2300 2702 2354 2739 cs
2385 2688 2558 2740 socius
2587 2688 2943 2758 pinguedinis,
2987 2688 3041 2743 id
3077 2698 3161 2744 est
3189 2688 3558 2758 apostolorum
3596 2706 3611 2743 :
3656 2691 3773 2760 qui

2153 2776 2533 2847 pinguedinem
2584 2779 2728 2846 ﬁdei,
2771 2787 2827 2836 et
2872 2780 3258 2835 abundantiam
3295 2779 3468 2836 sancti
3502 2778 3766 2850 Spiritus

2154 2868 2480 2925 habuerunt.
2509 2870 2727 2924 Radicis
2765 2879 2815 2926 et
2853 2872 3185 2942 pinguedinis
3210 2872 3333 2928 dico
3362 2870 3532 2937 olives,
3570 2871 3626 2926 id
3671 2882 3773 2929 est

2154 2958 2362 3017 Iudaici
2412 2963 2637 3032 populi,
2691 2962 2820 3033 quia
2856 2964 3137 3034 prophetae
3168 2973 3223 3019 et
3267 2963 3497 3033 apostoli
3537 2961 3766 3020 Iudaeis
3802 2948 3809 2955 ’

2155 3052 2267 3107 nati
2293 3062 2436 3107 sunt.
2474 3052 2541 3108 Et
2580 3054 2626 3108 si
2661 3062 2717 3109 tu
2748 3054 2959 3110 alienus
2989 3069 3019 3108 a
3050 3053 3235 3109 radice
3260 3055 3487 3108 insertus
3524 3071 3600 3119 es,
3633 3053 3767 3108 noli

2082 3181 2125 3239 α
2157 3144 2379 3216 gloriari
2423 3145 2669 3199 adversus
2716 3153 2924 3200 stantes
2954 3160 3148 3212 ramos,
3190 3160 3367 3214 neque
3404 3152 3457 3199 ιε
3483 3143 3762 3214 praeferre

2157 3236 2285 3302 illis,
2307 3237 2464 3307 quasi
2487 3244 2544 3290 tu
2570 3245 2787 3307 propter
2805 3236 3061 3291 meritum
3085 3236 3163 3291 sis
3184 3235 3486 3317 eligendus,
3514 3235 3591 3289 illi
3616 3250 3765 3305 pro-

2156 3337 2276 3400 pter
2295 3345 2466 3399 genus
2481 3327 2791 3397 objiciendi.
2811 3326 2950 3392 Quia
2980 3329 3029 3381 si
3045 3334 3103 3381 tu
3124 3327 3436 3397 importune
3466 3326 3759 3400 gloriaris,

2157 3397 2368 3473 dicetur
2384 3417 2480 3471 tibi
2516 3435 2528 3471 :
2559 3416 2768 3483 Frater,
2802 3424 2858 3469 tu
2886 3433 2989 3470 non
3004 3423 3182 3486 portas
3197 3416 3450 3481 radicem,
3473 3397 3571 3468 sed
3586 3397 3765 3470 radis

2156 3516 2336 3579 portat
2364 3518 2412 3562 te
2431 3507 2651 3578 :quiain
2664 3514 2716 3562 te
2728 3507 2936 3562 nullum
2959 3507 3271 3577 exemplum
3289 3505 3448 3571 boni;
3476 3506 3531 3559 in
3558 3505 3767 3563 radice

2158 3613 2288 3652 vero
2326 3598 2408 3666 (ut
2448 3597 2501 3651 in
2538 3595 2836 3664 Abraham)
2871 3596 3179 3665 exemplum
3216 3595 3386 3650 totius
3417 3593 3562 3649 ﬁdei.
3597 3593 3757 3660 Quia

2160 3688 2321 3742 modo
2332 3687 2528 3742 abstuli
2541 3687 2636 3741 tibi
2648 3685 2867 3758 gloriari
2880 3686 3140 3741 adversus
3151 3692 3359 3740 stantes
3370 3699 3552 3739 ramos
3570 3703 3583 3737 :
3598 3701 3771 3755 ergo,

2161 3778 2213 3833 id
2247 3787 2330 3834 est
2365 3786 2650 3848 propterea
2685 3778 2827 3831 dices
2864 3777 3028 3832 mihi:
3070 3776 3199 3847 quia
3233 3776 3498 3831 adversus
3536 3773 3767 3831 fractos

2159 3870 2266 3942 65
2296 3870 2612 3940 gloriaberis
2637 3870 2731 3924 ita.
2768 3868 3054 3923 Naturales
3081 3867 3227 3922 rami
3251 3882 3350 3937 per
3380 3865 3756 3921 incredulita-

2160 3970 2268 4016 tem
2302 3961 2460 4029 fracti
2488 3969 2631 4026 sunt,
2659 3969 2717 4013 ut
2739 3976 2831 4030 ego
2853 3960 3061 4013 inserar
3086 3959 3211 4013 loco
3240 3973 3451 4012 eorum.
3484 3954 3600 4011 Hoc
3625 3958 3774 4024 bene
3800 3950 3805 3955 ’

2160 4061 2264 4117 εει,
2288 4059 2343 4106 ει
2369 4053 2449 4107 sic
2480 4052 2746 4118 concedo,
2773 4052 2849 4106 ait
2868 4051 3092 4119 Paulus,
3137 4050 3231 4106 sed
3276 4051 3352 4104 illi
3384 4065 3491 4105 non
3526 4060 3764 4122 propter

2162 4158 2354 4213 genus,
2386 4143 2480 4197 sed
2498 4152 2711 4213 propter
2730 4144 3153 4198 incredulitatem
3186 4144 3346 4213 fracti
3368 4151 3509 4197 sunt.
3538 4142 3580 4196 Τ
3583 4161 3619 4197 u
3648 4156 3761 4199 att-

2164 4242 2266 4286 tem
2300 4243 2411 4286 stas
2440 4233 2561 4288 loco
2590 4232 2807 4286 illorum
2836 4249 2937 4304 pro
2968 4234 3083 4287 sola
3111 4232 3232 4301 ﬁde.
3270 4231 3336 4285 Et
3371 4231 3492 4287 ideo
3521 4232 3636 4286 noli
3668 4234 3762 4287 al-

2165 4334 2275 4378 tum
2301 4341 2502 4395 sapere,
2536 4325 2587 4378 id
2614 4332 2697 4379 est
2723 4325 3004 4394 superbire
3032 4331 3222 4378 contra
3250 4322 3476 4389 fractos,
3508 4322 3601 4377 sed
3627 4325 3763 4377 time

2162 4426 2231 4470 ne
2266 4415 2516 4471 similiter
2545 4415 2855 4484 frangaris:
2888 4414 3188 4469 timendum
3232 4414 3420 4482 utique
3456 4419 3561 4477 est,
3598 4414 3765 4483 quia,

2093 4511 2138 4569 Ι)
2164 4510 2211 4561 si
2234 4507 2371 4561 Deus
2398 4523 2498 4561 non
2523 4506 2752 4577 pepercit
2771 4503 3108 4559 naturalibus
3129 4504 3318 4569 ramis,
3343 4502 3396 4557 id
3419 4509 3503 4557 est
3521 4500 3759 4569 Iuda-is,

2167 4613 2230 4649 ne
2264 4596 2399 4666 forte
2439 4611 2530 4649 nec
2567 4603 2752 4665 parcat
2788 4594 2904 4660 tibi,
2948 4593 3038 4648 cui
3074 4593 3259 4647 minus
3302 4591 3499 4646 debere
3535 4590 3764 4646 videtur

2167 4704 2276 4743 non
2303 4687 2561 4751 naturali,
2595 4687 2725 4756 quia
2757 4695 2812 4740 tu
2855 4702 2962 4740 non
2993 4684 3259 4740 natuzalis
3283 4698 3381 4754 per
3407 4683 3641 4754 gratiam
3670 4684 3765 4738 in-

2166 4785 2345 4832 sertus
2365 4791 2458 4841 es;
2485 4776 2575 4831 ille
2599 4775 2865 4830 naturalis
2888 4781 3110 4846 propter
3133 4773 3347 4842 culpam
3369 4771 3628 4843 repulsus
3646 4782 3758 4851 εει.

2166 4863 2309 4935 Ergo
2333 4865 2447 4919 vide
2468 4864 2753 4918 bonitatem
2773 4873 2821 4918 et
2842 4865 3170 4917 severitatem
3192 4861 3313 4916 Dei.
3341 4860 3409 4914 In
3428 4862 3763 4932 eosqnidem

2166 4959 2252 5011 cui
2281 4957 2600 5021 ceciderunt,
2624 4956 2677 5011 id
2708 4965 2792 5010 est
2819 4955 2872 5009 in
2895 4954 3130 5018 Iudaeos,
3162 4952 3659 5031 vide'sc'ceritateyt.
3686 4951 3767 5007 In

2168 5059 2215 5104 te
2242 5059 2419 5103 autent
2444 5049 2539 5118 qui
2562 5063 2658 5117 per
2684 5046 3114 5103 misericordiam
3139 5046 3379 5101 insertus
3404 5058 3484 5110 es,
3513 5043 3632 5097 vide
3657 5043 3761 5097 bo-

2166 5146 2387 5197 nitatem
2421 5143 2535 5197 Dei.
2574 5143 2875 5196 Bonitatem
2911 5156 2975 5195 ea
2999 5140 3118 5211 lege
3145 5139 3292 5205 dico,
3324 5139 3457 5192 situ
3500 5152 3764 5208 perman-

2166 5233 2299 5288 seris
2347 5233 2405 5285 in
2451 5248 2515 5286 ea
2555 5230 2819 5297 bonitate,
2866 5228 3212 5300 cooperando
3262 5237 3498 5299 accepta:
3540 5226 3758 5299 gratiae.

2167 5325 2419 5394 Alioquin
2459 5323 2507 5379 si
2537 5338 2646 5377 non
2677 5321 3063 5391 permanseris,
3094 5321 3242 5376 sicut
3279 5317 3503 5375 Iudmus
3534 5317 3765 5373 excisus
3796 5338 3803 5343 ι

2167 5424 2272 5482 εει,
2305 5416 2379 5470 ita
2410 5422 2467 5468 tu
2498 5414 2661 5467 etiam
2689 5412 2949 5468 excideris
2978 5428 2995 5466 :
3028 5420 3082 5466 et
3109 5411 3187 5465 illi
3216 5410 3388 5466 Iudaei
3418 5409 3466 5465 si
3493 5423 3602 5464 non
3630 5423 3762 5478 per-

2171 5506 2493 5571 manserint,
2545 5503 2601 5558 in
2646 5503 3027 5559 incredulitate
3068 5503 3270 5557 iterum
3301 5502 3632 5557 inserentur.
3688 5495 3765 5554 Et

2171 5596 2313 5651 bene
2336 5597 2461 5651 dico
2497 5596 2834 5650 inserentur:
2865 5593 3009 5649 Nam
3036 5593 3180 5650 Deus
3219 5601 3404 5664 potens
3446 5600 3526 5647 est
3563 5591 3763 5647 iterum

2170 5691 2397 5745 inserere
2434 5687 2580 5753 illos,
2605 5687 2767 5743 sicuti
2807 5687 2936 5743 olim
2973 5687 3193 5743 eosdem
3235 5683 3486 5742 inseruit.
3535 5680 3601 5739 Et
3628 5696 3762 5737 vero

2175 5778 2320 5834 Deus
2348 5785 2540 5849 potens
2565 5785 2668 5844 est,
2701 5793 2827 5832 nam
2850 5786 3032 5833 actum
3068 5776 3233 5848 hujus
3259 5775 3511 5847 potentia:
3540 5773 3759 5844 aliquos
