3978 6410
166 384 256 452 Μ

736 421 743 426 ι
786 382 1151 448 εκνοδιτιο
1190 387 1257 444 IN
1294 380 1678 443 EPISTOLAS
1714 384 1753 440 Ρ

1856 382 1944 440 LI.
1982 414 2053 427 -—-
2089 380 2159 439 IN
2201 384 2418 443 EPIST.
2463 387 2556 443 AD
2594 386 2763 445 ROM‘.

154 508 303 567 "Iieet
345 523 549 581 paucos
577 504 868 564 inserendo
902 508 1009 563 hoc
1036 517 1279 578 tempore
1314 506 1582 578 paulatim
1608 521 1766 567 exet.-
1792 509 1840 565 Α
1864 506 2118 574 cationis,
2155 507 2249 578 qui
2281 508 2448 563 etiam
2482 508 2721 579 quadam
2764 503 3029 561 facilitate
3062 513 3274 563 avertat
3306 511 3458 580 quod

169 608 257 656 eet
280 618 295 654 :
322 598 473 671 quod
500 598 912 669 :equipollenter
944 598 1041 653 ait.
1072 596 1218 652 Deus
1248 595 1437 666 utique
1463 602 1643 666 potest
1670 609 1767 650 eos

169 691 418 746 inserere
445 707 460 744 :
493 705 617 743 nam
651 690 700 742 si
737 696 792 742 tu
840 688 1057 759 gentilis
1079 679 1295 743 excisus
1323 702 1384 743 es
1414 702 1481 741 ea;
1511 685 1764 752 oleastro,

156 782 221 838 id
234 789 323 837 est
337 795 407 836 ex
430 778 771 835 infruetifera
786 780 989 846 radice,
1008 781 1247 835 oleastro
1263 778 1388 834 dico
1410 771 1649 833 naturali
1669 776 1767 834 tibi

156 885 261 927 aer
309 873 533 943 longam
579 872 1069 939 consuetudinem;
1120 880 1175 927 et
1212 871 1260 927 si
1302 873 1533 926 insertus
1576 887 1629 925 es
1669 885 1768 940 per

162 961 403 1031 gratiam
431 961 489 1014 in
515 961 707 1015 bonam
732 959 947 1028 olivam,
979 969 1035 1016 et
1065 961 1170 1017 hoc
1197 970 1384 1015 centra
1415 970 1685 1026 naturam,
1711 961 1766 1016 id

159 1058 245 1105 est
272 1058 469 1105 contra
500 1051 976 1119 consuetudinem,
1007 1067 1131 1122 quae
1169 1051 1527 1107 diuturnitate
1549 1061 1764 1122 tempo-

160 1140 241 1194 ris
274 1140 329 1194 in
374 1148 628 1196 naturam
671 1141 1002 1196 transierat:
1042 1151 1240 1213 quanto
1282 1143 1451 1213 magis
1492 1141 1547 1195 hi
1590 1140 1765 1197 Judaei

162 1230 485 1286 inserentur
516 1247 630 1287 sua:
654 1233 831 1299 olivae,
862 1249 982 1303 qua:
1016 1248 1199 1287 eorum
1229 1240 1311 1287 est
1349 1232 1634 1287 secundum
1663 1250 1765 1286 na-

169 1330 340 1375 turam
358 1322 383 1375 .’
409 1319 470 1375 Si
492 1330 553 1376 tu
572 1337 682 1377 non
704 1323 973 1378 naturalis
993 1323 1234 1379 insertus
1252 1338 1314 1378 es
1335 1332 1556 1393 propter
1577 1322 1760 1392 ﬁdem,

169 1426 275 1467 non
299 1421 389 1467 est
414 1428 585 1469 causa
616 1429 786 1483 quare
809 1414 1088 1470 naturales
1117 1414 1257 1469 rami
1286 1430 1397 1470 non
1424 1415 1656 1470 debeant
1678 1416 1764 1469 in-

166 1505 272 1559 seri
304 1513 533 1574 propter
556 1505 806 1560 eamdem
830 1521 1078 1561 causam.

163 1617 168 1621 ·
231 1595 499 1651 Probavit
536 1596 789 1667 superius
824 1597 971 1667 quod
1022 1596 1168 1653 Deus
1196 1596 1495 1668 potentiam
1536 1598 1763 1656 haberet

168 1686 443 1743 inserendi
471 1688 594 1744 illos
623 1704 720 1759 per
741 1696 926 1743 actum
964 1704 1078 1743 suae
1107 1689 1383 1759 potentiae,
1412 1689 1542 1759 quia
1572 1702 1758 1744 revera

166 1780 502 1848 inserentur,
537 1779 764 1836 dicens:
803 1778 945 1836 Vere
982 1778 1153 1835 Judaei
1194 1780 1394 1835 iterum
1426 1780 1753 1836 inserentur.

1869 599 1974 654 erit
2004 600 2060 655 in
2096 600 2202 655 ﬁne
2224 600 2436 667 mundi,
2468 600 2689 671 quando
2715 597 2890 654 Judaei
2917 599 3063 653 ultro
3088 601 3460 669 properabunt

1858 691 1939 747 ‘ad
1977 692 2354 747 salvationem.
2388 691 2601 762 Erip‘iat
2644 691 2769 747 dico
2808 698 2859 744 et
2889 698 3092 744 avertat
3118 692 3459 761 impietatem

1871 799 1904 836 a
1953 781 2143 851 Iacob,
2179 783 2233 838 id
2263 792 2348 840 est
2385 800 2415 838 a
2458 782 2688 839 Iudaico
2714 782 2935 853 populo.
2977 780 3316 853 Impietatem
3347 796 3460 839 non

1869 874 2000 930 dicit
2033 875 2125 930 hic
2152 885 2469 931 consuetam
2503 875 2890 941 idololatriam,
2919 875 3014 930 sed
3044 873 3316 947 denegare
3345 868 3461 929 cul-

1871 973 1984 1020 tum
2008 964 2146 1018 Filio
2178 964 2292 1031 Dei,
2326 965 2471 1035 quod
2501 964 2674 1020 Judaei
2703 965 2999 1031 faciebant,
3025 964 3132 1019 hoc
3163 972 3320 1019 vocat
3347 964 3456 1018 im-

1867 1056 2145 1125 pietatem.
2176 1054 2336 1112 Ritus
2358 1058 2503 1111 enim
2533 1072 2749 1122 eorum,
2768 1066 3060 1127 postquam
3088 1063 3303 1126 tempus
3325 1068 3456 1127 gra-

1868 1146 1959 1221 tiae
1979 1146 2146 1213 venit,
2180 1161 2305 1201 vere
2329 1146 2632 1202 idololatria
2659 1146 2781 1202 fuit.

1938 1237 2328 1293 Determinavit
2373 1253 2470 1307 per
2516 1253 2679 1308 quem
2717 1237 2865 1292 salus
2896 1235 3054 1291 ﬁeret
3089 1235 3312 1294 Iudaeis.
3348 1234 3455 1291 De-

1867 1328 2125 1382 terminat
2146 1327 2312 1381 etiam
2343 1336 2577 1397 tempus,
2610 1329 2829 1397 quando
2853 1328 2957 1382 hoc
2986 1326 3230 1382 futurum
3252 1327 3346 1392 sit,
3373 1322 3458 1381 ἀί-

1863 1434 2031 1474 cens:
2063 1418 2133 1472 Et
2170 1420 2267 1473 hoc
2298 1427 2689 1484 testamentum,
2725 1418 2779 1473 id
2816 1427 2901 1473 est
2944 1419 3061 1473 haec
3100 1425 3296 1472 testata
3331 1432 3458 1487 pro—

1865 1510 2079 1578 missio,
2108 1511 2474 1581 complebitur
2516 1509 2627 1563 illis
2659 1526 2691 1563 a
2725 1523 2846 1562 me:
2887 1517 3019 1564 tune
3037 1524 3157 1562 cum
3187 1506 3456 1562 abstulero

1859 1610 2077 1672 peccata
2128 1618 2339 1668 eorum,
2383 1616 2589 1671 eosque
2634 1599 3051 1671 justilicavero:
3108 1599 3257 1669 quod
3306 1612 3458 1653 nunc

1860 1694 2123 1764 paulatim
2172 1693 2250 1759 ﬁt,
2294 1700 2350 1747 et
2395 1694 2452 1747 in
2500 1692 2710 1748 ultimis
2751 1692 2947 1747 diebus
2992 1690 3252 1760 plenarie.
3300 1688 3459 1744 Nunc

1861 1783 2081 1852 quidem
2110 1782 2420 1852 eripiuntur
2447 1783 2518 1837 ab
2545 1782 2845 1852 impietate,
2870 1788 2925 1836 et
2953 1780 3095 1835 tiunt
3117 1778 3323 1835 dilecti.
3348 1779 3458 1833 Alii

166 1870 295 1928 Nam
328 1880 384 1928 et
417 1887 571 1927 nunc
610 1882 857 1943 tempore
897 1872 1282 1928 excaecationis
1320 1887 1514 1928 eorum
1554 1887 1753 1927 secun-
1787 1853 1831 1912 Β
1859 1888 1989 1928 vero
2016 1872 2111 1943 qui
2130 1873 2326 1928 nolunt
2347 1873 2507 1943 eripi,
2531 1881 2661 1928 sunt
2684 1873 2890 1927 inimici
2914 1887 2932 1925 :
2953 1879 3009 1927 et
3033 1872 3139 1926 hoc
3168 1869 3459 1927 secundum

167 1962 289 2016 dum
318 1970 534 2032 partem
564 1962 905 2029 inseruntur,
930 1970 985 2017 et
1006 1963 1073 2017 ad
1104 1962 1358 2017 ultimum
1384 1963 1567 2018 omnis
1590 1962 1756 2018 Israel

166 2052 343 2107 salvus
376 2052 494 2106 Iiet.
528 2048 671 2118 Quia
697 2066 844 2106 nunc
872 2051 1041 2123 aliqui
1072 2051 1394 2106 inseruntur
1414 2050 1756 2121 concipimus

168 2143 250 2200 ubi
275 2143 381 2199 ait:
414 2141 680 2200 «Caecitas
708 2159 775 2198 ex
797 2153 952 2214 parte
973 2143 1204 2215 contigit
1226 2144 1280 2197 in
1295 2142 1514 2198 Israel.»
1538 2142 1595 2196 Si
1609 2144 1756 2198 enim

166 2235 215 2288 in
242 2244 398 2305 parte
423 2250 541 2291 non
566 2235 625 2290 in
654 2243 790 2303 toto,
820 2251 992 2307 quare
1015 2251 1126 2290 non
1154 2235 1392 2289 dicimus
1420 2251 1568 2290 nunc
1590 2235 1755 2290 etiam

166 2335 365 2395 partem
382 2341 584 2382 eorum
610 2326 873 2383 reinseri?
900 2327 985 2394 Et,
1037 2342 1071 2382 o
1100 2327 1314 2397 fratres,
1349 2327 1469 2381 nolo
1494 2343 1579 2381 vos
1608 2329 1757 2398 igno-

166 2433 276 2471 rare
301 2417 403 2472 hoc
430 2419 754 2490 contigisse,
792 2419 1004 2474 scilicet
1038 2420 1337 2474 caecitatem
1380 2419 1437 2473 in
1480 2418 1668 2486 Israel,
1697 2414 1758 2474 ut

165 2509 429 2566 intrarent
468 2518 660 2581 gentes
691 2529 704 2565 :
748 2511 894 2581 quod
925 2510 1113 2581 utique
1152 2510 1463 2582 mysterium
1491 2520 1594 2578 est,
1625 2512 1756 2582 quia

164 2602 208 2657 si
227 2602 365 2657 ordo
393 2601 477 2657 rei
512 2601 916 2668 consideratur,
948 2617 1114 2657 causa
1158 2610 1342 2656 tamen
1372 2602 1756 2658 excaecationis

162 2690 493 2763 Iudaeorum,
537 2701 593 2750 et
622 2692 1042 2749 illuminationis
1079 2692 1322 2765 gentium
1362 2709 1469 2749 non
1501 2694 1757 2765 intelligi-

164 2789 261 2840 tur.
294 2785 480 2853 Quam
519 2787 821 2843 caecitatem
858 2794 913 2841 et
939 2785 1427 2853 illuminationem,
1468 2787 1591 2841 ideo
1627 2787 1755 2842 nolo

164 2891 253 2933 vos
282 2876 548 2950 ignorare
575 2892 698 2933 esse
722 2877 1066 2949 mysterium,
1104 2885 1163 2930 ut
1188 2892 1292 2930 non
1320 2877 1440 2930 sitis
1464 2877 1755 2930 'vobismet-

163 2969 281 3037 ipsis
310 2970 605 3039 sapientes,
650 2969 704 3025 id
737 2978 821 3025 est
850 2977 910 3024 ut
939 2984 1048 3024 non
1084 2968 1354 3038 imputare
1392 2967 1615 3037 possitis
1648 2968 1754 3024 hoc

162 3060 442 3129 sapientiae
462 3070 678 3126 vestrae,
708 3075 833 3130 quae
856 3054 1261 3115 sacramentum
1293 3058 1459 3128 hujus
1482 3058 1561 3112 rei
1588 3059 1750 3113 intel-

164 3148 318 3219 ligere
344 3164 463 3204 non
490 3148 707 3205 sufficit.
735 3148 793 3203 Si
822 3149 969 3204 enim
1011 3149 1125 3204 hzec
1158 3164 1328 3203 causa
1355 3163 1468 3202 non
1491 3148 1597 3203 sub
1626 3164 1750 3219 my-
1777 3187 1825 3249 ο

162 3242 318 3296 sterio
357 3229 754 3306 occultaretur,
791 3240 885 3294 sed
923 3239 1079 3294 vobis
1112 3248 1300 3309 aperta
1335 3238 1506 3305 ﬁeret,
1538 3253 1749 3308 praesu-

165 3331 352 3387 mendo
384 3330 737 3402 imputaretis
774 3330 880 3384 hoc
912 3329 1196 3400 sapientiae
1225 3338 1440 3396 vestrm,
1470 3344 1593 3398 quae
1621 3328 1752 3398 quia

166 3420 554 3495 ineognitione
596 3421 764 3492 hujus
793 3420 1040 3492 mysterii
1072 3420 1276 3485 deticit,
1322 3418 1751 3474 imbecillitatem

164 3530 311 3571 suam
352 3514 637 3586 intelligit,
675 3522 730 3570 et
774 3513 1010 3568 miratur
1040 3511 1385 3567 altitudinem
1412 3511 1584 3567 divini
1620 3527 1753 3567 con-

312 3605 459 3672 Hoc,
506 3605 756 3675 inquam,
801 3605 922 3659 nolo
960 3620 1049 3659 eos
1096 3604 1340 3675 ignorare
1387 3605 1535 3674 quia,
1576 3602 1633 3658 id
1667 3610 1754 3660 est

165 3696 299 3765 quod
344 3696 568 3751 caecitas
620 3695 841 3766 contigit
873 3695 951 3749 in
974 3693 1168 3749 Israel.
1207 3693 1275 3748 Et
1300 3694 1407 3749 hoc
1439 3708 1507 3749 ex
1554 3702 1747 3764 parte:

166 3802 267 3842 non
290 3789 446 3844 enim
493 3801 688 3842 omnes
728 3785 988 3842 excaecati
1031 3780 1180 3841 sunt.
1232 3782 1541 3855 Contigisse
1585 3783 1747 3853 dicit,

167 3888 423 3948 quantum
469 3877 540 3933 ad
588 3876 957 3948 ignorantiam
1007 3875 1324 3942 hominum,
1374 3889 1500 3947 quae
1551 3889 1751 3929 causas

168 3967 320 4041 hujus
348 3969 605 4041 mysterii
636 3967 851 4024 nescit:
884 3982 1008 4024 cum
1043 3976 1226 4023 tamen
1263 3967 1401 4021 nihil
1428 3965 1749 4037 contingen-

170 4060 265 4129 ηε,
293 4061 433 4119 nihil
462 4060 750 4117 fortuitum
776 4060 832 4115 in
868 4060 1209 4131 providentia
1235 4057 1332 4114 Dei
1363 4059 1463 4115 sit:
1494 4058 1589 4129 qui
1611 4059 1754 4113 sicut

169 4155 361 4221 omnia,
399 4153 486 4210 sic
512 4159 570 4208 et
596 4167 795 4209 causas
823 4151 1071 4207 omnium
1101 4151 1270 4206 novit.
1294 4148 1526 4206 Caecitas
1559 4150 1752 4220 utique

169 4246 383 4317 contigit
424 4245 482 4299 in
513 4244 703 4312 Israel,
730 4244 896 4298 donec
934 4244 1161 4298 intraret
1188 4242 1459 4313 plenitudo
1493 4243 1747 4312 gentium.

170 4332 291 4390 Illud
316 4337 518 4403 donec,
548 4344 603 4391 et
628 4336 928 4407 temporale
949 4344 1034 4392 est
1059 4344 1115 4390 et
1141 4334 1380 4391 causale.
1408 4333 1579 4400 Quasi
1602 4334 1753 4389 dicc-

172 4432 279 4480 ret:
309 4424 439 4481 Ideo
473 4423 648 4481 Judaei
682 4427 938 4482 excaecati
982 4435 1130 4493 sunt,
1172 4436 1233 4480 ut
1261 4426 1510 4493 intraret,
1546 4434 1601 4481 et
1632 4434 1752 4479 tan-

1859 1962 2228 2033 Euangelium,
2252 1963 2307 2017 id
2328 1971 2414 2018 est
2437 1973 2720 2034 propterea
2744 1964 2873 2034 quia
2894 1962 3192 2033 Evangelio
3212 1960 3460 2019 Invident

1856 2065 1909 2111 et
1938 2056 2251 2122 detrahunt,
2289 2072 2385 2126 per
2412 2057 2560 2133 quod
2598 2064 2787 2128 gentes
2816 2063 3233 2111 convertuntur.
3267 2052 3458 2107 Inimi-

1856 2147 1906 2201 ci
1930 2146 2122 2217 utique
2162 2156 2309 2202 sunt.
2336 2142 2409 2201 Et
2430 2148 2537 2202 hoc
2563 2156 2775 2218 propter
2804 2162 2913 2211 vos,
2941 2145 2995 2200 id
3022 2153 3108 2199 est
3140 2144 3208 2215 ad
3249 2143 3458 2198 utilita-

1857 2244 1966 2291 tem
2000 2248 2260 2293 vestram.
2294 2237 2412 2295 Nisi
2442 2238 2588 2293 enim
2626 2235 2800 2291 Judazi
2837 2234 3064 2290 verbum
3102 2232 3197 2287 Dei
3228 2246 3458 2302 respue-

1856 2336 1997 2395 rent,
2034 2328 2268 2397 apostoli
2299 2329 2488 2397 utique
2516 2341 2627 2381 non
2666 2325 2964 2381 transirent
2995 2322 3064 2377 ad
3094 2331 3301 2393 gentes.
3347 2319 3457 2375 Alii

1857 2426 1988 2488 sunt
2030 2418 2260 2472 inimici.
2307 2418 2413 2472 Alii
2462 2425 2667 2482 autem,
2704 2415 2759 2470 id
2799 2422 2885 2470 est
2916 2409 3289 2483 praedestinati
3326 2419 3458 2466 sunt

1857 2507 2162 2561 clmrissimi
2197 2507 2484 2562 secundum
2526 2505 2853 2569 electionem,
2887 2503 2943 2558 id
2969 2510 3056 2557 est
3095 2516 3204 2557 non
3234 2508 3457 2571 propter

1857 2600 2146 2665 meritum,
2187 2599 2282 2655 sed
2327 2598 2456 2669 quia
2502 2597 2647 2653 Deus
2692 2596 2856 2666 elegit
2897 2609 2996 2651 eos
3045 2609 3143 2664 per
3193 2592 3450 2664 gratiam.

1855 2690 2184 2747 Charissimi
2220 2691 2384 2746 etiam
2411 2699 2625 2760 propter
2647 2698 2846 2760 putres,
2877 2701 2986 2741 non
3015 2694 3199 2740 tamen
3230 2692 3453 2754 propter

1856 2786 2112 2840 meritum
2152 2793 2392 2855 patrum,
2444 2783 2541 2839 sed
2589 2789 2650 2837 ut
2680 2781 3011 2852 impleantur
3052 2777 3452 2849 promissiones

1854 2874 2012 2933 facta:
2044 2875 2292 2946 patribus
2328 2888 2544 2929 eorum.
2597 2870 2734 2928 Vere
2767 2867 3450 2932 secundum'electioncm,

1822 2974 1909 3020 ‘ct
1935 2975 2155 3036 propter
2194 2974 2397 3035 patres.
2435 2963 2581 3017 Nam
2629 2963 2834 3017 vacatio
2880 2961 3001 3029 Dei,
3034 2961 3090 3015 id
3128 2968 3215 3015 est
3257 2958 3454 3014 electio

1853 3072 2067 3123 eorum,
2106 3066 2157 3111 et
2205 3057 2366 3122 dona,
2415 3057 2465 3111 id
2502 3065 2587 3111 est
2632 3053 2977 3124 impletiones
3018 3049 3451 3121 promissionum

1854 3158 1979 3203 sunt
2011 3150 2126 3203 sine
2158 3148 2489 3219 paenitentia,
2520 3148 2575 3202 id
2618 3155 2703 3203 est
2742 3145 2861 3201 sine
2886 3142 3288 3208 immutatione,
3322 3139 3453 3212 quia

1853 3240 2316 3311 quemadmodum
2370 3240 2626 3310 promisit
2679 3247 2735 3294 et
2781 3236 2962 3309 elegit,
2999 3235 3081 3292 sic
3124 3233 3449 3304 complebit;

1851 3322 1936 3387 vel
1965 3334 2040 3388 ita
2069 3351 2081 3387 :
2121 3331 2260 3387 Vere
2298 3332 2604 3386 cltarissimi
2631 3330 2919 3385 secundum
2948 3328 3274 3385 electionem.
3307 3322 3447 3378 Nam

1849 3423 1993 3479 dona
2042 3422 2161 3490 Dei;
2199 3423 2253 3479 id
2291 3432 2376 3478 est
2424 3422 2677 3478 remissio
2722 3428 3095 3492 peccatorum,
3132 3426 3187 3474 et
3232 3414 3454 3471 vocatio

1850 3515 1968 3583 Dei,
2010 3517 2063 3572 id
2106 3525 2188 3572 est
2229 3515 2521 3572 instructio
2557 3514 2819 3578 ﬁdelium,
2870 3527 3032 3583 quos,
3068 3518 3362 3597 postquam
3392 3508 3451 3564 in

1850 3609 2126 3679 baptismo
2158 3609 2529 3680 justiticavit,
2568 3622 2665 3678 per
2712 3606 2967 3661 declares
3015 3602 3278 3658 instruit:
3332 3600 3452 3656 hac

1850 3703 2043 3773 utique
2068 3702 2212 3757 dona
2242 3709 2295 3755 et
2322 3700 2537 3755 vocatio
2572 3697 2669 3753 Dei
2707 3705 2835 3752 sunt
2866 3697 2986 3752 sine
3015 3695 3201 3765 aliquo
3225 3694 3444 3749 merito.

1852 3793 1987 3850 Nam
2016 3795 2134 3851 sine
2156 3792 2477 3865 prenitentia
2504 3790 2805 3860 corporalis
2827 3788 3159 3854 amictionis,
3187 3801 3310 3857 quae
3331 3800 3449 3839 me-

1850 3885 2018 3950 ritum
2057 3882 2390 3955 paenitentiae
2424 3880 2757 3951 praecelleret
2802 3877 2947 3948 apud
2986 3875 3180 3941 Deum,
3213 3874 3261 3931 si
3302 3874 3448 3928 dona

1851 3986 1908 4032 et
1945 3977 2163 4031 vocatio
2208 3975 2329 4046 ejus
2377 3973 2570 4028 tierent
2609 3969 2912 4026 secundum
2956 3967 3235 4034 meritum,
3274 3964 3449 4020 Judmi

1852 4063 2043 4138 utique
2071 4066 2368 4139 eliguntur.
2396 4062 2532 4129 Nam
2559 4063 2697 4117 sicut
2739 4068 2825 4115 vos
2861 4058 3105 4115 Gentiles
3134 4065 3189 4113 et
3220 4055 3445 4129 quidam

1852 4160 2026 4217 Judtei
2049 4167 2176 4215 ante
2204 4159 2377 4227 legem
2402 4174 2502 4213 vos
2523 4154 2813 4228 aliquando
2840 4169 2945 4207 non
2959 4152 3265 4207 credidistis
3294 4150 3401 4205 Deo
3425 4165 3444 4205 :

1854 4270 1991 4307 nunc
2012 4260 2194 4307 autem
2225 4251 2279 4304 in
2311 4258 2554 4322 tempore
2576 4248 2765 4320 gratia:
2793 4245 3062 4301 consecuti
3082 4244 3211 4298 estis
3238 4243 3452 4320 miseri-

1853 4345 2114 4408 cordiam,
2148 4342 2203 4398 id
2228 4350 2316 4398 est
2342 4357 2409 4396 ex
2434 4338 2816 4395 misericordia
2846 4335 3228 4401 salvationem,
3258 4341 3314 4395 et
3341 4333 3447 4389 hoc

1853 4446 2065 4508 propter
2085 4432 2509 4488 incredulitatem
2530 4430 2862 4485 Judaeorum.
2889 4427 3025 4494 Quia
3047 4428 3193 4480 enim
3217 4425 3443 4479 verbum

171 4513 271 4581 diu,
299 4515 479 4571 donec
514 4515 745 4571 intraret
786 4517 1066 4587 plenitudo
1090 4517 1352 4588 gentium.
1381 4516 1492 4574 Nec
1520 4518 1599 4574 sic
1634 4519 1750 4589 ple-
1777 4527 1831 4589 υ
1855 4518 1951 4584 Dei
1980 4542 2090 4581 non
2130 4531 2477 4594 receperunt,
2510 4522 2615 4578 hoc
2649 4521 2721 4576 ad
2746 4528 2936 4593 gentes
2977 4516 3283 4573 transmisit
3306 4530 3443 4586 apo-

171 4604 346 4663 nitudo
376 4616 441 4663 ut
482 4608 683 4680 singuli
727 4609 794 4665 de
837 4610 1087 4681 gentibus
1133 4610 1494 4676 salvarentur,
1540 4611 1634 4667 sed
1678 4625 1746 4665 eo

172 4708 405 4768 respectu
425 4714 539 4769 quo
554 4699 641 4754 vix
658 4700 826 4770 aliqui
841 4701 909 4755 de
930 4701 1182 4771 gentibus
1197 4702 1350 4770 prius
1373 4701 1741 4756 salvahantur.

173 4785 367 4865 Dicitur
406 4791 464 4845 in
503 4799 746 4861 tempore
788 4791 975 4863 gratiae
1023 4790 1194 4847 fuisse
1230 4793 1470 4860 plenarie
1517 4791 1745 4847 salvatio

172 4882 420 4947 gentium.
452 4881 524 4935 Et
557 4883 656 4949 sic,
691 4891 983 4953 postquam
1011 4882 1293 4936 introisset
1314 4883 1591 4951 plenitudo
1615 4898 1747 4953 gen-

174 4971 315 5039 tium,
344 4975 523 5029 salvus
558 4975 705 5045 ﬁeret
735 4976 906 5028 omnis
952 4973 1124 5043 Israel
1149 4991 1167 5028 :
1195 4989 1305 5029 non
1336 4983 1517 5033 tamen
1555 4990 1746 5030 omnes

173 5057 390 5133 Hebraei,
420 5065 518 5121 sed
543 5067 857 5136 quicunque
878 5073 1065 5121 essent
1088 5064 1255 5131 Israel
1281 5065 1527 5127 videntes
1551 5065 1741 5122 Deum.

177 5148 440 5211 Sententia
488 5164 671 5211 tamen
707 5156 1072 5228 quorumdam
1095 5166 1178 5212 est
1216 5172 1407 5213 omnes
1446 5155 1661 5213 Judzeos
1687 5157 1745 5213 in

175 5243 271 5302 ﬁne
290 5249 480 5305 mundi
507 5249 819 5308 salvandos.
850 5249 1051 5305 Probat
1072 5248 1220 5320 quod
1249 5248 1424 5306 Judaei
1453 5265 1599 5305 nunc
1621 5266 1747 5320 par-

179 5334 264 5390 tim
303 5337 602 5409 salventur,
632 5349 686 5395 et
722 5340 780 5395 in
809 5342 917 5396 line
954 5342 1197 5412 plenarie
1228 5356 1325 5412 per
1366 5342 1745 5404 auctoritatem

177 5422 338 5496 Isaiae,
354 5431 542 5488 dicens
567 5450 580 5486 :
606 5432 745 5498 Quia
770 5422 894 5487 dico
920 5431 1087 5489 Israel
1104 5435 1313 5489 salvum
1343 5433 1484 5501 ﬁeri,
1506 5433 1613 5489 hoc
1635 5448 1747 5489 non

179 5532 238 5572 ex
274 5537 379 5589 me,
417 5524 513 5579 sed
555 5526 693 5578 sicut
728 5526 985 5595 scriptum
1018 5536 1117 5594 est,
1155 5542 1362 5583 assero.
1402 5526 1518 5582 Hoc
1559 5527 1749 5598 utique

181 5610 427 5681 scriptum
450 5626 541 5672 est
579 5615 717 5685 (Isa.
748 5633 859 5685 ιιι,
886 5616 979 5687 20)
1009 5637 1023 5672 :
1066 5616 1245 5695 Veniet
1285 5633 1349 5672 ea:
1380 5617 1530 5685 Sion,
1577 5619 1630 5674 id
1664 5629 1750 5674 est

182 5715 241 5754 ex
263 5705 370 5776 θα
393 5706 623 5765 Judaico
650 5710 874 5780 populo,
909 5710 1001 5780 qui
1031 5710 1226 5781 eripiat
1264 5711 1500 5781 quadam
1538 5710 1748 5767 violen-

185 5792 267 5865 tia,
295 5806 347 5851 et
380 5802 546 5856 multo
575 5797 780 5869 labore,
823 5808 884 5857 ut
917 5787 1079 5859 modo
1114 5802 1171 5856 ιιι
1197 5802 1255 5857 in
1295 5811 1537 5874 tempore
1574 5817 1748 5860 excas-

1853 4620 2046 4676 stolus.
2078 4615 2250 4681 Sicut,
2280 4614 2477 4685 inquit,
2514 4628 2614 4667 vos
2639 4613 2770 4666 olim
2789 4626 2898 4665 non
2932 4609 3245 4673 credentes,
3277 4607 3444 4662 modo

1853 4709 2129 4766 consecuti
2155 4708 2291 4762 estis
2312 4704 2772 4771 misericordiam;
2798 4703 2877 4756 ita
2901 4710 2952 4756 et
2974 4701 3066 4755 isti
3086 4698 3280 4764 Judaei,
3306 4714 3445 4751 nunc

1852 4817 1957 4853 non
2000 4799 2360 4862 crediderunt,
2396 4804 2589 4851 euntes
2628 4796 2685 4848 in
2721 4802 2948 4848 vestram
2996 4789 3442 4856 misericordiam,

1852 4892 1907 4947 id
1938 4899 2022 4947 est
2048 4891 2295 4946 nolentes
2330 4888 2551 4953 salvari,
2580 4886 2722 4941 sicut
2748 4900 2844 4941 vos
2871 4898 2970 4954 per
3003 4879 3441 4936 misericordiam

1852 4981 1971 5048 Dei,
2000 4982 2121 5037 ideo
2166 4997 2278 5036 non
2309 4978 2696 5036 crediderunt:
2726 4984 2785 5030 ut
2824 4960 3282 5046 qtiemadmodum
3316 4987 3440 5041 vos,

1848 5070 1930 5128 sic
1952 5071 2111 5125 etiam
2147 5071 2249 5140 ipsi
2274 5075 2660 5139 consequantur
2687 5064 3130 5119 misericordiam.
3163 5060 3333 5118 Vobis
3354 5061 3439 5117 in-

1847 5161 2088 5221 credulis
2120 5161 2382 5217 misertus
2421 5168 2505 5216 est
2538 5156 2707 5225 Deus,
2733 5166 2795 5213 ut
2822 5158 2927 5213 hoc
2958 5155 3305 5213 solummodo
3328 5154 3440 5210 im-

1848 5261 2137 5327 putaretur
2164 5251 2353 5324 gratiae
2381 5265 2516 5319 suae,
2555 5250 2637 5306 sic
2662 5257 2717 5304 et
2739 5247 2942 5304 Iudaeis
2968 5246 3243 5318 disposuit
3268 5246 3325 5302 in
3352 5246 3441 5301 in-

1846 5344 2170 5402 credulitate
2202 5342 2457 5399 dimersis
2479 5340 2753 5409 misereri,
2789 5348 2850 5395 ut
2882 5348 3112 5408 uterque
3138 5336 3360 5393 Judreus
3384 5344 3440 5390 et

1848 5436 2069 5508 gentilis
2112 5449 2268 5505 aeque
2317 5443 2491 5489 totum
2532 5430 2760 5488 referret
2796 5430 2985 5502 gratiae
3019 5427 3137 5494 Dei,
3170 5438 3438 5494 suamque

1848 5528 2281 5597 imbecillitatem
2334 5539 2676 5597 cognoscens
2700 5564 2716 5590 ,
2772 5537 2883 5577 non
2921 5519 3246 5590 superbiret.
3288 5515 3437 5570 Deus

1847 5619 1993 5677 enim
2026 5619 2219 5675 videns
2248 5617 2527 5674 diabolum
2556 5624 2610 5671 ct
2648 5614 2927 5669 hominem
2956 5620 3251 5678 utrumque
3286 5604 3435 5661 oeci-

1848 5711 1999 5768 disse
2017 5726 2114 5782 per
2142 5708 2479 5779 superbiam,
2506 5706 2739 5760 multum
2762 5703 2958 5759 exinde
2990 5698 3199 5756 studuit
3223 5708 3433 5767 przeca-

1848 5818 1976 5859 vere
2005 5800 2215 5857 homini
2250 5815 2280 5853 a
2303 5796 2578 5873 superbia,
2601 5808 2771 5868 quare
2793 5805 3085 5861 utrumque
3109 5787 3356 5852 Jndamm
3378 5792 3434 5840 et
