3978 6414
531 369 604 426 99
1066 358 1126 414 S.
1166 346 2198 427 BBUNONIS-CARTIIUSIANORUM
2237 340 2729 401 INSTITUTORIS
2764 342 2916 400 OPP.
2958 342 3141 401 PARS
3178 343 3236 399 11.

3710 349 3801 403 Illo

537 478 794 554 gentilem
839 472 1155 532 labefactari
1196 472 1447 544 permisit
1489 486 1546 525 in
1580 465 2037 532 incredulitatem,
2069 473 2130 519 ut
2156 466 2204 522 Α
2229 461 2426 554 satcala
2452 461 2561 554 ,_id
2600 468 2685 516 est
2712 461 3072 554 mter-naliter;
3093 462 3343 554 itineri,
3367 459 3421 515 id
3447 469 3530 522 est
3561 459 3743 554 videte
3764 472 3820 517 ut

536 578 743 644 quanto
763 567 938 638 magis
957 563 1332 620 infirmitatem
1352 575 1509 617 suam
1530 564 1943 628 cognoscerent,
1969 562 2122 609 tanto

538 661 775 732 amplius
804 655 1194 713 misericordia:
1221 653 1317 708 Dei
1343 666 1464 708 sese
1490 649 1843 719 subiicerent.
1870 644 2008 700 Vere
2038 645 2121 699 in-

540 751 837 809 credulitas
886 746 1204 802 Iudaeorum
1254 757 1420 798 causa
1461 746 1548 796 est
1587 750 1650 794 ut
1686 735 2121 792 misericordiam

544 847 980 911 consequantur.

609 930 754 985 Nam
783 930 926 983 Deus
968 925 1225 982 conclusit
1271 923 1469 989 omnia,
1508 937 1657 976 nunc
1693 919 1938 991 gentiles,
1975 933 2121 973 nunc

539 1019 756 1076 Iudaeos
777 1021 833 1074 in
855 1016 1242 1080 incredulitate,
1263 1022 1321 1066 at
1342 1012 1600 1068 omnibus
1623 1011 1781 1066 factis
1802 1009 2118 1075 incredulis,

537 1085 840 1179 opportune
852 1110 1158 1162 misereatur
1178 1105 1434 1157 omnium.
1457 1101 1515 1154 Si
1532 1101 1678 1156 enim
1693 1098 1788 1153 alii
1803 1099 1888 1152 vel
1903 1097 2121 1167 utrique

537 1217 592 1255 ill
623 1200 729 1256 lide
756 1199 1141 1270 perstitissent,
1168 1192 1414 1264 profecto
1442 1190 1590 1262 quod
1614 1188 2001 1244 misericordiae
2024 1186 2120 1240 Dei

536 1300 672 1358 erat,
704 1291 897 1347 merito
917 1287 1040 1343 ﬁdei
1076 1302 1191 1343 suae
1219 1284 1578 1341 ascriberent.
1602 1280 1669 1334 Et
1692 1295 1890 1336 causas
1921 1279 2119 1333 horum

536 1396 703 1451 quare
731 1395 877 1435 nunc
902 1379 995 1433 isti
1016 1377 1437 1440 concludantur,
1469 1388 1615 1427 nunc
1635 1372 1734 1438 illi,
1759 1371 1871 1424 noli
1895 1369 2119 1424 investi-

534 1486 676 1542 gare,
690 1470 1071 1527 sedadmirare
1086 1467 1378 1523 consilium
1411 1463 1509 1519 Dei
1534 1478 1772 1529 mecum,
1792 1462 1981 1515 dicens
2010 1478 2023 1514 :
2071 1458 2115 1514 0

517 1564 766 1618 altitudo
786 1563 1120 1632 judiciorum
1135 1559 1250 1626 Dei,
1273 1558 1474 1628 quibus
1499 1571 1644 1609 nunc
1660 1553 1832 1608 Judaei
1848 1552 2118 1621 repellun-

533 1671 641 1719 tur,
672 1669 822 1708 nunc
837 1653 1067 1723 gentiles
1088 1651 1424 1705 inseruntur.
1450 1646 1576 1702 Haec
1596 1645 1784 1714 utique
1803 1642 2010 1713 judicia
2036 1640 2117 1696 sic

509 1736 637 1797 alta
663 1748 822 1806 sunt,
853 1738 1315 1810 quemadmodum
1355 1734 1624 1805 sapientia
1664 1740 1719 1787 et
1742 1732 1968 1786 scientia
1996 1730 2111 1784 Dei.

2226 553 2301 607 ita
2327 552 2439 607 fiat.
2472 551 2695 607 Poterat
2733 551 2825 607 hic
2862 552 3052 608 finisse
3092 550 3452 623 Epistolam,
3485 550 3821 607 sullicienter

2223 647 2372 703 enim
2409 655 2705 716 utrumque
2730 646 3018 717 populum,
3047 661 3117 701 nc
3145 648 3286 702 inter
3317 661 3377 701 se
3417 646 3670 701 vicissim
3725 662 3818 701 su-

2220 739 2498 808 perbirent
2537 746 2894 807 represserat,
2928 738 3242 807 multasque
3262 738 3505 792 rationes
3533 737 3668 792 inde
3690 751 3821 807 prae-

2221 828 2469 884 miserat.
2502 826 2608 883 Sed
2639 828 2768 897 quia
2798 829 2880 883 eis
2912 827 3029 897 jam
3070 843 3181 883 non
3216 828 3360 882 intra
3385 844 3445 883 se
3472 826 3819 883 contentiose

2221 919 2661 989 superbientibus
2715 919 3027 974 necessaria
3086 927 3208 973 erat
3250 918 3515 973 alternata
3568 918 3816 973 dilectio.

2217 1010 2490 1064 Admonet
2517 1010 2640 1064 ideo
2665 1025 2760 1065 eos
2779 1009 2893 1079 jam
2933 1025 2965 1064 a
3017 1009 3368 1065 contentione
3426 1009 3651 1063 sedatos
3686 1008 3819 1064 sub-

2221 1100 2428 1155 servire
2459 1099 2564 1154 sibi
2607 1099 2861 1167 invicem,
2888 1115 3170 1169 unumque
3197 1108 3518 1169 supportare
3552 1097 3817 1167 alterum;

2220 1198 2282 1244 ut
2337 1204 2436 1259 per
2484 1189 2802 1260 huiusmodi
2847 1190 3190 1255 subservire,
3223 1188 3496 1264 cpalescat
3538 1189 3597 1242 in
3641 1189 3730 1244 eis
3766 1199 3819 1245 et

2219 1280 2569 1336 convalescat
2609 1280 2890 1336 vinculum
2931 1279 3262 1335 dilectionis.

2819 1369 3047 1426 CAPUT
3086 1370 3201 1424 XII.

2294 1481 2313 1514 ι
2356 1460 2598 1518 Obsecro
2639 1462 2822 1533 itaque
2846 1479 2973 1529 vos,
3012 1462 3234 1528 fratres,
3259 1477 3357 1531 per
3380 1462 3815 1517 misericordiam

2226 1570 2246 1604 ς
2300 1552 2429 1619 Dei,
2471 1563 2531 1608 ut
2564 1553 2867 1608 exhibeatis
2901 1567 3131 1622 corpora
3156 1560 3335 1606 vestra
3363 1552 3601 1606 hostiam
3628 1551 3816 1606 viven—

2225 1660 2244 1692 ‹
2292 1649 2396 1696 tem
2419 1683 2434 1708 ,
2480 1651 2756 1708 sanctam,
2783 1641 2894 1695 Deo
2917 1641 3251 1711 placentem,
3292 1642 3618 1695 rationabile
3659 1643 3818 1696 obse-

2222 1750 2248 1801 gr
2290 1732 2483 1801 quium
2515 1741 2779 1788 vestrum.
2801 1731 2867 1788 Et
2889 1733 3055 1786 nolite
3081 1730 3413 1787 conformari
3435 1731 3566 1786 huic
3587 1733 3813 1799 smeulo,

535 1831 688 1898 Quod
707 1833 784 1885 ita
803 1806 890 1886 ait
898 1849 910 1884 :
938 1806 1314 1893 Oaltitudo,id
1336 1836 1421 1881 est
1446 1823 1789 1895 profunditas
1810 1822 2121 1875 divitiarum
2150 1806 2196 1866 Β
2230 1839 2249 1871 ‹
2295 1819 2390 1875 sed
2438 1819 2813 1876 reformamini
2872 1821 2925 1874 in
2972 1821 3211 1876 novitate
3250 1836 3447 1877 sensus
3486 1823 3707 1890 vestri,
3759 1833 3817 1878 ut

516 1923 826 1992 sapientiae,
857 1922 912 1976 id
945 1929 1031 1976 est
1069 1919 1275 1975 divitiis
1317 1917 1598 1987 sapientia:
1628 1924 1682 1969 et
1723 1914 1966 1969 scientiae
2001 1912 2115 1967 Dei.

532 2015 637 2083 67
661 2011 935 2081 Sapientia
967 2019 1021 2064 et
1042 2008 1269 2064 scientia
1296 2007 1392 2061 Dei
1415 2006 1565 2060 dives
1590 2003 1790 2059 dicitur
1818 2001 2119 2056 secundum

531 2103 758 2156 multam
792 2101 1026 2170 copiam.
1053 2098 1174 2151 Alta
1205 2098 1429 2163 dicitur,
1454 2095 1755 2151 secundum
1784 2092 2118 2148 inscrutabi-

529 2202 635 2247 lem
668 2189 1118 2261 profunditatem.
1169 2187 1447 2257 Sapientia
1504 2185 1600 2241 Dei
1656 2185 1856 2241 dicitur
1910 2199 2020 2254 qua
2060 2198 2120 2239 se

518 2290 769 2351 quantus
790 2290 875 2336 est
893 2279 1195 2349 cognoscit.
1222 2276 1464 2331 Scientia
1488 2291 1596 2345 qua
1625 2289 1968 2345 quaecunque
1992 2281 2122 2328 sunt

531 2380 911 2426 creaturarum
942 2369 1113 2423 novit.
1146 2367 1191 2423 Ο
1226 2368 1458 2422 altitudo
1492 2365 1773 2436 sapientiae
1799 2373 1855 2420 et
1878 2364 2120 2419 scientiae

533 2459 667 2526 Dei,
702 2476 861 2530 quam
906 2457 1459 2529 incomprehensibilia
1496 2465 1617 2510 sunt
1643 2456 1859 2526 judicia
1896 2454 2033 2524 ejus,
2063 2454 2118 2510 id

531 2560 617 2607 est
684 2565 846 2606 nemo
900 2550 1100 2607 sulIicit
1157 2549 1616 2619 comprehendere
1692 2546 2119 2618 profunditatem

532 2640 888 2710 iudiciorum,
909 2654 1033 2709 quae
1053 2647 1353 2709 pertractat
1378 2637 1520 2707 apud
1544 2651 1623 2692 se.

601 2730 818 2785 Diceret
837 2729 1037 2800 aliquis
1066 2747 1080 2784 :
1112 2727 1364 2795 Quandiu
1396 2727 1538 2798 apud
1569 2725 1742 2782 Deum
1778 2733 2118 2796 pertractan-

531 2830 619 2876 tur
654 2821 896 2892 judicia,
927 2836 1118 2876 verum
1143 2831 1228 2875 est
1252 2819 1399 2890 quod
1434 2834 1541 2874 non
1567 2817 1983 2889 intelliguntur;
2022 2817 2119 2873 sed

530 2911 588 2965 in
627 2919 813 2966 actum
845 2910 1102 2976 deducta,
1136 2909 1271 2964 satis
1309 2907 1864 2977 comprehenduntur.
1912 2905 2116 2962 Contra

529 3002 634 3056 hoc
647 3000 881 3057 Paulus:
902 3000 1110 3072 judicia
1128 2998 1244 3068 Dei,
1264 2999 1395 3054 dum
1417 2998 1559 3069 apud
1582 2997 1753 3053 Deum
1778 3006 2119 3067 pertractan-

528 3104 638 3162 tur,
655 3094 797 3149 sicut
818 3092 1206 3164 comprehendi
1236 3100 1543 3161 nequeunt;
1579 3090 1654 3144 ita
1676 3090 1839 3144 etiam
1865 3091 1961 3144 via:
1977 3090 2113 3160 ejus,

528 3187 582 3242 id
616 3196 702 3244 est
728 3187 1073 3258 operationes
1095 3187 1339 3256 ipsorum
1362 3184 1698 3254 judiciorum
1729 3191 1857 3238 sunt
1896 3183 2111 3236 investi-

527 3278 749 3350 gabiles.
788 3261 992 3353 Probat
1010 3294 1109 3347 per
1134 3276 1351 3343 Isaiam,
1383 3275 1531 3345 quod
1569 3274 1837 3345 praemisit
1859 3273 2048 3330 dicens
2092 3292 2104 3328 :

529 3368 671 3423 Vere
711 3369 982 3437 sapientia
1030 3377 1084 3423 et
1125 3367 1353 3423 scientia
1384 3366 1478 3421 Dei
1512 3375 1640 3422 sunt
1678 3365 2105 3437 investigabiles.

530 3456 674 3511 Nam
715 3459 836 3529 quis
874 3459 1114 3528 cognorit
1148 3473 1357 3512 sensum
1394 3456 1652 3511 Domini?
1696 3454 1866 3512 Nemo
1922 3457 2110 3527 utique

529 3549 675 3619 quod
707 3548 851 3605 Deus
878 3549 1070 3616 sensit,
1113 3563 1441 3619 cognoscere
1470 3546 1665 3617 potuit.
1697 3545 1764 3600 Et
1799 3562 1925 3601 vere
1957 3546 2109 3616 judi-

526 3640 611 3716 cia
653 3649 708 3696 et
741 3655 907 3711 opera
958 3640 1294 3709 judiciorum
1342 3646 1472 3694 sunt
1512 3637 1929 3708 investigabilia.
1972 3636 2109 3691 Nam

525 3733 644 3803 quis
675 3731 780 3801 fuit
817 3731 1159 3786 consiliarius
1198 3732 1314 3801 ejus
1342 3729 1483 3803 (Isa.
1513 3746 1603 3797 ιιι,
1651 3730 1762 3800 15),
1788 3729 1947 3801 cujus
1973 3745 2109 3785 con-

528 3823 654 3879 silio
677 3822 957 3879 ordinaret
976 3822 1111 3878 sua?
1140 3821 1236 3877 Vel
1259 3836 1421 3892 quem
1458 3821 1511 3875 in
1543 3819 1772 3876 consilio
1796 3821 2110 3892 dispositio-

525 3912 612 3969 nis
651 3928 766 3968 suae
793 3914 1142 3969 admitteret?
1169 3911 1340 3969 Nemo
1388 3912 1592 3983 utique.
1629 3910 1697 3966 Et
1730 3912 1873 3967 sicut
1905 3912 2109 3968 nemini

525 4005 742 4074 aperuit
774 4019 1003 4061 sensum
1034 4021 1221 4071 suum,
1254 4006 1330 4059 ita
1352 4019 1582 4074 qumque
1615 4003 1759 4059 bona
1792 4019 1860 4058 ex
1891 4003 2110 4058 miseri-

525 4095 712 4148 cordia
753 4095 959 4150 tribuit.
991 4094 1126 4162 Quis
1164 4095 1312 4151 enim
1345 4095 1495 4150 dedit
1524 4095 1635 4148 illi?
1677 4095 1853 4165 potuit
1887 4094 2107 4165 quidem

526 4185 729 4255 aliquis
759 4195 885 4255 post
907 4195 1188 4256 acceptam
1215 4187 1446 4257 gratiam
1472 4186 1526 4240 in
1556 4185 1739 4255 aliquo
1757 4185 1972 4240 mereri.
2002 4183 2108 4240 Sed

523 4277 642 4344 quis
672 4275 818 4329 dedit
844 4276 927 4330 illi
952 4277 1101 4346 prior
1135 4284 1429 4347 antequam
1472 4275 1615 4331 Deus
1647 4276 1801 4330 daret
1840 4275 2104 4346 gratiam;

524 4375 580 4421 et
602 4366 654 4421 ei
685 4366 765 4421 sic
792 4354 942 4422 danti
971 4381 1081 4422 non
1123 4368 1293 4439 gratis
1327 4366 1546 4421 dabitur
1585 4382 1616 4421 a
1644 4364 1777 4434 Deo,
1820 4367 1915 4421 sed
1950 4367 2108 4419 retri-

2228 1924 2255 1963 r
2296 1911 2535 1981 probetis
2571 1927 2694 1981 quae
2731 1912 2804 1967 sit
2841 1912 3090 1967 voluntas
3118 1911 3215 1966 Dei
3254 1912 3419 1980 bona,
3457 1922 3513 1967 et
3550 1912 3815 1985 benepla-

2228 2019 2247 2053 ι
2293 2016 2425 2056 cens
2470 2009 2525 2055 et
2564 1999 2823 2071 perfecta.
2880 2000 3014 2057 Dico
3059 2002 3206 2056 enim
3262 2017 3359 2072 per
3413 2001 3651 2074 gratiam
3695 2018 3815 2073 quae

2227 2111 2247 2144 ‹
2289 2092 2416 2146 data
2457 2100 2541 2147 est
2582 2092 2716 2146 mihi
2739 2134 2753 2159 ,
2804 2093 3059 2148 omnibus
3088 2093 3179 2163 qui
3210 2078 3338 2148 sunt
3375 2092 3518 2148 inter
3545 2108 3675 2161 vos,
3707 2110 3811 2149 non

2227 2202 2244 2233 ι
2283 2183 2404 2252 plus
2426 2198 2618 2253 sapere
2654 2199 2818 2253 quam
2843 2193 3077 2253 .0portet
3120 2199 3344 2253 sapere,
3384 2184 3479 2239 sed
3518 2200 3717 2254 sapere
3746 2186 3811 2240 ad

2226 2293 2245 2324 ι
2292 2273 2673 2339 sobrietatem,
2705 2282 2759 2328 et
2787 2274 3083 2344 unicuique
3105 2275 3251 2330 sicut
3272 2273 3417 2329 Deus
3446 2275 3642 2331 divisit
3662 2290 3813 2331 men-

2227 2382 2245 2414 t
2289 2379 2474 2418 suram
2494 2364 2640 2418 tidei.
2659 2363 2970 2421 Sicetenim
2988 2365 3165 2421 inuno
3187 2382 3417 2436 corpore
3440 2368 3613 2423 multa
3641 2383 3812 2423 mem-

2228 2472 2245 2503 ι
2294 2454 2393 2508 bra
2434 2454 2722 2521 habemus,
2756 2456 2941 2510 omnia
2976 2465 3157 2510 autem
3196 2458 3440 2512 membra
3489 2474 3602 2513 non
3654 2475 3811 2514 eum-

2227 2562 2246 2595 «
2295 2544 2417 2599 dem
2459 2555 2640 2601 actum
2678 2546 2910 2614 habent;
2956 2547 3031 2602 ita
3066 2540 3238 2602 multi'
3269 2564 3438 2603 unum
3484 2564 3696 2619 corpus
3721 2566 3809 2605 su-

2235 2652 2254 2685 i
2299 2650 2424 2688 mus
2478 2635 2534 2689 in
2605 2634 2862 2703 Christo,
2927 2637 3128 2708 singuli
3182 2647 3364 2693 autem
3410 2638 3546 2693 alter
3578 2638 3810 2695 alterius

2226 2744 2245 2777 ι
2291 2726 2555 2781 membra.
2593 2724 2866 2782 Habentes
2910 2736 3096 2782 autem
3133 2729 3456 2784 donationes
3502 2730 3807 2786 secundum

2225 2835 2244 2868 ι
2289 2817 2518 2889 gratiam
2543 2860 2558 2885 ,
2600 2835 2723 2890 quae
2758 2822 2886 2874 data
2922 2827 3008 2875 est
3048 2820 3242 2888 nobis,
3290 2819 3601 2876 differentes
3645 2841 3658 2877 :
3697 2821 3809 2878 sive

2226 2926 2244 2960 ε
2288 2909 2664 2978 prophetiam,
2706 2910 3007 2965 secundum
3041 2912 3311 2985 rationem
3346 2912 3503 2979 ﬁdei;
3544 2912 3672 2968 sive
3702 2913 3806 2968 mi-

2225 3019 2243 3053 α
2290 3001 2577 3057 nisterium
2606 3003 2663 3056 in
2694 3003 3242 3071 ministrandorsive
3275 3005 3371 3076 qui
3410 3005 3568 3061 docet
3609 3006 3670 3060 in
3706 3005 3806 3061 do-

2233 3110 2251 3143 ‹
2300 3092 2508 3159 ctrina,
2563 3093 2659 3164 qui
2705 3093 3057 3161 exhortatur,
3101 3093 3157 3148 in
3185 3094 3547 3163 exhortando,
3581 3095 3684 3165 qui
3711 3095 3806 3149 tri-

2226 3200 2245 3234 ι
2297 3184 2434 3249 buit,
2463 3183 2516 3237 in
2544 3184 2910 3254 simplicitate,
2943 3185 3038 3256 qui
3070 3193 3285 3255 praeest,
3319 3186 3375 3240 in
3413 3184 3803 3251 sollicitudine,

2176 3344 2178 3346 ν
2225 3293 2244 3326 ‹
2285 3274 2379 3345 qui
2419 3274 2730 3342 miseretur,
2761 3276 2816 3329 in
2841 3276 3136 3331 hilaritate.
3168 3276 3417 3344 Dilectio,
3443 3276 3562 3332 sine
3582 3277 3807 3332 simula-

2224 3385 2242 3417 ι
2288 3365 2454 3421 tione.
2490 3385 2508 3417 ι
2539 3364 2795 3422 Odientes
2817 3367 3019 3422 malum
3039 3409 3054 3435 ,
3085 3368 3423 3424 adhaerentes
3452 3369 3598 3424 bono
3623 3368 3802 3438 (Amos

2223 3475 2241 3507 ‹
2278 3457 2505 3528 ι’,15).ι
2550 3457 2914 3514 «Charitatem
2942 3457 3297 3515 fraternitatis
3321 3460 3553 3515 invicem
3567 3460 3802 3532 diligen-

2223 3565 2241 3625 ς
2288 3556 2392 3613 tes,
2409 3548 2618 3603 honore
2646 3548 2880 3605 invicem
2909 3550 3299 3620 praevenientes
3323 3549 3375 3618 (1
3396 3549 3545 3605 Petr.
3566 3566 3632 3619 ιι,
3655 3551 3796 3622 17).»

2222 3654 2240 3689 ι
2289 3633 2665 3697 Sollicitudine
2704 3652 2814 3692 non
2856 3635 3036 3710 pigri,
3085 3639 3278 3709 spiritu
3322 3638 3632 3708 ferventes,
3695 3639 3798 3695 Do-

2222 3745 2241 3777 ‹
2283 3727 2434 3783 mino
2471 3728 2810 3796 servientes;
2868 3744 2964 3799 spe
2988 3730 3317 3800 gaudentes,
3348 3729 3404 3784 in
3444 3730 3799 3786 tribulatione

2222 3838 2240 3871 ι
2286 3820 2575 3890 patientes,
2608 3820 2841 3875 orationi
2887 3821 3187 3889 instantes;
3227 3820 3646 3878 necessitatibus
3676 3837 3802 3879 san-

2221 3928 2240 3962 t
2286 3918 2498 3965 ctorum
2557 3910 2670 3982 68
2712 3910 3220 3979 communicantes;
3296 3931 3314 3964 ι
3376 3912 3796 3983 hospitalitatem

2221 4020 2239 4052 ι
2284 4010 2554 4056 sectantes
2586 4000 2771 4073 (Hebr.
2824 4018 2947 4069 xui,
2973 4002 3051 4072 2).
3077 4022 3095 4054 ι
3136 4002 3443 4059 Benedicite
3467 4019 3798 4076 persequen-

2220 4110 2238 4142 ι
2285 4091 2430 4146 tibus
2456 4107 2583 4159 vos;
2634 4092 2959 4160 benedicite,
2986 4102 3041 4149 et
3082 4094 3248 4149 nolite
3274 4094 3620 4150 maledicere.
3653 4095 3796 4153 Gau-

2220 4201 2239 4233 ι
2282 4183 2435 4239 derte
2479 4182 2615 4239 cum
2648 4172 3034 4254 gaudentibus,
3066 4185 3187 4241 ﬂete
3216 4201 3339 4240 cum
3384 4185 3672 4254 ﬂentibus;
3713 4187 3794 4242 id—

2220 4291 2240 4325 t
2287 4273 2466 4345 ipsum
2512 4275 2744 4330 invicem
2789 4277 3121 4344 sentientes;
3176 4291 3290 4332 non
3340 4277 3448 4332 alta
3488 4277 3791 4349 sapientes,

2220 4383 2238 4415 ι
2284 4365 2377 4420 sed
2407 4365 2707 4421 humilibus
2729 4367 3154 4423 consentientes.
3178 4367 3371 4423 Nolite
3397 4383 3519 4424 esse
3549 4368 3792 4439 pruden-

525 4455 715 4510 buetur
764 4456 894 4526 quia
934 4456 1272 4526 promeruit?
1310 4455 1434 4511 ilzec
1480 4464 1608 4512 sunt
1632 4455 1819 4524 lsaiae;
1857 4472 1979 4526 quae
2005 4471 2108 4509 au-
2136 4488 2187 4548 υ
2222 4472 2240 4505 ι
2285 4463 2367 4509 tes
2396 4455 2539 4525 apud
2564 4456 2950 4527 vosmetipsos.
2976 4456 3121 4513 Nulli
3152 4459 3356 4514 malum
3374 4474 3475 4530 pro
3498 4458 3645 4516 malo
3673 4459 3793 4517 red-

525 4556 636 4601 tem
665 4555 974 4619 sequuntur
994 4548 1158 4602 verba
1192 4557 1319 4604 sunt
1348 4547 1519 4603 Pauli.
1579 4546 1716 4603 Vere
1744 4563 1912 4622 nemo
1956 4546 2107 4619 prior

525 4636 675 4692 dedit
725 4637 841 4704 illi,
903 4639 1155 4709 quoniam
1204 4654 1269 4692 ea:
1304 4638 1454 4708 ipso,
1495 4648 1544 4691 et
1578 4654 1670 4708 per
1705 4639 1904 4708 ipsum,
1945 4649 1994 4693 et
2052 4641 2109 4695 in

523 4729 637 4796 ipso
661 4739 782 4783 sunt
804 4730 1003 4784 omnia.
1029 4728 1132 4785 Per
1152 4729 1398 4786 diversas
1417 4728 1850 4800 praepositiones,
1874 4745 1941 4784 ex
1966 4730 2104 4800 ipso,

525 4834 620 4888 per
660 4820 840 4889 ipsum
862 4863 876 4888 ,
919 4821 974 4875 in
1009 4821 1162 4892 ipso,
1219 4829 1377 4877 notat
1404 4820 1810 4877 distinctionem
1840 4836 2106 4890 persona-

527 4921 649 4963 rum
676 4909 977 4970 Trinitatis.
1007 4912 1112 4979 Per
1144 4914 1289 4971 idem
1334 4929 1636 4986 pronomen
1667 4924 1749 4967 ter
1782 4913 2105 4983 repositum,

526 5008 679 5053 notat
717 5000 1051 5058 identitatem
1094 5006 1432 5071 substantiae,
1468 5004 1653 5058 dicens
1683 5021 1695 5056 :
1729 5000 1813 5055 Ea:
1858 5002 1972 5071 ipso
1995 5043 2010 5068 ,
2051 5001 2105 5055 id

526 5093 611 5140 est
641 5102 707 5140 ex
753 5087 913 5143 Patre
959 5092 1103 5159 quod
1144 5093 1469 5162 principium
1506 5076 1614 5146 non
1668 5100 1754 5146 est
1779 5091 1849 5146 ab
1885 5091 2018 5158 alio;
2056 5100 2107 5145 et

525 5191 618 5244 per
659 5176 831 5246 ipsum
856 5219 871 5244 ,
912 5177 965 5232 id
1000 5187 1083 5234 est
1116 5195 1211 5249 per
1239 5181 1439 5236 Filium
1465 5224 1479 5250 ,
1508 5182 1602 5253 qui
1633 5199 1664 5237 a
1701 5181 1862 5237 Patre
1899 5182 2105 5252 princi-

526 5266 676 5335 pium
706 5266 888 5335 habet,
920 5277 973 5323 et
1007 5282 1103 5339 per
1138 5286 1300 5341 quem
1338 5270 1500 5326 Pater
1535 5272 1663 5327 fecit
1706 5273 1918 5340 omnia;
1958 5282 2009 5326 et
2045 5273 2103 5326 in

525 5356 661 5427 ipso,
688 5356 743 5411 id
770 5365 855 5411 est
888 5358 944 5411 in
968 5357 1175 5428 Spiritu
1204 5368 1428 5427 sancto,
1466 5361 1559 5430 qui
1601 5377 1631 5415 a
1666 5360 1826 5417 Patre
1854 5361 2102 5432 procedit

525 5454 580 5500 et
622 5445 797 5515 Filio,
833 5449 926 5518 qui
973 5449 1191 5506 bonitas
1219 5450 1315 5506 Dei
1353 5451 1573 5518 dicitur,
1606 5466 1704 5521 per
1739 5467 1903 5521 quam
1941 5452 2100 5507 boni-

524 5543 690 5591 tatem
732 5538 1042 5593 subsistunt
1071 5549 1274 5595 creata.
1301 5540 1386 5596 Ex
1415 5543 1527 5612 ipso
1552 5582 1568 5609 ,
1606 5541 1828 5611 inquam
1851 5584 1866 5607 ,
1906 5551 1960 5597 et
2007 5559 2100 5613 per

523 5626 717 5696 ipsum,
756 5638 805 5682 et
844 5630 899 5682 in
935 5631 1047 5700 ipso
1082 5641 1204 5685 sunt
1243 5634 1420 5686 omnia
1453 5648 1470 5686 :
1502 5633 1603 5701 ipsi
1626 5632 1812 5702 itaque
1832 5633 1898 5688 de
1920 5634 2100 5688 omni-

525 5713 629 5770 bus
667 5717 893 5774 debetur
916 5720 1088 5791 gloria
1119 5731 1172 5777 et
1196 5723 1494 5798 gratiarum
1525 5723 1689 5789 actio,
1716 5734 1817 5792 pro
1846 5724 2101 5779 omnibus

528 5800 685 5860 b'onis
706 5823 825 5877 qua:
854 5812 945 5866 dat
968 5815 1421 5872 misericorditer.
1460 5814 1526 5872 Et
1554 5816 1668 5870 haec
1707 5816 1877 5887 gloria
1916 5818 1986 5872 sit
2042 5817 2116 5870 in'

2217 4563 2235 4595 ι
2281 4545 2500 4612 dentes;
2548 4565 2566 4596 ι
2598 4544 2954 4603 Providentes
2997 4549 3141 4605 bona
3191 4565 3301 4605 non
3350 4558 3563 4606 tantum
3603 4566 3790 4607 coram

2215 4654 2233 4686 ι
2280 4634 2412 4703 Deo,
2466 4636 2561 4691 sed
2605 4637 2771 4692 etiam
2810 4654 2998 4694 coram
3032 4641 3292 4697 omnibus
3336 4641 3654 4698 hominibus
3703 4638 3789 4713 (II

2213 4715 2247 4776 ι’
2277 4726 2401 4781 Cor.
2431 4742 2549 4791 vni,
2578 4727 2691 4800 21).
2732 4748 2751 4780 ι
2817 4748 2835 4782 ι
2868 4729 2927 4785 Si
2957 4730 3072 4788 fieri
3121 4740 3300 4803 potest
3333 4731 3480 4803 quod
3524 4747 3592 4787 ex
3634 4732 3789 4789 vobis

2215 4835 2233 4867 ι
2280 4825 2384 4885 est,
2437 4834 2562 4873 cum
2618 4820 2877 4878 omnibus
2931 4823 3246 4878 hominibus
3286 4839 3477 4893 pacem
3527 4820 3788 4879 habentes

2213 4926 2232 4959 ι
2277 4907 2463 4978 (Hebr.
2510 4926 2620 4977 xu,
2674 4911 2785 4981 14).
2824 4930 2843 4963 ι
2876 4909 2996 4967 Νοη
3035 4911 3394 4984 vosmetipsos
3439 4912 3787 4969 defendentes

2213 5016 2231 5049 ι
2273 4998 2606 5068 charissimi,
2664 5001 2760 5056 sed
2810 5002 2936 5058 date
2972 5002 3154 5059 locum
3206 5005 3320 5059 irae.
3383 5003 3660 5076 Scriptum
3706 5011 3787 5059 est

2212 5084 2246 5140 ι’
2276 5089 2421 5144 enim
2462 5109 2475 5144 :
2522 5110 2539 5142 ‹
2577 5090 2709 5146 Mihi
2743 5092 3044 5149 vindictam
3074 5102 3130 5149 et
3154 5110 3256 5167 ego
3280 5096 3609 5162 retribuam,
3655 5092 3787 5151 dicit

2209 5200 2227 5231 ι
2276 5180 2541 5237 Dominus
2578 5182 2757 5254 (Deut.
2795 5200 2975 5253 xxxii,
3007 5185 3112 5253 55;
3155 5184 3319 5241 Hebr.
3346 5202 3401 5254 ιι,
3428 5186 3538 5258 50).
3579 5205 3597 5237 ι
3638 5205 3655 5236 c
3680 5183 3782 5239 Sed

2208 5289 2228 5322 ι
2272 5272 2318 5325 si
2355 5273 2608 5328 esurierit
2635 5273 2896 5332 inimicus
2923 5284 3072 5343 tuus,
3097 5277 3219 5332 ciba
3247 5276 3429 5344 illum;
3458 5278 3506 5332 si
3536 5276 3670 5343 sitit,
3694 5291 3782 5345 po-

2207 5381 2226 5414 ‹
2270 5373 2408 5429 tum,
2430 5363 2497 5419 da
2528 5364 2605 5419 illi
2637 5364 2820 5437 (Prov.
2856 5383 2985 5435 xxv,
3014 5367 3161 5439 21).»
3194 5366 3340 5423 illoc
3372 5369 3518 5423 enim
3548 5367 3777 5431 faciens,

2207 5452 2243 5506 ι’
2273 5455 2540 5513 carbones
2581 5459 2722 5529 ignis
2749 5475 3018 5531 congeras
3044 5475 3208 5531 super
3249 5469 3413 5530 caput
3436 5459 3575 5530 ejus.
3601 5478 3620 5512 ι
3663 5457 3776 5533 Noli

2208 5565 2227 5599 ι
2272 5546 2468 5604 vincia
2492 5551 2657 5619 malo,
2694 5551 2790 5608 sed
2813 5551 2973 5606 vince
3013 5550 3069 5605 in
3099 5551 3246 5607 bono
3280 5551 3505 5605 malum.
3544 5568 3563 5601 ι

2236 5715 2240 5719 _
2838 5635 3142 5697 uresrno.

2274 5731 2476 5788 Littera
2518 5735 2601 5791 sic
2632 5734 2880 5806 jungitur
2918 5754 2933 5790 :
2970 5728 3419 5805 Quandoquidem
3447 5731 3680 5811 esbeo,
3722 5736 3773 5783 et

2200 5838 2297 5892 Ρθῐ·
2319 5822 2510 5892 Deum,
2542 5833 2596 5880 et
2625 5826 2681 5882 iu
2700 5824 2810 5881 Deo
2831 5833 2960 5884 sunt
2982 5818 3188 5882 omnia.
3220 5823 3428 5896 Itaque,
3454 5823 3663 5894 fratres,
3685 5818 3771 5872 ob-
