3978 6420
221 347 321 415 im

795 355 1162 414 ΕΧΡΟΞΙἸἹΟ
1203 355 1268 410 ΙΝ
1309 352 1693 410 EPISTULAS
1728 351 1813 407 PA

1915 349 1958 405 1.
1994 381 2065 392 --
2103 349 2170 405 ΙΝ
2208 347 2428 408 EPIST.
2470 351 2560 406 Al)
2597 350 2761 408 ROM.

215 489 395 537 secro,
428 469 481 525 id
504 481 589 526 est
614 487 712 542 per
743 472 926 526 omnia
961 488 1117 526 sacra
1158 485 1355 524 moneo
1409 486 1517 524 vos.
1578 467 1817 522 Obsecro
1845 469 1892 526 Α
1916 481 2074 536 ωειυο
2097 467 2263 521 modo
2293 466 2545 536 sapiatis,
2572 478 2624 522 et
2665 468 2786 523 ideo
2812 469 3093 540 unicuique
3119 471 3348 529 suﬂleiat
3401 489 3491 532 sa-

225 563 417 631 utique
434 578 528 630 per
557 561 976 614 misericordiam
1005 561 1122 627 Dei,
1150 561 1204 614 id
1225 568 1310 614 est
1329 575 1426 630 per
1447 558 1811 628 apostolatum

225 653 385 717 mihi,
416 667 527 706 non
568 651 698 720 quia
736 651 1052 716 meruerim,
1087 651 1181 704 sed
1229 665 1324 718 per
1376 649 1810 704 misericordiam

222 741 516 796 traditum.
547 739 643 795 Vel
690 740 920 794 obsecro
969 755 1065 808 per
1106 738 1537 794 miscricordiam
1587 737 1713 803 Dei,
1744 752 1811 792 ex

221 848 334 901 qua
363 831 551 885 omnia
582 831 724 885 bona
751 845 873 885 esse
896 829 1152 898 superius
1177 829 1440 899 probavi,
1471 839 1528 882 ut
1567 829 1814 882 exhibea-

223 922 402 1005 tis,-id
444 928 530 975 est
559 929 862 990 praeparata
904 919 1148 986 faciatis,
1196 935 1305 974 non
1350 920 1528 975 solum
1577 920 1810 986 animas,

223 1019 321 1068 sed
351 1013 518 1066 etiam
547 1027 769 1080 corpora
806 1020 997 1064 vestra.
1050 1010 1366 1066 Exhibeatis
1411 1011 1532 1065 dico
1560 1010 1810 1078 hostiam,

225 1104 282 1157 id
320 1112 404 1158 est
447 1101 828 1157 mortiﬁcat-am
884 1103 1186 1157 secundum
1235 1101 1631 1171 depositionem
1689 1118 1798 1156 sor-

224 1196 379 1250 dium
400 1237 414 1262 ,
450 1204 505 1250 et
544 1197 796 1250 viventem
822 1196 1122 1250 secundum
1155 1196 1480 1264 positionem
1527 1195 1808 1249 virtutum.

221 1274 339 1340 Nec
361 1285 429 1339 ad
461 1295 674 1355 tempus
701 1286 995 1352 viventem,
1017 1285 1110 1339 sed
1149 1294 1411 1351 sanctam,
1436 1286 1489 1338 id
1517 1295 1599 1340 est
1625 1285 1677 1339 in
1703 1285 1812 1338 vita

222 1371 494 1425 virtutum
521 1380 767 1425 sanctam
797 1379 851 1424 et
881 1371 1288 1440 perdurantcm,
1326 1377 1380 1423 et
1408 1369 1459 1422 in
1493 1369 1594 1423 hac
1615 1369 1724 1422 vita
1760 1377 1816 1424 et

225 1465 521 1518 sanctitate
567 1479 676 1518 non
730 1465 942 1518 lucrum
981 1464 1062 1516 vel
1105 1463 1318 1517 laudem
1349 1462 1537 1518 mundi
1562 1478 1812 1532 quaeren-

224 1565 362 1620 tem,
395 1556 490 1610 sed
515 1554 624 1608 Deo
651 1570 744 1624 per
774 1555 959 1608 omnia
984 1538 1295 1623 placentem.

304 1645 372 1700 Et
405 1661 474 1700 ne
497 1646 626 1714 quia
669 1646 830 1699 modo
862 1645 1108 1709 dixerat,
1151 1643 1401 1698 exhibete
1442 1657 1670 1712 corpora
1716 1657 1811 1696 ve-

224 1745 345 1789 stra
385 1736 642 1800 hostiam,
673 1743 889 1804 putaret
914 1735 1113 1803 aliquis
1145 1734 1488 1803 aliiigendum
1526 1748 1648 1788 esse
1689 1748 1814 1788 cor-

223 1840 336 1894 pus
365 1823 483 1878 sine
505 1824 687 1894 aliqua
718 1824 1098 1893 temperantia,
1145 1823 1265 1876 ideo
1301 1823 1450 1876 addit
1476 1823 1768 1892 Apostolus
1794 1841 1806 1876 :
1841 1810 1885 1869 Β

222 1914 461 1969 Ita-dico
488 1915 753 1978 hostiam,
795 1922 853 1968 ut
901 1915 1204 1984 obsequium
1247 1922 1475 1967 vestrum
1525 1915 1596 1967 sit
1647 1915 1812 1967 ratio-

228 2005 442 2070 nabile,
462 2005 547 2060 .id
586 2014 671 2061 est
705 2014 764 2059 ut
800 2021 925 2060 eum
956 2005 1285 2060 discretione
1312 2004 1592 2074 jejunetis,
1625 2005 1812 2074 vigile-

225 2094 326 2158 tis,
355 2102 465 2148 etc.

302 2183 466 2237 Modo
521 2182 724 2238 diceret
767 2183 964 2253 aliquis
1024 2202 1036 2237 :
1087 2182 1320 2238 Paratus
1377 2199 1498 2238 sum
1557 2183 1813 2238 exhibere

226 2287 321 2328 me
347 2265 458 2327 Dieo
479 2315 493 2340 ,
527 2273 766 2343 quandiu
809 2290 920 2327 non
947 2273 1239 2327 conturbat
1287 2288 1372 2326 me
1422 2273 1687 2339 mundus,
1719 2274 1812 2329 scd

225 2365 433 2418 durum
465 2374 549 2418 est
576 2365 834 2419 resistere
856 2365 1062 2419 mundo
1092 2365 1305 2434 cogenti
1333 2379 1439 2418 me.
1477 2363 1680 2418 Contra
1711 2364 1814 2419 hoc

229 2456 442 2510 Paulus
475 2474 488 2508 :
527 2454 636 2511 Vos
678 2457 866 2525 utique
913 2457 1048 2510 tales
1091 2456 1371 2522 exhibete,
1409 2464 1459 2508 et
1500 2454 1660 2508 nolite
1686 2471 1812 2508 con-

224 2546 481 2614 formari,
520 2546 572 2600 id
625 2555 710 2600 est
756 2544 1065 2600 conformes
1103 2545 1217 2599 fieri
1253 2546 1372 2598 huic
1401 2544 1616 2610 sazculo,
1667 2553 1725 2598 ut
1758 2545 1812 2598 in

226 2639 420 2708 aliquo
465 2637 846 2706 obtemperetis
883 2638 1114 2703 mundo,
1148 2636 1444 2691 blandienti
1491 2652 1586 2719 sep
1638 2636 1815 2691 deter-

229 2730 377 2783 renti
432 2746 548 2784 vos.
600 2727 778 2784 Nolite
832 2729 1163 2785 conformari
1223 2729 1454 2794 saeculo,
1512 2729 1602 2782 sed
1643 2728 1804 2798 refor-

117 2831 196 2883 ο
229 2820 460 2872 mamini
504 2834 601 2888 per
644 2819 1009 2888 baptismum,
1047 2819 1139 2888 qui
1184 2818 1336 2888 prius
1360 2816 1650 2871 deformati
1683 2816 1815 2870 estis

231 2925 337 2979 per
362 2909 577 2978 culpam
621 2909 786 2975 Adte,
811 2909 895 2962 vel
933 2907 1336 2974 reformamini,
1369 2907 1421 2961 id
1457 2915 1539 2962 est
1575 2905 1816 2976 quotidie

229 3000 606 3066 innovamini,
644 3001 738 3070 qui
781 3004 976 3053 novam
1015 2999 1246 3053 formam
1283 2997 1566 3068 justiticati
1599 2996 1814 3066 accepi-

229 3095 360 3143 stis.
416 3089 813 3144 Reformamini
839 3089 983 3155 dico,
1013 3089 1344 3158 proliciendo
1387 3088 1605 3142 assidue
1638 3088 1693 3140 in
1717 3103 1813 3140 no-

230 3185 398 3236 vitate
450 3199 630 3236 sensus
666 3183 823 3236 vestri
847 3223 861 3248 ,
921 3181 973 3236 id
1004 3190 1086 3235 est
1131 3196 1344 3249 semper
1384 3179 1558 3250 magis
1597 3194 1660 3234 ac
1697 3194 1812 3232 ma-

229 3275 319 3342 gis
349 3275 483 3326 bene
507 3273 785 3341 operando
827 3271 1189 3335 innovamini,
1237 3280 1290 3323 ut
1339 3270 1417 3324 sic
1451 3269 1675 3338 probetis
1704 3309 1720 3335 ,
1761 3268 1815 3322 id

227 3373 318 3417 est
344 3363 698 3432 probabiliter
728 3361 1099 3432 cognoscatis,
1129 3377 1246 3429 qua:
1292 3361 1359 3412 sit
1402 3358 1642 3412 voluntas
1683 3357 1812 3424 Dei,

227 3453 491 3506 voluntas
518 3452 642 3505 dico
665 3451 819 3517 bona,
847 3451 897 3504 id
931 3459 1015 3505 est
1051 3450 1196 3502 utilis
1229 3447 1551 3502 facientibus
1580 3461 1700 3501 eam
1719 3487 1734 3512 ,
1765 3454 1814 3499 et

229 3542 598 3613 beneplacens,
628 3542 715 3596 his
745 3542 836 3612 qui
870 3551 991 3596 actu
1034 3540 1388 3610 experiuntur
1432 3554 1574 3605 eam,
1605 3554 1705 3593 nec
1740 3538 1814 3592 ita

231 3635 290 3687 in
329 3649 444 3687 uno
475 3633 612 3687 bene
635 3633 878 3702 placens,
910 3641 970 3685 ut
1003 3618 1057 3685 in
1094 3631 1201 3684 alio
1248 3630 1562 3700 displiceat,
1615 3629 1708 3685 sed
1757 3629 1814 3684 in

230 3725 500 3779 omnibus
523 3725 774 3792 perfecta.
821 3722 1063 3792 Corpora
1093 3728 1272 3776 vestra
1300 3721 1536 3774 hostiam
1558 3720 1816 3799 exhibere

229 3816 351 3870 Deo
378 3817 512 3870 illud
542 3816 831 3880 admoneo,
855 3815 971 3868 sine
994 3814 1176 3883 aliqua
1206 3813 1545 3867 districtione
1565 3811 1816 3866 obedien-

227 3909 346 3963 tiaz.
394 3906 508 3961 Hoc
534 3917 712 3961 autem
750 3906 895 3976 quod
941 3905 1186 3975 sequitur
1214 3905 1332 3956 dico
1361 3921 1453 3973 per
1474 3903 1741 3973 gratiam,-
1763 3901 1815 3956 id

225 4009 319 4054 est
344 4000 598 4069 praecipio
621 3998 944 4052 auctoritate
972 3996 1142 4050 nostri
1173 3995 1530 4064 apostolatus.
1561 3992 1817 4047 Conside-

227 4091 474 4146 randum
529 4099 614 4144 est
650 4105 819 4160 quare
858 4089 1112 4158 prmdicta
1166 4087 1342 4140 solum
1392 4093 1642 4151 moneat;
1694 4099 1816 4154 qua:

226 4192 423 4236 autem
454 4189 760 4251 sequuntur
799 4179 946 4234 omni
976 4177 1300 4232 auctoritate
1353 4176 1638 4230 interdicat
1690 4192 1702 4230 :
1752 4189 1814 4227 ea

227 4274 385 4328 enim
420 4289 544 4342 qua:
585 4272 942 4327 offensionem
995 4278 1284 4341 generant,
1348 4268 1475 4322 licet
1534 4267 1815 4336 praelatum

229 4364 478 4418 subditis
508 4363 559 4416 vi
591 4363 911 4418 obedientia:
938 4362 1280 4426 interdicere,
1313 4359 1404 4413 sed
1431 4367 1717 4428 postquam
1742 4357 1816 4410 lc-

1912 572 2067 627 pere,
2098 559 2236 612 sicut
2297 558 2438 612 Deus
2468 559 2680 613 divisim
2725 561 2870 615 dedit
2919 563 3144 631 singulis
3189 581 3490 622 mensuram

1909 649 2021 721 69
2046 650 2192 718 ﬁdei,
2214 649 2267 704 id
2299 658 2383 704 est
2439 649 2580 704 dona
2625 666 2723 705 sua
2773 662 3087 706 mcnsurata
3113 694 3129 720 ,
3187 657 3486 712 secundum

1912 742 2136 796 modum
2181 749 2234 793 et
2267 740 2723 810 opportunitatem
2745 742 2867 796 lidei
2888 752 3103 798 vestrae.
3130 744 3256 801 Ideo
3287 746 3490 802 Roma-

1913 848 2014 886 nos
2044 847 2076 885 a
2103 831 2379 885 nimietate
2408 830 2687 900 sapientiae
2713 834 2974 902 reprimit,
3009 835 3138 904 quia
3191 837 3295 906 ipsi
3326 854 3490 907 supra

1912 921 2134 976 modum
2160 921 2556 992 investigabant
2579 938 2775 977 causas
2797 925 3182 994 mysteriorum
3233 926 3346 980 Dei.
3376 926 3494 983 lloc

1912 1024 2090 1069 autem
2114 1013 2258 1082 quod
2282 1012 2426 1068 Deus
2446 1015 2649 1069 nemini
2670 1023 2845 1068 totum
2869 1031 3060 1085 sapere
3081 1018 3248 1085 dedit,
3279 1019 3371 1073 sed
3397 1035 3494 1088 prr

1911 1113 2094 1175 partes
2123 1104 2352 1174 singulis
2401 1105 2603 1171 divisit,
2636 1108 2863 1160 multum
2887 1109 3029 1161 valet
3050 1110 3116 1164 ad
3148 1109 3272 1176 hoc,
3299 1119 3360 1164 ut
3388 1111 3490 1164 silli

1912 1197 2273 1261 subserviant,
2305 1206 2359 1252 et
2387 1205 2446 1251 ut
2467 1198 2600 1250 alter
2622 1198 2774 1252 alteri
2796 1198 3038 1253 vicissim
3073 1215 3196 1254 sese
3246 1211 3491 1256 contem-

1913 1297 2121 1358 pereat.
2156 1286 2294 1342 Cum
2320 1287 2466 1342 enim
2495 1304 2639 1342 unus
2671 1289 2903 1356 ignorat,
2923 1290 3066 1358 quod
3093 1290 3230 1344 alter
3259 1292 3492 1360 sapit,et

1911 1391 2250 1432 eeonverso:
2287 1377 2341 1430 in
2398 1377 2713 1431 diversitate
2775 1388 3119 1446 acceptarum
3191 1381 3490 1449 gratiarum

1912 1471 2186 1525 subservit
2207 1470 2344 1524 alter
2365 1469 2539 1536 alteri,
2569 1470 2636 1523 de
2673 1486 2785 1538 quo
2830 1485 3126 1540 congruam
3177 1471 3492 1526 similitudi-

1913 1576 2036 1615 nem
2068 1561 2391 1630 supposuit:
2422 1562 2546 1631 quia
2597 1561 3037 1631 quemadmodum
3077 1561 3282 1614 diversa
3326 1578 3492 1614 mem-

1913 1651 2007 1704 bra
2042 1653 2097 1704 in
2126 1667 2228 1704 uno
2251 1667 2463 1721 corpore
2489 1652 2719 1705 diversos
2746 1667 2930 1704 sensus
2975 1650 3178 1722 [actus]
3206 1651 3457 1724 habentia
3475 1666 3494 1704 :

1913 1758 2010 1812 pes
2032 1743 2219 1797 manui
2245 1743 2519 1797 subservit
2544 1784 2558 1808 ,
2586 1743 2716 1796 dum
2739 1751 2920 1812 portat
2940 1758 3162 1796 manum
3185 1741 3253 1795 ad
3276 1751 3497 1811 tangen-

1912 1833 2044 1888 dum
2075 1835 2221 1902 quod
2254 1833 2443 1903 cupit;
2476 1849 2672 1888 manus
2729 1834 2892 1902 pedi,
2919 1833 3049 1887 dum
3093 1833 3284 1903 pedem
3311 1831 3493 1887 vestit.

1913 1926 2004 1980 Sic
2023 1936 2072 1979 et
2095 1943 2186 1979 nos
2209 1927 2415 1979 diversa
2438 1925 2670 1979 membra
2691 1941 2892 1991 sumus,
2917 1941 3077 1978 unum
3105 1941 3290 1993 corpus
3313 1922 3498 1976 Eccle-

1911 2017 2005 2069 sia:
2026 2015 2329 2070 efficientia.
2361 2015 2514 2069 Sicut
2534 2015 2679 2069 enim
2717 2016 2786 2068 ab
2830 2015 3020 2068 eadem
3056 2016 3238 2068 anima
3281 2014 3495 2067 diversa

1909 2107 2156 2161 membra
2185 2107 2238 2159 in
2265 2105 2455 2160 eodem
2485 2119 2714 2172 corpore
2740 2104 3124 2158 sensilicantur
3160 2117 3173 2154 :
3211 2103 3284 2155 ita
3314 2117 3416 2156 nos
3439 2103 3494 2156 in

1912 2211 2140 2265 corpore
2164 2194 2417 2250 Ecclesia:
2437 2210 2533 2265 per
2561 2194 2812 2249 eumdem
2841 2192 3091 2262 spiritum
3140 2206 3333 2245 omnes
3362 2191 3497 2245 vivi-

1914 2287 2160 2340 ficamur.
2189 2284 2390 2338 Littera
2413 2285 2492 2339 sic
2507 2283 2757 2354 jungitur
2789 2300 2802 2336 :
2841 2282 2985 2336 Deus
3009 2282 3195 2350 utique
3219 2282 3363 2335 dona
3393 2295 3495 2335 sua

1913 2375 2130 2430 divisim
2163 2375 2326 2429 dedit.
2354 2373 2488 2428 Nam
2539 2375 2677 2427 sicut
2730 2375 2927 2426 inuno
2980 2387 3193 2441 corpore
3246 2371 3496 2424 habemus

1913 2467 2133 2536 quidem
2158 2465 2325 2519 multa
2356 2465 2611 2532 membra,
2636 2464 2730 2519 sed
2779 2479 2881 2516 non
2917 2463 3096 2516 omnia
3125 2461 3356 2515 membra
3395 2461 3494 2513 ha-

1915 2559 2031 2612 bent
2059 2557 2296 2612 eumdem
2318 2564 2494 2610 actum
2519 2571 2536 2609 :
2565 2557 2642 2609 ita
2674 2570 2774 2609 nos
2804 2553 2958 2607 multi
3000 2569 3162 2606 unum
3185 2568 3374 2621 corpus
3404 2567 3497 2604 su-

1915 2665 2028 2701 mus
2057 2649 2113 2701 in
2135 2647 2308 2718 capite
2335 2647 2544 2702 Christo
2576 2662 2594 2700 :
2627 2647 2719 2702 sed
2746 2646 2944 2716 singuli
2995 2660 3186 2700 sumus
3221 2643 3451 2697 membra
3476 2658 3496 2696 :

1913 2741 1992 2795 ita
2016 2740 2154 2809 quod
2187 2739 2324 2792 alter
2352 2738 2593 2805 alterius,
2624 2737 2676 2792 id
2706 2746 2808 2804 est,
2833 2746 2895 2792 ut
2925 2737 3015 2791 hic
3041 2736 3235 2790 oculus
3275 2735 3498 2789 subser-

1913 2829 2026 2883 viat
2058 2829 2135 2883 illi
2159 2828 2302 2898 pedi,
2327 2837 2381 2882 et
2406 2829 2565 2883 sicin
2593 2829 2824 2894 caeteris,
2877 2842 3000 2897 quae
3033 2826 3496 2894 contemperantia

1917 2917 2333 2972 subservitionis
2379 2918 2675 2987 plurimum
2729 2926 2810 2972 est
2864 2917 3058 2971 idonea
3087 2916 3154 2970 ad
3189 2915 3494 2970 custodiam

1916 3009 2242 3064 humilitatis
2262 3017 2318 3064 et
2341 3010 2578 3064 unionis.
2641 3009 2849 3079 Singuli
2903 3025 3083 3063 sumus
3108 3011 3244 3063 alter
3271 3009 3496 3062 alterius

1917 3100 2147 3153 membra
2180 3099 2407 3169 :igitur,
2439 3099 2492 3154 id
2525 3108 2609 3154 est
2654 3107 2940 3169 propterea
2982 3100 3111 3169 quia
3159 3099 3332 3153 voluit
3393 3113 3496 3154 nos

1914 3187 2060 3244 Deus
2081 3189 2155 3243 ita
2177 3188 2413 3243 vicissim
2439 3188 2764 3253 subservire,
2808 3204 3000 3244 sumus
3031 3189 3272 3242 habentes
3321 3187 3491 3241 dona-

1917 3279 2089 3332 tiones
2110 3279 2404 3347 di/ferentes
2429 3294 2447 3332 :
2469 3287 2530 3333 ut
2560 3279 2649 3332 hic
2674 3279 3022 3348 prophetiam,
3047 3277 3137 3333 hic
3163 3277 3500 3352 doctrinam,

1913 3379 2016 3424 etc.
2046 3370 2102 3423 Si
2136 3370 2284 3424 enim
2347 3369 2545 3440 singuli
2599 3385 2788 3423 omnes
2839 3369 3162 3424 donationes
3208 3369 3491 3434 haberent,

1916 3471 2025 3511 non
2047 3465 2196 3513 esset
2221 3457 2362 3512 unde
2389 3458 2526 3511 alter
2559 3458 2710 3512 alteri
2735 3457 3088 3524 subserviret,
3126 3459 3208 3513 vel
3231 3473 3490 3513 necessa-

1915 3547 2032 3602 rius
2053 3557 2218 3614 esset,
2253 3556 2306 3602 et
2338 3547 2418 3604 sic
2448 3548 2582 3602 alter
2636 3548 2690 3602 in
2747 3549 2980 3602 alterum
3021 3548 3349 3618 superbiret,
3383 3563 3492 3602 non

1915 3638 2103 3692 relicto
2128 3637 2272 3693 unde
2301 3654 2444 3693 unus
2469 3637 2622 3693 alteri
2651 3653 2708 3692 se
2730 3646 3180 3707 contemperaret.
3228 3636 3494 3690 Habentes

1914 3728 2036 3782 dico
2062 3728 2358 3796 dilferentes
2377 3728 2715 3782 donationes:
2732 3737 2785 3781 et
2804 3728 2908 3781 hoc
2929 3726 3215 3781 secundum
3239 3728 3492 3795 gratiam,

1915 3815 1968 3869 id
1998 3825 2082 3869 est
2100 3831 2196 3884 per
2225 3815 2488 3885 Spiritum
2525 3827 2806 3880 sanetum,
2833 3830 2949 3883 qua:
2996 3814 3169 3883 gratia
3240 3817 3370 3866 data
3415 3823 3493 3865 est

1915 3909 2063 3961 nobis
2077 3923 2173 3977 per
2186 3907 2411 3977 gratiam
2430 3921 2537 3961 non
2554 3913 2962 3975 recompensata
2977 3919 3073 3973 per
3095 3903 3369 3959 meritum.
3393 3902 3474 3955 Do

1916 3999 2152 4050 nationes
2173 3997 2315 4062 dico,
2329 4004 2389 4050 ut
2409 3997 2514 4049 sive
2539 3995 2836 4050 habeamus
2845 3992 3195 4064 prophetiam,
3213 3991 3265 4046 id
3277 3999 3362 4046 est
3375 4006 3432 4045 ce
3441 4007 3496 4044 r-

1914 4101 2024 4144 tam
2049 4090 2115 4143 de
2144 4087 2343 4142 futuris
2370 4087 2757 4158 cognitionem,
2787 4087 2872 4142 vel
2903 4084 3266 4154 quorumlibet
3312 4097 3494 4138 secre-

1916 4189 2095 4234 torum
2122 4178 2813 4245 revelationem,habentcs
2868 4178 2991 4232 dico
3048 4174 3388 4245 prophetiam
3442 4182 3498 4227 et

1916 4271 2021 4324 hoc
2043 4268 2328 4322 secundum
2357 4269 2612 4320 rationem
2641 4267 2785 4336 ﬁdei.
2811 4263 2928 4319 Non
2965 4264 3290 4320 determinat
3337 4262 3494 4332 cujus

1917 4361 2060 4425 fidei,
2091 4361 2174 4415 vel
2199 4369 2397 4414 nostra:
2420 4359 2504 4413 vel
2539 4357 2872 4424 auditorum,
2901 4365 2953 4411 et
2983 4357 3048 4410 ad
3077 4364 3370 4424 utrumque
3411 4369 3497 4406 re-

228 4470 360 4522 gem
408 4469 516 4507 non
559 4453 793 4518 violant,
825 4468 931 4506 non
965 4453 1035 4505 ita
1065 4450 1291 4522 cogendi
1322 4457 1449 4504 sunt
1474 4449 1539 4501 ad
1569 4447 1813 4512 meliora,
1842 4467 1894 4527 Β
1918 4453 2047 4508 ferri
2067 4460 2243 4522 potest
2263 4449 2666 4527 ita,Secundum
2692 4450 2947 4502 rationem
2977 4448 3100 4516 ﬁdei
3130 4445 3492 4514 τίοιεν-ωαψς]

228 4545 584 4600 solummodo
632 4545 768 4598 bene
809 4542 1050 4609 faciant,
1097 4543 1190 4597 sed
1233 4558 1300 4595 ex
1361 4539 1649 4595 dilectione
1695 4552 1816 4591 mo-

231 4636 424 4690 nendi.
463 4634 518 4689 Si
548 4636 694 4689 enim
719 4635 1058 4689 districtione
1089 4632 1408 4687 obedientiae
1433 4631 1497 4685 ad
1531 4628 1821 4700 perfectio-

231 4744 296 4782 ra
327 4734 676 4798 cogerentur,
705 4727 878 4797 magis
906 4727 958 4779 in
984 4726 1088 4779 hoc
1109 4725 1394 4778 damnaret
1413 4738 1508 4778 eos
1539 4721 1816 4791 przelatus,

232 4838 403 4892 quam
435 4823 741 4891 adjuvaret,
791 4835 916 4875 cum
971 4820 1014 4874 si
1059 4826 1386 4888 praeceptum
1421 4832 1529 4872 non
1555 4815 1816 4882 facerent,

234 4912 635 4966 damnarentur
663 4920 882 4982 propter
909 4910 1332 4964 inobedientiam
1357 4927 1370 4974 ;
1403 4917 1455 4962 et
1489 4909 1610 4964 ideo
1635 4908 1816 4977 potius

235 5001 614 5058 admonitione
648 5003 898 5057 trahendi
961 5011 1090 5056 sunt
1131 5002 1198 5056 ad
1229 5001 1473 5065 meliora,
1526 5015 1690 5068 quam
1717 5012 1814 5052 co-

236 5095 476 5160 actione,
501 5109 673 5165 quare
696 5095 777 5149 sic
805 5095 880 5148 ait
908 5113 920 5147 :
950 5092 1056 5147 Per
1087 5093 1315 5163 gratiam
1343 5091 1676 5160 apostolatus
1702 5105 1816 5160 qute

237 5185 371 5240 data
403 5196 480 5240 est
511 5185 671 5252 mihi,
698 5185 816 5258 dico
849 5193 902 5239 et
927 5183 1182 5254 praecipio
1212 5183 1472 5246 omnibus,
1507 5187 1560 5234 et
1591 5181 1664 5233 ita
1693 5194 1808 5232 om-

237 5279 404 5332 nibus
431 5279 575 5347 quod
603 5277 856 5347 singulis,
889 5277 978 5345 qui
1000 5283 1120 5328 sunt
1146 5276 1282 5343 inter
1311 5290 1396 5326 vos
1432 5288 1450 5325 :
1481 5271 1582 5327 hoc
1611 5271 1818 5326 scilicet

238 5366 386 5429 dico,
417 5383 517 5418 non
539 5367 658 5434 plus
683 5366 942 5421 Iaboretis
971 5381 1153 5434 sapere
1188 5380 1344 5434 quam
1377 5371 1577 5433 oportet
1616 5377 1815 5432 sapere,

239 5455 295 5508 id
323 5464 408 5508 est
429 5471 593 5523 quam
620 5456 752 5510 lides
776 5472 908 5510 sana
938 5456 1136 5526 exigit;
1169 5471 1268 5509 nec
1298 5453 1453 5509 vobis
1483 5453 1698 5522 penitus
1729 5452 1817 5506 in-

237 5545 453 5599 terdico
481 5561 703 5614 sapere,
741 5547 829 5600 sed
861 5549 982 5602 volo
1014 5562 1112 5602 vos
1146 5563 1327 5616 sapere
1359 5545 1428 5598 ad
1462 5544 1814 5599 sobrietatem.

237 5635 353 5691 Nec
377 5637 570 5692 iterum
587 5655 684 5693 vos
706 5655 896 5695 omnes
925 5642 992 5694 ad
1020 5638 1271 5695 eumdem
1294 5640 1585 5693 terminum
1609 5640 1730 5693 volo
1755 5639 1821 5693 de

239 5729 511 5791 sapientia
536 5731 807 5799 laborare,
834 5739 893 5786 ut
913 5746 1022 5786 non
1045 5733 1177 5788 satis
1199 5731 1270 5786 sit
1298 5730 1471 5787 vobis.
1505 5729 1608 5784 nisi
1631 5744 1819 5784 omnes

1918 4545 2063 4599 Deus
2093 4543 2390 4598 secundum
2419 4541 2565 4612 quod
2587 4522 2745 4595 'videt
2772 4540 3102 4596 conveniens
3132 4554 3274 4604 esse,
3301 4546 3354 4591 et
3376 4552 3498 4590 mo-

1918 4636 2049 4692 dum
2078 4636 2200 4691 lidei
2222 4644 2442 4700 nostrae,
2464 4635 2548 4689 vel
2579 4633 2782 4688 revelat
2808 4630 3034 4698 secreta,
3064 4633 3148 4686 vel
3170 4629 3497 4700 praenuntiat

1916 4727 2100 4783 futura
2144 4742 2158 4778 :
2204 4727 2289 4781 vel
2337 4726 2620 4780 secundum
2673 4725 2929 4778 rationem
2990 4723 3116 4791 fidei
3160 4721 3494 4783 auditorum,

1916 4822 2046 4892 quia
2072 4819 2532 4892 quemadmodum
2563 4817 2706 4872 Deus
2732 4817 2879 4871 videt
2907 4814 3064 4868 fidem
3124 4822 3179 4866 et
3223 4811 3497 4881 capacita-

1917 4921 2026 4968 tem
2054 4912 2414 4976 audientium,
2442 4918 2652 4964 tantum
2705 4907 2801 4960 dat
2827 4903 3294 4976 praedicatoribus,
3323 4911 3384 4957 ut
3412 4917 3496 4956 re-

1915 5004 2096 5057 velent
2118 5003 2199 5057 eis
2219 5001 2301 5055 vel
2332 4998 2675 5054 annuntient.
2699 4995 2813 5051 Nos
2849 4996 3035 5064 utique
3064 4995 3326 5049 habentes
3369 5008 3498 5062 pro-

1916 5095 2154 5163 phetiam
2189 5089 2488 5147 secundum
2519 5089 2784 5142 rationem
2808 5087 2969 5141 fidei:
3003 5085 3087 5140 vel
3134 5093 3356 5150 nostrze,
3411 5083 3496 5137 vel

1917 5185 2225 5238 auditorum
2249 5183 2422 5238 simus
2454 5181 2589 5234 alter
2625 5179 2846 5234 alterius
2882 5178 3132 5231 membra.
3177 5176 3296 5231 Sive
3324 5175 3494 5230 habe-

1917 5290 2040 5330 mus
2069 5275 2418 5328 ministerium
2448 5271 2871 5328 administrandi
2909 5269 3169 5325 fratribus
3219 5278 3494 5336 tempora-

1916 5365 2008 5432 lia,
2064 5363 2326 5418 debemus
2348 5363 2482 5433 alter
2503 5362 2730 5418 alterius
2777 5374 2900 5416 esse
2951 5359 3191 5412 membra
3243 5356 3298 5407 in
3343 5353 3497 5406 mint-

1917 5453 2156 5518 strando,
2189 5452 2331 5506 sicut
2354 5452 2515 5506 nobis
2537 5451 2803 5506 creditum
2825 5457 2926 5504 est.
2959 5446 3076 5502 Sive
3095 5446 3182 5499 ille
3208 5445 3297 5514 qui
3323 5442 3494 5504 docet,

1917 5545 2111 5600 docere
2146 5544 2298 5609 dicit,
2321 5544 2466 5613 quod
2487 5551 2542 5596 et
2571 5542 2855 5611 scientiam
2890 5537 3118 5594 docendi
3162 5543 3217 5589 et
3264 5530 3494 5602 gratiam

1919 5636 2189 5691 sermonis
2219 5636 2436 5701 habeat,
2467 5633 2582 5702 qui,
2617 5635 2860 5701 inquam,
2883 5629 3060 5693 docet,
3089 5626 3159 5679 sit
3186 5621 3492 5677 membrum

1923 5729 2145 5783 alterius
2189 5727 2242 5779 in
2283 5727 2544 5779 doctrina.
2589 5722 2681 5778 Ille
2739 5736 2868 5776 vero
2907 5720 2997 5772 aui
3049 5716 3374 5781 exhortatur,
3425 5711 3496 5767 sit
