3978 6392
528 338 632 404 1-03

1065 332 1124 390 S.
1165 328 1515 391 BRUNONIS
1549 320 2197 389 CARTllUSlANORUM
2239 319 2732 384 lNS'l'lTUTOlllS
2765 323 2917 382 OPP.
2958 325 3144 385 PARS
3180 324 3243 385 ΙΙ.

3687 334 3786 396 Im

528 454 836 519 membrum
857 448 1082 507 alterius
1106 464 1164 503 in
1181 445 1531 503 exhortando.
1552 443 1759 499 Docere
1777 451 1862 497 est
1876 440 2108 511 sapienti
2136 445 2184 503 Α
2211 416 2492 494 ferendum
2516 437 2822 506 passiones,
2845 453 2970 506 quae
2996 437 3133 493 adeo
3166 442 3321 496 carni
3364 453 3687 517 repugnans,
3711 458 3796 504 εει

534 544 1024 608 ωἱηιιδ-εαίθιιωω,
1052 540 1149 597 sed
1175 537 1453 595 exhortari
1480 543 1659 607 potest
1685 542 1738 589 ct
1769 533 2014 587 animare
2042 531 2112 586 ad

535 630 764 703 bonum,
797 634 980 691 minus
1015 631 1198 688 sciens
1248 630 1406 699 lange
1450 642 1511 682 se
1565 623 1996 695 prudentiorem,
2052 628 2118 675 ut

542 732 765 804 quilibet
789 727 1031 784 rusticus
1055 731 1241 796 posset
1268 722 1485 792 quidem
1514 718 1792 783 exhortari
1820 718 1890 771 ad
1912 717 2115 771 bellum

532 818 1011 888 fortemmilitem,
1035 815 1194 885 cujus
1222 823 1400 869 tamen
1432 808 1559 865 belli
1584 807 1833 878 peritiam
1853 806 2117 860 rusticus

536 919 833 985 ignoraret.
866 908 972 975 Qui
1000 916 1179 962 autem
1214 903 1419 968 tribuit,
1455 901 1657 955 tribuat
1682 900 1738 952 in
1753 897 2116 968 simplicitate,

541 994 596 1060 id
615 1012 701 1059 est
720 1017 831 1059 non
855 1015 951 1070 spe
976 995 1289 1066 recipiendi,
1318 1008 1431 1047 non
1452 1006 1641 1047 amore
1668 998 1898 1045 terrente
1920 987 2117 1054 laudis,

544 1092 633 1148 sed
658 1105 757 1161 pro
778 1090 893 1144 sola
913 1085 1195 1142 dilectione
1213 1081 1470 1153 proximi.
1500 1079 1594 1136 llle
1613 1091 1742 1134 vero
1791 1078 1883 1148 qui
1909 1086 2119 1147 praeest,

543 1180 726 1253 praesit
745 1180 801 1233 in
829 1173 1206 1239 sollicitudine,
1243 1172 1299 1226 id
1331 1178 1416 1227 est
1434 1168 1587 1224 omni
1616 1167 1895 1238 vigilantia
1931 1182 2120 1223 curam

545 1273 878 1330 subditorum
901 1274 1073 1337 gerat.
1115 1264 1219 1331 Qui
1244 1263 1408 1318 habet
1438 1261 1586 1332 quod
1634 1268 1840 1331 eroget,
1869 1257 2126 1329 simplici-

543 1372 623 1418 ter
638 1361 859 1417 tribuat.
891 1357 996 1425 Qui
1020 1372 1154 1412 vero
1177 1370 1288 1409 non
1318 1354 1480 1408 habet
1510 1352 1655 1422 quod
1688 1351 1922 1416 .tribuat,
1953 1350 2121 1405 mise-

536 1462 721 1507 reatur
747 1462 930 1506 tamen
962 1449 1149 1502 animo
1175 1464 1187 1499 :
1212 1454 1265 1500 ct
1289 1446 1378 1499 ille
1401 1445 1491 1514 qui
1516 1443 1816 1508 miseretur,
1836 1441 1999 1498 faciat
2017 1442 2124 1496 hoc

547 1531 600 1593 in
613 1542 910 1605 hilaritate,
944 1539 1001 1593 id
1030 1547 1116 1593 est
1154 1554 1261 1591 non
1283 1545 1506 1591 coactus
1543 1542 1813 1604 prmcepto
1841 1534 1995 1603 legis,
2029 1532 2124 1588 sed

536 1634 754 1685 tervens
782 1628 977 1697 spiritu
1010 1625 1340 1680 dilectionis.
1678 1642 1683 1647 δ

537 1766 541 1770 .
609 1719 675 1775 Et
703 1719 834 1789 quia
867 1728 925 1774 ut
956 1719 1060 1773 hoc
1089 1716 1252 1775 modo
1294 1715 1397 1769 sibi
1428 1714 1657 1769 invicem
1707 1713 2119 1782 subserviendo,

2212 526 2544 582 necessaria.
2579 523 2634 578 Si
2661 537 2792 580 vero
2815 541 2925 579 non
2947 526 3084 582 adeo
3105 527 3363 599 ingruant
3380 531 3539 587 vobis
3581 534 3800 591 tribula-

2209 618 2413 683 tiones,
2470 625 2643 671 estote
2676 617 2869 672 saltem
2918 620 3365 675 communicantes
3405 625 3800 681 necessitatibus

2214 718 2544 774 sanctorum,
2574 717 2637 763 ut
2656 708 2972 779 indigentiis
2998 710 3195 765 horum
3218 713 3314 782 qui
3347 714 3651 784 patiuntur,
3706 732 3803 773 vos

2208 810 2274 854 et
2298 808 2479 855 vestra
2507 801 2819 854 communia
2856 800 3088 857 faciatis.
3146 801 3258 858 Nec
3289 806 3468 860 solum
3504 810 3802 862 communi-

2219 900 2416 957 cantes,
2442 890 2536 945 sed
2563 891 2728 945 etiam
2750 902 3007 946 sectantes
3029 893 3467 964 hospitalitatem,
3496 907 3557 953 ut
3586 908 3806 958 sanctos

2220 997 2362 1051 quos
2391 981 2541 1051 impii
2561 992 2985 1053 persequuntur,
3040 999 3139 1040 vos
3172 986 3406 1042 intimidi
3434 990 3676 1061 hospitio
3720 1008 3808 1047 re-

2220 1073 2504 1142 cipientes,
2532 1089 2721 1129 curam
2748 1089 2939 1129 eorum
2983 1076 3248 1131 habeatis.
3280 1076 3535 1134 Patimini
3586 1081 3807 1151 quidem

2218 1162 2545 1217 tribulantes
2567 1178 2685 1230 vos,
2717 1178 2819 1219 nec
2848 1164 2952 1220 hoc
2973 1166 3171 1231 solum,
3204 1168 3298 1237 sed
3322 1170 3491 1223 etiam
3522 1169 3809 1226 benedicite

2221 1254 2645 1324 persequentibus
2674 1270 2761 1308 vos
2786 1270 2805 1308 :
2828 1271 2930 1310 nec
2975 1258 3166 1324 semel,
3188 1259 3284 1314 sed
3334 1259 3558 1314 assidue
3605 1259 3813 1314 benedi-

2223 1345 2326 1398 cite
2350 1362 2368 1400 :
2396 1360 2497 1400 nec
2518 1354 2580 1400 ut
2601 1354 2849 1415 respectu
2878 1347 3155 1416 patientiae
3205 1358 3401 1405 vestra:
3451 1351 3811 1418 benedicatis,

2224 1450 2279 1496 et
2300 1439 2737 1499 consideratione
2762 1441 3099 1497 crudelitatis
3120 1456 3314 1497 eorum
3337 1442 3698 1511 maledicatis,
3719 1446 3814 1500 sed

2226 1547 2496 1601 nunquam
2525 1530 2695 1584 velitis
2722 1531 3051 1586 maledicere.
3079 1530 3149 1587 Ut
3169 1542 3352 1588 autem
3405 1532 3625 1590 dilectio
3671 1535 3814 1591 inte-

2227 1639 2322 1695 gra
2346 1623 2437 1689 sit,
2486 1622 2696 1677 debetis
2727 1624 3050 1692 congandere
3092 1624 3461 1694 gaudentibus,
3508 1635 3566 1682 et
3591 1626 3701 1683 hoc
3749 1626 3817 1683 de

2230 1715 2606 1785 spiritualibus
2627 1715 2787 1770 bonis
2836 1715 2981 1770 haud
3031 1716 3258 1771 dubium
3282 1727 3386 1784 est,
3420 1719 3569 1773 etde
3600 1729 3818 1790 tempo-

541 1811 679 1866 alter
712 1787 876 1864 alteri
921 1825 980 1864 se
1025 1814 1516 1876 eontemperarent,
1569 1804 1704 1860 vidit
1756 1804 2125 1860 necessariam
2158 1787 2203 1847 Β
2228 1806 2436 1861 ralibus
2461 1814 2727 1875 quantum
2760 1806 2902 1861 ratio
2922 1806 3176 1861 admittit.
3226 1806 3444 1863 Dehetis
3490 1809 3659 1863 etiam

540 1913 665 1955 esse
689 1898 1033 1953 dilectionem
1075 1916 1088 1950 :
1123 1895 1405 1965 subjungit
1432 1895 1501 1949 de
1535 1894 1626 1948 illa
1676 1894 1884 1960 dicens,
1930 1903 1991 1949 ut
2039 1893 2126 1950 his

540 1991 719 2046 modis
747 1991 885 2045 alter
904 1988 1131 2044 alterius
1150 1988 1457 2042 membrum
1488 1986 1604 2051 ﬁat,
1634 1985 1707 2040 sit
1732 1985 1789 2041 in
1837 1984 1991 2040 vobis
2040 1984 2129 2039 di-

537 2080 693 2137 lectio
715 2097 735 2135 :
759 2088 815 2135 et
834 2080 940 2135 hoc
966 2081 1080 2133 sine
1108 2077 1468 2144 simulatione,
1503 2086 1561 2132 ut
1584 2084 1641 2132 et
1669 2075 1801 2133 foris
1854 2090 1914 2132 se
1941 2081 2128 2131 osten-

535 2170 650 2238 dat,
673 2180 727 2227 et
742 2171 890 2227 intus
912 2171 1102 2227 ardeat
1124 2169 1364 2229 dilectio.
1387 2167 1497 2224 Nec
1517 2170 1593 2223 ita
1612 2168 1873 2239 diligatis,
1898 2176 1959 2223 ut
1979 2167 2127 2222 malo

540 2264 775 2333 proximi
825 2263 1168 2328 adhiereatis,
1218 2262 1313 2317 sed
1366 2261 1598 2315 odientes
1626 2259 1828 2314 malum
1855 2259 1964 2329 7o
1983 2259 2126 2329 ejus,

542 2354 674 2409 bono
693 2370 833 2409 .vero
861 2354 1097 2423 proximi
1126 2353 1248 2429 sitis
1269 2353 1617 2419 adluerentes,
1644 2352 1803 2407 idest
1826 2366 2130 2421 coeperano

543 2450 644 2517 tes.
677 2440 791 2498 Nec
809 2442 1040 2499 sulliciat
1061 2443 1117 2496 in
1148 2441 1442 2511 vobisipsis
1491 2441 1692 2496 habere
1734 2442 2081 2497 dilectionem
2109 2459 2124 2496 :

543 2534 638 2589 sed
669 2532 835 2588 etiam
876 2532 1153 2603 diligentes
1189 2532 1505 2588 charitatam
1534 2531 1912 2602 fraternitatis,
1943 2532 1997 2587 id
2044 2540 2131 2588 est

543 2634 699 2685 bonae
720 2622 1033 2679 dilectionis
1060 2637 1181 2678 esse
1223 2622 1280 2677 in
1333 2619 1595 2679 fratribus
1627 2622 1826 2677 vestris
1852 2640 1866 2676 :
1889 2621 2130 2678 charita-

541 2725 651 2773 tem
685 2716 811 2772 dico
865 2716 1086 2771 invicem
1129 2715 1393 2782 habitam,
1438 2715 1586 2786 quod
1626 2717 1765 2771 alter
1800 2715 1855 2770 in
1896 2714 2129 2772 alterum

541 2817 798 2879 operetur
838 2808 1162 2864 charitatem
1193 2824 1207 2860 :
1246 2809 1330 2863 vel
1377 2808 1472 2862 ita.
1504 2806 1658 2864 Sicut
1703 2822 1802 2864 vos
1849 2807 2131 2878 proximos

541 2899 765 2971 diligere
784 2900 911 2956 volo
934 2918 948 2954 :
976 2899 1052 2955 ita
1072 2900 1197 2955 volo
1226 2914 1325 2955 vos
1346 2915 1470 2955 esse
1493 2899 1781 2971 diligentes
1803 2900 2128 2955 cbaritatem

543 2993 920 3061 fraternitatis,
950 3004 1423 3065 recompensatam
1455 2994 1687 3050 invicem
1716 3014 1730 3049 :
1757 2995 1906 3066 quod
1929 2994 1977 3051 si
2001 3009 2132 3066 pro-

540 3087 674 3143 ximi
703 3087 887 3157 aliqua
915 3102 1082 3158 opera
1108 3087 1394 3144 cbaritatis
1419 3096 1841 3158 recompensant
1863 3086 2041 3155 vobis,
2062 3087 2130 3141 li-

541 3178 732 3234 benter
755 3179 1034 3249 suscipite.
1058 3177 1230 3234 Erant
1256 3180 1402 3237 enim
1427 3180 1650 3250 quidam
1678 3179 1774 3251 qui
1798 3179 1936 3235 bene
1958 3178 2129 3235 faeie~

542 3271 672 3327 bant
712 3270 1018 3338 proximis:
1050 3271 1145 3325 sed
1175 3286 1244 3325 ne
1272 3272 1769 3327 remunerationem
1805 3261 1972 3342 hujus
2013 3285 2132 3326 me-

543 3358 636 3414 riti
659 3358 966 3427 perderent,
994 3359 1250 3414 nolebant
1293 3360 1532 3428 recipere
1568 3359 1775 3429 aliquid
1819 3360 2050 3415 invicem
2098 3373 2131 3413 a

545 3447 811 3527 proximis
837 3466 850 3502 :
875 3457 929 3503 et
956 3456 1015 3504 ut
1038 3448 1259 3504 dilectio
1279 3458 1459 3504 vestra
1485 3450 1882 3505 incrementum
1916 3463 2132 3518 semper

545 3539 763 3605 habeat,
791 3539 911 3595 sitis
935 3539 1129 3594 honore
1150 3540 1518 3609 prteveuientes
1537 3540 1778 3607 invicem,
1806 3540 1860 3594 id
1887 3548 1972 3596 est
1995 3540 2134 3595 alter

543 3628 885 3695 alterum,ut
901 3630 1007 3700 qui
1043 3629 1209 3684 citius
1237 3638 1414 3700 potest
1457 3638 1713 3700 assurgat
1757 3630 1849 3685 alii
1881 3646 1895 3683 :
1928 3630 2134 3699 amplc-

544 3729 727 3777 ctatur
762 3720 1079 3792 proximum
1128 3720 1280 3775 omni
1339 3735 1536 3792 genere
1586 3720 1898 3776 dilectionis
1924 3738 1937 3773 :
1962 3730 2134 3790 utque

543 3812 751 3868 bonum
773 3811 1131 3870 fraternitatis
1166 3819 1446 3868 accrescat
1488 3812 1542 3866 iu
1577 3812 1754 3879 vobis,
1806 3821 1980 3869 estote
2028 3829 2135 3867 non

543 3904 682 3974 pigri
729 3904 1105 3969 sollicitudine,
1149 3912 1212 3960 ut
1256 3904 1405 3960 omni
1448 3904 1726 3975 vigilantia
1760 3903 2028 3961 sollicitus
2062 3904 2135 3961 sit

546 3995 683 4049 alter
707 3996 934 4051 alterius
962 3997 1143 4051 levare
1164 3986 1567 4051 necessitatem.
1605 3994 1759 4052 Hanc
1809 3996 2136 4052 sollicitudi-

544 4100 671 4139 nem
694 4085 948 4154 superius
968 4087 1225 4156 prtecepit
1257 4087 1515 4156 praelatis,
1546 4102 1711 4156 quam
1734 4087 1825 4143 hic
1871 4086 2134 4145 fratribus

546 4192 614 4233 ex
640 4178 875 4247 quadam
897 4179 1127 4248 puritate
1151 4178 1518 4234 commendat.
1550 4177 1689 4245 Quia
1724 4179 1771 4234 si
1800 4193 1910 4233 non
1926 4179 2139 4235 habent

547 4269 694 4339 quod
717 4268 945 4324 sollicite
963 4269 1227 4335 tribuant,
1252 4270 1367 4324 sint
1385 4278 1567 4324 tamen
1614 4270 1866 4339 ferventes
1915 4270 2132 4340 spiritu,

550 4359 606 4414 id
638 4368 722 4415 est
747 4359 988 4415 charitas
1006 4360 1196 4415 ardeat
1218 4360 1272 4413 in
1295 4360 1480 4414 animo
1507 4375 1719 4426 eorum,
1743 4361 1869 4416 licet
1898 4375 2009 4415 non
2031 4361 2134 4416 ha-

2228 1913 2348 1951 cum
2392 1896 2661 1967 ﬂentibus,
2711 1896 2758 1952 si
2811 1897 3127 1966 paenitentia
3181 1896 3381 1953 ductus
3432 1897 3696 1969 amigitur
3728 1914 3743 1952 :
3773 1898 3819 1955 si

2226 1989 2393 2046 etiam
2422 1989 2587 2046 nimis
2615 1989 2921 2044 vehementi
2942 1989 3130 2044 dolore
3158 1989 3343 2045 carnis
3371 1990 3747 2061 angusdatur,
3764 1991 3820 2047 in

2227 2097 2338 2152 quo
2372 2090 2551 2136 tamen
2579 2081 2766 2135 dolore
2804 2080 3002 2134 modus
3039 2090 3125 2136 est
3167 2081 3468 2137 habendus.
3515 2079 3586 2136 Ut
3629 2091 3819 2137 autem

2226 2188 2355 2227 vere
2381 2173 2613 2243 lugentis
2637 2170 2760 2227 cum
2789 2171 3116 2243 lugentibus,
3143 2180 3315 2228 estote
3350 2174 3631 2227 sentientes
3674 2175 3821 2244 idip-

2228 2282 2365 2331 sum,
2398 2274 2458 2319 ut
2480 2279 2588 2318 non
2617 2271 2823 2318 tantum
2850 2264 3024 2329 vultu,
3055 2262 3150 2318 sed
3177 2264 3341 2318 corde
3390 2263 3621 2318 interius
3684 2262 3824 2318 ami-

2229 2354 2453 2427 gamini,
2475 2363 2530 2410 et
2557 2356 2662 2410 hoc
2686 2355 2917 2410 invicem
2944 2354 3034 2409 hic
3061 2353 3158 2419 illi,
3190 2354 3280 2408 ille
3300 2353 3413 2419 isti,
3437 2362 3497 2408 ut
3520 2362 3713 2409 autem
3740 2355 3823 2407 id-

2228 2450 2401 2518 ipsnm
2436 2449 2722 2515 sentiatis;
2761 2455 2931 2503 estote
2964 2462 3068 2499 non
3115 2446 3229 2499 alta
3273 2427 3556 2516 sapientes,
3614 2446 3672 2500 id
3742 2454 3826 2501 est

2228 2553 2338 2592 non
2369 2538 2764 2607 superbientes,
2796 2537 2886 2591 sed
2908 2540 3286 2590 consentientes
3307 2534 3625 2601 humilibus,
3652 2536 3713 2590 id
3741 2545 3826 2592 est

2231 2628 2374 2684 idem
2402 2628 2598 2689 sentite
2625 2644 2752 2683 cum
2780 2628 3028 2698 abjectis,
3066 2635 3122 2682 et
3156 2635 3216 2682 ut
3265 2627 3527 2682 noveritis
3577 2640 3825 2683 consen-

2227 2720 2332 2776 tire
2352 2719 2651 2775 humilibus
2677 2737 2691 2787 ;
2716 2719 2877 2773 nolite
2899 2735 3009 2773 esse
3026 2717 3325 2789 prudentes,
3351 2718 3405 2772 id
3431 2725 3516 2773 est
3560 2720 3825 2787 provisor

2228 2828 2319 2869 res
2341 2828 2530 2868 eorum
2553 2782 2688 2883 quae.
2707 2811 3000 2882 expediunt
3026 2782 3382 2865 solummodo
3410 2782 3813 2879 apud-vosmet
3843 2782 3901 2835 .

2230 2905 2371 2976 ipsos
2392 2920 2410 2959 :
2434 2905 2528 2960 sed
2558 2905 2721 2960 etiam
2770 2904 3047 2975 providete
3073 2902 3218 2980 aliis,
3245 2917 3344 2957 vos
3372 2901 3497 2956 dico
3530 2914 3636 2954 non
3696 2900 3824 2955 red-

2231 2998 2410 3051 dentes
2433 2995 2597 3050 alicui
2647 2996 2847 3050 malum
2892 3012 2987 3066 pro
3023 2992 3184 3048 malo.
3237 2991 3558 3057 Prudentcs,
3612 2990 3823 3063 inquit,

2230 3098 2427 3154 estote,
2461 3106 2565 3144 non
2593 3098 2799 3143 tantum
2822 3088 3148 3159 providentes
3174 3103 3291 3159 quia
3325 3086 3458 3141 bona
3486 3092 3609 3139 sunt
3636 3102 3827 3139 caram

2230 3179 2361 3247 Deo,
2393 3179 2483 3233 sed
2511 3180 2673 3233 etiam
2703 3193 2881 3232 coram
2909 3175 3205 3231 hominibus
3227 3174 3489 3241 omnibus,
3521 3180 3636 3229 tam
3690 3171 3828 3228 fide~

2227 3270 2373 3326 libus
2397 3286 2563 3342 quam
2594 3269 2922 3325 inﬁdelibus.
2970 3266 3087 3323 Non
3127 3268 3275 3323 enim
3323 3266 3520 3322 sullicit
3568 3265 3817 3321 testimo-

2231 3362 2383 3417 nium
2411 3360 2761 3417 conscientiae
2790 3369 2993 3415 nosme
3013 3360 3213 3425 solum,
3265 3358 3371 3412 nisi
3420 3364 3475 3411 et
3526 3364 3830 3412 extraneo-

2232 3469 2354 3507 rum
2384 3452 2693 3508 testimonia
2716 3451 3060 3507 conveniant.
3094 3447 3274 3516 Quare
3295 3464 3417 3518 qua:
3449 3447 3630 3503 laudis
3665 3455 3825 3515 sunt,

2230 3553 2288 3600 et
2309 3545 2451 3615 apud
2480 3543 2650 3599 Deum
2675 3551 2729 3598 et
2750 3541 2894 3612 apud
2920 3541 3192 3607 homines,
3245 3554 3311 3595 ea
3334 3537 3519 3607 utique
3581 3537 3827 3607 gerenda

2232 3644 2380 3691 sunt.
2407 3634 2479 3690 Ut
2506 3644 2687 3689 autem
2715 3635 2855 3689 bona
2876 3641 3054 3688 vestra
3083 3631 3339 3686 omnibus
3392 3630 3665 3700 placeant,
3703 3628 3829 3684 sitis

2232 3728 2476 3782 habentes
2501 3742 2680 3797 pacem
2704 3742 2824 3779 cum
2857 3724 3096 3779 omnibus
3136 3721 3457 3787 hominibus,
3490 3720 3539 3772 si
3567 3719 3691 3788 ﬁeri
3740 3734 3833 3789 po-

2235 3828 2353 3887 test,
2382 3827 2515 3873 utet
2542 3817 2644 3888 ipsi
2664 3816 2832 3872 velint
2854 3815 3053 3870 habere
3089 3829 3275 3884 pacem
3312 3812 3619 3877 vobiscum,
3666 3808 3825 3879 quod

2234 3913 2281 3969 si
2310 3913 2524 3977 nolunt,
2555 3911 2642 3965 fiat
2667 3926 2768 3981 pax
2797 3909 2886 3965 illa
2917 3925 2931 3961 :
2957 3908 3123 3979 quod,
3149 3907 3201 3961 id
3226 3915 3309 3960 est
3338 3911 3595 3976 quantum
3618 3918 3689 3957 ex
3716 3903 3823 3974 71

2234 3983 2376 4056 vobis
2406 4009 2503 4073 est.
2533 3998 2630 4055 Vel
2663 4000 2737 4054 ita
2762 3998 2953 4055 habete
2982 4012 3169 4068 pacem
3195 4012 3319 4052 cum
3352 3994 3606 4052 omnibus
3629 3994 3675 4049 si
3708 3994 3830 4065 fieri

2234 4102 2434 4163 potest,
2464 4101 2526 4148 ut
2550 4108 2679 4147 caro
2698 4100 2879 4147 vestra
2903 4091 3091 4161 diligat
3120 4089 3419 4161 allligentes
3438 4101 3497 4141 se
3518 4130 3531 4151 ,
3554 4086 3709 4156 quod
3748 4098 3833 4142 ta-

2236 4194 2367 4241 men
2388 4200 2457 4241 ex
2490 4184 2645 4239 vobis
2664 4192 2766 4249 est,
2788 4183 2919 4254 quia
2966 4182 3013 4238 si
3039 4181 3204 4235 vultis
3229 4196 3295 4234 ex
3329 4178 3541 4233 ratione
3592 4178 3831 4249 potestis

2235 4292 2428 4333 omnes
2449 4276 2690 4345 diligere.
2734 4273 2908 4341 Quam
2931 4288 3120 4343 pacem
3148 4280 3208 4326 ut
3231 4270 3496 4341 integram
3542 4269 3782 4324 servetis
3814 4288 3841 4323 :-

2249 4385 2349 4422 nan
2388 4369 2506 4423 sitis
2541 4367 2873 4437 defendentes
2904 4365 3264 4434 vosmetipsos,
3302 4361 3347 4417 si
3383 4361 3527 4416 mala
3577 4357 3833 4416 inferunt

547 4451 713 4506 beant
733 4451 1145 4521 possibilitatem
1166 4451 1445 4521 operandi.
1473 4449 1538 4505 Et
1578 4467 1646 4506 ne
1675 4453 2131 4522 contemplatores
2162 4476 2208 4535 υ
2232 4460 2407 4527 vobis,
2438 4474 2536 4514 vos
2563 4459 2687 4514 dico
2709 4459 2754 4513 si
2777 4458 2883 4512 hoc
2910 4455 3168 4522 feceritis,
3192 4463 3322 4510 tunc
3364 4452 3691 4506 charissimi.
3725 4449 3830 4518 Nc,

548 4544 755 4598 malum
788 4552 1043 4613 putarent
1064 4559 1096 4598 a
1126 4544 1362 4598 culmine
1405 4545 1879 4614 contemplationis
1932 4546 2133 4601 conde-

549 4634 812 4690 scendere
840 4634 1257 4689 necessitatibus
1309 4634 1566 4704 proximi,
1598 4635 1674 4689 ait
1696 4633 1899 4691 Paulus
1924 4654 1936 4689 :
1964 4633 2023 4689 in
2047 4636 2135 4691 his

549 4726 806 4781 omnibus
828 4726 1014 4782 sciatis
1047 4741 1149 4782 nos
1198 4739 1322 4780 esse
1366 4726 1643 4779 servientes
1681 4724 1929 4780 Domino.
1987 4724 2133 4782 Deus

551 4816 695 4870 enim
725 4817 833 4873 hoc
855 4833 1026 4888 genus
1053 4816 1332 4873 servitutis
1380 4816 1613 4870 multum
1648 4815 1841 4887 diligit.
1887 4814 2137 4886 Cumque

552 4904 634 4960 sic
662 4906 945 4977 diligentes
967 4907 1022 4962 in
1044 4924 1175 4963 cura
1196 4907 1432 4977 proximi
1458 4906 1799 4974 studueritis,
1855 4922 1923 4962 ne
1950 4921 2138 4976 exspe~

552 4994 712 5050 ctetis
731 5006 1047 5065 praesentem
1077 5000 1402 5066 mercedem,
1428 4999 1523 5055 sed
1548 5007 1721 5055 estote
1734 4999 2021 5070 gaudentes
2048 5014 2140 5069 spe

554 5081 751 5141 futurae
783 5089 1257 5144 remunerationis.

623 5176 858 5233 Ostenso
886 5180 1163 5248 quomodo
1186 5195 1246 5235 se
1267 5179 1501 5237 debeant
1523 5182 1781 5238 exhibere
1805 5180 1986 5249 bonis,
2041 5181 2137 5236 de-

554 5268 813 5322 terminat
828 5271 1106 5337 quomodo
1133 5286 1193 5325 se
1225 5271 1460 5330 habeant
1479 5284 1667 5328 contra
1696 5274 1891 5339 malos,
1910 5274 2132 5328 dicens:

553 5356 633 5415 Ne
658 5369 838 5415 autem
890 5376 985 5431 spe
1036 5360 1219 5417 futura
1253 5361 1591 5419 frustramini
1624 5383 1638 5418 :
1673 5374 1845 5420 estote
1877 5366 2134 5435 patientes

552 5453 614 5507 in
633 5451 997 5521 tribulatione,
1016 5455 1076 5511 id
1109 5467 1193 5511 est
1213 5455 1481 5526 patienter
1501 5457 1768 5511 sustinete
1796 5472 2136 5526 quaecunque

552 5546 655 5614 pro
680 5542 901 5601 Christo
924 5560 1024 5601 vos
1045 5547 1155 5617 pati
1188 5548 1510 5618 oportuerit.
1535 5545 1608 5602 Ut
1634 5556 1815 5602 autem
1848 5548 1905 5602 in
1934 5549 2138 5618 patien-

555 5636 630 5690 tia
649 5640 1029 5706 perseveretis,
1052 5648 1223 5695 estote
1250 5641 1509 5694 instantes
1550 5640 1779 5693 orationi
1809 5657 1826 5694 :
1853 5640 1979 5710 quia
2009 5640 2056 5695 si
2080 5639 2134 5693 in

555 5729 811 5787 omnibus
832 5733 1008 5789 oratio
1032 5731 1316 5790 commoda
1349 5740 1451 5801 est,
1498 5732 1670 5786 multo
1701 5730 1873 5801 magis
1901 5730 1967 5784 ad
1998 5745 2137 5800 prte-

2235 4551 2481 4621 inqnam,
2504 4547 2808 4604 defendatis
2833 4562 2951 4614 vos,
2998 4546 3089 4601 sed
3116 4544 3496 4615 aequanimiter
3542 4543 3833 4599 sustinen-

2235 4641 2326 4705 do,
2360 4643 2482 4695 date
2504 4641 2679 4694 locum
2710 4640 2805 4693 ira:
2826 4637 3266 4709 persequentium
3292 4677 3307 4702 ,
3337 4642 3399 4690 ut
3436 4626 3598 4689 liceat
3632 4634 3834 4690 saevire

2234 4734 2512 4804 quomodo
2542 4732 2760 4798 volunt;
2794 4731 2877 4786 vel
2903 4730 2977 4785 ita
3006 4728 3308 4784 :Patiendo
3347 4727 3522 4783 malos
3569 4726 3700 4781 date
3750 4727 3834 4781 lo-

2235 4842 2354 4879 cum
2381 4827 2476 4880 ira:
2502 4824 2616 4890 Dc'r,
2644 4823 2790 4879 Deus
2819 4823 2966 4879 enim
2997 4822 3077 4878 sic
3099 4821 3384 4892 proposuit
3402 4819 3589 4875 ulcisci
3615 4819 3685 4874 de
3718 4820 3832 4874 im-

2235 4918 2361 4988 piis,
2416 4926 2477 4971 ut
2497 4916 2564 4971 ad
2619 4915 2834 4970 libitum
2882 4928 3074 4969 eorum
3137 4919 3428 4968 exerceant
3476 4908 3831 4981 iniquitatem

2236 5022 2413 5073 suam,
2463 5015 2524 5061 ut
2562 5005 2712 5060 nulla
2757 5003 2980 5060 miseria
3008 5000 3347 5058 damnationi
3390 5015 3596 5055 eorum.
3630 4998 3834 5055 deesse

2234 5084 2417 5167 queat.
2449 5096 2666 5151 Debetis
2700 5098 2830 5152 dare
2877 5095 3060 5150 locum
3108 5094 3241 5149 irae:
3272 5092 3357 5147 vel
3414 5091 3541 5157 hoc,
3577 5089 3667 5144 vel
3731 5089 3831 5144 illo

2234 5191 2417 5245 modo.
2449 5188 2592 5243 Nam
2612 5190 2864 5258 scriptum
2886 5194 2964 5241 est
3015 5186 3069 5240 in
3112 5181 3402 5239 Salomone
3447 5181 3662 5237 dicente
3711 5177 3829 5236 Do-

2234 5282 2385 5336 mino
2417 5298 2429 5332 :
2467 5280 2598 5334 Mihi
2648 5286 2923 5335 reservate
2951 5277 3264 5341 vindictam,
3288 5283 3337 5328 et
3377 5289 3471 5343 ego
3527 5272 3827 5329 retribuam

2239 5371 2421 5442 impiis
2442 5371 2623 5444 (Deut.
2649 5385 2824 5435 χχχιι,
2853 5369 2965 5438 35).
3003 5365 3095 5422 Sic
3119 5376 3300 5422 autem
3359 5363 3667 5429 faciendum
3715 5372 3827 5428 cst,

2238 5465 2366 5535 quia
2397 5464 2510 5518 haec
2528 5462 2661 5516 dicit
2698 5460 2975 5515 Dominus.
3007 5456 3117 5515 Nec
3152 5458 3329 5513 solum
3375 5471 3485 5510 non
3518 5453 3822 5511 defendatis

2237 5559 2336 5609 vos
2363 5555 2431 5609 ab
2458 5552 2662 5623 impiis,
2686 5551 2781 5607 sed
2806 5550 2971 5609 etiam
3023 5548 3232 5622 diligite
3261 5547 3384 5603 illos
3427 5555 3482 5601 et
3523 5542 3832 5601 benefacito

2240 5643 2364 5698 illis.
2391 5643 2545 5710 Quod
2567 5643 2649 5698 sic
2669 5642 2747 5698 ait
2771 5639 2953 5712 (Prov.
2985 5653 3114 5705 xxv,
3144 5638 3237 5708 ‘21)
3266 5657 3281 5693 :
3314 5633 3373 5692 Si
3423 5636 3670 5690 inimicus
3699 5642 3828 5686 tuus

2238 5735 2504 5801 esurierit,
2555 5732 2674 5786 ciba
2714 5730 2889 5786 illum.
2933 5726 2993 5785 Si
3047 5728 3185 5799 sitit,
3217 5726 3288 5783 da
3318 5725 3402 5782 illi
3436 5734 3640 5799 potum.
3680 5722 3828 5779 Nam
