  <div class='ocr_page' id='page_1' title='image "/cluster/home/n/w/nwhite01/storage/ocr_20150623/153/hvd.32044015473812/058.png"; bbox 0 0 3978 6430; ppageno 0'>
   <div class='ocr_carea' id='block_1_1' title="bbox 185 366 309 423">
    <p class='ocr_par' dir='ltr' id='par_1_1' title="bbox 185 366 309 423">
     <span class='ocr_line' id='line_1_1' title="bbox 185 366 309 423; baseline 0 0"><span class='ocrx_word' id='word_1_1' title='bbox 185 366 309 423; x_wconf 71' lang='grc'><strong>105</strong></span> 
     </span>
    </p>
   </div>
   <div class='ocr_carea' id='block_1_2' title="bbox 846 347 2863 439">
    <p class='ocr_par' dir='ltr' id='par_1_2' title="bbox 846 347 2863 439">
     <span class='ocr_line' id='line_1_2' title="bbox 846 347 2863 439; baseline -0.001 -23"><span class='ocrx_word' id='word_1_2' title='bbox 846 354 1212 418; x_wconf 74' lang='lat' dir='ltr'><strong>EXPOSITIO</strong></span> <span class='ocrx_word' id='word_1_3' title='bbox 1251 359 1316 415; x_wconf 85' lang='lat' dir='ltr'><strong>IN</strong></span> <span class='ocrx_word' id='word_1_4' title='bbox 1337 356 1732 414; x_wconf 73' lang='lat' dir='ltr'><strong>‘EPISTOL‘AS</strong></span> <span class='ocrx_word' id='word_1_5' title='bbox 1766 347 1993 410; x_wconf 71' lang='lat' dir='ltr'><strong>PAULI.</strong></span> <span class='ocrx_word' id='word_1_6' title='bbox 2036 387 2104 396; x_wconf 90' lang='lat'><strong>——</strong></span> <span class='ocrx_word' id='word_1_7' title='bbox 2139 351 2208 411; x_wconf 69' lang='grc' dir='ltr'><strong>ἸΝ</strong></span> <span class='ocrx_word' id='word_1_8' title='bbox 2249 352 2470 414; x_wconf 83' lang='lat' dir='ltr'><strong>Ei-IST.</strong></span> <span class='ocrx_word' id='word_1_9' title='bbox 2513 357 2606 415; x_wconf 80' lang='lat' dir='ltr'><strong>AD</strong></span> <span class='ocrx_word' id='word_1_10' title='bbox 2644 354 2811 416; x_wconf 68' lang='lat' dir='ltr'><strong>R031.</strong></span> <span class='ocrx_word' id='word_1_11' title='bbox 2860 436 2863 439; x_wconf 16' lang='grc' dir='ltr'>ν</span> 
     </span>
    </p>
   </div>
   <div class='ocr_carea' id='block_1_3' title="bbox 3370 360 3473 419">
    <p class='ocr_par' dir='ltr' id='par_1_3' title="bbox 3370 360 3473 419">
     <span class='ocr_line' id='line_1_3' title="bbox 3370 360 3473 419; baseline 0 -2"><span class='ocrx_word' id='word_1_12' title='bbox 3370 360 3473 419; x_wconf 64' lang='grc'><strong>198</strong></span> 
     </span>
    </p>
   </div>
   <div class='ocr_carea' id='block_1_4' title="bbox 172 470 3473 553">
    <p class='ocr_par' dir='ltr' id='par_1_4' title="bbox 172 470 3473 553">
     <span class='ocr_line' id='line_1_4' title="bbox 172 470 3473 553; baseline 0.004 -32"><span class='ocrx_word' id='word_1_13' title='bbox 172 486 292 537; x_wconf 60' lang='grc' dir='ltr'><strong>4η</strong></span> <span class='ocrx_word' id='word_1_14' title='bbox 314 481 540 553; x_wconf 63' lang='lat' dir='ltr'><strong>faciem,</strong></span> <span class='ocrx_word' id='word_1_15' title='bbox 563 493 807 550; x_wconf 73' lang='lat' dir='ltr'><strong>congeras</strong></span> <span class='ocrx_word' id='word_1_16' title='bbox 832 494 989 547; x_wconf 88' lang='lat' dir='ltr'><strong>super</strong></span> <span class='ocrx_word' id='word_1_17' title='bbox 1009 486 1189 548; x_wconf 81' lang='lat' dir='ltr'><strong>caput,</strong></span> <span class='ocrx_word' id='word_1_18' title='bbox 1215 476 1268 531; x_wconf 88' lang='lat' dir='ltr'><strong>id</strong></span> <span class='ocrx_word' id='word_1_19' title='bbox 1295 486 1377 532; x_wconf 90' lang='lat' dir='ltr'><strong>est</strong></span> <span class='ocrx_word' id='word_1_20' title='bbox 1427 489 1590 545; x_wconf 80' lang='lat' dir='ltr'><strong>super</strong></span> <span class='ocrx_word' id='word_1_21' title='bbox 1633 487 1770 528; x_wconf 79' lang='lat' dir='ltr'><strong>men</strong></span> <span class='ocrx_word' id='word_1_22' title='bbox 1816 473 1862 527; x_wconf 83' lang='lat' dir='ltr'><strong>A</strong></span> <span class='ocrx_word' id='word_1_23' title='bbox 1888 470 2146 539; x_wconf 84' lang='lat' dir='ltr'><strong>quiddam</strong></span> <span class='ocrx_word' id='word_1_24' title='bbox 2169 474 2367 544; x_wconf 81' lang='lat' dir='ltr'><strong>majus,</strong></span> <span class='ocrx_word' id='word_1_25' title='bbox 2398 474 2624 540; x_wconf 83' lang='lat' dir='ltr'><strong>scilicet,</strong></span> <span class='ocrx_word' id='word_1_26' title='bbox 2647 474 3038 544; x_wconf 66' lang='lat' dir='ltr'><strong>subiectionem</strong></span> <span class='ocrx_word' id='word_1_27' title='bbox 3085 476 3284 531; x_wconf 86' lang='lat' dir='ltr'><strong>debent</strong></span> <span class='ocrx_word' id='word_1_28' title='bbox 3308 479 3473 548; x_wconf 82' lang='lat' dir='ltr'><strong>prin-</strong></span> 
     </span>
    </p>
   </div>
   <div class='ocr_carea' id='block_1_5' title="bbox 182 562 1783 643">
    <p class='ocr_par' dir='ltr' id='par_1_5' title="bbox 182 562 1783 643">
     <span class='ocr_line' id='line_1_5' title="bbox 182 562 1783 643; baseline -0.008 -14"><span class='ocrx_word' id='word_1_29' title='bbox 182 582 305 629; x_wconf 88' lang='lat' dir='ltr'><strong>tem</strong></span> <span class='ocrx_word' id='word_1_30' title='bbox 334 572 459 643; x_wconf 83' lang='lat' dir='ltr'><strong>ejus</strong></span> <span class='ocrx_word' id='word_1_31' title='bbox 486 570 737 626; x_wconf 81' lang='lat' dir='ltr'><strong>carbones</strong></span> <span class='ocrx_word' id='word_1_32' title='bbox 766 569 928 640; x_wconf 87' lang='lat' dir='ltr'><strong>ignis,</strong></span> <span class='ocrx_word' id='word_1_33' title='bbox 951 567 1005 622; x_wconf 90' lang='lat' dir='ltr'><strong>id</strong></span> <span class='ocrx_word' id='word_1_34' title='bbox 1026 577 1109 623; x_wconf 88' lang='lat' dir='ltr'><strong>est</strong></span> <span class='ocrx_word' id='word_1_35' title='bbox 1133 568 1218 622; x_wconf 85' lang='lat' dir='ltr'><strong>vel</strong></span> <span class='ocrx_word' id='word_1_36' title='bbox 1242 567 1509 622; x_wconf 79' lang='lat' dir='ltr'><strong>fervorem</strong></span> <span class='ocrx_word' id='word_1_37' title='bbox 1535 562 1783 620; x_wconf 86' lang='lat' dir='ltr'><strong>dilectio-</strong></span> 
     </span>
    </p>
   </div>
   <div class='ocr_carea' id='block_1_6' title="bbox 186 655 1786 734">
    <p class='ocr_par' dir='ltr' id='par_1_6' title="bbox 186 655 1786 734">
     <span class='ocr_line' id='line_1_6' title="bbox 186 655 1786 734; baseline -0.008 -15"><span class='ocrx_word' id='word_1_38' title='bbox 186 665 284 720; x_wconf 90' lang='lat' dir='ltr'><strong>nis</strong></span> <span class='ocrx_word' id='word_1_39' title='bbox 317 662 490 734; x_wconf 73' lang='lat' dir='ltr'><strong>:quia</strong></span> <span class='ocrx_word' id='word_1_40' title='bbox 543 658 867 716; x_wconf 77' lang='lat' dir='ltr'><strong>admirando</strong></span> <span class='ocrx_word' id='word_1_41' title='bbox 905 657 1222 728; x_wconf 75' lang='lat' dir='ltr'><strong>patientiam</strong></span> <span class='ocrx_word' id='word_1_42' title='bbox 1273 666 1445 722; x_wconf 89' lang='lat' dir='ltr'><strong>tuam,</strong></span> <span class='ocrx_word' id='word_1_43' title='bbox 1498 655 1689 725; x_wconf 89' lang='lat' dir='ltr'><strong>diligat</strong></span> <span class='ocrx_word' id='word_1_44' title='bbox 1731 660 1786 708; x_wconf 89' lang='lat' dir='ltr'><strong>et</strong></span> 
     </span>
    </p>
   </div>
   <div class='ocr_carea' id='block_1_7' title="bbox 188 746 1786 818">
    <p class='ocr_par' dir='ltr' id='par_1_7' title="bbox 188 746 1786 818">
     <span class='ocr_line' id='line_1_7' title="bbox 188 746 1786 818; baseline -0.008 -7"><span class='ocrx_word' id='word_1_45' title='bbox 188 755 444 811; x_wconf 83' lang='lat' dir='ltr'><strong>imitetur</strong></span> <span class='ocrx_word' id='word_1_46' title='bbox 468 754 678 809; x_wconf 88' lang='lat' dir='ltr'><strong>bonum</strong></span> <span class='ocrx_word' id='word_1_47' title='bbox 724 761 903 808; x_wconf 84' lang='lat' dir='ltr'><strong>tuum.</strong></span> <span class='ocrx_word' id='word_1_48' title='bbox 953 751 1051 807; x_wconf 85' lang='lat' dir='ltr'><strong>Vel</strong></span> <span class='ocrx_word' id='word_1_49' title='bbox 1101 750 1351 805; x_wconf 78' lang='lat' dir='ltr'><strong>carbones</strong></span> <span class='ocrx_word' id='word_1_50' title='bbox 1401 749 1561 818; x_wconf 91' lang='lat' dir='ltr'><strong>ignis,</strong></span> <span class='ocrx_word' id='word_1_51' title='bbox 1600 746 1654 800; x_wconf 88' lang='lat' dir='ltr'><strong>id</strong></span> <span class='ocrx_word' id='word_1_52' title='bbox 1702 752 1786 800; x_wconf 86' lang='lat' dir='ltr'><strong>est</strong></span> 
     </span>
    </p>
   </div>
   <div class='ocr_carea' id='block_1_8' title="bbox 185 839 1781 919">
    <p class='ocr_par' dir='ltr' id='par_1_8' title="bbox 185 839 1781 919">
     <span class='ocr_line' id='line_1_8' title="bbox 185 839 1781 919; baseline -0.006 -18"><span class='ocrx_word' id='word_1_53' title='bbox 185 847 424 919; x_wconf 87' lang='lat' dir='ltr'><strong>ignitam</strong></span> <span class='ocrx_word' id='word_1_54' title='bbox 446 844 853 916; x_wconf 72' lang='lat' dir='ltr'><strong>pmnitentiam:</strong></span> <span class='ocrx_word' id='word_1_55' title='bbox 871 843 999 916; x_wconf 84' lang='lat' dir='ltr'><strong>quia</strong></span> <span class='ocrx_word' id='word_1_56' title='bbox 1017 843 1208 899; x_wconf 83' lang='lat' dir='ltr'><strong>videns</strong></span> <span class='ocrx_word' id='word_1_57' title='bbox 1223 839 1586 898; x_wconf 79' lang='lat' dir='ltr'><strong>constantiam</strong></span> <span class='ocrx_word' id='word_1_58' title='bbox 1608 846 1781 903; x_wconf 79' lang='lat' dir='ltr'><strong>tuam,</strong></span> 
     </span>
    </p>
   </div>
   <div class='ocr_carea' id='block_1_9' title="bbox 183 928 1783 1005">
    <p class='ocr_par' dir='ltr' id='par_1_9' title="bbox 183 928 1783 1005">
     <span class='ocr_line' id='line_1_9' title="bbox 183 928 1783 1005; baseline -0.006 -15"><span class='ocrx_word' id='word_1_59' title='bbox 183 936 449 992; x_wconf 80' lang='lat' dir='ltr'><strong>ardenter</strong></span> <span class='ocrx_word' id='word_1_60' title='bbox 474 933 764 1005; x_wconf 77' lang='lat' dir='ltr'><strong>ptenitebit</strong></span> <span class='ocrx_word' id='word_1_61' title='bbox 785 943 846 989; x_wconf 82' lang='lat' dir='ltr'><strong>ut</strong></span> <span class='ocrx_word' id='word_1_62' title='bbox 873 934 972 989; x_wconf 89' lang='lat' dir='ltr'><strong>tibi</strong></span> <span class='ocrx_word' id='word_1_63' title='bbox 1001 928 1294 989; x_wconf 86' lang='lat' dir='ltr'><strong>assimilari</strong></span> <span class='ocrx_word' id='word_1_64' title='bbox 1343 937 1616 985; x_wconf 87' lang='lat' dir='ltr'><strong>mereatur</strong></span> <span class='ocrx_word' id='word_1_65' title='bbox 1642 945 1656 993; x_wconf 88' lang='lat'><strong>;</strong></span> <span class='ocrx_word' id='word_1_66' title='bbox 1694 935 1783 981; x_wconf 80' lang='lat' dir='ltr'><strong>ut-</strong></span> 
     </span>
    </p>
   </div>
   <div class='ocr_carea' id='block_1_10' title="bbox 181 1019 1782 1101">
    <p class='ocr_par' dir='ltr' id='par_1_10' title="bbox 181 1019 1782 1101">
     <span class='ocr_line' id='line_1_10' title="bbox 181 1019 1782 1101; baseline -0.007 -17"><span class='ocrx_word' id='word_1_67' title='bbox 181 1045 300 1101; x_wconf 87' lang='lat' dir='ltr'><strong>que</strong></span> <span class='ocrx_word' id='word_1_68' title='bbox 328 1044 499 1099; x_wconf 88' lang='lat' dir='ltr'><strong>super</strong></span> <span class='ocrx_word' id='word_1_69' title='bbox 526 1036 767 1084; x_wconf 87' lang='lat' dir='ltr'><strong>mentem</strong></span> <span class='ocrx_word' id='word_1_70' title='bbox 792 1025 1001 1083; x_wconf 89' lang='lat' dir='ltr'><strong>inimici</strong></span> <span class='ocrx_word' id='word_1_71' title='bbox 1026 1022 1338 1097; x_wconf 88' lang='lat' dir='ltr'><strong>hujusmodi</strong></span> <span class='ocrx_word' id='word_1_72' title='bbox 1376 1021 1644 1078; x_wconf 85' lang='lat' dir='ltr'><strong>carbones</strong></span> <span class='ocrx_word' id='word_1_73' title='bbox 1696 1019 1782 1101; x_wconf 86' lang='lat' dir='ltr'><strong>in-</strong></span> 
     </span>
    </p>
   </div>
   <div class='ocr_carea' id='block_1_11' title="bbox 183 1111 1784 1192">
    <p class='ocr_par' dir='ltr' id='par_1_11' title="bbox 183 1111 1784 1192">
     <span class='ocr_line' id='line_1_11' title="bbox 183 1111 1784 1192; baseline -0.007 -15"><span class='ocrx_word' id='word_1_74' title='bbox 183 1136 370 1192; x_wconf 89' lang='lat' dir='ltr'><strong>geras,</strong></span> <span class='ocrx_word' id='word_1_75' title='bbox 394 1121 507 1175; x_wconf 83' lang='lat' dir='ltr'><strong>noli</strong></span> <span class='ocrx_word' id='word_1_76' title='bbox 532 1136 630 1192; x_wconf 89' lang='lat' dir='ltr'><strong>per</strong></span> <span class='ocrx_word' id='word_1_77' title='bbox 657 1120 1052 1192; x_wconf 88' lang='lat' dir='ltr'><strong>impatientiam</strong></span> <span class='ocrx_word' id='word_1_78' title='bbox 1081 1127 1231 1173; x_wconf 89' lang='lat' dir='ltr'><strong>tuam</strong></span> <span class='ocrx_word' id='word_1_79' title='bbox 1279 1116 1418 1172; x_wconf 80' lang='lat' dir='ltr'><strong>vinci</strong></span> <span class='ocrx_word' id='word_1_80' title='bbox 1461 1132 1495 1168; x_wconf 93' lang='lat' dir='ltr'><strong>a</strong></span> <span class='ocrx_word' id='word_1_81' title='bbox 1540 1112 1684 1167; x_wconf 87' lang='lat' dir='ltr'><strong>malo</strong></span> <span class='ocrx_word' id='word_1_82' title='bbox 1717 1111 1784 1166; x_wconf 91' lang='lat' dir='ltr'><strong>il-</strong></span> 
     </span>
    </p>
   </div>
   <div class='ocr_carea' id='block_1_12' title="bbox 182 1204 1782 1278">
    <p class='ocr_par' dir='ltr' id='par_1_12' title="bbox 182 1204 1782 1278">
     <span class='ocr_line' id='line_1_12' title="bbox 182 1204 1782 1278; baseline -0.004 -13"><span class='ocrx_word' id='word_1_83' title='bbox 182 1212 316 1276; x_wconf 85' lang='lat' dir='ltr'><strong>lius,</strong></span> <span class='ocrx_word' id='word_1_84' title='bbox 345 1211 439 1265; x_wconf 78' lang='lat' dir='ltr'><strong>sed</strong></span> <span class='ocrx_word' id='word_1_85' title='bbox 479 1211 626 1265; x_wconf 78' lang='lat' dir='ltr'><strong>vince</strong></span> <span class='ocrx_word' id='word_1_86' title='bbox 673 1211 877 1264; x_wconf 82' lang='lat' dir='ltr'><strong>malum</strong></span> <span class='ocrx_word' id='word_1_87' title='bbox 937 1209 1149 1265; x_wconf 86' lang='lat' dir='ltr'><strong>inimici</strong></span> <span class='ocrx_word' id='word_1_88' title='bbox 1195 1204 1504 1278; x_wconf 85' lang='lat' dir='ltr'><strong>superando</strong></span> <span class='ocrx_word' id='word_1_89' title='bbox 1547 1204 1677 1260; x_wconf 81' lang='lat' dir='ltr'><strong>illud</strong></span> <span class='ocrx_word' id='word_1_90' title='bbox 1716 1205 1782 1258; x_wconf 78' lang='lat' dir='ltr'><strong>in</strong></span> 
     </span>
    </p>
   </div>
   <div class='ocr_carea' id='block_1_13' title="bbox 172 1301 1134 1372">
    <p class='ocr_par' dir='ltr' id='par_1_13' title="bbox 172 1301 1134 1372">
     <span class='ocr_line' id='line_1_13' title="bbox 172 1301 1134 1372; baseline -0.001 -14"><span class='ocrx_word' id='word_1_91' title='bbox 172 1304 321 1358; x_wconf 66' lang='lat' dir='ltr'><strong>bona</strong></span> <span class='ocrx_word' id='word_1_92' title='bbox 371 1302 735 1359; x_wconf 75' lang='lat' dir='ltr'><strong>indeﬂcientis</strong></span> <span class='ocrx_word' id='word_1_93' title='bbox 760 1301 1053 1372; x_wconf 68' lang='lat' dir='ltr'><strong>patientiae.</strong></span> <span class='ocrx_word' id='word_1_94' title='bbox 1129 1363 1134 1369; x_wconf 49' lang='grc'><em>,</em></span> 
     </span>
    </p>
   </div>
   <div class='ocr_carea' id='block_1_14' title="bbox 783 1386 1167 1463">
    <p class='ocr_par' dir='ltr' id='par_1_14' title="bbox 783 1386 1167 1463">
     <span class='ocr_line' id='line_1_14' title="bbox 783 1386 1167 1463; baseline -0.01 -15"><span class='ocrx_word' id='word_1_95' title='bbox 783 1386 1013 1463; x_wconf 77' lang='lat' dir='ltr'><strong>CAPUT</strong></span> <span class='ocrx_word' id='word_1_96' title='bbox 1049 1388 1167 1446; x_wconf 81' lang='lat' dir='ltr'><strong>xu.</strong></span> 
     </span>
    </p>
   </div>
   <div class='ocr_carea' id='block_1_15' title="bbox 261 1480 1784 1558">
    <p class='ocr_par' dir='ltr' id='par_1_15' title="bbox 261 1480 1784 1558">
     <span class='ocr_line' id='line_1_15' title="bbox 261 1480 1784 1558; baseline -0.003 -18"><span class='ocrx_word' id='word_1_97' title='bbox 261 1509 282 1540; x_wconf 71' lang='grc' dir='ltr'><strong>ε</strong></span> <span class='ocrx_word' id='word_1_98' title='bbox 330 1487 526 1544; x_wconf 83' lang='lat' dir='ltr'><strong>Omnis</strong></span> <span class='ocrx_word' id='word_1_99' title='bbox 548 1487 730 1542; x_wconf 90' lang='lat' dir='ltr'><strong>anima</strong></span> <span class='ocrx_word' id='word_1_100' title='bbox 781 1486 1146 1558; x_wconf 82' lang='lat' dir='ltr'><strong>potestatibus</strong></span> <span class='ocrx_word' id='word_1_101' title='bbox 1170 1481 1593 1548; x_wconf 74' lang='lat' dir='ltr'><strong>sublimioribus</strong></span> <span class='ocrx_word' id='word_1_102' title='bbox 1652 1480 1784 1536; x_wconf 79' lang='lat' dir='ltr'><strong>sub-</strong></span> 
     </span>
    </p>
   </div>
   <div class='ocr_carea' id='block_1_16' title="bbox 184 1571 1776 1650">
    <p class='ocr_par' dir='ltr' id='par_1_16' title="bbox 184 1571 1776 1650">
     <span class='ocr_line' id='line_1_16' title="bbox 184 1571 1776 1650; baseline -0.005 -17"><span class='ocrx_word' id='word_1_103' title='bbox 184 1602 209 1633; x_wconf 75' lang='grc'><strong>‹</strong></span> <span class='ocrx_word' id='word_1_104' title='bbox 261 1582 375 1636; x_wconf 84' lang='lat' dir='ltr'><strong>dita</strong></span> <span class='ocrx_word' id='word_1_105' title='bbox 406 1581 496 1637; x_wconf 90' lang='lat' dir='ltr'><strong>sit.</strong></span> <span class='ocrx_word' id='word_1_106' title='bbox 528 1579 649 1636; x_wconf 81' lang='lat' dir='ltr'><strong>Non</strong></span> <span class='ocrx_word' id='word_1_107' title='bbox 674 1588 760 1635; x_wconf 85' lang='lat' dir='ltr'><strong>est</strong></span> <span class='ocrx_word' id='word_1_108' title='bbox 780 1580 929 1635; x_wconf 89' lang='lat' dir='ltr'><strong>enim</strong></span> <span class='ocrx_word' id='word_1_109' title='bbox 972 1587 1223 1650; x_wconf 72' lang='lat' dir='ltr'><strong>potestas</strong></span> <span class='ocrx_word' id='word_1_110' title='bbox 1264 1575 1376 1631; x_wconf 85' lang='lat' dir='ltr'><strong>nisi</strong></span> <span class='ocrx_word' id='word_1_111' title='bbox 1424 1592 1454 1629; x_wconf 91' lang='lat' dir='ltr'><strong>a</strong></span> <span class='ocrx_word' id='word_1_112' title='bbox 1484 1573 1597 1629; x_wconf 90' lang='lat' dir='ltr'><strong>Deo</strong></span> <span class='ocrx_word' id='word_1_113' title='bbox 1626 1571 1776 1644; x_wconf 88' lang='lat' dir='ltr'><strong>(Sap.</strong></span> 
     </span>
    </p>
   </div>
   <div class='ocr_carea' id='block_1_17' title="bbox 190 1665 1784 1742">
    <p class='ocr_par' dir='ltr' id='par_1_17' title="bbox 190 1665 1784 1742">
     <span class='ocr_line' id='line_1_17' title="bbox 190 1665 1784 1742; baseline -0.003 -18"><span class='ocrx_word' id='word_1_114' title='bbox 190 1695 213 1724; x_wconf 72' lang='grc' dir='ltr'><strong>ι</strong></span> <span class='ocrx_word' id='word_1_115' title='bbox 256 1690 343 1738; x_wconf 78' lang='lat' dir='ltr'><strong>vi,</strong></span> <span class='ocrx_word' id='word_1_116' title='bbox 366 1672 446 1742; x_wconf 68' lang='grc'>4).</span> <span class='ocrx_word' id='word_1_117' title='bbox 477 1671 612 1738; x_wconf 65' lang='lat' dir='ltr'><strong>Quae</strong></span> <span class='ocrx_word' id='word_1_118' title='bbox 631 1681 814 1727; x_wconf 88' lang='lat' dir='ltr'><strong>autem</strong></span> <span class='ocrx_word' id='word_1_119' title='bbox 837 1680 987 1737; x_wconf 85' lang='lat' dir='ltr'><strong>sunt,</strong></span> <span class='ocrx_word' id='word_1_120' title='bbox 1013 1685 1046 1725; x_wconf 90' lang='lat' dir='ltr'><strong>a</strong></span> <span class='ocrx_word' id='word_1_121' title='bbox 1071 1669 1183 1724; x_wconf 90' lang='lat' dir='ltr'><strong>Deo</strong></span> <span class='ocrx_word' id='word_1_122' title='bbox 1210 1668 1475 1724; x_wconf 71' lang='lat' dir='ltr'><strong>ordinatae</strong></span> <span class='ocrx_word' id='word_1_123' title='bbox 1500 1674 1647 1723; x_wconf 88' lang='lat' dir='ltr'><strong>sunt.</strong></span> <span class='ocrx_word' id='word_1_124' title='bbox 1676 1665 1784 1721; x_wconf 88' lang='lat' dir='ltr'><strong>Ita-</strong></span> 
     </span>
    </p>
   </div>
   <div class='ocr_carea' id='block_1_18' title="bbox 188 1755 1776 1834">
    <p class='ocr_par' dir='ltr' id='par_1_18' title="bbox 188 1755 1776 1834">
     <span class='ocr_line' id='line_1_18' title="bbox 188 1755 1776 1834; baseline -0.003 -20"><span class='ocrx_word' id='word_1_125' title='bbox 188 1783 208 1814; x_wconf 79' lang='grc' dir='ltr'><strong>ι</strong></span> <span class='ocrx_word' id='word_1_126' title='bbox 253 1779 363 1834; x_wconf 86' lang='lat' dir='ltr'><strong>que</strong></span> <span class='ocrx_word' id='word_1_127' title='bbox 384 1762 483 1834; x_wconf 89' lang='lat' dir='ltr'><strong>qui</strong></span> <span class='ocrx_word' id='word_1_128' title='bbox 508 1762 716 1818; x_wconf 86' lang='lat' dir='ltr'><strong>resistit</strong></span> <span class='ocrx_word' id='word_1_129' title='bbox 740 1761 1017 1832; x_wconf 86' lang='lat' dir='ltr'><strong>potestati,</strong></span> <span class='ocrx_word' id='word_1_130' title='bbox 1047 1759 1144 1814; x_wconf 88' lang='lat' dir='ltr'><strong>Dei</strong></span> <span class='ocrx_word' id='word_1_131' title='bbox 1170 1756 1503 1814; x_wconf 88' lang='lat' dir='ltr'><strong>ordinatioui</strong></span> <span class='ocrx_word' id='word_1_132' title='bbox 1548 1755 1776 1813; x_wconf 87' lang='lat' dir='ltr'><strong>resistit.</strong></span> 
     </span>
    </p>
   </div>
   <div class='ocr_carea' id='block_1_19' title="bbox 1884 564 3473 637">
    <p class='ocr_par' dir='ltr' id='par_1_19' title="bbox 1884 564 3473 637">
     <span class='ocr_line' id='line_1_19' title="bbox 1884 564 3473 637; baseline 0.003 -18"><span class='ocrx_word' id='word_1_133' title='bbox 1884 564 2099 634; x_wconf 87' lang='lat' dir='ltr'><strong>‘cipibus</strong></span> <span class='ocrx_word' id='word_1_134' title='bbox 2133 584 2146 619; x_wconf 94' lang='lat'>:</span> <span class='ocrx_word' id='word_1_135' title='bbox 2173 574 2227 621; x_wconf 90' lang='lat' dir='ltr'><strong>et</strong></span> <span class='ocrx_word' id='word_1_136' title='bbox 2252 566 2374 621; x_wconf 90' lang='lat' dir='ltr'><strong>ideo</strong></span> <span class='ocrx_word' id='word_1_137' title='bbox 2404 568 2575 620; x_wconf 87' lang='lat' dir='ltr'><strong>omnis</strong></span> <span class='ocrx_word' id='word_1_138' title='bbox 2606 568 2787 620; x_wconf 84' lang='lat' dir='ltr'><strong>anima</strong></span> <span class='ocrx_word' id='word_1_139' title='bbox 2814 567 3028 620; x_wconf 86' lang='lat' dir='ltr'><strong>subdita</strong></span> <span class='ocrx_word' id='word_1_140' title='bbox 3065 568 3136 620; x_wconf 87' lang='lat' dir='ltr'><strong>sit</strong></span> <span class='ocrx_word' id='word_1_141' title='bbox 3188 572 3473 637; x_wconf 84' lang='lat' dir='ltr'><strong>potestati-</strong></span> 
     </span>
    </p>
   </div>
   <div class='ocr_carea' id='block_1_20' title="bbox 1887 648 3472 722">
    <p class='ocr_par' dir='ltr' id='par_1_20' title="bbox 1887 648 3472 722">
     <span class='ocr_line' id='line_1_20' title="bbox 1887 648 3472 722; baseline 0.005 -13"><span class='ocrx_word' id='word_1_142' title='bbox 1887 654 1982 709; x_wconf 96' lang='lat' dir='ltr'><strong>bus</strong></span> <span class='ocrx_word' id='word_1_143' title='bbox 2003 648 2420 722; x_wconf 81' lang='lat' dir='ltr'><strong>sublimioribus,</strong></span> <span class='ocrx_word' id='word_1_144' title='bbox 2459 658 2512 712; x_wconf 89' lang='lat' dir='ltr'><strong>id</strong></span> <span class='ocrx_word' id='word_1_145' title='bbox 2540 667 2625 713; x_wconf 91' lang='lat' dir='ltr'><strong>est</strong></span> <span class='ocrx_word' id='word_1_146' title='bbox 2653 658 2954 713; x_wconf 79' lang='lat' dir='ltr'><strong>secundum</strong></span> <span class='ocrx_word' id='word_1_147' title='bbox 2987 659 3322 715; x_wconf 74' lang='lat' dir='ltr'><strong>voluntatem</strong></span> <span class='ocrx_word' id='word_1_148' title='bbox 3375 660 3472 718; x_wconf 86' lang='lat' dir='ltr'><strong>Dei</strong></span> 
     </span>
    </p>
   </div>
   <div class='ocr_carea' id='block_1_21' title="bbox 1883 748 3501 829">
    <p class='ocr_par' dir='ltr' id='par_1_21' title="bbox 1883 748 3501 829">
     <span class='ocr_line' id='line_1_21' title="bbox 1883 748 3501 829; baseline 0.004 -27"><span class='ocrx_word' id='word_1_149' title='bbox 1883 748 2213 804; x_wconf 86' lang='lat' dir='ltr'><strong>sublimatis.</strong></span> <span class='ocrx_word' id='word_1_150' title='bbox 2242 748 2366 804; x_wconf 89' lang='lat' dir='ltr'><strong>Ideo</strong></span> <span class='ocrx_word' id='word_1_151' title='bbox 2395 765 2486 819; x_wconf 79' lang='lat' dir='ltr'><strong>per</strong></span> <span class='ocrx_word' id='word_1_152' title='bbox 2515 750 2775 829; x_wconf 75' lang='lat' dir='ltr'><strong>animam,</strong></span> <span class='ocrx_word' id='word_1_153' title='bbox 2799 766 2922 820; x_wconf 69' lang='lat' dir='ltr'><strong>quae</strong></span> <span class='ocrx_word' id='word_1_154' title='bbox 2946 765 3076 819; x_wconf 90' lang='lat' dir='ltr'><strong>pars</strong></span> <span class='ocrx_word' id='word_1_155' title='bbox 3098 760 3181 806; x_wconf 81' lang='lat' dir='ltr'><strong>cst</strong></span> <span class='ocrx_word' id='word_1_156' title='bbox 3208 751 3473 829; x_wconf 84' lang='lat' dir='ltr'><strong>hominis,</strong></span> <span class='ocrx_word' id='word_1_157' title='bbox 3498 756 3501 759; x_wconf 86' lang='grc'><em>’</em></span> 
     </span>
    </p>
   </div>
   <div class='ocr_carea' id='block_1_22' title="bbox 1844 824 3470 912">
    <p class='ocr_par' dir='ltr' id='par_1_22' title="bbox 1844 824 3470 912">
     <span class='ocr_line' id='line_1_22' title="bbox 1844 824 3470 912; baseline 0.004 -18"><span class='ocrx_word' id='word_1_158' title='bbox 1844 832 1852 839; x_wconf 82' lang='grc'><em>’</em></span> <span class='ocrx_word' id='word_1_159' title='bbox 1887 847 2061 895; x_wconf 91' lang='lat' dir='ltr'><strong>totum</strong></span> <span class='ocrx_word' id='word_1_160' title='bbox 2086 840 2359 896; x_wconf 88' lang='lat' dir='ltr'><strong>hominem</strong></span> <span class='ocrx_word' id='word_1_161' title='bbox 2383 824 2702 912; x_wconf 76' lang='lat' dir='ltr'><strong>assignavit,</strong></span> <span class='ocrx_word' id='word_1_162' title='bbox 2726 851 2786 897; x_wconf 90' lang='lat' dir='ltr'><strong>ut</strong></span> <span class='ocrx_word' id='word_1_163' title='bbox 2829 842 3083 898; x_wconf 85' lang='lat' dir='ltr'><strong>ostendat</strong></span> <span class='ocrx_word' id='word_1_164' title='bbox 3130 859 3240 898; x_wconf 89' lang='lat' dir='ltr'><strong>non</strong></span> <span class='ocrx_word' id='word_1_165' title='bbox 3291 837 3470 900; x_wconf 83' lang='lat' dir='ltr'><strong>solum</strong></span> 
     </span>
    </p>
   </div>
   <div class='ocr_carea' id='block_1_23' title="bbox 1886 916 3475 1001">
    <p class='ocr_par' dir='ltr' id='par_1_23' title="bbox 1886 916 3475 1001">
     <span class='ocr_line' id='line_1_23' title="bbox 1886 916 3475 1001; baseline 0.003 -15"><span class='ocrx_word' id='word_1_166' title='bbox 1886 946 2136 1001; x_wconf 90' lang='lat' dir='ltr'><strong>corpore,</strong></span> <span class='ocrx_word' id='word_1_167' title='bbox 2162 932 2256 991; x_wconf 84' lang='lat' dir='ltr'><strong>sed</strong></span> <span class='ocrx_word' id='word_1_168' title='bbox 2304 942 2360 989; x_wconf 91' lang='lat' dir='ltr'><strong>et</strong></span> <span class='ocrx_word' id='word_1_169' title='bbox 2415 933 2579 988; x_wconf 89' lang='lat' dir='ltr'><strong>etiam</strong></span> <span class='ocrx_word' id='word_1_170' title='bbox 2620 916 2902 988; x_wconf 81' lang='lat' dir='ltr'><strong>voluntate</strong></span> <span class='ocrx_word' id='word_1_171' title='bbox 2952 934 3301 990; x_wconf 88' lang='lat' dir='ltr'><strong>serviendum</strong></span> <span class='ocrx_word' id='word_1_172' title='bbox 3350 950 3475 991; x_wconf 89' lang='lat' dir='ltr'><strong>esse</strong></span> 
     </span>
    </p>
   </div>
   <div class='ocr_carea' id='block_1_24' title="bbox 1884 1021 3475 1097">
    <p class='ocr_par' dir='ltr' id='par_1_24' title="bbox 1884 1021 3475 1097">
     <span class='ocr_line' id='line_1_24' title="bbox 1884 1021 3475 1097; baseline 0.004 -21"><span class='ocrx_word' id='word_1_173' title='bbox 1884 1022 2244 1093; x_wconf 87' lang='lat' dir='ltr'><strong>principibus.</strong></span> <span class='ocrx_word' id='word_1_174' title='bbox 2270 1023 2376 1093; x_wconf 74' lang='grc'><strong>⁵12</strong></span> <span class='ocrx_word' id='word_1_175' title='bbox 2400 1021 2539 1078; x_wconf 90' lang='lat' dir='ltr'><strong>Vere</strong></span> <span class='ocrx_word' id='word_1_176' title='bbox 2565 1024 2745 1079; x_wconf 90' lang='lat' dir='ltr'><strong>omnis</strong></span> <span class='ocrx_word' id='word_1_177' title='bbox 2774 1025 2940 1079; x_wconf 89' lang='lat' dir='ltr'><strong>homo</strong></span> <span class='ocrx_word' id='word_1_178' title='bbox 2963 1026 3123 1082; x_wconf 83' lang='lat' dir='ltr'><strong>debet</strong></span> <span class='ocrx_word' id='word_1_179' title='bbox 3172 1026 3336 1082; x_wconf 83' lang='lat' dir='ltr'><strong>subdi</strong></span> <span class='ocrx_word' id='word_1_180' title='bbox 3373 1042 3475 1097; x_wconf 88' lang='lat' dir='ltr'><strong>po-</strong></span> 
     </span>
    </p>
   </div>
   <div class='ocr_carea' id='block_1_25' title="bbox 1884 1112 3472 1185">
    <p class='ocr_par' dir='ltr' id='par_1_25' title="bbox 1884 1112 3472 1185">
     <span class='ocr_line' id='line_1_25' title="bbox 1884 1112 3472 1185; baseline 0.003 -18"><span class='ocrx_word' id='word_1_181' title='bbox 1884 1114 2195 1169; x_wconf 89' lang='lat' dir='ltr'><strong>testatibus.</strong></span> <span class='ocrx_word' id='word_1_182' title='bbox 2220 1112 2357 1169; x_wconf 87' lang='lat' dir='ltr'><strong>Nam</strong></span> <span class='ocrx_word' id='word_1_183' title='bbox 2404 1131 2505 1167; x_wconf 86' lang='lat' dir='ltr'><strong>non</strong></span> <span class='ocrx_word' id='word_1_184' title='bbox 2535 1124 2611 1169; x_wconf 87' lang='lat' dir='ltr'><strong>est</strong></span> <span class='ocrx_word' id='word_1_185' title='bbox 2641 1114 2825 1185; x_wconf 89' lang='lat' dir='ltr'><strong>aliqua</strong></span> <span class='ocrx_word' id='word_1_186' title='bbox 2872 1124 3126 1184; x_wconf 76' lang='lat' dir='ltr'><strong>potestas,</strong></span> <span class='ocrx_word' id='word_1_187' title='bbox 3182 1116 3324 1172; x_wconf 85' lang='lat' dir='ltr'><strong>bona</strong></span> <span class='ocrx_word' id='word_1_188' title='bbox 3374 1131 3472 1172; x_wconf 89' lang='lat' dir='ltr'><strong>seu</strong></span> 
     </span>
    </p>
   </div>
   <div class='ocr_carea' id='block_1_26' title="bbox 1885 1205 3467 1279">
    <p class='ocr_par' dir='ltr' id='par_1_26' title="bbox 1885 1205 3467 1279">
     <span class='ocr_line' id='line_1_26' title="bbox 1885 1205 3467 1279; baseline 0.001 -18"><span class='ocrx_word' id='word_1_189' title='bbox 1885 1207 2050 1273; x_wconf 85' lang='lat' dir='ltr'><strong>mala,</strong></span> <span class='ocrx_word' id='word_1_190' title='bbox 2077 1207 2180 1261; x_wconf 85' lang='lat' dir='ltr'><strong>nisi</strong></span> <span class='ocrx_word' id='word_1_191' title='bbox 2203 1225 2235 1260; x_wconf 90' lang='lat' dir='ltr'><strong>a</strong></span> <span class='ocrx_word' id='word_1_192' title='bbox 2264 1205 2396 1273; x_wconf 87' lang='lat' dir='ltr'><strong>Deo,</strong></span> <span class='ocrx_word' id='word_1_193' title='bbox 2424 1222 2524 1262; x_wconf 89' lang='lat' dir='ltr'><strong>nec</strong></span> <span class='ocrx_word' id='word_1_194' title='bbox 2551 1208 2630 1262; x_wconf 87' lang='lat' dir='ltr'><strong>sic</strong></span> <span class='ocrx_word' id='word_1_195' title='bbox 2655 1222 2692 1262; x_wconf 87' lang='lat' dir='ltr'><strong>a</strong></span> <span class='ocrx_word' id='word_1_196' title='bbox 2718 1206 2850 1275; x_wconf 88' lang='lat' dir='ltr'><strong>Deo,</strong></span> <span class='ocrx_word' id='word_1_197' title='bbox 2882 1216 2944 1263; x_wconf 90' lang='lat' dir='ltr'><strong>ut</strong></span> <span class='ocrx_word' id='word_1_198' title='bbox 2974 1209 3080 1263; x_wconf 89' lang='lat' dir='ltr'><strong>hoc</strong></span> <span class='ocrx_word' id='word_1_199' title='bbox 3125 1209 3320 1265; x_wconf 89' lang='lat' dir='ltr'><strong>nolens</strong></span> <span class='ocrx_word' id='word_1_200' title='bbox 3344 1224 3467 1279; x_wconf 88' lang='lat' dir='ltr'><strong>per-</strong></span> 
     </span>
    </p>
   </div>
   <div class='ocr_carea' id='block_1_27' title="bbox 1875 1298 3470 1369">
    <p class='ocr_par' dir='ltr' id='par_1_27' title="bbox 1875 1298 3470 1369">
     <span class='ocr_line' id='line_1_27' title="bbox 1875 1298 3470 1369; baseline 0.001 -17"><span class='ocrx_word' id='word_1_201' title='bbox 1875 1299 2064 1353; x_wconf 82' lang='lat' dir='ltr'><strong>mittat</strong></span> <span class='ocrx_word' id='word_1_202' title='bbox 2092 1314 2111 1351; x_wconf 69' lang='grc' dir='ltr'><em>τ</em></span> <span class='ocrx_word' id='word_1_203' title='bbox 2142 1300 2269 1368; x_wconf 86' lang='lat' dir='ltr'><strong>quia</strong></span> <span class='ocrx_word' id='word_1_204' title='bbox 2291 1314 2620 1369; x_wconf 79' lang='lat' dir='ltr'><strong>qmccunque</strong></span> <span class='ocrx_word' id='word_1_205' title='bbox 2653 1308 2797 1365; x_wconf 87' lang='lat' dir='ltr'><strong>sunt,</strong></span> <span class='ocrx_word' id='word_1_206' title='bbox 2827 1316 2860 1353; x_wconf 92' lang='lat' dir='ltr'><strong>a</strong></span> <span class='ocrx_word' id='word_1_207' title='bbox 2887 1298 2997 1354; x_wconf 82' lang='lat' dir='ltr'><strong>Deo</strong></span> <span class='ocrx_word' id='word_1_208' title='bbox 3044 1300 3297 1354; x_wconf 85' lang='lat' dir='ltr'><strong>ordinata</strong></span> <span class='ocrx_word' id='word_1_209' title='bbox 3326 1310 3470 1369; x_wconf 82' lang='lat' dir='ltr'><strong>sunt,</strong></span> 
     </span>
    </p>
   </div>
   <div class='ocr_carea' id='block_1_28' title="bbox 1876 1387 3474 1460">
    <p class='ocr_par' dir='ltr' id='par_1_28' title="bbox 1876 1387 3474 1460">
     <span class='ocr_line' id='line_1_28' title="bbox 1876 1387 3474 1460; baseline 0.003 -17"><span class='ocrx_word' id='word_1_210' title='bbox 1876 1387 1937 1444; x_wconf 85' lang='lat' dir='ltr'><strong>id</strong></span> <span class='ocrx_word' id='word_1_211' title='bbox 1962 1399 2047 1445; x_wconf 90' lang='lat' dir='ltr'><strong>est</strong></span> <span class='ocrx_word' id='word_1_212' title='bbox 2067 1391 2444 1445; x_wconf 84' lang='lat' dir='ltr'><strong>ordinabiliter</strong></span> <span class='ocrx_word' id='word_1_213' title='bbox 2461 1390 2750 1460; x_wconf 85' lang='lat' dir='ltr'><strong>disposita,</strong></span> <span class='ocrx_word' id='word_1_214' title='bbox 2776 1407 2885 1446; x_wconf 89' lang='lat' dir='ltr'><strong>non</strong></span> <span class='ocrx_word' id='word_1_215' title='bbox 2904 1389 3132 1447; x_wconf 79' lang='lat' dir='ltr'><strong>fortuito</strong></span> <span class='ocrx_word' id='word_1_216' title='bbox 3153 1407 3283 1448; x_wconf 89' lang='lat' dir='ltr'><strong>casu</strong></span> <span class='ocrx_word' id='word_1_217' title='bbox 3306 1408 3474 1448; x_wconf 87' lang='lat' dir='ltr'><strong>ruen-</strong></span> 
     </span>
    </p>
   </div>
   <div class='ocr_carea' id='block_1_29' title="bbox 1870 1480 3476 1553">
    <p class='ocr_par' dir='ltr' id='par_1_29' title="bbox 1870 1480 3476 1553">
     <span class='ocr_line' id='line_1_29' title="bbox 1870 1480 3476 1553; baseline 0.002 -18"><span class='ocrx_word' id='word_1_218' title='bbox 1870 1481 1977 1535; x_wconf 82' lang='lat' dir='ltr'><strong>tia.</strong></span> <span class='ocrx_word' id='word_1_219' title='bbox 2003 1480 2457 1552; x_wconf 82' lang='lat' dir='ltr'><strong>Quandoquidem</strong></span> <span class='ocrx_word' id='word_1_220' title='bbox 2486 1491 2541 1537; x_wconf 92' lang='lat' dir='ltr'><strong>et</strong></span> <span class='ocrx_word' id='word_1_221' title='bbox 2563 1490 2806 1553; x_wconf 88' lang='lat' dir='ltr'><strong>potestas</strong></span> <span class='ocrx_word' id='word_1_222' title='bbox 2835 1491 2890 1537; x_wconf 87' lang='lat' dir='ltr'><strong>et</strong></span> <span class='ocrx_word' id='word_1_223' title='bbox 2917 1482 3099 1538; x_wconf 90' lang='lat' dir='ltr'><strong>omnia</strong></span> <span class='ocrx_word' id='word_1_224' title='bbox 3133 1499 3166 1538; x_wconf 89' lang='lat' dir='ltr'><strong>a</strong></span> <span class='ocrx_word' id='word_1_225' title='bbox 3209 1482 3318 1539; x_wconf 90' lang='lat' dir='ltr'><strong>Deo</strong></span> <span class='ocrx_word' id='word_1_226' title='bbox 3346 1492 3476 1538; x_wconf 79' lang='lat' dir='ltr'><strong>sunt</strong></span> 
     </span>
    </p>
   </div>
   <div class='ocr_carea' id='block_1_30' title="bbox 1881 1572 3474 1646">
    <p class='ocr_par' dir='ltr' id='par_1_30' title="bbox 1881 1572 3474 1646">
     <span class='ocr_line' id='line_1_30' title="bbox 1881 1572 3474 1646; baseline 0.002 -19"><span class='ocrx_word' id='word_1_227' title='bbox 1881 1572 2151 1641; x_wconf 77' lang='lat' dir='ltr'><strong>ordinata,</strong></span> <span class='ocrx_word' id='word_1_228' title='bbox 2175 1575 2354 1644; x_wconf 79' lang='lat' dir='ltr'><strong>itaque</strong></span> <span class='ocrx_word' id='word_1_229' title='bbox 2390 1575 2481 1645; x_wconf 86' lang='lat' dir='ltr'><strong>qui</strong></span> <span class='ocrx_word' id='word_1_230' title='bbox 2512 1575 2714 1629; x_wconf 76' lang='lat' dir='ltr'><strong>resistit</strong></span> <span class='ocrx_word' id='word_1_231' title='bbox 2740 1576 3007 1646; x_wconf 81' lang='lat' dir='ltr'><strong>potestati,</strong></span> <span class='ocrx_word' id='word_1_232' title='bbox 3031 1577 3231 1630; x_wconf 80' lang='lat' dir='ltr'><strong>resistit</strong></span> <span class='ocrx_word' id='word_1_233' title='bbox 3251 1577 3474 1630; x_wconf 79' lang='lat' dir='ltr'><strong>ordina-</strong></span> 
     </span>
    </p>
   </div>
   <div class='ocr_carea' id='block_1_31' title="bbox 1883 1663 3474 1737">
    <p class='ocr_par' dir='ltr' id='par_1_31' title="bbox 1883 1663 3474 1737">
     <span class='ocr_line' id='line_1_31' title="bbox 1883 1663 3474 1737; baseline 0.003 -19"><span class='ocrx_word' id='word_1_234' title='bbox 1883 1665 2017 1718; x_wconf 70' lang='grc' dir='ltr'><strong>εἱοηί</strong></span> <span class='ocrx_word' id='word_1_235' title='bbox 2039 1663 2157 1732; x_wconf 89' lang='lat' dir='ltr'><strong>Dei,</strong></span> <span class='ocrx_word' id='word_1_236' title='bbox 2184 1665 2237 1720; x_wconf 91' lang='lat' dir='ltr'><strong>id</strong></span> <span class='ocrx_word' id='word_1_237' title='bbox 2265 1672 2351 1721; x_wconf 89' lang='lat' dir='ltr'><strong>est</strong></span> <span class='ocrx_word' id='word_1_238' title='bbox 2379 1664 2490 1722; x_wconf 87' lang='lat' dir='ltr'><strong>Deo</strong></span> <span class='ocrx_word' id='word_1_239' title='bbox 2510 1674 2836 1737; x_wconf 86' lang='lat' dir='ltr'><strong>potestatem</strong></span> <span class='ocrx_word' id='word_1_240' title='bbox 2861 1665 3006 1723; x_wconf 87' lang='lat' dir='ltr'><strong>hanc</strong></span> <span class='ocrx_word' id='word_1_241' title='bbox 3037 1667 3334 1723; x_wconf 90' lang='lat' dir='ltr'><strong>ordinanti.</strong></span> <span class='ocrx_word' id='word_1_242' title='bbox 3364 1665 3474 1723; x_wconf 81' lang='lat' dir='ltr'><strong>Nec</strong></span> 
     </span>
    </p>
   </div>
   <div class='ocr_carea' id='block_1_32' title="bbox 1883 1755 3478 1829">
    <p class='ocr_par' dir='ltr' id='par_1_32' title="bbox 1883 1755 3478 1829">
     <span class='ocr_line' id='line_1_32' title="bbox 1883 1755 3478 1829; baseline 0.002 -20"><span class='ocrx_word' id='word_1_243' title='bbox 1883 1755 1964 1811; x_wconf 89' lang='lat' dir='ltr'><strong>sic</strong></span> <span class='ocrx_word' id='word_1_244' title='bbox 1993 1755 2249 1812; x_wconf 87' lang='lat' dir='ltr'><strong>resistere</strong></span> <span class='ocrx_word' id='word_1_245' title='bbox 2266 1757 2386 1812; x_wconf 88' lang='lat' dir='ltr'><strong>leve</strong></span> <span class='ocrx_word' id='word_1_246' title='bbox 2419 1757 2642 1827; x_wconf 91' lang='lat' dir='ltr'><strong>putetis,</strong></span> <span class='ocrx_word' id='word_1_247' title='bbox 2667 1757 2798 1829; x_wconf 84' lang='lat' dir='ltr'><strong>quia</strong></span> <span class='ocrx_word' id='word_1_248' title='bbox 2829 1758 2921 1829; x_wconf 82' lang='lat' dir='ltr'><strong>qui</strong></span> <span class='ocrx_word' id='word_1_249' title='bbox 2953 1758 3034 1813; x_wconf 90' lang='lat' dir='ltr'><strong>sic</strong></span> <span class='ocrx_word' id='word_1_250' title='bbox 3075 1759 3347 1825; x_wconf 84' lang='lat' dir='ltr'><strong>resistunt,</strong></span> <span class='ocrx_word' id='word_1_251' title='bbox 3379 1774 3478 1827; x_wconf 57' lang='lat' dir='ltr'><strong>per</strong></span> 
     </span>
    </p>
   </div>
   <div class='ocr_carea' id='block_1_33' title="bbox 186 1819 3475 1924">
    <p class='ocr_par' dir='ltr' id='par_1_33' title="bbox 186 1819 3475 1924">
     <span class='ocr_line' id='line_1_33' title="bbox 186 1819 3475 1924; baseline -0 -18"><span class='ocrx_word' id='word_1_252' title='bbox 186 1875 208 1906; x_wconf 68' lang='grc' dir='ltr'><em>ς</em></span> <span class='ocrx_word' id='word_1_253' title='bbox 256 1819 365 1921; x_wconf 47' lang='lat' dir='ltr'><strong>(Qui</strong></span> <span class='ocrx_word' id='word_1_254' title='bbox 386 1819 573 1910; x_wconf 73' lang='lat' dir='ltr'><strong>autem</strong></span> <span class='ocrx_word' id='word_1_255' title='bbox 605 1819 888 1920; x_wconf 64' lang='lat' dir='ltr'><strong>resistunt,</strong></span> <span class='ocrx_word' id='word_1_256' title='bbox 926 1852 1031 1924; x_wconf 85' lang='lat' dir='ltr'><strong>ipsi</strong></span> <span class='ocrx_word' id='word_1_257' title='bbox 1086 1851 1192 1908; x_wconf 86' lang='lat' dir='ltr'><strong>sibi</strong></span> <span class='ocrx_word' id='word_1_258' title='bbox 1227 1849 1633 1905; x_wconf 77' lang='lat' dir='ltr'><strong>damnationem</strong></span> <span class='ocrx_word' id='word_1_259' title='bbox 1682 1862 1778 1903; x_wconf 88' lang='lat' dir='ltr'><strong>ac-</strong></span> <span class='ocrx_word' id='word_1_260' title='bbox 1813 1819 1857 1878; x_wconf 71' lang='grc' dir='ltr'><strong>Β</strong></span> <span class='ocrx_word' id='word_1_261' title='bbox 1884 1847 2199 1919; x_wconf 73' lang='lat' dir='ltr'><strong>huiusmodi</strong></span> <span class='ocrx_word' id='word_1_262' title='bbox 2224 1849 2478 1905; x_wconf 90' lang='lat' dir='ltr'><strong>resistere</strong></span> <span class='ocrx_word' id='word_1_263' title='bbox 2503 1851 2783 1921; x_wconf 78' lang='lat' dir='ltr'><strong>acquirunt</strong></span> <span class='ocrx_word' id='word_1_264' title='bbox 2811 1853 2915 1922; x_wconf 89' lang='lat' dir='ltr'><strong>ipsi</strong></span> <span class='ocrx_word' id='word_1_265' title='bbox 2932 1851 3035 1906; x_wconf 88' lang='lat' dir='ltr'><strong>sibi</strong></span> <span class='ocrx_word' id='word_1_266' title='bbox 3055 1852 3475 1918; x_wconf 83' lang='lat' dir='ltr'><strong>damnationem,</strong></span> 
     </span>
    </p>
   </div>
   <div class='ocr_carea' id='block_1_34' title="bbox 182 1941 1781 2017">
    <p class='ocr_par' dir='ltr' id='par_1_34' title="bbox 182 1941 1781 2017">
     <span class='ocr_line' id='line_1_34' title="bbox 182 1941 1781 2017; baseline -0.003 -18"><span class='ocrx_word' id='word_1_267' title='bbox 182 1966 209 1999; x_wconf 71' lang='grc' dir='ltr'>ι</span> <span class='ocrx_word' id='word_1_268' title='bbox 250 1948 503 2017; x_wconf 83' lang='lat' dir='ltr'><strong>quimnt.</strong></span> <span class='ocrx_word' id='word_1_269' title='bbox 525 1943 664 2002; x_wconf 83' lang='lat' dir='ltr'><strong>Nam</strong></span> <span class='ocrx_word' id='word_1_270' title='bbox 686 1946 961 2017; x_wconf 86' lang='lat' dir='ltr'><strong>principes</strong></span> <span class='ocrx_word' id='word_1_271' title='bbox 988 1960 1099 2000; x_wconf 81' lang='lat' dir='ltr'><strong>non</strong></span> <span class='ocrx_word' id='word_1_272' title='bbox 1127 1952 1256 2000; x_wconf 89' lang='lat' dir='ltr'><strong>sunt</strong></span> <span class='ocrx_word' id='word_1_273' title='bbox 1281 1941 1466 1997; x_wconf 87' lang='lat' dir='ltr'><strong>timori</strong></span> <span class='ocrx_word' id='word_1_274' title='bbox 1492 1941 1623 1997; x_wconf 92' lang='lat' dir='ltr'><strong>boni</strong></span> <span class='ocrx_word' id='word_1_275' title='bbox 1652 1956 1781 2010; x_wconf 91' lang='lat' dir='ltr'><strong>ope-</strong></span> 
     </span>
    </p>
   </div>
   <div class='ocr_carea' id='block_1_35' title="bbox 187 2032 1782 2104">
    <p class='ocr_par' dir='ltr' id='par_1_35' title="bbox 187 2032 1782 2104">
     <span class='ocr_line' id='line_1_35' title="bbox 187 2032 1782 2104; baseline -0.003 -15"><span class='ocrx_word' id='word_1_276' title='bbox 187 2057 208 2089; x_wconf 77' lang='grc' dir='ltr'><strong>ι</strong></span> <span class='ocrx_word' id='word_1_277' title='bbox 259 2039 359 2104; x_wconf 89' lang='lat' dir='ltr'><strong>ris,</strong></span> <span class='ocrx_word' id='word_1_278' title='bbox 383 2037 479 2093; x_wconf 89' lang='lat' dir='ltr'><strong>sed</strong></span> <span class='ocrx_word' id='word_1_279' title='bbox 502 2037 653 2092; x_wconf 87' lang='lat' dir='ltr'><strong>mali.</strong></span> <span class='ocrx_word' id='word_1_280' title='bbox 682 2036 779 2093; x_wconf 87' lang='lat' dir='ltr'><strong>Vis</strong></span> <span class='ocrx_word' id='word_1_281' title='bbox 808 2044 991 2092; x_wconf 89' lang='lat' dir='ltr'><strong>autem</strong></span> <span class='ocrx_word' id='word_1_282' title='bbox 1031 2051 1141 2090; x_wconf 93' lang='lat' dir='ltr'><strong>non</strong></span> <span class='ocrx_word' id='word_1_283' title='bbox 1191 2034 1383 2090; x_wconf 90' lang='lat' dir='ltr'><strong>timere</strong></span> <span class='ocrx_word' id='word_1_284' title='bbox 1422 2032 1782 2103; x_wconf 75' lang='lat' dir='ltr'><strong>potestatem?</strong></span> 
     </span>
    </p>
   </div>
   <div class='ocr_carea' id='block_1_36' title="bbox 186 2123 1781 2197">
    <p class='ocr_par' dir='ltr' id='par_1_36' title="bbox 186 2123 1781 2197">
     <span class='ocr_line' id='line_1_36' title="bbox 186 2123 1781 2197; baseline -0.003 -16"><span class='ocrx_word' id='word_1_285' title='bbox 186 2151 207 2181; x_wconf 71' lang='grc' dir='ltr'><strong>ι</strong></span> <span class='ocrx_word' id='word_1_286' title='bbox 255 2129 475 2185; x_wconf 85' lang='lat' dir='ltr'><strong>Bonum</strong></span> <span class='ocrx_word' id='word_1_287' title='bbox 519 2128 633 2197; x_wconf 76' lang='lat' dir='ltr'><strong>fac,</strong></span> <span class='ocrx_word' id='word_1_288' title='bbox 679 2140 733 2185; x_wconf 93' lang='lat' dir='ltr'><strong>et</strong></span> <span class='ocrx_word' id='word_1_289' title='bbox 753 2129 980 2185; x_wconf 89' lang='lat' dir='ltr'><strong>habebis</strong></span> <span class='ocrx_word' id='word_1_290' title='bbox 1033 2128 1249 2183; x_wconf 84' lang='lat' dir='ltr'><strong>laudem</strong></span> <span class='ocrx_word' id='word_1_291' title='bbox 1279 2141 1345 2181; x_wconf 88' lang='lat' dir='ltr'><strong>ex</strong></span> <span class='ocrx_word' id='word_1_292' title='bbox 1367 2125 1480 2179; x_wconf 88' lang='lat' dir='ltr'><strong>illa.</strong></span> <span class='ocrx_word' id='word_1_293' title='bbox 1511 2123 1607 2180; x_wconf 88' lang='lat' dir='ltr'><strong>Dei</strong></span> <span class='ocrx_word' id='word_1_294' title='bbox 1633 2124 1781 2179; x_wconf 89' lang='lat' dir='ltr'><strong>enim</strong></span> 
     </span>
    </p>
   </div>
   <div class='ocr_carea' id='block_1_37' title="bbox 188 2214 1782 2276">
    <p class='ocr_par' dir='ltr' id='par_1_37' title="bbox 188 2214 1782 2276">
     <span class='ocr_line' id='line_1_37' title="bbox 188 2214 1782 2276; baseline -0.002 -5"><span class='ocrx_word' id='word_1_295' title='bbox 188 2240 208 2271; x_wconf 74' lang='grc' dir='ltr'>ι</span> <span class='ocrx_word' id='word_1_296' title='bbox 255 2221 513 2275; x_wconf 81' lang='lat' dir='ltr'><strong>minister</strong></span> <span class='ocrx_word' id='word_1_297' title='bbox 570 2216 657 2276; x_wconf 86' lang='lat' dir='ltr'><strong>est</strong></span> <span class='ocrx_word' id='word_1_298' title='bbox 703 2220 802 2276; x_wconf 87' lang='lat' dir='ltr'><strong>tibi</strong></span> <span class='ocrx_word' id='word_1_299' title='bbox 828 2220 884 2275; x_wconf 89' lang='lat' dir='ltr'><strong>in</strong></span> <span class='ocrx_word' id='word_1_300' title='bbox 934 2220 1160 2275; x_wconf 90' lang='lat' dir='ltr'><strong>bonum.</strong></span> <span class='ocrx_word' id='word_1_301' title='bbox 1232 2215 1291 2272; x_wconf 88' lang='lat' dir='ltr'><strong>Si</strong></span> <span class='ocrx_word' id='word_1_302' title='bbox 1333 2226 1515 2272; x_wconf 87' lang='lat' dir='ltr'><strong>autem</strong></span> <span class='ocrx_word' id='word_1_303' title='bbox 1576 2214 1782 2269; x_wconf 90' lang='lat' dir='ltr'><strong>malum</strong></span> 
     </span>
    </p>
   </div>
   <div class='ocr_carea' id='block_1_38' title="bbox 176 2306 1782 2384">
    <p class='ocr_par' dir='ltr' id='par_1_38' title="bbox 176 2306 1782 2384">
     <span class='ocr_line' id='line_1_38' title="bbox 176 2306 1782 2384; baseline -0.002 -22"><span class='ocrx_word' id='word_1_304' title='bbox 176 2331 206 2362; x_wconf 71' lang='grc' dir='ltr'>ἰ</span> <span class='ocrx_word' id='word_1_305' title='bbox 252 2309 450 2384; x_wconf 88' lang='lat' dir='ltr'><strong>[male]</strong></span> <span class='ocrx_word' id='word_1_306' title='bbox 476 2311 710 2378; x_wconf 84' lang='lat' dir='ltr'><strong>feceris,</strong></span> <span class='ocrx_word' id='word_1_307' title='bbox 743 2312 894 2367; x_wconf 87' lang='lat' dir='ltr'><strong>time.</strong></span> <span class='ocrx_word' id='word_1_308' title='bbox 950 2308 1071 2365; x_wconf 90' lang='lat' dir='ltr'><strong>Non</strong></span> <span class='ocrx_word' id='word_1_309' title='bbox 1120 2307 1267 2364; x_wconf 91' lang='lat' dir='ltr'><strong>enim</strong></span> <span class='ocrx_word' id='word_1_310' title='bbox 1289 2308 1422 2365; x_wconf 31' lang='lat' dir='ltr'><strong>sine,</strong></span> <span class='ocrx_word' id='word_1_311' title='bbox 1451 2320 1617 2363; x_wconf 85' lang='lat' dir='ltr'><strong>causa</strong></span> <span class='ocrx_word' id='word_1_312' title='bbox 1663 2306 1782 2376; x_wconf 87' lang='lat' dir='ltr'><strong>gla-</strong></span> 
     </span>
    </p>
   </div>
   <div class='ocr_carea' id='block_1_39' title="bbox 184 2393 1782 2471">
    <p class='ocr_par' dir='ltr' id='par_1_39' title="bbox 184 2393 1782 2471">
     <span class='ocr_line' id='line_1_39' title="bbox 184 2393 1782 2471; baseline -0.004 -18"><span class='ocrx_word' id='word_1_313' title='bbox 184 2421 205 2453; x_wconf 71' lang='grc' dir='ltr'>ι</span> <span class='ocrx_word' id='word_1_314' title='bbox 257 2400 418 2456; x_wconf 88' lang='lat' dir='ltr'><strong>dium</strong></span> <span class='ocrx_word' id='word_1_315' title='bbox 450 2408 652 2471; x_wconf 89' lang='lat' dir='ltr'><strong>portat.</strong></span> <span class='ocrx_word' id='word_1_316' title='bbox 698 2399 795 2456; x_wconf 90' lang='lat' dir='ltr'><strong>Dei</strong></span> <span class='ocrx_word' id='word_1_317' title='bbox 842 2398 991 2455; x_wconf 90' lang='lat' dir='ltr'><strong>enim</strong></span> <span class='ocrx_word' id='word_1_318' title='bbox 1041 2398 1293 2453; x_wconf 88' lang='lat' dir='ltr'><strong>minister</strong></span> <span class='ocrx_word' id='word_1_319' title='bbox 1331 2404 1435 2462; x_wconf 90' lang='lat' dir='ltr'><strong>est,</strong></span> <span class='ocrx_word' id='word_1_320' title='bbox 1477 2394 1674 2450; x_wconf 83' lang='lat' dir='ltr'><strong>vindex</strong></span> <span class='ocrx_word' id='word_1_321' title='bbox 1724 2393 1782 2448; x_wconf 89' lang='lat' dir='ltr'><strong>in</strong></span> 
     </span>
    </p>
   </div>
   <div class='ocr_carea' id='block_1_40' title="bbox 188 2484 1781 2564">
    <p class='ocr_par' dir='ltr' id='par_1_40' title="bbox 188 2484 1781 2564">
     <span class='ocr_line' id='line_1_40' title="bbox 188 2484 1781 2564; baseline -0.005 -17"><span class='ocrx_word' id='word_1_322' title='bbox 188 2516 207 2547; x_wconf 75' lang='grc' dir='ltr'><strong>ι</strong></span> <span class='ocrx_word' id='word_1_323' title='bbox 254 2495 400 2550; x_wconf 88' lang='lat' dir='ltr'><strong>iram</strong></span> <span class='ocrx_word' id='word_1_324' title='bbox 424 2493 475 2549; x_wconf 90' lang='lat' dir='ltr'><strong>ei</strong></span> <span class='ocrx_word' id='word_1_325' title='bbox 496 2492 592 2564; x_wconf 90' lang='lat' dir='ltr'><strong>qui</strong></span> <span class='ocrx_word' id='word_1_326' title='bbox 620 2493 763 2549; x_wconf 91' lang='lat' dir='ltr'><strong>male</strong></span> <span class='ocrx_word' id='word_1_327' title='bbox 806 2491 935 2562; x_wconf 89' lang='lat' dir='ltr'><strong>agit.</strong></span> <span class='ocrx_word' id='word_1_328' title='bbox 962 2489 1195 2560; x_wconf 86' lang='lat' dir='ltr'><strong>Ideoque</strong></span> <span class='ocrx_word' id='word_1_329' title='bbox 1224 2486 1547 2544; x_wconf 82' lang='lat' dir='ltr'><strong>necessitate</strong></span> <span class='ocrx_word' id='word_1_330' title='bbox 1581 2484 1781 2541; x_wconf 88' lang='lat' dir='ltr'><strong>subditi</strong></span> 
     </span>
    </p>
   </div>
   <div class='ocr_carea' id='block_1_41' title="bbox 177 2578 1785 2654">
    <p class='ocr_par' dir='ltr' id='par_1_41' title="bbox 177 2578 1785 2654">
     <span class='ocr_line' id='line_1_41' title="bbox 177 2578 1785 2654; baseline -0.004 -16"><span class='ocrx_word' id='word_1_331' title='bbox 177 2606 209 2638; x_wconf 63' lang='grc' dir='ltr'>τ</span> <span class='ocrx_word' id='word_1_332' title='bbox 253 2595 453 2653; x_wconf 81' lang='lat' dir='ltr'><strong>estote,</strong></span> <span class='ocrx_word' id='word_1_333' title='bbox 476 2602 589 2641; x_wconf 87' lang='lat' dir='ltr'><strong>non</strong></span> <span class='ocrx_word' id='word_1_334' title='bbox 618 2586 802 2641; x_wconf 87' lang='lat' dir='ltr'><strong>solum</strong></span> <span class='ocrx_word' id='word_1_335' title='bbox 843 2591 1066 2654; x_wconf 84' lang='lat' dir='ltr'><strong>propter</strong></span> <span class='ocrx_word' id='word_1_336' title='bbox 1112 2581 1274 2647; x_wconf 88' lang='lat' dir='ltr'><strong>iram,</strong></span> <span class='ocrx_word' id='word_1_337' title='bbox 1308 2581 1406 2636; x_wconf 88' lang='lat' dir='ltr'><strong>sed</strong></span> <span class='ocrx_word' id='word_1_338' title='bbox 1440 2578 1603 2634; x_wconf 88' lang='lat' dir='ltr'><strong>etiam</strong></span> <span class='ocrx_word' id='word_1_339' title='bbox 1656 2591 1785 2647; x_wconf 87' lang='lat' dir='ltr'><strong>pro-</strong></span> 
     </span>
    </p>
   </div>
   <div class='ocr_carea' id='block_1_42' title="bbox 188 2668 1778 2749">
    <p class='ocr_par' dir='ltr' id='par_1_42' title="bbox 188 2668 1778 2749">
     <span class='ocr_line' id='line_1_42' title="bbox 188 2668 1778 2749; baseline -0.005 -20"><span class='ocrx_word' id='word_1_340' title='bbox 188 2698 208 2729; x_wconf 75' lang='grc' dir='ltr'><strong>ι</strong></span> <span class='ocrx_word' id='word_1_341' title='bbox 252 2686 373 2749; x_wconf 85' lang='lat' dir='ltr'><strong>pter</strong></span> <span class='ocrx_word' id='word_1_342' title='bbox 400 2676 818 2733; x_wconf 87' lang='lat' dir='ltr'><strong>conscientiam.</strong></span> <span class='ocrx_word' id='word_1_343' title='bbox 848 2673 976 2730; x_wconf 89' lang='lat' dir='ltr'><strong>Ideo</strong></span> <span class='ocrx_word' id='word_1_344' title='bbox 1003 2671 1151 2729; x_wconf 87' lang='lat' dir='ltr'><strong>enim</strong></span> <span class='ocrx_word' id='word_1_345' title='bbox 1173 2680 1229 2727; x_wconf 87' lang='lat' dir='ltr'><strong>et</strong></span> <span class='ocrx_word' id='word_1_346' title='bbox 1260 2671 1465 2728; x_wconf 88' lang='lat' dir='ltr'><strong>tributa</strong></span> <span class='ocrx_word' id='word_1_347' title='bbox 1485 2668 1778 2740; x_wconf 63' lang='lat' dir='ltr'><strong>praestatis.</strong></span> 
     </span>
    </p>
   </div>
   <div class='ocr_carea' id='block_1_43' title="bbox 187 2760 1778 2833">
    <p class='ocr_par' dir='ltr' id='par_1_43' title="bbox 187 2760 1778 2833">
     <span class='ocr_line' id='line_1_43' title="bbox 187 2760 1778 2833; baseline -0.006 -12"><span class='ocrx_word' id='word_1_348' title='bbox 187 2788 209 2821; x_wconf 76' lang='grc' dir='ltr'>ι</span> <span class='ocrx_word' id='word_1_349' title='bbox 253 2768 495 2823; x_wconf 78' lang='lat' dir='ltr'><strong>Ministri</strong></span> <span class='ocrx_word' id='word_1_350' title='bbox 516 2767 665 2823; x_wconf 88' lang='lat' dir='ltr'><strong>enim</strong></span> <span class='ocrx_word' id='word_1_351' title='bbox 698 2765 792 2821; x_wconf 88' lang='lat' dir='ltr'><strong>Dei</strong></span> <span class='ocrx_word' id='word_1_352' title='bbox 830 2774 981 2832; x_wconf 85' lang='lat' dir='ltr'><strong>sunt,</strong></span> <span class='ocrx_word' id='word_1_353' title='bbox 1013 2765 1075 2820; x_wconf 87' lang='lat' dir='ltr'><strong>in</strong></span> <span class='ocrx_word' id='word_1_354' title='bbox 1105 2763 1211 2819; x_wconf 88' lang='lat' dir='ltr'><strong>hoc</strong></span> <span class='ocrx_word' id='word_1_355' title='bbox 1239 2763 1418 2833; x_wconf 89' lang='lat' dir='ltr'><strong>ipsum</strong></span> <span class='ocrx_word' id='word_1_356' title='bbox 1461 2760 1778 2816; x_wconf 83' lang='lat' dir='ltr'><strong>servientes.</strong></span> 
     </span>
    </p>
   </div>
   <div class='ocr_carea' id='block_1_44' title="bbox 189 2847 1784 2927">
    <p class='ocr_par' dir='ltr' id='par_1_44' title="bbox 189 2847 1784 2927">
     <span class='ocr_line' id='line_1_44' title="bbox 189 2847 1784 2927; baseline -0.006 -17"><span class='ocrx_word' id='word_1_357' title='bbox 189 2879 207 2910; x_wconf 77' lang='grc' dir='ltr'><strong>σ</strong></span> <span class='ocrx_word' id='word_1_358' title='bbox 256 2857 485 2913; x_wconf 77' lang='lat' dir='ltr'><strong>Reddite</strong></span> <span class='ocrx_word' id='word_1_359' title='bbox 505 2874 637 2927; x_wconf 83' lang='lat' dir='ltr'><strong>ergo</strong></span> <span class='ocrx_word' id='word_1_360' title='bbox 674 2855 931 2912; x_wconf 88' lang='lat' dir='ltr'><strong>omnibus</strong></span> <span class='ocrx_word' id='word_1_361' title='bbox 950 2853 1151 2910; x_wconf 87' lang='lat' dir='ltr'><strong>debita.</strong></span> <span class='ocrx_word' id='word_1_362' title='bbox 1174 2848 1278 2909; x_wconf 86' lang='lat' dir='ltr'><strong>Cui</strong></span> <span class='ocrx_word' id='word_1_363' title='bbox 1298 2850 1564 2906; x_wconf 89' lang='lat' dir='ltr'><strong>tributum</strong></span> <span class='ocrx_word' id='word_1_364' title='bbox 1605 2847 1784 2925; x_wconf 44' lang='lat' dir='ltr'><strong>tribuf</strong></span> 
     </span>
    </p>
   </div>
   <div class='ocr_carea' id='block_1_45' title="bbox 182 2939 1785 3020">
    <p class='ocr_par' dir='ltr' id='par_1_45' title="bbox 182 2939 1785 3020">
     <span class='ocr_line' id='line_1_45' title="bbox 182 2939 1785 3020; baseline -0.004 -20"><span class='ocrx_word' id='word_1_365' title='bbox 182 2970 208 2999; x_wconf 78' lang='grc'><em>‹</em></span> <span class='ocrx_word' id='word_1_366' title='bbox 254 2958 408 3016; x_wconf 88' lang='lat' dir='ltr'><strong>tum,</strong></span> <span class='ocrx_word' id='word_1_367' title='bbox 458 2948 549 3004; x_wconf 88' lang='lat' dir='ltr'><strong>cui</strong></span> <span class='ocrx_word' id='word_1_368' title='bbox 588 2947 825 3020; x_wconf 81' lang='lat' dir='ltr'><strong>vectigal</strong></span> <span class='ocrx_word' id='word_1_369' title='bbox 873 2945 1133 3018; x_wconf 79' lang='lat' dir='ltr'><strong>vectigal,</strong></span> <span class='ocrx_word' id='word_1_370' title='bbox 1191 2944 1281 2999; x_wconf 91' lang='lat' dir='ltr'><strong>cui</strong></span> <span class='ocrx_word' id='word_1_371' title='bbox 1333 2943 1583 2997; x_wconf 88' lang='lat' dir='ltr'><strong>timorem</strong></span> <span class='ocrx_word' id='word_1_372' title='bbox 1623 2939 1785 3001; x_wconf 84' lang='lat' dir='ltr'><strong>timo-</strong></span> 
     </span>
    </p>
   </div>
   <div class='ocr_carea' id='block_1_46' title="bbox 184 3026 1783 3104">
    <p class='ocr_par' dir='ltr' id='par_1_46' title="bbox 184 3026 1783 3104">
     <span class='ocr_line' id='line_1_46' title="bbox 184 3026 1783 3104; baseline -0.004 -15"><span class='ocrx_word' id='word_1_373' title='bbox 184 3058 209 3089; x_wconf 69' lang='grc' dir='ltr'><strong>ε</strong></span> <span class='ocrx_word' id='word_1_374' title='bbox 256 3054 403 3103; x_wconf 87' lang='lat' dir='ltr'><strong>rem,</strong></span> <span class='ocrx_word' id='word_1_375' title='bbox 435 3038 524 3094; x_wconf 87' lang='lat' dir='ltr'><strong>cui</strong></span> <span class='ocrx_word' id='word_1_376' title='bbox 578 3038 844 3093; x_wconf 83' lang='lat' dir='ltr'><strong>honorem</strong></span> <span class='ocrx_word' id='word_1_377' title='bbox 893 3037 1158 3092; x_wconf 88' lang='lat' dir='ltr'><strong>honorem</strong></span> <span class='ocrx_word' id='word_1_378' title='bbox 1190 3032 1408 3104; x_wconf 78' lang='lat' dir='ltr'><strong>(Matth.</strong></span> <span class='ocrx_word' id='word_1_379' title='bbox 1466 3045 1620 3096; x_wconf 83' lang='lat' dir='ltr'><strong>xxn,</strong></span> <span class='ocrx_word' id='word_1_380' title='bbox 1665 3026 1783 3100; x_wconf 73' lang='lat' dir='ltr'><strong>2i.)</strong></span> 
     </span>
    </p>
   </div>
   <div class='ocr_carea' id='block_1_47' title="bbox 1884 1938 3479 1998">
    <p class='ocr_par' dir='ltr' id='par_1_47' title="bbox 1884 1938 3479 1998">
     <span class='ocr_line' id='line_1_47' title="bbox 1884 1938 3479 1998; baseline 0.004 -6"><span class='ocrx_word' id='word_1_381' title='bbox 1884 1938 1937 1993; x_wconf 92' lang='lat' dir='ltr'><strong>id</strong></span> <span class='ocrx_word' id='word_1_382' title='bbox 1972 1946 2058 1993; x_wconf 89' lang='lat' dir='ltr'><strong>est</strong></span> <span class='ocrx_word' id='word_1_383' title='bbox 2086 1940 2202 1994; x_wconf 77' lang='lat' dir='ltr'><strong>haec</strong></span> <span class='ocrx_word' id='word_1_384' title='bbox 2225 1941 2340 1995; x_wconf 91' lang='lat' dir='ltr'><strong>sola</strong></span> <span class='ocrx_word' id='word_1_385' title='bbox 2369 1955 2537 1995; x_wconf 85' lang='lat' dir='ltr'><strong>causa</strong></span> <span class='ocrx_word' id='word_1_386' title='bbox 2573 1940 2773 1997; x_wconf 81' lang='lat' dir='ltr'><strong>suilicit</strong></span> <span class='ocrx_word' id='word_1_387' title='bbox 2815 1941 2883 1997; x_wconf 91' lang='lat' dir='ltr'><strong>ad</strong></span> <span class='ocrx_word' id='word_1_388' title='bbox 2926 1943 3336 1998; x_wconf 89' lang='lat' dir='ltr'><strong>damnationem</strong></span> <span class='ocrx_word' id='word_1_389' title='bbox 3384 1959 3479 1998; x_wconf 81' lang='lat' dir='ltr'><strong>eo-</strong></span> 
     </span>
    </p>
   </div>
   <div class='ocr_carea' id='block_1_48' title="bbox 1883 2028 3478 2103">
    <p class='ocr_par' dir='ltr' id='par_1_48' title="bbox 1883 2028 3478 2103">
     <span class='ocr_line' id='line_1_48' title="bbox 1883 2028 3478 2103; baseline 0.004 -21"><span class='ocrx_word' id='word_1_390' title='bbox 1883 2045 2029 2086; x_wconf 86' lang='lat' dir='ltr'><strong>rum.</strong></span> <span class='ocrx_word' id='word_1_391' title='bbox 2074 2028 2194 2085; x_wconf 85' lang='lat' dir='ltr'><strong>Non</strong></span> <span class='ocrx_word' id='word_1_392' title='bbox 2243 2039 2328 2086; x_wconf 91' lang='lat' dir='ltr'><strong>est</strong></span> <span class='ocrx_word' id='word_1_393' title='bbox 2372 2031 2562 2101; x_wconf 81' lang='lat' dir='ltr'><strong>utique</strong></span> <span class='ocrx_word' id='word_1_394' title='bbox 2617 2033 2983 2088; x_wconf 84' lang='lat' dir='ltr'><strong>resistendum</strong></span> <span class='ocrx_word' id='word_1_395' title='bbox 3037 2033 3290 2103; x_wconf 83' lang='lat' dir='ltr'><strong>principi.</strong></span> <span class='ocrx_word' id='word_1_396' title='bbox 3334 2033 3478 2087; x_wconf 65' lang='lat' dir='ltr'><strong>Nam</strong></span> 
     </span>
    </p>
   </div>
   <div class='ocr_carea' id='block_1_49' title="bbox 1881 2122 3479 2199">
    <p class='ocr_par' dir='ltr' id='par_1_49' title="bbox 1881 2122 3479 2199">
     <span class='ocr_line' id='line_1_49' title="bbox 1881 2122 3479 2199; baseline 0.004 -25"><span class='ocrx_word' id='word_1_397' title='bbox 1881 2122 2144 2192; x_wconf 83' lang='lat' dir='ltr'><strong>principes</strong></span> <span class='ocrx_word' id='word_1_398' title='bbox 2175 2139 2277 2176; x_wconf 89' lang='lat' dir='ltr'><strong>non</strong></span> <span class='ocrx_word' id='word_1_399' title='bbox 2300 2132 2423 2177; x_wconf 87' lang='lat' dir='ltr'><strong>sunt</strong></span> <span class='ocrx_word' id='word_1_400' title='bbox 2454 2123 2634 2177; x_wconf 75' lang='lat' dir='ltr'><strong>timori</strong></span> <span class='ocrx_word' id='word_1_401' title='bbox 2665 2124 2788 2199; x_wconf 79' lang='lat' dir='ltr'><strong>boni</strong></span> <span class='ocrx_word' id='word_1_402' title='bbox 2819 2125 3013 2194; x_wconf 89' lang='lat' dir='ltr'><strong>operis,</strong></span> <span class='ocrx_word' id='word_1_403' title='bbox 3039 2124 3094 2179; x_wconf 91' lang='lat' dir='ltr'><strong>id</strong></span> <span class='ocrx_word' id='word_1_404' title='bbox 3122 2135 3208 2180; x_wconf 91' lang='lat' dir='ltr'><strong>est</strong></span> <span class='ocrx_word' id='word_1_405' title='bbox 3225 2127 3318 2196; x_wconf 89' lang='lat' dir='ltr'><strong>qui</strong></span> <span class='ocrx_word' id='word_1_406' title='bbox 3341 2125 3479 2180; x_wconf 85' lang='lat' dir='ltr'><strong>bene</strong></span> 
     </span>
    </p>
   </div>
   <div class='ocr_carea' id='block_1_50' title="bbox 1883 2213 3477 2285">
    <p class='ocr_par' dir='ltr' id='par_1_50' title="bbox 1883 2213 3477 2285">
     <span class='ocr_line' id='line_1_50' title="bbox 1883 2213 3477 2285; baseline 0.001 -18"><span class='ocrx_word' id='word_1_407' title='bbox 1883 2220 2143 2281; x_wconf 88' lang='lat' dir='ltr'><strong>operatur</strong></span> <span class='ocrx_word' id='word_1_408' title='bbox 2190 2226 2298 2266; x_wconf 91' lang='lat' dir='ltr'><strong>non</strong></span> <span class='ocrx_word' id='word_1_409' title='bbox 2342 2220 2427 2281; x_wconf 89' lang='lat' dir='ltr'><strong>est</strong></span> <span class='ocrx_word' id='word_1_410' title='bbox 2479 2227 2651 2283; x_wconf 81' lang='lat' dir='ltr'><strong>quare</strong></span> <span class='ocrx_word' id='word_1_411' title='bbox 2720 2213 2910 2268; x_wconf 75' lang='lat' dir='ltr'><strong>timeat</strong></span> <span class='ocrx_word' id='word_1_412' title='bbox 2962 2213 3265 2285; x_wconf 88' lang='lat' dir='ltr'><strong>principem</strong></span> <span class='ocrx_word' id='word_1_413' title='bbox 3299 2231 3311 2266; x_wconf 87' lang='lat'>:</span> <span class='ocrx_word' id='word_1_414' title='bbox 3346 2216 3477 2284; x_wconf 85' lang='lat' dir='ltr'><strong>quia</strong></span> 
     </span>
    </p>
   </div>
   <div class='ocr_carea' id='block_1_51' title="bbox 1882 2302 3482 2377">
    <p class='ocr_par' dir='ltr' id='par_1_51' title="bbox 1882 2302 3482 2377">
     <span class='ocr_line' id='line_1_51' title="bbox 1882 2302 3482 2377; baseline 0.001 -20"><span class='ocrx_word' id='word_1_415' title='bbox 1882 2302 2099 2358; x_wconf 90' lang='lat' dir='ltr'><strong>etiamsi</strong></span> <span class='ocrx_word' id='word_1_416' title='bbox 2130 2318 2231 2374; x_wconf 92' lang='lat' dir='ltr'><strong>pro</strong></span> <span class='ocrx_word' id='word_1_417' title='bbox 2264 2303 2412 2359; x_wconf 87' lang='lat' dir='ltr'><strong>bono</strong></span> <span class='ocrx_word' id='word_1_418' title='bbox 2433 2319 2599 2374; x_wconf 90' lang='lat' dir='ltr'><strong>opere</strong></span> <span class='ocrx_word' id='word_1_419' title='bbox 2626 2302 2861 2361; x_wconf 81' lang='lat' dir='ltr'><strong>infestus</strong></span> <span class='ocrx_word' id='word_1_420' title='bbox 2894 2313 2982 2362; x_wconf 89' lang='lat' dir='ltr'><strong>est</strong></span> <span class='ocrx_word' id='word_1_421' title='bbox 3010 2306 3334 2375; x_wconf 87' lang='lat' dir='ltr'><strong>ei,eumquc</strong></span> <span class='ocrx_word' id='word_1_422' title='bbox 3355 2323 3482 2377; x_wconf 82' lang='lat' dir='ltr'><strong>per-</strong></span> 
     </span>
    </p>
   </div>
   <div class='ocr_carea' id='block_1_52' title="bbox 1884 2393 3482 2465">
    <p class='ocr_par' dir='ltr' id='par_1_52' title="bbox 1884 2393 3482 2465">
     <span class='ocr_line' id='line_1_52' title="bbox 1884 2393 3482 2465; baseline 0.003 -18"><span class='ocrx_word' id='word_1_423' title='bbox 1884 2393 2152 2464; x_wconf 87' lang='lat' dir='ltr'><strong>sequitur,</strong></span> <span class='ocrx_word' id='word_1_424' title='bbox 2195 2402 2360 2465; x_wconf 86' lang='lat' dir='ltr'><strong>auget</strong></span> <span class='ocrx_word' id='word_1_425' title='bbox 2386 2393 2645 2449; x_wconf 82' lang='lat' dir='ltr'><strong>virtutem</strong></span> <span class='ocrx_word' id='word_1_426' title='bbox 2695 2393 2815 2465; x_wconf 85' lang='lat' dir='ltr'><strong>ejus</strong></span> <span class='ocrx_word' id='word_1_427' title='bbox 2862 2403 2917 2450; x_wconf 83' lang='lat' dir='ltr'><strong>et</strong></span> <span class='ocrx_word' id='word_1_428' title='bbox 2964 2396 3242 2451; x_wconf 84' lang='lat' dir='ltr'><strong>meritum.</strong></span> <span class='ocrx_word' id='word_1_429' title='bbox 3299 2395 3482 2462; x_wconf 77' lang='lat' dir='ltr'><strong>Quare</strong></span> 
     </span>
    </p>
   </div>
   <div class='ocr_carea' id='block_1_53' title="bbox 1883 2483 3481 2554">
    <p class='ocr_par' dir='ltr' id='par_1_53' title="bbox 1883 2483 3481 2554">
     <span class='ocr_line' id='line_1_53' title="bbox 1883 2483 3481 2554; baseline 0.003 -16"><span class='ocrx_word' id='word_1_430' title='bbox 1883 2483 2021 2538; x_wconf 89' lang='lat' dir='ltr'><strong>bene</strong></span> <span class='ocrx_word' id='word_1_431' title='bbox 2043 2484 2293 2554; x_wconf 90' lang='lat' dir='ltr'><strong>operanti</strong></span> <span class='ocrx_word' id='word_1_432' title='bbox 2320 2499 2428 2538; x_wconf 90' lang='lat' dir='ltr'><strong>non</strong></span> <span class='ocrx_word' id='word_1_433' title='bbox 2469 2492 2555 2540; x_wconf 91' lang='lat' dir='ltr'><strong>est</strong></span> <span class='ocrx_word' id='word_1_434' title='bbox 2581 2483 2790 2552; x_wconf 89' lang='lat' dir='ltr'><strong>timori,</strong></span> <span class='ocrx_word' id='word_1_435' title='bbox 2842 2486 2933 2541; x_wconf 79' lang='lat' dir='ltr'><strong>sed</strong></span> <span class='ocrx_word' id='word_1_436' title='bbox 2986 2495 3071 2542; x_wconf 86' lang='lat' dir='ltr'><strong>est</strong></span> <span class='ocrx_word' id='word_1_437' title='bbox 3117 2487 3301 2542; x_wconf 81' lang='lat' dir='ltr'><strong>timori</strong></span> <span class='ocrx_word' id='word_1_438' title='bbox 3350 2488 3481 2543; x_wconf 81' lang='lat' dir='ltr'><strong>mali</strong></span> 
     </span>
    </p>
   </div>
   <div class='ocr_carea' id='block_1_54' title="bbox 1883 2575 3483 2651">
    <p class='ocr_par' dir='ltr' id='par_1_54' title="bbox 1883 2575 3483 2651">
     <span class='ocr_line' id='line_1_54' title="bbox 1883 2575 3483 2651; baseline 0.003 -21"><span class='ocrx_word' id='word_1_439' title='bbox 1883 2576 2087 2646; x_wconf 79' lang='lat' dir='ltr'><strong>aperis,</strong></span> <span class='ocrx_word' id='word_1_440' title='bbox 2115 2575 2170 2632; x_wconf 90' lang='lat' dir='ltr'><strong>id</strong></span> <span class='ocrx_word' id='word_1_441' title='bbox 2197 2584 2280 2631; x_wconf 91' lang='lat' dir='ltr'><strong>est</strong></span> <span class='ocrx_word' id='word_1_442' title='bbox 2303 2576 2398 2647; x_wconf 89' lang='lat' dir='ltr'><strong>qui</strong></span> <span class='ocrx_word' id='word_1_443' title='bbox 2433 2575 2580 2632; x_wconf 89' lang='lat' dir='ltr'><strong>male</strong></span> <span class='ocrx_word' id='word_1_444' title='bbox 2607 2586 2886 2647; x_wconf 84' lang='lat' dir='ltr'><strong>operatur,</strong></span> <span class='ocrx_word' id='word_1_445' title='bbox 2916 2578 3007 2635; x_wconf 67' lang='lat' dir='ltr'><strong>ille</strong></span> <span class='ocrx_word' id='word_1_446' title='bbox 3051 2579 3243 2651; x_wconf 87' lang='lat' dir='ltr'><strong>utique</strong></span> <span class='ocrx_word' id='word_1_447' title='bbox 3290 2579 3483 2636; x_wconf 86' lang='lat' dir='ltr'><strong>timere</strong></span> 
     </span>
    </p>
   </div>
   <div class='ocr_carea' id='block_1_55' title="bbox 1883 2665 3482 2739">
    <p class='ocr_par' dir='ltr' id='par_1_55' title="bbox 1883 2665 3482 2739">
     <span class='ocr_line' id='line_1_55' title="bbox 1883 2665 3482 2739; baseline 0.003 -19"><span class='ocrx_word' id='word_1_448' title='bbox 1883 2674 2064 2735; x_wconf 90' lang='lat' dir='ltr'><strong>potest</strong></span> <span class='ocrx_word' id='word_1_449' title='bbox 2096 2665 2423 2737; x_wconf 87' lang='lat' dir='ltr'><strong>principem.</strong></span> <span class='ocrx_word' id='word_1_450' title='bbox 2447 2665 2605 2724; x_wconf 89' lang='lat' dir='ltr'><strong>Nunc</strong></span> <span class='ocrx_word' id='word_1_451' title='bbox 2624 2683 2691 2723; x_wconf 86' lang='lat' dir='ltr'><strong>ex</strong></span> <span class='ocrx_word' id='word_1_452' title='bbox 2711 2668 3013 2739; x_wconf 66' lang='lat' dir='ltr'><strong>praemissis</strong></span> <span class='ocrx_word' id='word_1_453' title='bbox 3043 2671 3337 2726; x_wconf 89' lang='lat' dir='ltr'><strong>consilium</strong></span> <span class='ocrx_word' id='word_1_454' title='bbox 3367 2672 3482 2727; x_wconf 64' lang='lat' dir='ltr'><strong>col~</strong></span> 
     </span>
    </p>
   </div>
   <div class='ocr_carea' id='block_1_56' title="bbox 1885 2755 3480 2833">
    <p class='ocr_par' dir='ltr' id='par_1_56' title="bbox 1885 2755 3480 2833">
     <span class='ocr_line' id='line_1_56' title="bbox 1885 2755 3480 2833; baseline 0.006 -23"><span class='ocrx_word' id='word_1_455' title='bbox 1885 2757 2058 2828; x_wconf 87' lang='lat' dir='ltr'><strong>ligens</strong></span> <span class='ocrx_word' id='word_1_456' title='bbox 2083 2757 2198 2812; x_wconf 86' lang='lat' dir='ltr'><strong>ait:</strong></span> <span class='ocrx_word' id='word_1_457' title='bbox 2229 2755 2493 2830; x_wconf 87' lang='lat' dir='ltr'><strong>Princeps</strong></span> <span class='ocrx_word' id='word_1_458' title='bbox 2507 2773 2620 2814; x_wconf 89' lang='lat' dir='ltr'><strong>non</strong></span> <span class='ocrx_word' id='word_1_459' title='bbox 2665 2767 2749 2815; x_wconf 89' lang='lat' dir='ltr'><strong>est</strong></span> <span class='ocrx_word' id='word_1_460' title='bbox 2783 2759 3061 2817; x_wconf 89' lang='lat' dir='ltr'><strong>timendus</strong></span> <span class='ocrx_word' id='word_1_461' title='bbox 3096 2761 3255 2818; x_wconf 86' lang='lat' dir='ltr'><strong>bonis</strong></span> <span class='ocrx_word' id='word_1_462' title='bbox 3289 2782 3301 2817; x_wconf 91' lang='lat'><strong>:</strong></span> <span class='ocrx_word' id='word_1_463' title='bbox 3334 2764 3480 2833; x_wconf 88' lang='lat' dir='ltr'><strong>quod</strong></span> 
     </span>
    </p>
   </div>
   <div class='ocr_carea' id='block_1_57' title="bbox 1886 2847 3478 2924">
    <p class='ocr_par' dir='ltr' id='par_1_57' title="bbox 1886 2847 3478 2924">
     <span class='ocr_line' id='line_1_57' title="bbox 1886 2847 3478 2924; baseline 0.006 -22"><span class='ocrx_word' id='word_1_464' title='bbox 1886 2847 1934 2902; x_wconf 88' lang='lat' dir='ltr'><strong>si</strong></span> <span class='ocrx_word' id='word_1_465' title='bbox 1962 2858 2020 2903; x_wconf 90' lang='lat' dir='ltr'><strong>tu</strong></span> <span class='ocrx_word' id='word_1_466' title='bbox 2048 2848 2301 2905; x_wconf 89' lang='lat' dir='ltr'><strong>similiter</strong></span> <span class='ocrx_word' id='word_1_467' title='bbox 2322 2852 2399 2905; x_wconf 85' lang='lat' dir='ltr'><strong>vis</strong></span> <span class='ocrx_word' id='word_1_468' title='bbox 2429 2866 2533 2905; x_wconf 88' lang='lat' dir='ltr'><strong>non</strong></span> <span class='ocrx_word' id='word_1_469' title='bbox 2566 2851 2748 2907; x_wconf 84' lang='lat' dir='ltr'><strong>tinlere</strong></span> <span class='ocrx_word' id='word_1_470' title='bbox 2777 2860 3110 2923; x_wconf 82' lang='lat' dir='ltr'><strong>potestatem,</strong></span> <span class='ocrx_word' id='word_1_471' title='bbox 3145 2853 3233 2924; x_wconf 77' lang='lat' dir='ltr'><strong>[ac</strong></span> <span class='ocrx_word' id='word_1_472' title='bbox 3265 2854 3478 2923; x_wconf 84' lang='lat' dir='ltr'><strong>bonum,</strong></span> 
     </span>
    </p>
   </div>
   <div class='ocr_carea' id='block_1_58' title="bbox 1886 2941 3481 3018">
    <p class='ocr_par' dir='ltr' id='par_1_58' title="bbox 1886 2941 3481 3018">
     <span class='ocr_line' id='line_1_58' title="bbox 1886 2941 3481 3018; baseline 0.005 -24"><span class='ocrx_word' id='word_1_473' title='bbox 1886 2951 1935 2995; x_wconf 90' lang='lat' dir='ltr'><strong>et</strong></span> <span class='ocrx_word' id='word_1_474' title='bbox 1961 2941 2167 2997; x_wconf 90' lang='lat' dir='ltr'><strong>bonum</strong></span> <span class='ocrx_word' id='word_1_475' title='bbox 2198 2941 2407 2999; x_wconf 83' lang='lat' dir='ltr'><strong>faciens</strong></span> <span class='ocrx_word' id='word_1_476' title='bbox 2431 2943 2644 2998; x_wconf 84' lang='lat' dir='ltr'><strong>habebis</strong></span> <span class='ocrx_word' id='word_1_477' title='bbox 2673 2944 2970 3001; x_wconf 23' lang='lat' dir='ltr'><strong>laudem‘ea:</strong></span> <span class='ocrx_word' id='word_1_478' title='bbox 2991 2945 3090 3001; x_wconf 90' lang='lat' dir='ltr'><strong>illa</strong></span> <span class='ocrx_word' id='word_1_479' title='bbox 3139 2962 3481 3018; x_wconf 69' lang='lat' dir='ltr'><strong>quaecunque</strong></span> 
     </span>
    </p>
   </div>
   <div class='ocr_carea' id='block_1_59' title="bbox 1886 3032 3479 3106">
    <p class='ocr_par' dir='ltr' id='par_1_59' title="bbox 1886 3032 3479 3106">
     <span class='ocr_line' id='line_1_59' title="bbox 1886 3032 3479 3106; baseline 0.004 -19"><span class='ocrx_word' id='word_1_480' title='bbox 1886 3032 1979 3100; x_wconf 89' lang='lat' dir='ltr'><strong>sit,</strong></span> <span class='ocrx_word' id='word_1_481' title='bbox 2002 3032 2145 3088; x_wconf 90' lang='lat' dir='ltr'><strong>bona</strong></span> <span class='ocrx_word' id='word_1_482' title='bbox 2165 3034 2251 3089; x_wconf 90' lang='lat' dir='ltr'><strong>vel</strong></span> <span class='ocrx_word' id='word_1_483' title='bbox 2272 3033 2416 3090; x_wconf 86' lang='lat' dir='ltr'><strong>mala</strong></span> <span class='ocrx_word' id='word_1_484' title='bbox 2441 3052 2454 3089; x_wconf 90' lang='lat'><strong>:</strong></span> <span class='ocrx_word' id='word_1_485' title='bbox 2484 3035 2614 3106; x_wconf 89' lang='lat' dir='ltr'><strong>quia</strong></span> <span class='ocrx_word' id='word_1_486' title='bbox 2638 3035 2685 3090; x_wconf 88' lang='lat' dir='ltr'><strong>si</strong></span> <span class='ocrx_word' id='word_1_487' title='bbox 2706 3036 2851 3091; x_wconf 89' lang='lat' dir='ltr'><strong>bona</strong></span> <span class='ocrx_word' id='word_1_488' title='bbox 2877 3045 2980 3102; x_wconf 91' lang='lat' dir='ltr'><strong>est,</strong></span> <span class='ocrx_word' id='word_1_489' title='bbox 3006 3036 3074 3092; x_wconf 92' lang='lat' dir='ltr'><strong>de</strong></span> <span class='ocrx_word' id='word_1_490' title='bbox 3093 3037 3240 3093; x_wconf 88' lang='lat' dir='ltr'><strong>bono</strong></span> <span class='ocrx_word' id='word_1_491' title='bbox 3290 3039 3479 3094; x_wconf 81' lang='lat' dir='ltr'><strong>lauda-</strong></span> 
     </span>
    </p>
   </div>
   <div class='ocr_carea' id='block_1_60' title="bbox 184 3123 3477 3214">
    <p class='ocr_par' dir='ltr' id='par_1_60' title="bbox 184 3123 3477 3214">
     <span class='ocr_line' id='line_1_60' title="bbox 184 3123 3477 3214; baseline -0 -30"><span class='ocrx_word' id='word_1_492' title='bbox 184 3151 210 3184; x_wconf 70' lang='grc' dir='ltr'>ι</span> <span class='ocrx_word' id='word_1_493' title='bbox 255 3130 480 3187; x_wconf 72' lang='lat' dir='ltr'><strong>Nemini</strong></span> <span class='ocrx_word' id='word_1_494' title='bbox 534 3129 834 3201; x_wconf 88' lang='lat' dir='ltr'><strong>quidquam</strong></span> <span class='ocrx_word' id='word_1_495' title='bbox 900 3127 1146 3185; x_wconf 83' lang='lat' dir='ltr'><strong>debeatis</strong></span> <span class='ocrx_word' id='word_1_496' title='bbox 1172 3166 1217 3193; x_wconf 72' lang='lat'><strong>,-</strong></span> <span class='ocrx_word' id='word_1_497' title='bbox 1256 3125 1364 3182; x_wconf 90' lang='lat' dir='ltr'><strong>nisi</strong></span> <span class='ocrx_word' id='word_1_498' title='bbox 1430 3135 1490 3181; x_wconf 92' lang='lat' dir='ltr'><strong>ut</strong></span> <span class='ocrx_word' id='word_1_499' title='bbox 1550 3123 1782 3178; x_wconf 84' lang='lat' dir='ltr'><strong>invicem</strong></span> <span class='ocrx_word' id='word_1_500' title='bbox 1806 3148 1859 3214; x_wconf 16' lang='lat' dir='ltr'><strong>rc</strong></span> <span class='ocrx_word' id='word_1_501' title='bbox 1886 3124 1966 3180; x_wconf 91' lang='lat' dir='ltr'><strong>bit</strong></span> <span class='ocrx_word' id='word_1_502' title='bbox 1989 3131 2064 3192; x_wconf 91' lang='lat' dir='ltr'><strong>te,</strong></span> <span class='ocrx_word' id='word_1_503' title='bbox 2089 3124 2136 3181; x_wconf 92' lang='lat' dir='ltr'><strong>si</strong></span> <span class='ocrx_word' id='word_1_504' title='bbox 2156 3125 2474 3193; x_wconf 86' lang='lat' dir='ltr'><strong>veromala,</strong></span> <span class='ocrx_word' id='word_1_505' title='bbox 2497 3127 2853 3197; x_wconf 71' lang='lat' dir='ltr'><strong>persequetur</strong></span> <span class='ocrx_word' id='word_1_506' title='bbox 2875 3135 2927 3183; x_wconf 90' lang='lat' dir='ltr'><strong>te</strong></span> <span class='ocrx_word' id='word_1_507' title='bbox 2960 3129 3100 3183; x_wconf 82' lang='lat' dir='ltr'><strong>bene</strong></span> <span class='ocrx_word' id='word_1_508' title='bbox 3140 3140 3477 3201; x_wconf 85' lang='lat' dir='ltr'><strong>operantem,</strong></span> 
     </span>
    </p>
   </div>
   <div class='ocr_carea' id='block_1_61' title="bbox 190 3214 1783 3293">
    <p class='ocr_par' dir='ltr' id='par_1_61' title="bbox 190 3214 1783 3293">
     <span class='ocr_line' id='line_1_61' title="bbox 190 3214 1783 3293; baseline -0.004 -19"><span class='ocrx_word' id='word_1_509' title='bbox 190 3242 209 3274; x_wconf 74' lang='grc' dir='ltr'>ι</span> <span class='ocrx_word' id='word_1_510' title='bbox 254 3221 522 3293; x_wconf 85' lang='lat' dir='ltr'><strong>diligatis.</strong></span> <span class='ocrx_word' id='word_1_511' title='bbox 573 3220 681 3287; x_wconf 85' lang='lat' dir='ltr'><strong>Qui</strong></span> <span class='ocrx_word' id='word_1_512' title='bbox 737 3219 886 3275; x_wconf 90' lang='lat' dir='ltr'><strong>enim</strong></span> <span class='ocrx_word' id='word_1_513' title='bbox 955 3217 1134 3290; x_wconf 87' lang='lat' dir='ltr'><strong>diligit</strong></span> <span class='ocrx_word' id='word_1_514' title='bbox 1192 3216 1504 3287; x_wconf 86' lang='lat' dir='ltr'><strong>proximum</strong></span> <span class='ocrx_word' id='word_1_515' title='bbox 1528 3257 1542 3281; x_wconf 92' lang='lat'><strong>,</strong></span> <span class='ocrx_word' id='word_1_516' title='bbox 1610 3214 1783 3285; x_wconf 80' lang='lat' dir='ltr'><strong>legem</strong></span> 
     </span>
    </p>
   </div>
   <div class='ocr_carea' id='block_1_62' title="bbox 191 3301 1784 3384">
    <p class='ocr_par' dir='ltr' id='par_1_62' title="bbox 191 3301 1784 3384">
     <span class='ocr_line' id='line_1_62' title="bbox 191 3301 1784 3384; baseline -0.004 -20"><span class='ocrx_word' id='word_1_517' title='bbox 191 3337 209 3364; x_wconf 82' lang='grc' dir='ltr'><strong>ι</strong></span> <span class='ocrx_word' id='word_1_518' title='bbox 260 3312 531 3384; x_wconf 84' lang='lat' dir='ltr'><strong>implevit.</strong></span> <span class='ocrx_word' id='word_1_519' title='bbox 555 3308 693 3365; x_wconf 86' lang='lat' dir='ltr'><strong>Nam</strong></span> <span class='ocrx_word' id='word_1_520' title='bbox 720 3325 829 3365; x_wconf 89' lang='lat' dir='ltr'><strong>non</strong></span> <span class='ocrx_word' id='word_1_521' title='bbox 858 3306 1213 3365; x_wconf 88' lang='lat' dir='ltr'><strong>adulterabis.</strong></span> <span class='ocrx_word' id='word_1_522' title='bbox 1237 3304 1360 3362; x_wconf 88' lang='lat' dir='ltr'><strong>Non</strong></span> <span class='ocrx_word' id='word_1_523' title='bbox 1394 3304 1631 3361; x_wconf 81' lang='lat' dir='ltr'><strong>occides.</strong></span> <span class='ocrx_word' id='word_1_524' title='bbox 1667 3301 1784 3358; x_wconf 89' lang='lat' dir='ltr'><strong>Non</strong></span> 
     </span>
    </p>
   </div>
   <div class='ocr_carea' id='block_1_63' title="bbox 190 3394 1785 3461">
    <p class='ocr_par' dir='ltr' id='par_1_63' title="bbox 190 3394 1785 3461">
     <span class='ocr_line' id='line_1_63' title="bbox 190 3394 1785 3461; baseline -0.004 -4"><span class='ocrx_word' id='word_1_525' title='bbox 190 3426 212 3457; x_wconf 71' lang='grc' dir='ltr'>α</span> <span class='ocrx_word' id='word_1_526' title='bbox 256 3404 558 3461; x_wconf 79' lang='lat' dir='ltr'><strong>furaberis.</strong></span> <span class='ocrx_word' id='word_1_527' title='bbox 592 3401 715 3459; x_wconf 87' lang='lat' dir='ltr'><strong>Non</strong></span> <span class='ocrx_word' id='word_1_528' title='bbox 771 3402 973 3458; x_wconf 83' lang='lat' dir='ltr'><strong>falsum</strong></span> <span class='ocrx_word' id='word_1_529' title='bbox 1026 3399 1403 3457; x_wconf 90' lang='lat' dir='ltr'><strong>testimonium</strong></span> <span class='ocrx_word' id='word_1_530' title='bbox 1447 3396 1618 3453; x_wconf 88' lang='lat' dir='ltr'><strong>dices.</strong></span> <span class='ocrx_word' id='word_1_531' title='bbox 1664 3394 1785 3451; x_wconf 87' lang='lat' dir='ltr'><strong>Non</strong></span> 
     </span>
    </p>
   </div>
   <div class='ocr_carea' id='block_1_64' title="bbox 190 3487 1787 3568">
    <p class='ocr_par' dir='ltr' id='par_1_64' title="bbox 190 3487 1787 3568">
     <span class='ocr_line' id='line_1_64' title="bbox 190 3487 1787 3568; baseline -0.005 -18"><span class='ocrx_word' id='word_1_532' title='bbox 190 3519 213 3550; x_wconf 70' lang='grc' dir='ltr'>ι</span> <span class='ocrx_word' id='word_1_533' title='bbox 254 3498 621 3568; x_wconf 83' lang='lat' dir='ltr'><strong>concupisces</strong></span> <span class='ocrx_word' id='word_1_534' title='bbox 674 3496 855 3568; x_wconf 83' lang='lat' dir='ltr'><strong>(Deut.</strong></span> <span class='ocrx_word' id='word_1_535' title='bbox 898 3513 954 3565; x_wconf 74' lang='lat' dir='ltr'><strong>v,</strong></span> <span class='ocrx_word' id='word_1_536' title='bbox 1007 3493 1119 3565; x_wconf 83' lang='lat' dir='ltr'><strong>I8),</strong></span> <span class='ocrx_word' id='word_1_537' title='bbox 1162 3503 1218 3549; x_wconf 92' lang='lat' dir='ltr'><strong>et</strong></span> <span class='ocrx_word' id='word_1_538' title='bbox 1247 3490 1294 3550; x_wconf 89' lang='lat' dir='ltr'><strong>si</strong></span> <span class='ocrx_word' id='word_1_539' title='bbox 1321 3491 1466 3564; x_wconf 87' lang='lat' dir='ltr'><strong>quod</strong></span> <span class='ocrx_word' id='word_1_540' title='bbox 1515 3498 1600 3546; x_wconf 90' lang='lat' dir='ltr'><strong>est</strong></span> <span class='ocrx_word' id='word_1_541' title='bbox 1638 3487 1787 3543; x_wconf 88' lang='lat' dir='ltr'><strong>aliud</strong></span> 
     </span>
    </p>
   </div>
   <div class='ocr_carea' id='block_1_65' title="bbox 190 3579 1788 3651">
    <p class='ocr_par' dir='ltr' id='par_1_65' title="bbox 190 3579 1788 3651">
     <span class='ocr_line' id='line_1_65' title="bbox 190 3579 1788 3651; baseline -0.003 -13"><span class='ocrx_word' id='word_1_542' title='bbox 190 3607 212 3637; x_wconf 74' lang='grc'><strong>1</strong></span> <span class='ocrx_word' id='word_1_543' title='bbox 262 3586 590 3641; x_wconf 87' lang='lat' dir='ltr'><strong>mandatum</strong></span> <span class='ocrx_word' id='word_1_544' title='bbox 618 3586 675 3641; x_wconf 91' lang='lat' dir='ltr'><strong>in</strong></span> <span class='ocrx_word' id='word_1_545' title='bbox 703 3587 810 3643; x_wconf 89' lang='lat' dir='ltr'><strong>hoc</strong></span> <span class='ocrx_word' id='word_1_546' title='bbox 832 3586 1001 3642; x_wconf 84' lang='lat' dir='ltr'><strong>verbo</strong></span> <span class='ocrx_word' id='word_1_547' title='bbox 1027 3585 1368 3641; x_wconf 85' lang='lat' dir='ltr'><strong>instauratur</strong></span> <span class='ocrx_word' id='word_1_548' title='bbox 1386 3597 1405 3633; x_wconf 69' lang='grc' dir='ltr'><strong>ε</strong></span> <span class='ocrx_word' id='word_1_549' title='bbox 1436 3579 1640 3651; x_wconf 87' lang='lat' dir='ltr'><strong>Diliges</strong></span> <span class='ocrx_word' id='word_1_550' title='bbox 1662 3593 1788 3649; x_wconf 76' lang='lat' dir='ltr'><strong>pre-</strong></span> 
     </span>
    </p>
   </div>
   <div class='ocr_carea' id='block_1_66' title="bbox 196 3669 1787 3747">
    <p class='ocr_par' dir='ltr' id='par_1_66' title="bbox 196 3669 1787 3747">
     <span class='ocr_line' id='line_1_66' title="bbox 196 3669 1787 3747; baseline -0.003 -17"><span class='ocrx_word' id='word_1_551' title='bbox 196 3699 213 3730; x_wconf 81' lang='lat' dir='ltr'><strong>l</strong></span> <span class='ocrx_word' id='word_1_552' title='bbox 260 3677 478 3733; x_wconf 85' lang='lat' dir='ltr'><strong>ximum</strong></span> <span class='ocrx_word' id='word_1_553' title='bbox 510 3685 663 3733; x_wconf 88' lang='lat' dir='ltr'><strong>tuum</strong></span> <span class='ocrx_word' id='word_1_554' title='bbox 714 3677 858 3734; x_wconf 86' lang='lat' dir='ltr'><strong>sicut</strong></span> <span class='ocrx_word' id='word_1_555' title='bbox 898 3678 1135 3747; x_wconf 89' lang='lat' dir='ltr'><strong>teipsum</strong></span> <span class='ocrx_word' id='word_1_556' title='bbox 1180 3675 1370 3740; x_wconf 75' lang='lat' dir='ltr'><strong>(Leuit.</strong></span> <span class='ocrx_word' id='word_1_557' title='bbox 1403 3688 1516 3738; x_wconf 75' lang='lat' dir='ltr'><strong>xix,</strong></span> <span class='ocrx_word' id='word_1_558' title='bbox 1559 3672 1664 3741; x_wconf 82' lang='lat' dir='ltr'><strong>l8).</strong></span> <span class='ocrx_word' id='word_1_559' title='bbox 1696 3669 1787 3725; x_wconf 83' lang='lat' dir='ltr'><strong>Di-</strong></span> 
     </span>
    </p>
   </div>
   <div class='ocr_carea' id='block_1_67' title="bbox 194 3765 1784 3840">
    <p class='ocr_par' dir='ltr' id='par_1_67' title="bbox 194 3765 1784 3840">
     <span class='ocr_line' id='line_1_67' title="bbox 194 3765 1784 3840; baseline -0.001 -19"><span class='ocrx_word' id='word_1_560' title='bbox 194 3788 215 3821; x_wconf 72' lang='lat' dir='ltr'><strong>c</strong></span> <span class='ocrx_word' id='word_1_561' title='bbox 263 3769 435 3824; x_wconf 85' lang='lat' dir='ltr'><strong>lectio</strong></span> <span class='ocrx_word' id='word_1_562' title='bbox 456 3769 693 3840; x_wconf 80' lang='lat' dir='ltr'><strong>proximi</strong></span> <span class='ocrx_word' id='word_1_563' title='bbox 720 3770 925 3825; x_wconf 90' lang='lat' dir='ltr'><strong>malum</strong></span> <span class='ocrx_word' id='word_1_564' title='bbox 948 3784 1056 3824; x_wconf 90' lang='lat' dir='ltr'><strong>non</strong></span> <span class='ocrx_word' id='word_1_565' title='bbox 1085 3776 1343 3837; x_wconf 86' lang='lat' dir='ltr'><strong>operatur</strong></span> <span class='ocrx_word' id='word_1_566' title='bbox 1393 3765 1613 3836; x_wconf 77' lang='lat' dir='ltr'><strong>(Matth.</strong></span> <span class='ocrx_word' id='word_1_567' title='bbox 1646 3780 1784 3831; x_wconf 86' lang='lat' dir='ltr'><strong>xxu,</strong></span> 
     </span>
    </p>
   </div>
   <div class='ocr_carea' id='block_1_68' title="bbox 197 3856 1787 3933">
    <p class='ocr_par' dir='ltr' id='par_1_68' title="bbox 197 3856 1787 3933">
     <span class='ocr_line' id='line_1_68' title="bbox 197 3856 1787 3933; baseline -0.001 -21"><span class='ocrx_word' id='word_1_568' title='bbox 197 3882 216 3912; x_wconf 80' lang='grc' dir='ltr'><strong>ι</strong></span> <span class='ocrx_word' id='word_1_569' title='bbox 264 3862 384 3929; x_wconf 73' lang='lat'><strong>39).</strong></span> <span class='ocrx_word' id='word_1_570' title='bbox 418 3860 708 3917; x_wconf 86' lang='lat' dir='ltr'><strong>Plenitudo</strong></span> <span class='ocrx_word' id='word_1_571' title='bbox 730 3877 861 3933; x_wconf 88' lang='lat' dir='ltr'><strong>ergo</strong></span> <span class='ocrx_word' id='word_1_572' title='bbox 884 3861 1019 3932; x_wconf 81' lang='lat' dir='ltr'><strong>legis</strong></span> <span class='ocrx_word' id='word_1_573' title='bbox 1039 3867 1093 3915; x_wconf 91' lang='lat' dir='ltr'><strong>et</strong></span> <span class='ocrx_word' id='word_1_574' title='bbox 1115 3859 1354 3916; x_wconf 88' lang='lat' dir='ltr'><strong>dilectio.</strong></span> <span class='ocrx_word' id='word_1_575' title='bbox 1384 3856 1453 3913; x_wconf 88' lang='lat' dir='ltr'><strong>Et</strong></span> <span class='ocrx_word' id='word_1_576' title='bbox 1478 3857 1583 3913; x_wconf 89' lang='lat' dir='ltr'><strong>hoc</strong></span> <span class='ocrx_word' id='word_1_577' title='bbox 1605 3857 1787 3913; x_wconf 87' lang='lat' dir='ltr'><strong>scien-</strong></span> 
     </span>
    </p>
   </div>
   <div class='ocr_carea' id='block_1_69' title="bbox 187 3949 1787 4023">
    <p class='ocr_par' dir='ltr' id='par_1_69' title="bbox 187 3949 1787 4023">
     <span class='ocr_line' id='line_1_69' title="bbox 187 3949 1787 4023; baseline -0.001 -19"><span class='ocrx_word' id='word_1_578' title='bbox 187 3972 217 4004; x_wconf 74' lang='grc'><strong>1</strong></span> <span class='ocrx_word' id='word_1_579' title='bbox 266 3960 350 4007; x_wconf 88' lang='lat' dir='ltr'><strong>tes</strong></span> <span class='ocrx_word' id='word_1_580' title='bbox 378 3960 615 4022; x_wconf 87' lang='lat' dir='ltr'><strong>tempus,</strong></span> <span class='ocrx_word' id='word_1_581' title='bbox 637 3952 767 4023; x_wconf 88' lang='lat' dir='ltr'><strong>quia</strong></span> <span class='ocrx_word' id='word_1_582' title='bbox 790 3952 925 4008; x_wconf 90' lang='lat' dir='ltr'><strong>hora</strong></span> <span class='ocrx_word' id='word_1_583' title='bbox 946 3961 1029 4007; x_wconf 90' lang='lat' dir='ltr'><strong>est</strong></span> <span class='ocrx_word' id='word_1_584' title='bbox 1044 3951 1158 4022; x_wconf 89' lang='lat' dir='ltr'><strong>jam</strong></span> <span class='ocrx_word' id='word_1_585' title='bbox 1184 3965 1286 4006; x_wconf 91' lang='lat' dir='ltr'><strong>nos</strong></span> <span class='ocrx_word' id='word_1_586' title='bbox 1314 3949 1381 4006; x_wconf 92' lang='lat' dir='ltr'><strong>de</strong></span> <span class='ocrx_word' id='word_1_587' title='bbox 1429 3962 1625 4005; x_wconf 86' lang='lat' dir='ltr'><strong>somno</strong></span> <span class='ocrx_word' id='word_1_588' title='bbox 1660 3964 1787 4004; x_wconf 89' lang='lat' dir='ltr'><strong>sur-</strong></span> 
     </span>
    </p>
   </div>
   <div class='ocr_carea' id='block_1_70' title="bbox 197 4039 1788 4115">
    <p class='ocr_par' dir='ltr' id='par_1_70' title="bbox 197 4039 1788 4115">
     <span class='ocr_line' id='line_1_70' title="bbox 197 4039 1788 4115; baseline -0.001 -20"><span class='ocrx_word' id='word_1_589' title='bbox 197 4062 219 4095; x_wconf 77' lang='grc' dir='ltr'>σ</span> <span class='ocrx_word' id='word_1_590' title='bbox 262 4057 414 4115; x_wconf 85' lang='lat' dir='ltr'><strong>gere.</strong></span> <span class='ocrx_word' id='word_1_591' title='bbox 440 4040 599 4098; x_wconf 82' lang='lat' dir='ltr'><strong>Nunc</strong></span> <span class='ocrx_word' id='word_1_592' title='bbox 615 4044 761 4099; x_wconf 88' lang='lat' dir='ltr'><strong>enim</strong></span> <span class='ocrx_word' id='word_1_593' title='bbox 784 4043 1010 4114; x_wconf 89' lang='lat' dir='ltr'><strong>propior</strong></span> <span class='ocrx_word' id='word_1_594' title='bbox 1056 4049 1141 4097; x_wconf 88' lang='lat' dir='ltr'><strong>est</strong></span> <span class='ocrx_word' id='word_1_595' title='bbox 1170 4049 1359 4097; x_wconf 87' lang='lat' dir='ltr'><strong>nostra</strong></span> <span class='ocrx_word' id='word_1_596' title='bbox 1406 4039 1577 4106; x_wconf 88' lang='lat' dir='ltr'><strong>salus,</strong></span> <span class='ocrx_word' id='word_1_597' title='bbox 1621 4054 1788 4110; x_wconf 91' lang='lat' dir='ltr'><strong>quam</strong></span> 
     </span>
    </p>
   </div>
   <div class='ocr_carea' id='block_1_71' title="bbox 192 4130 1787 4206">
    <p class='ocr_par' dir='ltr' id='par_1_71' title="bbox 192 4130 1787 4206">
     <span class='ocr_line' id='line_1_71' title="bbox 192 4130 1787 4206; baseline -0.001 -20"><span class='ocrx_word' id='word_1_598' title='bbox 192 4154 219 4186; x_wconf 77' lang='grc'>‹</span> <span class='ocrx_word' id='word_1_599' title='bbox 265 4149 398 4188; x_wconf 88' lang='lat' dir='ltr'><strong>cum</strong></span> <span class='ocrx_word' id='word_1_600' title='bbox 430 4133 784 4190; x_wconf 84' lang='lat' dir='ltr'><strong>credidimus.</strong></span> <span class='ocrx_word' id='word_1_601' title='bbox 814 4132 934 4190; x_wconf 84' lang='lat' dir='ltr'><strong>Nox</strong></span> <span class='ocrx_word' id='word_1_602' title='bbox 962 4132 1264 4206; x_wconf 65' lang='lat' dir='ltr'><strong>praecessit,</strong></span> <span class='ocrx_word' id='word_1_603' title='bbox 1287 4130 1404 4187; x_wconf 84' lang='lat' dir='ltr'><strong>dies</strong></span> <span class='ocrx_word' id='word_1_604' title='bbox 1447 4139 1630 4186; x_wconf 90' lang='lat' dir='ltr'><strong>autem</strong></span> <span class='ocrx_word' id='word_1_605' title='bbox 1687 4144 1787 4201; x_wconf 83' lang='lat' dir='ltr'><strong>ap-</strong></span> 
     </span>
    </p>
   </div>
   <div class='ocr_carea' id='block_1_72' title="bbox 194 4223 1785 4298">
    <p class='ocr_par' dir='ltr' id='par_1_72' title="bbox 194 4223 1785 4298">
     <span class='ocr_line' id='line_1_72' title="bbox 194 4223 1785 4298; baseline -0.002 -19"><span class='ocrx_word' id='word_1_606' title='bbox 194 4246 218 4279; x_wconf 77' lang='grc'>‹</span> <span class='ocrx_word' id='word_1_607' title='bbox 262 4226 675 4298; x_wconf 82' lang='lat' dir='ltr'><strong>propinquavit.</strong></span> <span class='ocrx_word' id='word_1_608' title='bbox 709 4225 1048 4297; x_wconf 77' lang='lat' dir='ltr'><strong>Ahjiciamus</strong></span> <span class='ocrx_word' id='word_1_609' title='bbox 1069 4241 1198 4298; x_wconf 89' lang='lat' dir='ltr'><strong>ergo</strong></span> <span class='ocrx_word' id='word_1_610' title='bbox 1220 4234 1384 4296; x_wconf 82' lang='lat' dir='ltr'><strong>opera</strong></span> <span class='ocrx_word' id='word_1_611' title='bbox 1415 4223 1785 4288; x_wconf 87' lang='lat' dir='ltr'><strong>tenebrarum,</strong></span> 
     </span>
    </p>
   </div>
   <div class='ocr_carea' id='block_1_73' title="bbox 125 4311 1790 4391">
    <p class='ocr_par' dir='ltr' id='par_1_73' title="bbox 125 4311 1790 4391">
     <span class='ocr_line' id='line_1_73' title="bbox 125 4311 1790 4391; baseline -0.001 -13"><span class='ocrx_word' id='word_1_612' title='bbox 125 4326 140 4341; x_wconf 78' lang='lat'>‘</span> <span class='ocrx_word' id='word_1_613' title='bbox 195 4343 219 4378; x_wconf 72' lang='grc' dir='ltr'>ι</span> <span class='ocrx_word' id='word_1_614' title='bbox 260 4332 323 4379; x_wconf 83' lang='lat' dir='ltr'><strong>et</strong></span> <span class='ocrx_word' id='word_1_615' title='bbox 357 4324 656 4380; x_wconf 87' lang='lat' dir='ltr'><strong>induamur</strong></span> <span class='ocrx_word' id='word_1_616' title='bbox 684 4341 837 4382; x_wconf 89' lang='lat' dir='ltr'><strong>arma</strong></span> <span class='ocrx_word' id='word_1_617' title='bbox 859 4325 1018 4391; x_wconf 87' lang='lat' dir='ltr'><strong>lucis,</strong></span> <span class='ocrx_word' id='word_1_618' title='bbox 1055 4324 1135 4381; x_wconf 88' lang='lat' dir='ltr'><strong>sic</strong></span> <span class='ocrx_word' id='word_1_619' title='bbox 1173 4334 1233 4380; x_wconf 91' lang='lat' dir='ltr'><strong>ut</strong></span> <span class='ocrx_word' id='word_1_620' title='bbox 1255 4311 1401 4380; x_wconf 83' lang='lat' dir='ltr'><strong>indie</strong></span> <span class='ocrx_word' id='word_1_621' title='bbox 1421 4323 1650 4378; x_wconf 87' lang='lat' dir='ltr'><strong>honeste</strong></span> <span class='ocrx_word' id='word_1_622' title='bbox 1671 4337 1790 4376; x_wconf 86' lang='lat' dir='ltr'><strong>am-</strong></span> 
     </span>
    </p>
   </div>
   <div class='ocr_carea' id='block_1_74' title="bbox 194 4412 1791 4473">
    <p class='ocr_par' dir='ltr' id='par_1_74' title="bbox 194 4412 1791 4473">
     <span class='ocr_line' id='line_1_74' title="bbox 194 4412 1791 4473; baseline -0.001 -4"><span class='ocrx_word' id='word_1_623' title='bbox 194 4436 219 4469; x_wconf 65' lang='lat' dir='ltr'><strong>t</strong></span> <span class='ocrx_word' id='word_1_624' title='bbox 264 4417 545 4473; x_wconf 87' lang='lat' dir='ltr'><strong>bulemus.</strong></span> <span class='ocrx_word' id='word_1_625' title='bbox 604 4416 723 4473; x_wconf 85' lang='lat' dir='ltr'><strong>Non</strong></span> <span class='ocrx_word' id='word_1_626' title='bbox 759 4418 812 4472; x_wconf 90' lang='lat' dir='ltr'><strong>in</strong></span> <span class='ocrx_word' id='word_1_627' title='bbox 866 4415 1359 4473; x_wconf 89' lang='lat' dir='ltr'><strong>comessationibus</strong></span> <span class='ocrx_word' id='word_1_628' title='bbox 1404 4422 1460 4470; x_wconf 89' lang='lat' dir='ltr'><strong>et</strong></span> <span class='ocrx_word' id='word_1_629' title='bbox 1510 4412 1791 4469; x_wconf 64' lang='lat' dir='ltr'><strong>ebrietati-</strong></span> 
     </span>
    </p>
   </div>
   <div class='ocr_carea' id='block_1_75' title="bbox 1883 3217 3482 3289">
    <p class='ocr_par' dir='ltr' id='par_1_75' title="bbox 1883 3217 3482 3289">
     <span class='ocr_line' id='line_1_75' title="bbox 1883 3217 3482 3289; baseline 0.004 -17"><span class='ocrx_word' id='word_1_630' title='bbox 1883 3226 1940 3272; x_wconf 92' lang='lat' dir='ltr'><strong>et</strong></span> <span class='ocrx_word' id='word_1_631' title='bbox 1959 3233 2027 3273; x_wconf 72' lang='lat' dir='ltr'><strong>ex</strong></span> <span class='ocrx_word' id='word_1_632' title='bbox 2055 3217 2256 3274; x_wconf 86' lang='lat' dir='ltr'><strong>virtute</strong></span> <span class='ocrx_word' id='word_1_633' title='bbox 2275 3218 2553 3289; x_wconf 76' lang='lat' dir='ltr'><strong>patientia:</strong></span> <span class='ocrx_word' id='word_1_634' title='bbox 2571 3218 2902 3276; x_wconf 87' lang='lat' dir='ltr'><strong>laudaheris.</strong></span> <span class='ocrx_word' id='word_1_635' title='bbox 2935 3217 3073 3276; x_wconf 86' lang='lat' dir='ltr'><strong>Vere</strong></span> <span class='ocrx_word' id='word_1_636' title='bbox 3119 3221 3334 3278; x_wconf 88' lang='lat' dir='ltr'><strong>laudem</strong></span> <span class='ocrx_word' id='word_1_637' title='bbox 3380 3224 3482 3278; x_wconf 75' lang='lat' dir='ltr'><strong>ha-</strong></span> 
     </span>
    </p>
   </div>
   <div class='ocr_carea' id='block_1_76' title="bbox 1885 3308 3481 3383">
    <p class='ocr_par' dir='ltr' id='par_1_76' title="bbox 1885 3308 3481 3383">
     <span class='ocr_line' id='line_1_76' title="bbox 1885 3308 3481 3383; baseline 0.002 -19"><span class='ocrx_word' id='word_1_638' title='bbox 1885 3308 2041 3365; x_wconf 89' lang='lat' dir='ltr'><strong>bebis</strong></span> <span class='ocrx_word' id='word_1_639' title='bbox 2063 3324 2131 3365; x_wconf 89' lang='lat' dir='ltr'><strong>ex</strong></span> <span class='ocrx_word' id='word_1_640' title='bbox 2151 3323 2237 3364; x_wconf 90' lang='lat' dir='ltr'><strong>ea.</strong></span> <span class='ocrx_word' id='word_1_641' title='bbox 2271 3308 2416 3364; x_wconf 89' lang='lat' dir='ltr'><strong>Nam</strong></span> <span class='ocrx_word' id='word_1_642' title='bbox 2447 3310 2541 3365; x_wconf 91' lang='lat' dir='ltr'><strong>hic</strong></span> <span class='ocrx_word' id='word_1_643' title='bbox 2563 3309 2706 3366; x_wconf 89' lang='lat' dir='ltr'><strong>idem</strong></span> <span class='ocrx_word' id='word_1_644' title='bbox 2734 3310 2989 3383; x_wconf 89' lang='lat' dir='ltr'><strong>princeps</strong></span> <span class='ocrx_word' id='word_1_645' title='bbox 3023 3313 3265 3368; x_wconf 83' lang='lat' dir='ltr'><strong>minister</strong></span> <span class='ocrx_word' id='word_1_646' title='bbox 3284 3310 3383 3369; x_wconf 85' lang='lat' dir='ltr'><strong>Dei</strong></span> <span class='ocrx_word' id='word_1_647' title='bbox 3403 3324 3481 3368; x_wconf 64' lang='lat' dir='ltr'><strong>es!</strong></span> 
     </span>
    </p>
   </div>
   <div class='ocr_carea' id='block_1_77' title="bbox 1889 3401 3478 3474">
    <p class='ocr_par' dir='ltr' id='par_1_77' title="bbox 1889 3401 3478 3474">
     <span class='ocr_line' id='line_1_77' title="bbox 1889 3401 3478 3474; baseline 0.004 -19"><span class='ocrx_word' id='word_1_648' title='bbox 1889 3401 1987 3471; x_wconf 82' lang='lat' dir='ltr'><strong>tibi</strong></span> <span class='ocrx_word' id='word_1_649' title='bbox 2012 3402 2069 3455; x_wconf 89' lang='lat' dir='ltr'><strong>in</strong></span> <span class='ocrx_word' id='word_1_650' title='bbox 2091 3401 2305 3471; x_wconf 86' lang='lat' dir='ltr'><strong>bonum,</strong></span> <span class='ocrx_word' id='word_1_651' title='bbox 2334 3401 2388 3458; x_wconf 93' lang='lat' dir='ltr'><strong>id</strong></span> <span class='ocrx_word' id='word_1_652' title='bbox 2414 3413 2500 3459; x_wconf 89' lang='lat' dir='ltr'><strong>est</strong></span> <span class='ocrx_word' id='word_1_653' title='bbox 2534 3401 2605 3458; x_wconf 89' lang='lat' dir='ltr'><strong>ad</strong></span> <span class='ocrx_word' id='word_1_654' title='bbox 2634 3402 2924 3459; x_wconf 75' lang='lat' dir='ltr'><strong>utilitatem</strong></span> <span class='ocrx_word' id='word_1_655' title='bbox 2969 3403 3018 3460; x_wconf 89' lang='lat' dir='ltr'><strong>si</strong></span> <span class='ocrx_word' id='word_1_656' title='bbox 3063 3404 3204 3462; x_wconf 89' lang='lat' dir='ltr'><strong>bene</strong></span> <span class='ocrx_word' id='word_1_657' title='bbox 3247 3405 3478 3474; x_wconf 77' lang='lat' dir='ltr'><strong>feceris;</strong></span> 
     </span>
    </p>
   </div>
   <div class='ocr_carea' id='block_1_78' title="bbox 1886 3489 3485 3572">
    <p class='ocr_par' dir='ltr' id='par_1_78' title="bbox 1886 3489 3485 3572">
     <span class='ocr_line' id='line_1_78' title="bbox 1886 3489 3485 3572; baseline 0.006 -25"><span class='ocrx_word' id='word_1_658' title='bbox 1886 3493 1979 3548; x_wconf 83' lang='lat' dir='ltr'><strong>sed</strong></span> <span class='ocrx_word' id='word_1_659' title='bbox 2011 3493 2059 3548; x_wconf 87' lang='lat' dir='ltr'><strong>si</strong></span> <span class='ocrx_word' id='word_1_660' title='bbox 2089 3493 2227 3548; x_wconf 87' lang='lat' dir='ltr'><strong>male</strong></span> <span class='ocrx_word' id='word_1_661' title='bbox 2247 3494 2454 3566; x_wconf 78' lang='lat' dir='ltr'><strong>feceris,</strong></span> <span class='ocrx_word' id='word_1_662' title='bbox 2480 3495 2607 3549; x_wconf 86' lang='lat' dir='ltr'><strong>time</strong></span> <span class='ocrx_word' id='word_1_663' title='bbox 2634 3511 2773 3549; x_wconf 89' lang='lat' dir='ltr'><strong>eum.</strong></span> <span class='ocrx_word' id='word_1_664' title='bbox 2805 3489 3129 3554; x_wconf 82' lang='lat' dir='ltr'><strong>Timeudus‘</strong></span> <span class='ocrx_word' id='word_1_665' title='bbox 3164 3499 3354 3572; x_wconf 85' lang='lat' dir='ltr'><strong>utique</strong></span> <span class='ocrx_word' id='word_1_666' title='bbox 3401 3510 3485 3557; x_wconf 75' lang='lat' dir='ltr'><strong>est</strong></span> 
     </span>
    </p>
   </div>
   <div class='ocr_carea' id='block_1_79' title="bbox 1887 3585 3481 3664">
    <p class='ocr_par' dir='ltr' id='par_1_79' title="bbox 1887 3585 3481 3664">
     <span class='ocr_line' id='line_1_79' title="bbox 1887 3585 3481 3664; baseline 0.004 -24"><span class='ocrx_word' id='word_1_667' title='bbox 1887 3586 2031 3641; x_wconf 88' lang='lat' dir='ltr'><strong>male</strong></span> <span class='ocrx_word' id='word_1_668' title='bbox 2073 3585 2314 3664; x_wconf 80' lang='lat' dir='ltr'><strong>facienti,</strong></span> <span class='ocrx_word' id='word_1_669' title='bbox 2362 3603 2492 3644; x_wconf 89' lang='lat' dir='ltr'><strong>nam</strong></span> <span class='ocrx_word' id='word_1_670' title='bbox 2534 3588 2625 3643; x_wconf 90' lang='lat' dir='ltr'><strong>hic</strong></span> <span class='ocrx_word' id='word_1_671' title='bbox 2642 3587 2808 3658; x_wconf 86' lang='lat' dir='ltr'><strong>judex</strong></span> <span class='ocrx_word' id='word_1_672' title='bbox 2836 3606 2940 3644; x_wconf 88' lang='lat' dir='ltr'><strong>non</strong></span> <span class='ocrx_word' id='word_1_673' title='bbox 2965 3591 3079 3646; x_wconf 89' lang='lat' dir='ltr'><strong>sine</strong></span> <span class='ocrx_word' id='word_1_674' title='bbox 3113 3608 3277 3646; x_wconf 86' lang='lat' dir='ltr'><strong>causa</strong></span> <span class='ocrx_word' id='word_1_675' title='bbox 3304 3604 3481 3663; x_wconf 82' lang='lat' dir='ltr'><strong>portat</strong></span> 
     </span>
    </p>
   </div>
   <div class='ocr_carea' id='block_1_80' title="bbox 1887 3667 3483 3748">
    <p class='ocr_par' dir='ltr' id='par_1_80' title="bbox 1887 3667 3483 3748">
     <span class='ocr_line' id='line_1_80' title="bbox 1887 3667 3483 3748; baseline 0.006 -18"><span class='ocrx_word' id='word_1_676' title='bbox 1887 3677 2147 3748; x_wconf 83' lang='lat' dir='ltr'><strong>gladium.</strong></span> <span class='ocrx_word' id='word_1_677' title='bbox 2199 3676 2336 3733; x_wconf 84' lang='lat' dir='ltr'><strong>Vere</strong></span> <span class='ocrx_word' id='word_1_678' title='bbox 2381 3695 2489 3734; x_wconf 84' lang='lat' dir='ltr'><strong>non</strong></span> <span class='ocrx_word' id='word_1_679' title='bbox 2541 3680 2661 3735; x_wconf 91' lang='lat' dir='ltr'><strong>sine</strong></span> <span class='ocrx_word' id='word_1_680' title='bbox 2678 3694 2888 3747; x_wconf 88' lang='lat' dir='ltr'><strong>causa;</strong></span> <span class='ocrx_word' id='word_1_681' title='bbox 2924 3698 3049 3737; x_wconf 90' lang='lat' dir='ltr'><strong>nam</strong></span> <span class='ocrx_word' id='word_1_682' title='bbox 3101 3683 3190 3738; x_wconf 88' lang='lat' dir='ltr'><strong>hic</strong></span> <span class='ocrx_word' id='word_1_683' title='bbox 3231 3667 3483 3740; x_wconf 60' lang='lat' dir='ltr'><strong>minister</strong></span> 
     </span>
    </p>
   </div>
   <div class='ocr_carea' id='block_1_81' title="bbox 1889 3767 3481 3846">
    <p class='ocr_par' dir='ltr' id='par_1_81' title="bbox 1889 3767 3481 3846">
     <span class='ocr_line' id='line_1_81' title="bbox 1889 3767 3481 3846; baseline 0.006 -25"><span class='ocrx_word' id='word_1_684' title='bbox 1889 3767 1985 3823; x_wconf 89' lang='lat' dir='ltr'><strong>Dei</strong></span> <span class='ocrx_word' id='word_1_685' title='bbox 2018 3776 2139 3824; x_wconf 87' lang='lat' dir='ltr'><strong>est:</strong></span> <span class='ocrx_word' id='word_1_686' title='bbox 2172 3768 2361 3823; x_wconf 77' lang='lat' dir='ltr'><strong>vindex</strong></span> <span class='ocrx_word' id='word_1_687' title='bbox 2380 3770 2451 3835; x_wconf 89' lang='lat' dir='ltr'><strong>ei,</strong></span> <span class='ocrx_word' id='word_1_688' title='bbox 2478 3770 2531 3824; x_wconf 90' lang='lat' dir='ltr'><strong>id</strong></span> <span class='ocrx_word' id='word_1_689' title='bbox 2554 3770 2734 3825; x_wconf 85' lang='lat' dir='ltr'><strong>estad</strong></span> <span class='ocrx_word' id='word_1_690' title='bbox 2754 3771 3015 3827; x_wconf 86' lang='lat' dir='ltr'><strong>damnum</strong></span> <span class='ocrx_word' id='word_1_691' title='bbox 3065 3773 3186 3844; x_wconf 87' lang='lat' dir='ltr'><strong>ejus</strong></span> <span class='ocrx_word' id='word_1_692' title='bbox 3226 3772 3317 3846; x_wconf 76' lang='lat' dir='ltr'><strong>qui</strong></span> <span class='ocrx_word' id='word_1_693' title='bbox 3362 3793 3481 3829; x_wconf 89' lang='lat' dir='ltr'><strong>ma-</strong></span> 
     </span>
    </p>
   </div>
   <div class='ocr_carea' id='block_1_82' title="bbox 1890 3860 3479 3931">
    <p class='ocr_par' dir='ltr' id='par_1_82' title="bbox 1890 3860 3479 3931">
     <span class='ocr_line' id='line_1_82' title="bbox 1890 3860 3479 3931; baseline 0.006 -18"><span class='ocrx_word' id='word_1_694' title='bbox 1890 3860 2001 3914; x_wconf 85' lang='lat' dir='ltr'><strong>lum</strong></span> <span class='ocrx_word' id='word_1_695' title='bbox 2026 3861 2184 3931; x_wconf 90' lang='lat' dir='ltr'><strong>agit:</strong></span> <span class='ocrx_word' id='word_1_696' title='bbox 2215 3860 2414 3917; x_wconf 79' lang='lat' dir='ltr'><strong>vindex</strong></span> <span class='ocrx_word' id='word_1_697' title='bbox 2447 3862 2536 3918; x_wconf 87' lang='lat' dir='ltr'><strong>die</strong></span> <span class='ocrx_word' id='word_1_698' title='bbox 2573 3864 2629 3916; x_wconf 89' lang='lat' dir='ltr'><strong>in</strong></span> <span class='ocrx_word' id='word_1_699' title='bbox 2662 3863 2819 3930; x_wconf 88' lang='lat' dir='ltr'><strong>iram,</strong></span> <span class='ocrx_word' id='word_1_700' title='bbox 2864 3864 2916 3919; x_wconf 91' lang='lat' dir='ltr'><strong>id</strong></span> <span class='ocrx_word' id='word_1_701' title='bbox 2950 3875 3037 3920; x_wconf 90' lang='lat' dir='ltr'><strong>est</strong></span> <span class='ocrx_word' id='word_1_702' title='bbox 3080 3866 3139 3920; x_wconf 91' lang='lat' dir='ltr'><strong>in</strong></span> <span class='ocrx_word' id='word_1_703' title='bbox 3179 3867 3479 3923; x_wconf 82' lang='lat' dir='ltr'><strong>vindictam</strong></span> 
     </span>
    </p>
   </div>
   <div class='ocr_carea' id='block_1_83' title="bbox 1890 3950 3479 4031">
    <p class='ocr_par' dir='ltr' id='par_1_83' title="bbox 1890 3950 3479 4031">
     <span class='ocr_line' id='line_1_83' title="bbox 1890 3950 3479 4031; baseline 0.004 -23"><span class='ocrx_word' id='word_1_704' title='bbox 1890 3951 1985 4008; x_wconf 88' lang='lat' dir='ltr'><strong>Dei</strong></span> <span class='ocrx_word' id='word_1_705' title='bbox 2008 3950 2315 4008; x_wconf 82' lang='lat' dir='ltr'><strong>faciendam</strong></span> <span class='ocrx_word' id='word_1_706' title='bbox 2339 3972 2354 4008; x_wconf 90' lang='lat'><strong>:</strong></span> <span class='ocrx_word' id='word_1_707' title='bbox 2383 3954 2469 4009; x_wconf 92' lang='lat' dir='ltr'><strong>vel</strong></span> <span class='ocrx_word' id='word_1_708' title='bbox 2498 3954 2695 4010; x_wconf 81' lang='lat' dir='ltr'><strong>vindex</strong></span> <span class='ocrx_word' id='word_1_709' title='bbox 2726 3955 2783 4009; x_wconf 91' lang='lat' dir='ltr'><strong>in</strong></span> <span class='ocrx_word' id='word_1_710' title='bbox 2813 3954 2974 4023; x_wconf 89' lang='lat' dir='ltr'><strong>iram,</strong></span> <span class='ocrx_word' id='word_1_711' title='bbox 2999 3956 3052 4013; x_wconf 91' lang='lat' dir='ltr'><strong>id</strong></span> <span class='ocrx_word' id='word_1_712' title='bbox 3066 3965 3153 4013; x_wconf 88' lang='lat' dir='ltr'><strong>est</strong></span> <span class='ocrx_word' id='word_1_713' title='bbox 3182 3958 3239 4013; x_wconf 89' lang='lat' dir='ltr'><strong>in</strong></span> <span class='ocrx_word' id='word_1_714' title='bbox 3258 3958 3479 4031; x_wconf 89' lang='lat' dir='ltr'><strong>signum</strong></span> 
     </span>
    </p>
   </div>
   <div class='ocr_carea' id='block_1_84' title="bbox 1891 4044 3484 4124">
    <p class='ocr_par' dir='ltr' id='par_1_84' title="bbox 1891 4044 3484 4124">
     <span class='ocr_line' id='line_1_84' title="bbox 1891 4044 3484 4124; baseline 0.006 -26"><span class='ocrx_word' id='word_1_715' title='bbox 1891 4044 2090 4101; x_wconf 64' lang='lat' dir='ltr'><strong>futurae</strong></span> <span class='ocrx_word' id='word_1_716' title='bbox 2121 4045 2368 4113; x_wconf 86' lang='lat' dir='ltr'><strong>ultionis,</strong></span> <span class='ocrx_word' id='word_1_717' title='bbox 2391 4061 2560 4117; x_wconf 88' lang='lat' dir='ltr'><strong>quam</strong></span> <span class='ocrx_word' id='word_1_718' title='bbox 2596 4047 3039 4103; x_wconf 88' lang='lat' dir='ltr'><strong>animadvertunt</strong></span> <span class='ocrx_word' id='word_1_719' title='bbox 3061 4065 3163 4121; x_wconf 82' lang='lat' dir='ltr'><strong>per</strong></span> <span class='ocrx_word' id='word_1_720' title='bbox 3207 4060 3484 4124; x_wconf 59' lang='lat' dir='ltr'><strong>tempora-</strong></span> 
     </span>
    </p>
   </div>
   <div class='ocr_carea' id='block_1_85' title="bbox 1890 4136 3481 4215">
    <p class='ocr_par' dir='ltr' id='par_1_85' title="bbox 1890 4136 3481 4215">
     <span class='ocr_line' id='line_1_85' title="bbox 1890 4136 3481 4215; baseline 0.004 -23"><span class='ocrx_word' id='word_1_721' title='bbox 1890 4137 1997 4193; x_wconf 90' lang='lat' dir='ltr'><strong>lem</strong></span> <span class='ocrx_word' id='word_1_722' title='bbox 2018 4136 2281 4193; x_wconf 89' lang='lat' dir='ltr'><strong>ultionem</strong></span> <span class='ocrx_word' id='word_1_723' title='bbox 2312 4153 2480 4209; x_wconf 89' lang='lat' dir='ltr'><strong>quam</strong></span> <span class='ocrx_word' id='word_1_724' title='bbox 2506 4138 2713 4195; x_wconf 89' lang='lat' dir='ltr'><strong>vident.</strong></span> <span class='ocrx_word' id='word_1_725' title='bbox 2740 4136 3194 4213; x_wconf 84' lang='lat' dir='ltr'><strong>Quandoquidem</strong></span> <span class='ocrx_word' id='word_1_726' title='bbox 3216 4142 3307 4200; x_wconf 85' lang='lat' dir='ltr'><strong>hic</strong></span> <span class='ocrx_word' id='word_1_727' title='bbox 3325 4144 3481 4215; x_wconf 87' lang='lat' dir='ltr'><strong>prin-</strong></span> 
     </span>
    </p>
   </div>
   <div class='ocr_carea' id='block_1_86' title="bbox 1884 4228 3484 4303">
    <p class='ocr_par' dir='ltr' id='par_1_86' title="bbox 1884 4228 3484 4303">
     <span class='ocr_line' id='line_1_86' title="bbox 1884 4228 3484 4303; baseline 0.005 -17"><span class='ocrx_word' id='word_1_728' title='bbox 1884 4244 2017 4300; x_wconf 81' lang='lat' dir='ltr'><strong>ceps</strong></span> <span class='ocrx_word' id='word_1_729' title='bbox 2047 4230 2297 4287; x_wconf 82' lang='lat' dir='ltr'><strong>minister</strong></span> <span class='ocrx_word' id='word_1_730' title='bbox 2316 4228 2413 4286; x_wconf 84' lang='lat' dir='ltr'><strong>Dei</strong></span> <span class='ocrx_word' id='word_1_731' title='bbox 2433 4239 2536 4299; x_wconf 89' lang='lat' dir='ltr'><strong>est,</strong></span> <span class='ocrx_word' id='word_1_732' title='bbox 2565 4233 2859 4290; x_wconf 85' lang='lat' dir='ltr'><strong>ideoestote</strong></span> <span class='ocrx_word' id='word_1_733' title='bbox 2888 4234 3088 4290; x_wconf 84' lang='lat' dir='ltr'><strong>subditi</strong></span> <span class='ocrx_word' id='word_1_734' title='bbox 3116 4234 3321 4303; x_wconf 91' lang='lat' dir='ltr'><strong>animo,</strong></span> <span class='ocrx_word' id='word_1_735' title='bbox 3353 4234 3484 4294; x_wconf 83' lang='lat' dir='ltr'><strong>huic</strong></span> 
     </span>
    </p>
   </div>
   <div class='ocr_carea' id='block_1_87' title="bbox 1891 4322 3475 4397">
    <p class='ocr_par' dir='ltr' id='par_1_87' title="bbox 1891 4322 3475 4397">
     <span class='ocr_line' id='line_1_87' title="bbox 1891 4322 3475 4397; baseline 0.004 -20"><span class='ocrx_word' id='word_1_736' title='bbox 1891 4323 2218 4389; x_wconf 85' lang='lat' dir='ltr'><strong>necessitati,</strong></span> <span class='ocrx_word' id='word_1_737' title='bbox 2244 4322 2297 4378; x_wconf 93' lang='lat' dir='ltr'><strong>id</strong></span> <span class='ocrx_word' id='word_1_738' title='bbox 2317 4331 2406 4380; x_wconf 88' lang='lat' dir='ltr'><strong>est</strong></span> <span class='ocrx_word' id='word_1_739' title='bbox 2424 4324 2681 4396; x_wconf 85' lang='lat' dir='ltr'><strong>principi,</strong></span> <span class='ocrx_word' id='word_1_740' title='bbox 2699 4326 2788 4382; x_wconf 91' lang='lat' dir='ltr'><strong>cui</strong></span> <span class='ocrx_word' id='word_1_741' title='bbox 2807 4325 2991 4382; x_wconf 87' lang='lat' dir='ltr'><strong>velitis</strong></span> <span class='ocrx_word' id='word_1_742' title='bbox 3010 4325 3198 4382; x_wconf 90' lang='lat' dir='ltr'><strong>nolitis</strong></span> <span class='ocrx_word' id='word_1_743' title='bbox 3221 4326 3475 4397; x_wconf 81' lang='lat' dir='ltr'><strong>subjicie-</strong></span> 
     </span>
    </p>
   </div>
   <div class='ocr_carea' id='block_1_88' title="bbox 1890 4408 3483 4490">
    <p class='ocr_par' dir='ltr' id='par_1_88' title="bbox 1890 4408 3483 4490">
     <span class='ocr_line' id='line_1_88' title="bbox 1890 4408 3483 4490; baseline 0.003 -18"><span class='ocrx_word' id='word_1_744' title='bbox 1890 4416 2048 4483; x_wconf 86' lang='lat' dir='ltr'><strong>mini,</strong></span> <span class='ocrx_word' id='word_1_745' title='bbox 2071 4425 2133 4472; x_wconf 89' lang='lat' dir='ltr'><strong>ut</strong></span> <span class='ocrx_word' id='word_1_746' title='bbox 2160 4416 2297 4474; x_wconf 87' lang='lat' dir='ltr'><strong>illud</strong></span> <span class='ocrx_word' id='word_1_747' title='bbox 2318 4417 2508 4489; x_wconf 91' lang='lat' dir='ltr'><strong>cupias</strong></span> <span class='ocrx_word' id='word_1_748' title='bbox 2539 4408 2915 4490; x_wconf 87' lang='lat' dir='ltr'><strong>quodcunque</strong></span> <span class='ocrx_word' id='word_1_749' title='bbox 2935 4434 3158 4475; x_wconf 90' lang='lat' dir='ltr'><strong>necesse</strong></span> <span class='ocrx_word' id='word_1_750' title='bbox 3211 4428 3313 4475; x_wconf 88' lang='lat' dir='ltr'><strong>est.</strong></span> <span class='ocrx_word' id='word_1_751' title='bbox 3341 4419 3483 4476; x_wconf 87' lang='lat' dir='ltr'><strong>Sub-</strong></span> 
     </span>
    </p>
   </div>
   <div class='ocr_carea' id='block_1_89' title="bbox 198 4486 3482 4582">
    <p class='ocr_par' dir='ltr' id='par_1_89' title="bbox 198 4486 3482 4582">
     <span class='ocr_line' id='line_1_89' title="bbox 198 4486 3482 4582; baseline 0.002 -22"><span class='ocrx_word' id='word_1_752' title='bbox 198 4527 221 4560; x_wconf 80' lang='grc' dir='ltr'>ι</span> <span class='ocrx_word' id='word_1_753' title='bbox 265 4509 406 4575; x_wconf 86' lang='lat' dir='ltr'><strong>bus,</strong></span> <span class='ocrx_word' id='word_1_754' title='bbox 434 4525 544 4563; x_wconf 89' lang='lat' dir='ltr'><strong>non</strong></span> <span class='ocrx_word' id='word_1_755' title='bbox 568 4510 623 4564; x_wconf 90' lang='lat' dir='ltr'><strong>in</strong></span> <span class='ocrx_word' id='word_1_756' title='bbox 646 4509 920 4566; x_wconf 90' lang='lat' dir='ltr'><strong>cubilibus</strong></span> <span class='ocrx_word' id='word_1_757' title='bbox 943 4519 998 4564; x_wconf 92' lang='lat' dir='ltr'><strong>et</strong></span> <span class='ocrx_word' id='word_1_758' title='bbox 1021 4507 1406 4580; x_wconf 90' lang='lat' dir='ltr'><strong>impudicitiis,</strong></span> <span class='ocrx_word' id='word_1_759' title='bbox 1432 4506 1619 4561; x_wconf 89' lang='lat' dir='ltr'><strong>nonin</strong></span> <span class='ocrx_word' id='word_1_760' title='bbox 1650 4521 1785 4560; x_wconf 91' lang='lat' dir='ltr'><strong>con-</strong></span> <span class='ocrx_word' id='word_1_761' title='bbox 1816 4486 1871 4548; x_wconf 78' lang='grc' dir='ltr'><strong>Ῑ)</strong></span> <span class='ocrx_word' id='word_1_762' title='bbox 1890 4507 2012 4575; x_wconf 89' lang='lat' dir='ltr'><strong>diti,</strong></span> <span class='ocrx_word' id='word_1_763' title='bbox 2043 4509 2292 4580; x_wconf 86' lang='lat' dir='ltr'><strong>inquam,</strong></span> <span class='ocrx_word' id='word_1_764' title='bbox 2320 4486 2515 4576; x_wconf 74' lang='lat' dir='ltr'><strong>estote,</strong></span> <span class='ocrx_word' id='word_1_765' title='bbox 2544 4486 2649 4563; x_wconf 70' lang='lat' dir='ltr'><strong>non</strong></span> <span class='ocrx_word' id='word_1_766' title='bbox 2675 4486 2846 4564; x_wconf 79' lang='lat' dir='ltr'><strong>solum</strong></span> <span class='ocrx_word' id='word_1_767' title='bbox 2868 4518 3082 4582; x_wconf 84' lang='lat' dir='ltr'><strong>propter</strong></span> <span class='ocrx_word' id='word_1_768' title='bbox 3109 4510 3248 4565; x_wconf 87' lang='lat' dir='ltr'><strong>iram</strong></span> <span class='ocrx_word' id='word_1_769' title='bbox 3280 4512 3482 4582; x_wconf 84' lang='lat' dir='ltr'><strong>princi-</strong></span> 
     </span>
    </p>
   </div>
   <div class='ocr_carea' id='block_1_90' title="bbox 194 4598 1785 4686">
    <p class='ocr_par' dir='ltr' id='par_1_90' title="bbox 194 4598 1785 4686">
     <span class='ocr_line' id='line_1_90' title="bbox 194 4598 1785 4686; baseline 0 -33"><span class='ocrx_word' id='word_1_770' title='bbox 194 4620 220 4653; x_wconf 68' lang='grc' dir='ltr'>ι</span> <span class='ocrx_word' id='word_1_771' title='bbox 268 4601 514 4686; x_wconf 69' lang='lat' dir='ltr'><strong>tentione</strong></span> <span class='ocrx_word' id='word_1_772' title='bbox 541 4611 595 4657; x_wconf 90' lang='lat' dir='ltr'><strong>et</strong></span> <span class='ocrx_word' id='word_1_773' title='bbox 609 4603 951 4659; x_wconf 67' lang='lat' dir='ltr'><strong>aemulatione</strong></span> <span class='ocrx_word' id='word_1_774' title='bbox 971 4601 1124 4674; x_wconf 87' lang='lat' dir='ltr'><strong>(Luc.</strong></span> <span class='ocrx_word' id='word_1_775' title='bbox 1157 4617 1275 4669; x_wconf 72' lang='lat' dir='ltr'><strong>xxx,</strong></span> <span class='ocrx_word' id='word_1_776' title='bbox 1298 4601 1411 4673; x_wconf 72' lang='lat'><strong>54);</strong></span> <span class='ocrx_word' id='word_1_777' title='bbox 1451 4599 1547 4656; x_wconf 90' lang='lat' dir='ltr'><strong>sed</strong></span> <span class='ocrx_word' id='word_1_778' title='bbox 1603 4598 1785 4654; x_wconf 89' lang='lat' dir='ltr'><strong>indui-</strong></span> 
     </span>
    </p>
   </div>
   <div class='ocr_carea' id='block_1_91' title="bbox 194 4690 1786 4765">
    <p class='ocr_par' dir='ltr' id='par_1_91' title="bbox 194 4690 1786 4765">
     <span class='ocr_line' id='line_1_91' title="bbox 194 4690 1786 4765; baseline 0.002 -22"><span class='ocrx_word' id='word_1_779' title='bbox 194 4710 221 4743; x_wconf 69' lang='grc'><strong>4</strong></span> <span class='ocrx_word' id='word_1_780' title='bbox 266 4692 410 4747; x_wconf 83' lang='lat' dir='ltr'><strong>mini</strong></span> <span class='ocrx_word' id='word_1_781' title='bbox 444 4691 709 4765; x_wconf 62' lang='lat' dir='ltr'><strong>{induite}</strong></span> <span class='ocrx_word' id='word_1_782' title='bbox 763 4693 1054 4748; x_wconf 88' lang='lat' dir='ltr'><strong>Dominum</strong></span> <span class='ocrx_word' id='word_1_783' title='bbox 1095 4692 1286 4749; x_wconf 85' lang='lat' dir='ltr'><strong>Jesum</strong></span> <span class='ocrx_word' id='word_1_784' title='bbox 1347 4692 1648 4748; x_wconf 87' lang='lat' dir='ltr'><strong>Christum.</strong></span> <span class='ocrx_word' id='word_1_785' title='bbox 1718 4690 1786 4746; x_wconf 86' lang='lat' dir='ltr'><strong>Et</strong></span> 
     </span>
    </p>
   </div>
   <div class='ocr_carea' id='block_1_92' title="bbox 200 4784 1779 4857">
    <p class='ocr_par' dir='ltr' id='par_1_92' title="bbox 200 4784 1779 4857">
     <span class='ocr_line' id='line_1_92' title="bbox 200 4784 1779 4857; baseline 0 -18"><span class='ocrx_word' id='word_1_786' title='bbox 200 4803 223 4839; x_wconf 69' lang='lat' dir='ltr'><strong>a</strong></span> <span class='ocrx_word' id='word_1_787' title='bbox 266 4785 461 4841; x_wconf 83' lang='lat' dir='ltr'><strong>carnis</strong></span> <span class='ocrx_word' id='word_1_788' title='bbox 486 4800 680 4841; x_wconf 84' lang='lat' dir='ltr'><strong>curam</strong></span> <span class='ocrx_word' id='word_1_789' title='bbox 706 4800 774 4841; x_wconf 91' lang='lat' dir='ltr'><strong>ne</strong></span> <span class='ocrx_word' id='word_1_790' title='bbox 790 4784 1028 4842; x_wconf 80' lang='lat' dir='ltr'><strong>feceritis</strong></span> <span class='ocrx_word' id='word_1_791' title='bbox 1050 4786 1106 4841; x_wconf 88' lang='lat' dir='ltr'><strong>in</strong></span> <span class='ocrx_word' id='word_1_792' title='bbox 1134 4785 1426 4841; x_wconf 85' lang='lat' dir='ltr'><strong>desideriis</strong></span> <span class='ocrx_word' id='word_1_793' title='bbox 1449 4785 1591 4857; x_wconf 81' lang='lat' dir='ltr'><strong>(Gal.</strong></span> <span class='ocrx_word' id='word_1_794' title='bbox 1618 4784 1779 4851; x_wconf 72' lang='lat' dir='ltr'><strong>v,16;</strong></span> 
     </span>
    </p>
   </div>
   <div class='ocr_carea' id='block_1_93' title="bbox 198 4874 774 4945">
    <p class='ocr_par' dir='ltr' id='par_1_93' title="bbox 198 4874 774 4945">
     <span class='ocr_line' id='line_1_93' title="bbox 198 4874 774 4945; baseline -0.005 -17"><span class='ocrx_word' id='word_1_795' title='bbox 198 4893 223 4928; x_wconf 70' lang='grc' dir='ltr'>ι</span> <span class='ocrx_word' id='word_1_796' title='bbox 272 4874 307 4929; x_wconf 85' lang='grc'><strong><em>1</em></strong></span> <span class='ocrx_word' id='word_1_797' title='bbox 337 4874 485 4929; x_wconf 89' lang='lat' dir='ltr'><strong>Petr.</strong></span> <span class='ocrx_word' id='word_1_798' title='bbox 516 4876 710 4945; x_wconf 72' lang='lat'><strong>11,”).</strong></span> <span class='ocrx_word' id='word_1_799' title='bbox 751 4894 774 4925; x_wconf 69' lang='grc' dir='ltr'><strong>ι</strong></span> 
     </span>
    </p>
   </div>
   <div class='ocr_carea' id='block_1_94' title="bbox 846 4983 1728 5025">
    <p class='ocr_par' dir='ltr' id='par_1_94' title="bbox 846 4983 1728 5025">
     <span class='ocr_line' id='line_1_94' title="bbox 846 4983 1728 5025; baseline 0 -3"><span class='ocrx_word' id='word_1_800' title='bbox 846 4983 1145 5025; x_wconf 69' lang='grc' dir='ltr'>εχροειτιο.</span> <span class='ocrx_word' id='word_1_801' title='bbox 1198 5010 1201 5013; x_wconf 61' lang='grc' dir='ltr'><strong>ι</strong></span> <span class='ocrx_word' id='word_1_802' title='bbox 1725 5019 1728 5022; x_wconf 83' lang='grc'><strong>.</strong></span> 
     </span>
    </p>
   </div>
   <div class='ocr_carea' id='block_1_95' title="bbox 269 5056 1786 5134">
    <p class='ocr_par' dir='ltr' id='par_1_95' title="bbox 269 5056 1786 5134">
     <span class='ocr_line' id='line_1_95' title="bbox 269 5056 1786 5134; baseline 0.003 -21"><span class='ocrx_word' id='word_1_803' title='bbox 269 5056 575 5130; x_wconf 84' lang='lat' dir='ltr'><strong>Postquam</strong></span> <span class='ocrx_word' id='word_1_804' title='bbox 597 5057 787 5115; x_wconf 86' lang='lat' dir='ltr'><strong>docuit</strong></span> <span class='ocrx_word' id='word_1_805' title='bbox 810 5062 1087 5132; x_wconf 89' lang='lat' dir='ltr'><strong>quomodo</strong></span> <span class='ocrx_word' id='word_1_806' title='bbox 1120 5062 1364 5119; x_wconf 86' lang='lat' dir='ltr'><strong>vicissim</strong></span> <span class='ocrx_word' id='word_1_807' title='bbox 1387 5063 1602 5118; x_wconf 87' lang='lat' dir='ltr'><strong>interse</strong></span> <span class='ocrx_word' id='word_1_808' title='bbox 1622 5078 1786 5134; x_wconf 64' lang='lat' dir='ltr'><strong>agem</strong></span> 
     </span>
    </p>
   </div>
   <div class='ocr_carea' id='block_1_96' title="bbox 196 5148 1789 5225">
    <p class='ocr_par' dir='ltr' id='par_1_96' title="bbox 196 5148 1789 5225">
     <span class='ocr_line' id='line_1_96' title="bbox 196 5148 1789 5225; baseline -0.001 -19"><span class='ocrx_word' id='word_1_809' title='bbox 196 5150 334 5206; x_wconf 85' lang='lat' dir='ltr'><strong>dum</strong></span> <span class='ocrx_word' id='word_1_810' title='bbox 355 5157 442 5206; x_wconf 88' lang='lat' dir='ltr'><strong>est</strong></span> <span class='ocrx_word' id='word_1_811' title='bbox 470 5148 727 5217; x_wconf 87' lang='lat' dir='ltr'><strong>subditis,</strong></span> <span class='ocrx_word' id='word_1_812' title='bbox 759 5151 918 5208; x_wconf 89' lang='lat' dir='ltr'><strong>docet</strong></span> <span class='ocrx_word' id='word_1_813' title='bbox 939 5152 1060 5210; x_wconf 93' lang='lat' dir='ltr'><strong>illos</strong></span> <span class='ocrx_word' id='word_1_814' title='bbox 1088 5152 1348 5225; x_wconf 88' lang='lat' dir='ltr'><strong>quiddam</strong></span> <span class='ocrx_word' id='word_1_815' title='bbox 1373 5154 1553 5224; x_wconf 86' lang='lat' dir='ltr'><strong>majus</strong></span> <span class='ocrx_word' id='word_1_816' title='bbox 1593 5151 1789 5209; x_wconf 89' lang='lat' dir='ltr'><strong>debere</strong></span> 
     </span>
    </p>
   </div>
   <div class='ocr_carea' id='block_1_97' title="bbox 196 5240 1788 5313">
    <p class='ocr_par' dir='ltr' id='par_1_97' title="bbox 196 5240 1788 5313">
     <span class='ocr_line' id='line_1_97' title="bbox 196 5240 1788 5313; baseline -0.001 -17"><span class='ocrx_word' id='word_1_817' title='bbox 196 5240 445 5311; x_wconf 62' lang='lat' dir='ltr'><strong>pratiatis</strong></span> <span class='ocrx_word' id='word_1_818' title='bbox 470 5258 484 5293; x_wconf 90' lang='lat'><strong>:</strong></span> <span class='ocrx_word' id='word_1_819' title='bbox 512 5241 679 5297; x_wconf 89' lang='lat' dir='ltr'><strong>etiam</strong></span> <span class='ocrx_word' id='word_1_820' title='bbox 709 5242 1038 5312; x_wconf 79' lang='lat' dir='ltr'><strong>inﬁdelibus,</strong></span> <span class='ocrx_word' id='word_1_821' title='bbox 1060 5244 1209 5300; x_wconf 88' lang='lat' dir='ltr'><strong>salva</strong></span> <span class='ocrx_word' id='word_1_822' title='bbox 1252 5252 1433 5300; x_wconf 89' lang='lat' dir='ltr'><strong>tamen</strong></span> <span class='ocrx_word' id='word_1_823' title='bbox 1478 5241 1788 5313; x_wconf 86' lang='lat' dir='ltr'><strong>integritate</strong></span> 
     </span>
    </p>
   </div>
   <div class='ocr_carea' id='block_1_98' title="bbox 194 5330 1786 5405">
    <p class='ocr_par' dir='ltr' id='par_1_98' title="bbox 194 5330 1786 5405">
     <span class='ocr_line' id='line_1_98' title="bbox 194 5330 1786 5405; baseline -0.002 -16"><span class='ocrx_word' id='word_1_824' title='bbox 194 5330 348 5389; x_wconf 72' lang='lat' dir='ltr'><strong>ﬁdei.</strong></span> <span class='ocrx_word' id='word_1_825' title='bbox 385 5330 561 5388; x_wconf 81' lang='lat' dir='ltr'><strong>Erant</strong></span> <span class='ocrx_word' id='word_1_826' title='bbox 579 5332 724 5388; x_wconf 89' lang='lat' dir='ltr'><strong>enim</strong></span> <span class='ocrx_word' id='word_1_827' title='bbox 755 5333 851 5405; x_wconf 86' lang='lat' dir='ltr'><strong>qui</strong></span> <span class='ocrx_word' id='word_1_828' title='bbox 873 5334 1156 5391; x_wconf 90' lang='lat' dir='ltr'><strong>crederent</strong></span> <span class='ocrx_word' id='word_1_829' title='bbox 1175 5351 1235 5391; x_wconf 89' lang='lat' dir='ltr'><strong>se</strong></span> <span class='ocrx_word' id='word_1_830' title='bbox 1258 5334 1507 5390; x_wconf 85' lang='lat' dir='ltr'><strong>ﬁdelibus</strong></span> <span class='ocrx_word' id='word_1_831' title='bbox 1547 5330 1786 5387; x_wconf 90' lang='lat' dir='ltr'><strong>dominis</strong></span> 
     </span>
    </p>
   </div>
   <div class='ocr_carea' id='block_1_99' title="bbox 194 5422 1782 5498">
    <p class='ocr_par' dir='ltr' id='par_1_99' title="bbox 194 5422 1782 5498">
     <span class='ocr_line' id='line_1_99' title="bbox 194 5422 1782 5498; baseline 0 -18"><span class='ocrx_word' id='word_1_832' title='bbox 194 5422 343 5480; x_wconf 82' lang='lat' dir='ltr'><strong>nihil</strong></span> <span class='ocrx_word' id='word_1_833' title='bbox 363 5424 479 5495; x_wconf 87' lang='lat' dir='ltr'><strong>jam</strong></span> <span class='ocrx_word' id='word_1_834' title='bbox 508 5426 727 5495; x_wconf 90' lang='lat' dir='ltr'><strong>debere,</strong></span> <span class='ocrx_word' id='word_1_835' title='bbox 751 5427 880 5498; x_wconf 91' lang='lat' dir='ltr'><strong>quia</strong></span> <span class='ocrx_word' id='word_1_836' title='bbox 903 5426 1100 5484; x_wconf 87' lang='lat' dir='ltr'><strong>fratres</strong></span> <span class='ocrx_word' id='word_1_837' title='bbox 1130 5443 1322 5484; x_wconf 90' lang='lat' dir='ltr'><strong>eorum</strong></span> <span class='ocrx_word' id='word_1_838' title='bbox 1369 5436 1527 5483; x_wconf 91' lang='lat' dir='ltr'><strong>erant</strong></span> <span class='ocrx_word' id='word_1_839' title='bbox 1571 5426 1627 5482; x_wconf 91' lang='lat' dir='ltr'><strong>in</strong></span> <span class='ocrx_word' id='word_1_840' title='bbox 1657 5424 1782 5481; x_wconf 84' lang='lat' dir='ltr'><strong>ﬁde.</strong></span> 
     </span>
    </p>
   </div>
   <div class='ocr_carea' id='block_1_100' title="bbox 194 5513 1787 5588">
    <p class='ocr_par' dir='ltr' id='par_1_100' title="bbox 194 5513 1787 5588">
     <span class='ocr_line' id='line_1_100' title="bbox 194 5513 1787 5588; baseline 0.002 -19"><span class='ocrx_word' id='word_1_841' title='bbox 194 5513 520 5573; x_wconf 64' lang='lat' dir='ltr'><strong>Inﬁds-libus</strong></span> <span class='ocrx_word' id='word_1_842' title='bbox 547 5525 731 5572; x_wconf 89' lang='lat' dir='ltr'><strong>autem</strong></span> <span class='ocrx_word' id='word_1_843' title='bbox 753 5517 991 5573; x_wconf 90' lang='lat' dir='ltr'><strong>dominis</strong></span> <span class='ocrx_word' id='word_1_844' title='bbox 1023 5518 1241 5588; x_wconf 87' lang='lat' dir='ltr'><strong>penitus</strong></span> <span class='ocrx_word' id='word_1_845' title='bbox 1290 5533 1508 5574; x_wconf 89' lang='lat' dir='ltr'><strong>omnem</strong></span> <span class='ocrx_word' id='word_1_846' title='bbox 1554 5517 1787 5573; x_wconf 80' lang='lat' dir='ltr'><strong>servitu-</strong></span> 
     </span>
    </p>
   </div>
   <div class='ocr_carea' id='block_1_101' title="bbox 192 5606 1789 5681">
    <p class='ocr_par' dir='ltr' id='par_1_101' title="bbox 192 5606 1789 5681">
     <span class='ocr_line' id='line_1_101' title="bbox 192 5606 1789 5681; baseline 0.001 -22"><span class='ocrx_word' id='word_1_847' title='bbox 192 5613 315 5659; x_wconf 85' lang='lat' dir='ltr'><strong>tem</strong></span> <span class='ocrx_word' id='word_1_848' title='bbox 341 5606 642 5678; x_wconf 88' lang='lat' dir='ltr'><strong>negabant;</strong></span> <span class='ocrx_word' id='word_1_849' title='bbox 671 5606 970 5664; x_wconf 86' lang='lat' dir='ltr'><strong>absurdum</strong></span> <span class='ocrx_word' id='word_1_850' title='bbox 1000 5608 1310 5680; x_wconf 89' lang='lat' dir='ltr'><strong>judicautes</strong></span> <span class='ocrx_word' id='word_1_851' title='bbox 1368 5616 1429 5663; x_wconf 89' lang='lat' dir='ltr'><strong>ut</strong></span> <span class='ocrx_word' id='word_1_852' title='bbox 1470 5609 1567 5681; x_wconf 91' lang='lat' dir='ltr'><strong>qui</strong></span> <span class='ocrx_word' id='word_1_853' title='bbox 1614 5607 1789 5663; x_wconf 76' lang='lat' dir='ltr'><strong>ﬁdelis</strong></span> 
     </span>
    </p>
   </div>
   <div class='ocr_carea' id='block_1_102' title="bbox 190 5697 1789 5774">
    <p class='ocr_par' dir='ltr' id='par_1_102' title="bbox 190 5697 1789 5774">
     <span class='ocr_line' id='line_1_102' title="bbox 190 5697 1789 5774; baseline 0.003 -23"><span class='ocrx_word' id='word_1_854' title='bbox 190 5706 347 5752; x_wconf 85' lang='lat' dir='ltr'><strong>esset</strong></span> <span class='ocrx_word' id='word_1_855' title='bbox 374 5697 578 5754; x_wconf 77' lang='lat' dir='ltr'><strong>inﬁdeli</strong></span> <span class='ocrx_word' id='word_1_856' title='bbox 616 5697 998 5768; x_wconf 84' lang='lat' dir='ltr'><strong>subjiceretur.</strong></span> <span class='ocrx_word' id='word_1_857' title='bbox 1025 5698 1226 5755; x_wconf 87' lang='lat' dir='ltr'><strong>Littera</strong></span> <span class='ocrx_word' id='word_1_858' title='bbox 1254 5701 1332 5757; x_wconf 90' lang='lat' dir='ltr'><strong>sic</strong></span> <span class='ocrx_word' id='word_1_859' title='bbox 1349 5700 1597 5774; x_wconf 84' lang='lat' dir='ltr'><strong>jungitur</strong></span> <span class='ocrx_word' id='word_1_860' title='bbox 1622 5719 1634 5755; x_wconf 90' lang='lat'><strong>:</strong></span> <span class='ocrx_word' id='word_1_861' title='bbox 1665 5700 1789 5755; x_wconf 68' lang='lat' dir='ltr'><strong>lla-t3</strong></span> 
     </span>
    </p>
   </div>
   <div class='ocr_carea' id='block_1_103' title="bbox 192 5790 1791 5861">
    <p class='ocr_par' dir='ltr' id='par_1_103' title="bbox 192 5790 1791 5861">
     <span class='ocr_line' id='line_1_103' title="bbox 192 5790 1791 5861; baseline 0.006 -18"><span class='ocrx_word' id='word_1_862' title='bbox 192 5806 325 5860; x_wconf 62' lang='lat' dir='ltr'><strong>qua:</strong></span> <span class='ocrx_word' id='word_1_863' title='bbox 347 5790 609 5861; x_wconf 65' lang='lat' dir='ltr'><strong>praedicta</strong></span> <span class='ocrx_word' id='word_1_864' title='bbox 633 5799 783 5858; x_wconf 88' lang='lat' dir='ltr'><strong>sunt,</strong></span> <span class='ocrx_word' id='word_1_865' title='bbox 810 5791 1052 5848; x_wconf 81' lang='lat' dir='ltr'><strong>vicissim</strong></span> <span class='ocrx_word' id='word_1_866' title='bbox 1075 5791 1180 5848; x_wconf 89' lang='lat' dir='ltr'><strong>sibi</strong></span> <span class='ocrx_word' id='word_1_867' title='bbox 1207 5793 1403 5850; x_wconf 89' lang='lat' dir='ltr'><strong>debent</strong></span> <span class='ocrx_word' id='word_1_868' title='bbox 1424 5794 1644 5852; x_wconf 89' lang='lat' dir='ltr'><strong>subditi.</strong></span> <span class='ocrx_word' id='word_1_869' title='bbox 1682 5795 1791 5853; x_wconf 78' lang='lat' dir='ltr'><strong>Sed</strong></span> 
     </span>
    </p>
   </div>
   <div class='ocr_carea' id='block_1_104' title="bbox 577 5886 1091 5949">
    <p class='ocr_par' dir='ltr' id='par_1_104' title="bbox 577 5886 1091 5949">
     <span class='ocr_line' id='line_1_104' title="bbox 577 5886 1091 5949; baseline -0.004 -3"><span class='ocrx_word' id='word_1_870' title='bbox 577 5886 852 5947; x_wconf 73' lang='grc' dir='ltr'>Ρηιιοι..</span> <span class='ocrx_word' id='word_1_871' title='bbox 886 5886 1091 5949; x_wconf 87' lang='lat' dir='ltr'><strong>CLIII.</strong></span> 
     </span>
    </p>
   </div>
   <div class='ocr_carea' id='block_1_105' title="bbox 1504 5946 1679 5977">
    <p class='ocr_par' dir='ltr' id='par_1_105' title="bbox 1504 5946 1679 5977">
     <span class='ocr_line' id='line_1_105' title="bbox 1504 5946 1679 5977; baseline -0.006 -8"><span class='ocrx_word' id='word_1_872' title='bbox 1504 5946 1601 5977; x_wconf 53' lang='grc' dir='ltr'><strong>ιν,</strong></span> <span class='ocrx_word' id='word_1_873' title='bbox 1672 5963 1679 5968; x_wconf 95' lang='grc'><strong>.</strong></span> 
     </span>
    </p>
   </div>
   <div class='ocr_carea' id='block_1_106' title="bbox 1890 4596 3481 4673">
    <p class='ocr_par' dir='ltr' id='par_1_106' title="bbox 1890 4596 3481 4673">
     <span class='ocr_line' id='line_1_106' title="bbox 1890 4596 3481 4673; baseline 0.001 -17"><span class='ocrx_word' id='word_1_874' title='bbox 1890 4596 1979 4672; x_wconf 81' lang='lat' dir='ltr'><strong>pis</strong></span> <span class='ocrx_word' id='word_1_875' title='bbox 1994 4601 2294 4668; x_wconf 84' lang='lat' dir='ltr'><strong>vitandam,</strong></span> <span class='ocrx_word' id='word_1_876' title='bbox 2318 4601 2409 4656; x_wconf 88' lang='lat' dir='ltr'><strong>sed</strong></span> <span class='ocrx_word' id='word_1_877' title='bbox 2430 4602 2592 4657; x_wconf 84' lang='lat' dir='ltr'><strong>etiam</strong></span> <span class='ocrx_word' id='word_1_878' title='bbox 2609 4610 2822 4673; x_wconf 88' lang='lat' dir='ltr'><strong>propter</strong></span> <span class='ocrx_word' id='word_1_879' title='bbox 2841 4603 3217 4657; x_wconf 84' lang='lat' dir='ltr'><strong>conscientiam</strong></span> <span class='ocrx_word' id='word_1_880' title='bbox 3245 4612 3481 4658; x_wconf 88' lang='lat' dir='ltr'><strong>vestram</strong></span> 
     </span>
    </p>
   </div>
   <div class='ocr_carea' id='block_1_107' title="bbox 1892 4693 3480 4766">
    <p class='ocr_par' dir='ltr' id='par_1_107' title="bbox 1892 4693 3480 4766">
     <span class='ocr_line' id='line_1_107' title="bbox 1892 4693 3480 4766; baseline 0.002 -19"><span class='ocrx_word' id='word_1_881' title='bbox 1892 4693 1949 4749; x_wconf 91' lang='lat' dir='ltr'><strong>in</strong></span> <span class='ocrx_word' id='word_1_882' title='bbox 1973 4693 2211 4764; x_wconf 83' lang='lat' dir='ltr'><strong>puritate</strong></span> <span class='ocrx_word' id='word_1_883' title='bbox 2244 4694 2700 4762; x_wconf 88' lang='lat' dir='ltr'><strong>conservandam,</strong></span> <span class='ocrx_word' id='word_1_884' title='bbox 2724 4695 2850 4765; x_wconf 86' lang='lat' dir='ltr'><strong>quia</strong></span> <span class='ocrx_word' id='word_1_885' title='bbox 2882 4693 2991 4750; x_wconf 90' lang='lat' dir='ltr'><strong>nisi</strong></span> <span class='ocrx_word' id='word_1_886' title='bbox 3021 4694 3205 4750; x_wconf 89' lang='lat' dir='ltr'><strong>animo</strong></span> <span class='ocrx_word' id='word_1_887' title='bbox 3239 4695 3480 4766; x_wconf 81' lang='lat' dir='ltr'><strong>subjice-</strong></span> 
     </span>
    </p>
   </div>
   <div class='ocr_carea' id='block_1_108' title="bbox 1894 4785 3482 4858">
    <p class='ocr_par' dir='ltr' id='par_1_108' title="bbox 1894 4785 3482 4858">
     <span class='ocr_line' id='line_1_108' title="bbox 1894 4785 3482 4858; baseline 0.001 -17"><span class='ocrx_word' id='word_1_888' title='bbox 1894 4786 2088 4843; x_wconf 91' lang='lat' dir='ltr'><strong>remini</strong></span> <span class='ocrx_word' id='word_1_889' title='bbox 2117 4785 2373 4858; x_wconf 90' lang='lat' dir='ltr'><strong>principi,</strong></span> <span class='ocrx_word' id='word_1_890' title='bbox 2402 4787 2608 4857; x_wconf 85' lang='lat' dir='ltr'><strong>polluta</strong></span> <span class='ocrx_word' id='word_1_891' title='bbox 2630 4796 2776 4843; x_wconf 91' lang='lat' dir='ltr'><strong>esset</strong></span> <span class='ocrx_word' id='word_1_892' title='bbox 2794 4785 3132 4842; x_wconf 88' lang='lat' dir='ltr'><strong>conscientia</strong></span> <span class='ocrx_word' id='word_1_893' title='bbox 3159 4795 3359 4853; x_wconf 88' lang='lat' dir='ltr'><strong>vestra,</strong></span> <span class='ocrx_word' id='word_1_894' title='bbox 3384 4787 3482 4843; x_wconf 80' lang='lat' dir='ltr'><strong>oh-</strong></span> 
     </span>
    </p>
   </div>
   <div class='ocr_carea' id='block_1_109' title="bbox 1896 4877 3483 4951">
    <p class='ocr_par' dir='ltr' id='par_1_109' title="bbox 1896 4877 3483 4951">
     <span class='ocr_line' id='line_1_109' title="bbox 1896 4877 3483 4951; baseline 0.003 -19"><span class='ocrx_word' id='word_1_895' title='bbox 1896 4879 2052 4936; x_wconf 88' lang='lat' dir='ltr'><strong>vians</strong></span> <span class='ocrx_word' id='word_1_896' title='bbox 2068 4879 2267 4935; x_wconf 66' lang='lat' dir='ltr'><strong>divinae</strong></span> <span class='ocrx_word' id='word_1_897' title='bbox 2294 4878 2646 4935; x_wconf 90' lang='lat' dir='ltr'><strong>ordinationi.</strong></span> <span class='ocrx_word' id='word_1_898' title='bbox 2671 4877 2889 4934; x_wconf 89' lang='lat' dir='ltr'><strong>Debetis</strong></span> <span class='ocrx_word' id='word_1_899' title='bbox 2916 4877 3105 4951; x_wconf 89' lang='lat' dir='ltr'><strong>utique</strong></span> <span class='ocrx_word' id='word_1_900' title='bbox 3133 4877 3338 4935; x_wconf 90' lang='lat' dir='ltr'><strong>subditi</strong></span> <span class='ocrx_word' id='word_1_901' title='bbox 3360 4895 3483 4936; x_wconf 88' lang='lat' dir='ltr'><strong>esse</strong></span> 
     </span>
    </p>
   </div>
   <div class='ocr_carea' id='block_1_110' title="bbox 1894 4969 3482 5043">
    <p class='ocr_par' dir='ltr' id='par_1_110' title="bbox 1894 4969 3482 5043">
     <span class='ocr_line' id='line_1_110' title="bbox 1894 4969 3482 5043; baseline 0.001 -17"><span class='ocrx_word' id='word_1_902' title='bbox 1894 4970 2169 5043; x_wconf 81' lang='lat' dir='ltr'><strong>principi;</strong></span> <span class='ocrx_word' id='word_1_903' title='bbox 2206 4988 2329 5026; x_wconf 87' lang='lat' dir='ltr'><strong>nam</strong></span> <span class='ocrx_word' id='word_1_904' title='bbox 2352 4971 2493 5037; x_wconf 88' lang='lat' dir='ltr'><strong>ideo,</strong></span> <span class='ocrx_word' id='word_1_905' title='bbox 2525 4969 2581 5024; x_wconf 90' lang='lat' dir='ltr'><strong>id</strong></span> <span class='ocrx_word' id='word_1_906' title='bbox 2602 4977 2688 5025; x_wconf 91' lang='lat' dir='ltr'><strong>est</strong></span> <span class='ocrx_word' id='word_1_907' title='bbox 2728 4969 2784 5023; x_wconf 92' lang='lat' dir='ltr'><strong>in</strong></span> <span class='ocrx_word' id='word_1_908' title='bbox 2814 4969 3031 5041; x_wconf 90' lang='lat' dir='ltr'><strong>signum</strong></span> <span class='ocrx_word' id='word_1_909' title='bbox 3086 4969 3255 5041; x_wconf 89' lang='lat' dir='ltr'><strong>hujus</strong></span> <span class='ocrx_word' id='word_1_910' title='bbox 3296 4972 3482 5043; x_wconf 88' lang='lat' dir='ltr'><strong>subje-</strong></span> 
     </span>
    </p>
   </div>
   <div class='ocr_carea' id='block_1_111' title="bbox 1894 5060 3483 5135">
    <p class='ocr_par' dir='ltr' id='par_1_111' title="bbox 1894 5060 3483 5135">
     <span class='ocr_line' id='line_1_111' title="bbox 1894 5060 3483 5135; baseline 0.003 -18"><span class='ocrx_word' id='word_1_911' title='bbox 1894 5063 2112 5131; x_wconf 88' lang='lat' dir='ltr'><strong>ctionis,</strong></span> <span class='ocrx_word' id='word_1_912' title='bbox 2138 5064 2405 5135; x_wconf 70' lang='lat' dir='ltr'><strong>prrestatis</strong></span> <span class='ocrx_word' id='word_1_913' title='bbox 2429 5077 2529 5118; x_wconf 89' lang='lat' dir='ltr'><strong>vos</strong></span> <span class='ocrx_word' id='word_1_914' title='bbox 2554 5060 2775 5128; x_wconf 89' lang='lat' dir='ltr'><strong>tributa,</strong></span> <span class='ocrx_word' id='word_1_915' title='bbox 2812 5068 2868 5117; x_wconf 92' lang='lat' dir='ltr'><strong>et</strong></span> <span class='ocrx_word' id='word_1_916' title='bbox 2900 5070 3097 5119; x_wconf 60' lang='lat' dir='ltr'><strong>cmtera</strong></span> <span class='ocrx_word' id='word_1_917' title='bbox 3135 5063 3335 5120; x_wconf 89' lang='lat' dir='ltr'><strong>debita.</strong></span> <span class='ocrx_word' id='word_1_918' title='bbox 3370 5062 3483 5122; x_wconf 84' lang='lat' dir='ltr'><strong>Vos</strong></span> 
     </span>
    </p>
   </div>
   <div class='ocr_carea' id='block_1_112' title="bbox 1893 5150 3476 5233">
    <p class='ocr_par' dir='ltr' id='par_1_112' title="bbox 1893 5150 3476 5233">
     <span class='ocr_line' id='line_1_112' title="bbox 1893 5150 3476 5233; baseline 0.001 -22"><span class='ocrx_word' id='word_1_919' title='bbox 1893 5154 2018 5212; x_wconf 89' lang='lat' dir='ltr'><strong>dico</strong></span> <span class='ocrx_word' id='word_1_920' title='bbox 2037 5155 2094 5211; x_wconf 90' lang='lat' dir='ltr'><strong>in</strong></span> <span class='ocrx_word' id='word_1_921' title='bbox 2117 5156 2223 5211; x_wconf 91' lang='lat' dir='ltr'><strong>hoc</strong></span> <span class='ocrx_word' id='word_1_922' title='bbox 2250 5154 2430 5226; x_wconf 89' lang='lat' dir='ltr'><strong>ipsum</strong></span> <span class='ocrx_word' id='word_1_923' title='bbox 2458 5153 2603 5233; x_wconf 84' lang='lat' dir='ltr'><strong>quod</strong></span> <span class='ocrx_word' id='word_1_924' title='bbox 2627 5154 2826 5209; x_wconf 90' lang='lat' dir='ltr'><strong>tributa</strong></span> <span class='ocrx_word' id='word_1_925' title='bbox 2855 5157 3147 5225; x_wconf 69' lang='lat' dir='ltr'><strong>prastatis,</strong></span> <span class='ocrx_word' id='word_1_926' title='bbox 3189 5150 3476 5228; x_wconf 82' lang='lat' dir='ltr'><strong>potestati-</strong></span> 
     </span>
    </p>
   </div>
   <div class='ocr_carea' id='block_1_113' title="bbox 1893 5243 3482 5319">
    <p class='ocr_par' dir='ltr' id='par_1_113' title="bbox 1893 5243 3482 5319">
     <span class='ocr_line' id='line_1_113' title="bbox 1893 5243 3482 5319; baseline 0.002 -19"><span class='ocrx_word' id='word_1_927' title='bbox 1893 5245 1998 5317; x_wconf 85' lang='lat' dir='ltr'><strong>bus</strong></span> <span class='ocrx_word' id='word_1_928' title='bbox 2020 5244 2319 5301; x_wconf 85' lang='lat' dir='ltr'><strong>servientes</strong></span> <span class='ocrx_word' id='word_1_929' title='bbox 2360 5243 2472 5301; x_wconf 90' lang='lat' dir='ltr'><strong>Deo</strong></span> <span class='ocrx_word' id='word_1_930' title='bbox 2504 5262 2517 5297; x_wconf 92' lang='lat'>:</span> <span class='ocrx_word' id='word_1_931' title='bbox 2552 5262 2677 5300; x_wconf 88' lang='lat' dir='ltr'><strong>nam</strong></span> <span class='ocrx_word' id='word_1_932' title='bbox 2750 5245 2853 5317; x_wconf 90' lang='lat' dir='ltr'><strong>ipsi</strong></span> <span class='ocrx_word' id='word_1_933' title='bbox 2902 5246 3178 5319; x_wconf 89' lang='lat' dir='ltr'><strong>principes</strong></span> <span class='ocrx_word' id='word_1_934' title='bbox 3246 5249 3482 5303; x_wconf 84' lang='lat' dir='ltr'><strong>minis.‘ri</strong></span> 
     </span>
    </p>
   </div>
   <div class='ocr_carea' id='block_1_114' title="bbox 1894 5335 3480 5411">
    <p class='ocr_par' dir='ltr' id='par_1_114' title="bbox 1894 5335 3480 5411">
     <span class='ocr_line' id='line_1_114' title="bbox 1894 5335 3480 5411; baseline 0.003 -20"><span class='ocrx_word' id='word_1_935' title='bbox 1894 5344 2017 5391; x_wconf 82' lang='lat' dir='ltr'><strong>sunt</strong></span> <span class='ocrx_word' id='word_1_936' title='bbox 2042 5335 2161 5403; x_wconf 87' lang='lat' dir='ltr'><strong>Dei,</strong></span> <span class='ocrx_word' id='word_1_937' title='bbox 2198 5336 2251 5393; x_wconf 90' lang='lat' dir='ltr'><strong>id</strong></span> <span class='ocrx_word' id='word_1_938' title='bbox 2278 5343 2363 5393; x_wconf 90' lang='lat' dir='ltr'><strong>est</strong></span> <span class='ocrx_word' id='word_1_939' title='bbox 2389 5336 2704 5395; x_wconf 85' lang='lat' dir='ltr'><strong>ministrant</strong></span> <span class='ocrx_word' id='word_1_940' title='bbox 2737 5337 2847 5395; x_wconf 91' lang='lat' dir='ltr'><strong>Deo</strong></span> <span class='ocrx_word' id='word_1_941' title='bbox 2869 5354 2965 5410; x_wconf 91' lang='lat' dir='ltr'><strong>per</strong></span> <span class='ocrx_word' id='word_1_942' title='bbox 2984 5350 3204 5411; x_wconf 85' lang='lat' dir='ltr'><strong>accepta</strong></span> <span class='ocrx_word' id='word_1_943' title='bbox 3251 5341 3480 5409; x_wconf 84' lang='lat' dir='ltr'><strong>trilmta,</strong></span> 
     </span>
    </p>
   </div>
   <div class='ocr_carea' id='block_1_115' title="bbox 1890 5414 3480 5509">
    <p class='ocr_par' dir='ltr' id='par_1_115' title="bbox 1890 5414 3480 5509">
     <span class='ocr_line' id='line_1_115' title="bbox 1890 5414 3480 5509; baseline 0.001 -24"><span class='ocrx_word' id='word_1_944' title='bbox 1890 5444 2014 5501; x_wconf 57' lang='lat' dir='ltr'><strong>quas</strong></span> <span class='ocrx_word' id='word_1_945' title='bbox 2034 5429 2165 5487; x_wconf 86' lang='lat' dir='ltr'><strong>dant</strong></span> <span class='ocrx_word' id='word_1_946' title='bbox 2183 5430 2274 5509; x_wconf 87' lang='lat' dir='ltr'><strong>eis</strong></span> <span class='ocrx_word' id='word_1_947' title='bbox 2289 5429 2435 5487; x_wconf 85' lang='lat' dir='ltr'><strong>vires</strong></span> <span class='ocrx_word' id='word_1_948' title='bbox 2452 5414 2853 5502; x_wconf 24' lang='lat' dir='ltr'><strong>et‘potestatem</strong></span> <span class='ocrx_word' id='word_1_949' title='bbox 2881 5432 3143 5502; x_wconf 86' lang='lat' dir='ltr'><strong>operandi</strong></span> <span class='ocrx_word' id='word_1_950' title='bbox 3166 5434 3310 5504; x_wconf 89' lang='lat' dir='ltr'><strong>quod</strong></span> <span class='ocrx_word' id='word_1_951' title='bbox 3336 5432 3480 5487; x_wconf 83' lang='lat' dir='ltr'><strong>Deus</strong></span> 
     </span>
    </p>
   </div>
   <div class='ocr_carea' id='block_1_116' title="bbox 1891 5508 3481 5595">
    <p class='ocr_par' dir='ltr' id='par_1_116' title="bbox 1891 5508 3481 5595">
     <span class='ocr_line' id='line_1_116' title="bbox 1891 5508 3481 5595; baseline 0.001 -18"><span class='ocrx_word' id='word_1_952' title='bbox 1891 5508 2150 5592; x_wconf 81' lang='lat' dir='ltr'><strong>disponit.</strong></span> <span class='ocrx_word' id='word_1_953' title='bbox 2174 5520 2270 5578; x_wconf 89' lang='lat' dir='ltr'><strong>Vel</strong></span> <span class='ocrx_word' id='word_1_954' title='bbox 2299 5521 2396 5592; x_wconf 90' lang='lat' dir='ltr'><strong>ita,</strong></span> <span class='ocrx_word' id='word_1_955' title='bbox 2417 5539 2516 5581; x_wconf 85' lang='lat' dir='ltr'><strong>vos</strong></span> <span class='ocrx_word' id='word_1_956' title='bbox 2540 5522 2813 5595; x_wconf 59' lang='lat' dir='ltr'><strong>prastatis</strong></span> <span class='ocrx_word' id='word_1_957' title='bbox 2847 5524 3052 5582; x_wconf 87' lang='lat' dir='ltr'><strong>tributa</strong></span> <span class='ocrx_word' id='word_1_958' title='bbox 3081 5534 3135 5580; x_wconf 92' lang='lat' dir='ltr'><strong>et</strong></span> <span class='ocrx_word' id='word_1_959' title='bbox 3156 5525 3291 5581; x_wconf 85' lang='lat' dir='ltr'><strong>bene</strong></span> <span class='ocrx_word' id='word_1_960' title='bbox 3341 5525 3481 5579; x_wconf 75' lang='lat' dir='ltr'><strong>faci-~</strong></span> 
     </span>
    </p>
   </div>
   <div class='ocr_carea' id='block_1_117' title="bbox 1894 5609 3480 5689">
    <p class='ocr_par' dir='ltr' id='par_1_117' title="bbox 1894 5609 3480 5689">
     <span class='ocr_line' id='line_1_117' title="bbox 1894 5609 3480 5689; baseline 0 -19"><span class='ocrx_word' id='word_1_961' title='bbox 1894 5612 1983 5670; x_wconf 85' lang='lat' dir='ltr'><strong>lis.</strong></span> <span class='ocrx_word' id='word_1_962' title='bbox 2011 5609 2146 5667; x_wconf 86' lang='lat' dir='ltr'><strong>Nam</strong></span> <span class='ocrx_word' id='word_1_963' title='bbox 2177 5613 2233 5667; x_wconf 88' lang='lat' dir='ltr'><strong>bi</strong></span> <span class='ocrx_word' id='word_1_964' title='bbox 2257 5614 2533 5685; x_wconf 88' lang='lat' dir='ltr'><strong>principes</strong></span> <span class='ocrx_word' id='word_1_965' title='bbox 2559 5621 2688 5669; x_wconf 90' lang='lat' dir='ltr'><strong>sunt</strong></span> <span class='ocrx_word' id='word_1_966' title='bbox 2707 5613 2945 5670; x_wconf 90' lang='lat' dir='ltr'><strong>ministri</strong></span> <span class='ocrx_word' id='word_1_967' title='bbox 2974 5612 3071 5670; x_wconf 90' lang='lat' dir='ltr'><strong>Dei</strong></span> <span class='ocrx_word' id='word_1_968' title='bbox 3096 5616 3394 5689; x_wconf 73' lang='lat' dir='ltr'><strong>servientes,</strong></span> <span class='ocrx_word' id='word_1_969' title='bbox 3424 5615 3480 5670; x_wconf 86' lang='lat' dir='ltr'><strong>id</strong></span> 
     </span>
    </p>
   </div>
   <div class='ocr_carea' id='block_1_118' title="bbox 1893 5701 3473 5776">
    <p class='ocr_par' dir='ltr' id='par_1_118' title="bbox 1893 5701 3473 5776">
     <span class='ocr_line' id='line_1_118' title="bbox 1893 5701 3473 5776; baseline 0.001 -19"><span class='ocrx_word' id='word_1_970' title='bbox 1893 5711 1979 5758; x_wconf 85' lang='lat' dir='ltr'><strong>est</strong></span> <span class='ocrx_word' id='word_1_971' title='bbox 2004 5718 2142 5774; x_wconf 85' lang='lat' dir='ltr'><strong>quos</strong></span> <span class='ocrx_word' id='word_1_972' title='bbox 2173 5701 2318 5758; x_wconf 91' lang='lat' dir='ltr'><strong>Deus</strong></span> <span class='ocrx_word' id='word_1_973' title='bbox 2353 5703 2634 5759; x_wconf 86' lang='lat' dir='ltr'><strong>constituit</strong></span> <span class='ocrx_word' id='word_1_974' title='bbox 2655 5704 2861 5759; x_wconf 85' lang='lat' dir='ltr'><strong>servire</strong></span> <span class='ocrx_word' id='word_1_975' title='bbox 2897 5704 3000 5760; x_wconf 89' lang='lat' dir='ltr'><strong>sibi</strong></span> <span class='ocrx_word' id='word_1_976' title='bbox 3030 5705 3086 5757; x_wconf 88' lang='lat' dir='ltr'><strong>in</strong></span> <span class='ocrx_word' id='word_1_977' title='bbox 3132 5708 3229 5760; x_wconf 83' lang='lat' dir='ltr'><strong>hoc</strong></span> <span class='ocrx_word' id='word_1_978' title='bbox 3279 5705 3473 5776; x_wconf 73' lang='lat' dir='ltr'><strong>ipsum,</strong></span> 
     </span>
    </p>
   </div>
   <div class='ocr_carea' id='block_1_119' title="bbox 1893 5794 3478 5866">
    <p class='ocr_par' dir='ltr' id='par_1_119' title="bbox 1893 5794 3478 5866">
     <span class='ocr_line' id='line_1_119' title="bbox 1893 5794 3478 5866; baseline 0.001 -15"><span class='ocrx_word' id='word_1_979' title='bbox 1893 5798 1948 5851; x_wconf 87' lang='lat' dir='ltr'><strong>in</strong></span> <span class='ocrx_word' id='word_1_980' title='bbox 1975 5794 2191 5851; x_wconf 89' lang='lat' dir='ltr'><strong>tributis</strong></span> <span class='ocrx_word' id='word_1_981' title='bbox 2216 5810 2337 5866; x_wconf 65' lang='lat' dir='ltr'><strong>quae</strong></span> <span class='ocrx_word' id='word_1_982' title='bbox 2372 5812 2399 5848; x_wconf 83' lang='lat' dir='ltr'><strong>a</strong></span> <span class='ocrx_word' id='word_1_983' title='bbox 2429 5796 2581 5852; x_wconf 86' lang='lat' dir='ltr'><strong>vobis</strong></span> <span class='ocrx_word' id='word_1_984' title='bbox 2610 5796 2903 5866; x_wconf 87' lang='lat' dir='ltr'><strong>accipiunt.</strong></span> <span class='ocrx_word' id='word_1_985' title='bbox 2964 5796 3101 5850; x_wconf 84' lang='lat' dir='ltr'><strong>Cum</strong></span> <span class='ocrx_word' id='word_1_986' title='bbox 3149 5797 3292 5852; x_wconf 87' lang='lat' dir='ltr'><strong>enim</strong></span> <span class='ocrx_word' id='word_1_987' title='bbox 3336 5796 3478 5855; x_wconf 82' lang='lat' dir='ltr'><strong>Deus</strong></span> 
     </span>
    </p>
   </div>
   <div class='ocr_carea' id='block_1_120' title="bbox 3116 5888 3157 5948">
    <p class='ocr_par' dir='ltr' id='par_1_120' title="bbox 3116 5888 3157 5948">
     <span class='ocr_line' id='line_1_120' title="bbox 3116 5888 3157 5948; baseline 0 0"><span class='ocrx_word' id='word_1_988' title='bbox 3116 5888 3157 5948; x_wconf 73' lang='grc' dir='ltr'><strong>Ιι</strong></span> 
     </span>
    </p>
   </div>
   <div class='ocr_carea' id='block_1_121' title="bbox 3394 5976 3505 5989">
    <p class='ocr_par' dir='ltr' id='par_1_121' title="bbox 3394 5976 3505 5989">
     <span class='ocr_line' id='line_1_121' title="bbox 3394 5976 3505 5989; baseline -0.009 -2"><span class='ocrx_word' id='word_1_989' title='bbox 3394 5976 3505 5989; x_wconf 63' lang='grc' dir='ltr'><strong>-..μοι</strong></span> 
     </span>
    </p>
   </div>
  </div>
