3978 6392
497 315 602 370 407
687 333 692 336 ·

1038 305 1094 360 S.
1137 299 1488 362 BRUNONIS
1525 292 2174 356 CARTHUSIANORUM
2211 287 2703 348 INSTITUTORIS
2744 289 2896 346 OPP.
2935 287 3119 346 PARS
3157 287 3222 344 ll.

3667 291 3776 350 ωδ

489 403 730 508 primum
760 441 942 500 regem
965 423 1251 480 constituit
1273 420 1514 484 Saulem,
1545 417 1827 472 dixitcum
1857 429 1964 468 non
1997 412 2100 470 ul-,
2109 417 2156 474 Α
2183 419 2362 463 nostra
2379 409 2547 474 salus,
2564 408 2710 463 idest
2731 406 2848 462 dies
2868 415 3069 462 nostra:
3089 403 3608 476 salvationis,quam
3629 401 3776 462 essc‘

491 503 662 582 terius
683 523 748 578 de
773 522 960 576 labore
988 531 1090 573 suo
1113 515 1404 578 victurum,
1430 509 1522 566 sed
1547 509 1614 563 de
1642 505 1921 560 laboribus
1942 503 2070 558 sub-

489 620 754 674 ditorum.
781 613 847 666 Et
866 611 994 681 quia
1015 609 1100 664 vel
1131 621 1226 662 vos
1255 605 1310 660 in
1333 604 1437 658 hoc
1455 601 1634 672 ipsum
1675 597 1824 668 quod
1873 597 2080 650 tributa

493 707 733 774 solvitis,
759 705 870 759 Deo
898 700 1140 765 servitis,
1167 697 1249 752 vel
1271 693 1542 766 principes
1563 691 1618 744 in
1638 689 1746 743 hoc
1765 688 1944 758 ipsum
1965 683 2079 740 Deo

493 801 757 862 serviunt,
793 809 924 864 ergo
953 790 1214 846 omnibus
1235 782 1576 857 principibus
1612 778 1824 834 reddite
1870 776 2074 832 debita.

566 893 666 948 Cui
695 887 926 962 principi
949 883 1159 940 debetis
1211 880 1486 942 tributum,
1542 872 1752 929 reddite
1799 871 2077 924 tributum.

494 985 594 1042 Cui
621 957 833 1038 debetis
857 957 1100 1046 vectigal,
1127 969 1331 1026 reddite
1353 963 1596 1037 vectigal.
1639 961 1918 1017 Tributum
1940 957 2079 1014 dici-

489 1085 600 1136 tur,
628 1049 946 1126 ut'obsonia
969 1065 1057 1118 illa
1086 1075 1206 1132 qua:
1227 1057 1376 1114 domi
1423 1055 1793 1119 solvebantur,
1835 1047 2079 1120 vectigal,

491 1163 636 1234 quod
662 1174 874 1230 semper
905 1155 970 1210 ad
999 1154 1194 1208 domos
1245 1147 1599 1204 dominorum
1645 1143 1964 1207 vehebatur,
2021 1147 2082 1193 ut

491 1231 576 1309 est
603 1255 762 1306 hodie
791 1261 1008 1304 census.
1041 1241 1142 1300 Cui
1193 1239 1404 1296 debetis
1433 1237 1681 1291 honorem
1726 1233 1931 1298 solum,
1977 1231 2081 1285 im—

491 1345 706 1415 pcndite
727 1343 994 1394 honorem.
1024 1333 1124 1390 Cui
1153 1332 1420 1396 timorem,
1455 1327 1706 1384 exhibete
1739 1325 1980 1379 timorem
2026 1331 2083 1378 et

491 1450 704 1490 onlnem
729 1429 1112 1487 reverentiam.
1163 1423 1236 1480 Ut
1277 1420 1514 1478 breviter
1572 1417 1756 1474 omnia
1804 1415 2081 1486 colligam,

491 1523 873 1580 universaliter
913 1517 1171 1590 praecipio
1201 1532 1212 1568 :
1241 1512 1436 1568 nemini
1489 1509 1775 1582 quidquam
1824 1505 2078 1570 debeatis,

493 1635 670 1690 neque
689 1619 982 1681 tributum,
1013 1626 1193 1682 neque
1222 1607 1474 1680 vectigal,
1497 1619 1675 1676 neque
1696 1603 1872 1668 aliud,
1895 1601 1999 1654 nisi
2021 1608 2082 1654 ut

489 1711 734 1782 diligatis
769 1708 1014 1772 invicem,
1055 1703 1186 1774 quia
1239 1700 1362 1754 volo
1399 1711 1500 1752 vos
1552 1710 1768 1764 semper
1807 1691 2081 1748 debitores

2183 503 2314 558 olim
2339 517 2464 558 cum
2487 501 2726 572 primum
2757 498 3111 555 credidimus.
3142 497 3400 566 Quotidie
3424 501 3572 554 enim
3595 503 3778 572 magis

2182 610 2250 650 ac
2295 593 2472 665 magis
2531 591 2719 647 futuro
2779 590 2994 662 judicio
3033 591 3508 662 prepinquamus,
3553 591 3610 646 in
3663 608 3782 662 quo

2181 684 2673 742 remunerabimur.
2715 681 2856 739 Vere
2891 698 3040 739 nunc
3060 698 3232 754 prope
3259 691 3344 738 est
3365 692 3554 738 nostra
3579 685 3730 739 salus
3757 701 3772 738 :

2181 793 2310 833 nam
2357 793 2484 844 nox,
2525 776 2580 831 id
2627 785 2712 832 est
2758 775 3070 846 ignorantia
3124 775 3182 830 in
3242 773 3560 832 inﬁdelitate
3589 776 3780 830 habita

2179 869 2469 940 prwcessit,
2499 876 2554 926 et
2579 868 2700 924 ideo
2729 867 3034 924 cavendum
3059 874 3144 923 est
3176 880 3246 922 ne
3292 867 3348 922 in
3375 866 3520 923 hanc
3557 878 3780 924 noctem

2181 961 2510 1018 recidamus.
2541 957 2686 1028 Nos,
2715 959 2913 1030 inquit,
2941 959 3238 1030 praecessit,
3265 957 3360 1014 sed
3389 957 3501 1014 dies
3523 959 3784 1014 salvatio-

2181 1054 2276 1110 nis
2311 1060 2517 1108 nostrae
2578 1067 2676 1122 per
2731 1051 3030 1121 promissos
3076 1049 3304 1118 radios,
3353 1057 3415 1105 ut
3456 1065 3554 1122 per
3587 1049 3784 1118 ﬁdem,

2182 1157 2334 1214 spem
2360 1183 2376 1210 ,
2425 1140 2806 1208 dilectionem,
2863 1147 2920 1195 et
2939 1147 3173 1206 caetera,
3224 1139 3692 1210 appropinquavit,
3721 1137 3788 1194 id

2179 1244 2264 1292 est
2305 1250 2476 1306 prope
2519 1247 2642 1290 esse
2685 1231 3028 1304 intelligitur.
3063 1229 3311 1287 Virtutes
3353 1230 3500 1286 enim
3525 1246 3650 1302 quae
3679 1231 3786 1284 ha-

2181 1329 2380 1384 bentur
2423 1327 2480 1382 in
2513 1325 2792 1396 praesenti,
2819 1324 2960 1380 radii
2986 1331 3116 1380 sunt
3143 1322 3346 1379 futurae
3383 1323 3786 1394 iucunditatis.

2180 1419 2250 1476 Et
2275 1418 2496 1492 quando
2519 1417 2742 1490 quidem
2763 1432 2874 1472 nox
2902 1431 3023 1473 esse
3050 1416 3231 1484 desiit,
3255 1424 3310 1472 et
3334 1417 3446 1470 dies
3491 1415 3786 1485 appropim

2181 1513 2386 1584 quavit,
2421 1527 2543 1581 ergo
2564 1509 2883 1579 abjiciamus
2909 1524 3067 1578 opera
3095 1507 3448 1574 tenebrarum,
3472 1506 3524 1562 id
3545 1519 3628 1561 est
3655 1521 3786 1577 qua!

2182 1604 2388 1676 operati
2411 1620 2604 1660 sumus
2625 1601 2758 1658 dum
2785 1601 2840 1655 in
2870 1600 3182 1672 ignorantia
3199 1614 3468 1654 essemus.
3497 1597 3595 1652 Vel
3617 1613 3788 1666 opera

2185 1697 2542 1762 tenebrarum,
2565 1693 2622 1749 id
2645 1702 2732 1749 est
2761 1693 2926 1766 digna
2951 1691 3214 1758 tenebris,
3259 1701 3314 1747 et
3347 1691 3512 1762 digna
3551 1706 3664 1744 non
3693 1689 3786 1742 vi»

489 1759 621 1857 esse:
631 1799 938 1856 dilectionis
966 1814 980 1848 :
1007 1759 1090 1850 ita.
1102 1791 1250 1864 quod
1275 1805 1556 1860 nunquam
1580 1803 1612 1842 a
1637 1785 1928 1841 dilectione
1961 1796 2072 1838 ees-
2109 1759 2153 1820 Β
2181 1788 2322 1856 deri,
2348 1787 2442 1844 sed
2473 1759 2689 1856 semper
2713 1759 2999 1841 occultari.
3035 1781 3390 1854 Abjiciomus,
3412 1759 3616 1853 inquit,
3661 1781 3792 1837 haec

491 1892 646 1958 sctis,
685 1892 805 1946 ideo
825 1904 925 1944 vos
956 1887 1078 1942 volo
1128 1898 1343 1954 semper
1376 1879 1598 1952 diligere
1647 1877 1878 1932 invicem
1912 1891 1926 1927 :
1954 1873 2082 1945 quia

487 1983 579 2053 qui
609 1981 786 2051 diligit
814 1979 1152 2049 proximum,
1172 1974 1335 2044 legem
1361 1970 1592 2041 implevit
1615 1967 1813 2040 (Exod.
1838 1983 1932 2034 xx,
1965 1963 2076 2034 M).

489 2071 554 2125 Et
583 2085 708 2124 vere
731 2069 904 2138 legem
939 2065 1182 2135 implevit
1217 2081 1228 2116 :
1259 2077 1381 2115 nam
1415 2077 1520 2114 non
1567 2055 1897 2112 adulterabis
1928 2071 1945 2109 :
1975 2071 2078 2108 non

488 2160 741 2215 occides:
779 2174 882 2215 non
939 2155 1201 2226 furaberis
1241 2169 1260 2206 :
1303 2167 1408 2208 non
1463 2149 1662 2221 falsum
1721 2147 2080 2204 testimonium

489 2251 627 2304 dices
659 2265 676 2302 :
705 2264 808 2302 non
828 2246 1161 2315 concupisces
1207 2242 1388 2312 (Deut.
1424 2256 1478 2306 ν,
1510 2239 1597 2309 18)
1627 2254 1647 2292 :
1675 2239 1776 2292 etsi
1816 2237 1954 2306 quod
2003 2243 2082 2290 est

491 2340 640 2394 aliud
673 2337 986 2392 mandatum
1007 2337 1062 2388 in
1086 2335 1216 2404 lege,
1241 2334 1606 2398 instauratur,
1637 2329 1692 2384 id
1714 2337 1800 2384 est
1825 2327 2086 2398 impletur

489 2431 587 2484 hoc
631 2427 781 2484 verba
807 2443 824 2482 :
849 2427 1052 2497 Diliges
1101 2425 1404 2495 proximum
1457 2430 1606 2476 tuum
1647 2421 1786 2474 sicut
1827 2428 1877 2472 te
1907 2419 2080 2488 ipsum

492 2517 636 2586 (Lev.
675 2533 790 2584 xu,
816 2515 926 2586 l8).
955 2513 1094 2570 Vere
1122 2513 1179 2567 in
1226 2511 1518 2568 dilectione
1563 2508 1802 2582 proximi
1827 2508 2082 2578 impletur

491 2627 654 2666 omne
673 2608 991 2666 mandatum
1013 2606 1169 2678 legis.
1199 2603 1336 2660 Nam
1367 2603 1580 2658 dilectio
1601 2601 1852 2672 proximi,
1877 2598 2080 2654 malum

489 2719 594 2756 non
616 2709 864 2772 operatur
887 2695 1384 2771 (Mattlz.xxu,59).
1401 2692 1504 2761 Qui
1529 2693 1676 2750 enim
1703 2691 1876 2762 diligit
1891 2689 2079 2761 proxi-

487 2807 664 2858 mum,
697 2789 803 2862 73
835 2804 944 2844 non
977 2785 1307 2842 adulterabit
1347 2799 1475 2841 cum
1515 2797 1685 2838 uxore
1727 2781 1910 2850 cujus.
1959 2778 2078 2835 Non

487 2883 700 2940 occidet
729 2897 874 2938 eum.
921 2877 1040 2934 Non
1073 2877 1350 2932 iurabitur
1397 2891 1490 2931 res
1516 2873 1656 2946 ejus.
1683 2879 1788 2928 etc.
1813 2871 1878 2926 Et
1904 2887 2081 2942 quan-

485 2974 782 3048 doquidem
851 2970 1067 3026 dilectio
1103 2969 1334 3040 proximi
1386 2966 1588 3036 malum
1636 2982 1740 3019 non
1789 2972 2076 3035 operatur;

485 3083 620 3138 ergo
648 3066 862 3120 dilectio
899 3072 974 3118 est
1015 3059 1286 3134 plenitudo
1334 3059 1464 3130 legis
1489 3073 1511 3112 :
1542 3057 1636 3130 qui
1677 3057 1824 3114 enim
1874 3055 2078 3110 malum

491 3176 601 3216 non
627 3167 903 3230 operatur,
945 3156 1120 3226 legem
1160 3151 1405 3224 implevit
1443 3149 1647 3222 (Colat.
1678 3165 1732 3216 v,
1758 3147 1858 3216 l4;
1885 3145 2076 3200 Iacob.

489 3267 554 3320 ιι,
575 3251 650 3322 8).
693 3248 914 3304 Scimus
937 3246 1124 3316 utique
1143 3244 1272 3316 quia
1300 3241 1514 3297 dilectio
1537 3239 1739 3296 malum
1762 3254 1866 3293 non
1894 3253 2079 3308 apera-

496 3353 584 3397 tur
615 3357 634 3396 :
667 3357 766 3396 nec
799 3343 906 3396 boc
941 3340 1120 3395 solum
1169 3337 1378 3394 scimus
1402 3335 1469 3390 de
1502 3349 1587 3401 ea,
1619 3331 1716 3390 sed
1761 3332 1867 3387 hoc
1910 3329 2080 3386 etiam

491 3435 710 3488 scientes
770 3446 964 3487 sumus
1009 3429 1076 3485 de
1131 3427 1452 3494 dilectione,
1495 3425 1643 3496 quod
1677 3423 1810 3478 facit
1873 3439 1966 3476 nos
2015 3422 2079 3476 de

493 3539 673 3576 somno
705 3536 914 3592 surgere
957 3518 1271 3587 bonumque
1297 3513 1534 3584 cperari.
1576 3509 1673 3567 Vis
1717 3520 1902 3566 tamen
1946 3525 2078 3565 con-

493 3613 815 3670 tinuationis
837 3621 891 3668 et
911 3625 1128 3666 summa
1149 3607 1432 3664 sententia:
1455 3605 1654 3676 pendet
1675 3604 1742 3660 ad
1771 3603 1904 3659 illud
1933 3603 2084 3674 quod

395 3735 398 3738 -
493 3707 784 3776 sequitur:
823 3704 1152 3774 Abjiciamus
1199 3715 1320 3772 ergo
1369 3714 1528 3768 opera
1565 3696 1917 3752 tenebrarum.
1973 3693 2080 3750 Sed

493 3797 774 3868 praemittit
797 3795 1062 3868 quasdam
1089 3793 1354 3858 rationes,
1406 3789 1550 3845 unde
1595 3788 1958 3860 opportunius
1995 3787 2080 3842 in—

495 3889 634 3944 ferat
674 3889 864 3945 dicens
897 3907 908 3940 :
943 3885 1299 3940 Dilectiouem
1325 3896 1434 3937 non
1473 3879 1690 3952 Operari
1729 3879 1938 3935 malum
1967 3879 2078 3935 sci-

495 3997 620 4036 mus
653 3999 665 4036 :
694 3980 856 4035 etiam
887 3979 992 4032 hoc
1019 3977 1085 4032 de
1115 3975 1404 4031 dilectione
1442 3972 1700 4039 scientes,
1745 3972 1893 4043 quia,
1915 3970 1970 4026 id
1999 3979 2082 4027 est

493 4071 643 4146 quod
671 4071 800 4124 hora
829 4078 926 4134 est,
958 4067 1114 4138 quasi
1161 4067 1388 4131 diceret,
1421 4073 1636 4134 tempus
1674 4073 1758 4118 est
1787 4081 1802 4130 ;
1833 4063 1927 4118 sed
1957 4062 2080 4117 ideo

493 4179 590 4236 per
643 4163 836 4218 horam
898 4158 1222 4230 signiﬁcavit
1275 4156 1408 4210 illud
1441 4164 1688 4224 tempus,
1737 4163 1797 4209 ut
1834 4153 2081 4214 ostendat

491 4255 658 4312 breve
691 4268 814 4308 esse
854 4260 906 4306 et
940 4250 1049 4305 cito
1081 4247 1384 4314 transiens,
1421 4254 1476 4302 et
1505 4245 1609 4300 nisi
1649 4245 1702 4299 in
1733 4260 1799 4300 eo
1846 4245 2078 4314 poenite-

493 4361 622 4402 mus
667 4341 1107 4414 irrecuperabile.
1158 4338 1376 4394 Scimus
1425 4338 1614 4408 utique
1657 4337 1786 4409 quia
1837 4337 1970 4391 hora
1997 4345 2082 4392 est

2105 3106 2152 3170 C

2183 1895 2362 1950 opera,
2406 1885 2456 1932 et
2503 1876 2788 1931 induamus
2847 1890 2951 1930 nos
2989 1889 3148 1943 opera
3189 1871 3346 1940 lucis,
3395 1871 3450 1928 id
3499 1880 3788 1938 est,vera:

2181 1968 2542 2042 cognitionis,
2579 1967 2664 2022 vel
2693 1981 2861 2038 opera
2886 1965 3049 2037 digna
3077 1963 3200 2020 luce
3223 1973 3280 2020 et
3309 1961 3788 2029 manifestatione,

2181 2077 2306 2131 quae
2327 2075 2492 2132 opera
2518 2067 2646 2115 sunt
2676 2073 2832 2114 arma
2874 2057 3078 2129 quibus
3100 2063 3156 2112 et
3182 2055 3344 2110 ﬁdem
3373 2063 3622 2110 nostram
3655 2062 3790 2110 tut.»

2181 2169 2308 2208 mur
2335 2161 2391 2208 et
2415 2151 2758 2222 insurgentia
2789 2149 2927 2204 vitia
2979 2163 3326 2220 superamus,
3375 2155 3430 2200 nt
3469 2145 3642 2201 induti
3685 2161 3786 2200 ar.

2181 2246 2292 2300 mis
2333 2239 2496 2310 lucis,
2547 2241 2759 2296 honeste
2801 2239 3152 2308 ambulemus,
3191 2239 3246 2294 id
3292 2247 3378 2294 est
3419 2237 3488 2293 de
3533 2237 3686 2292 bono
3727 2236 3792 2290 in

2180 2333 2378 2390 melius
2405 2331 2784 2405 proﬁciamus,
2807 2331 2946 2386 sicut
2992 2331 3088 2402 qui
3132 2329 3298 2400 positi
3323 2337 3453 2384 sunt
3485 2328 3541 2382 in
3565 2327 3680 2392 die,
3729 2325 3786 2380 id

2178 2437 2262 2484 est
2290 2427 2346 2482 in
2367 2425 2677 2498 cognitione
2697 2424 2963 2480 veritatis.
2991 2422 3207 2478 Positos
3235 2423 3382 2476 enim
3417 2422 3474 2474 in
3503 2420 3589 2473 die
3619 2419 3790 2474 decet

2180 2527 2346 2586 opera
2376 2514 2554 2570 noctis
2581 2513 2842 2583 abjicere,
2873 2519 2930 2567 et
2971 2526 3124 2566 arma
3153 2509 3295 2566 lucis
3324 2523 3624 2564 assumere.
3665 2506 3787 2562 Nos

2179 2607 2304 2662 dico
2365 2605 2448 2662 sic
2511 2603 2858 2660 ambulemus
2905 2601 2962 2656 in
3015 2600 3102 2656 die
3166 2616 3272 2654 non
3325 2603 3674 2654 remanentes
3727 2598 3788 2650 in

2177 2693 2682 2762 comessationibus,
2729 2693 2786 2749 id
2843 2701 2928 2749 est
2986 2691 3044 2747 in
3085 2691 3432 2762 publicorum
3484 2688 3794 2754 camino:

2179 2805 2304 2846 rum
2336 2787 2751 2856 conventiculis,
2793 2796 2848 2842 et
2880 2803 2990 2842 non
3027 2793 3312 2840 manentes
3337 2783 3393 2836 in
3417 2781 3774 2836 ebrietatibus

2179 2889 2242 2938 ut
2254 2881 2436 2937 nimia:
2457 2879 2720 2953 potationi
2745 2877 3151 2934 incumbamus.
3171 2873 3294 2930 Non
3315 2873 3479 2930 etiam
3506 2873 3563 2926 in
3583 2871 3792 2925 cubili-

2181 2963 2314 3043 bus,"
2335 2974 2404 3030 ad
2425 2988 2550 3044 quae
2575 2972 2776 3028 cubilia
2805 2971 2872 3028 de
2901 2969 3183 3025 nimietate
3209 2966 3513 3024 saturitatis
3539 2974 3594 3020 et
3613 2975 3788 3036 pota-

2183 3066 2352 3122 tionis
2381 3066 2522 3132 itur,
2559 3063 2744 3135 ibique
2773 3061 3047 3133 supcrtlua
3087 3060 3245 3132 quies
3289 3059 3542 3114 habetur.
3577 3056 3643 3111 Et
3677 3073 3789 3112 non

2181 3166 2468 3214 manentes
2491 3155 2547 3210 in
2569 3154 2946 3226 impudicitiis,
2978 3152 3034 3208 id
3063 3160 3149 3208 est
3179 3152 3233 3207 in
3265 3149 3622 3207 delectatione
3645 3149 3786 3204 libi-

2180 3248 2360 3317 dinis;
2407 3248 2502 3320 qui
2529 3247 2678 3303 enim
2707 3246 2898 3302 ebrius
2933 3245 3001 3300 ad
3023 3244 3202 3301 cubile
3229 3241 3538 3308 descendit,
3573 3255 3786 3297 conse-

2180 3348 2411 3411 quenter
2434 3347 2658 3410 urgetur
2695 3337 2910 3394 facibus
2939 3336 3209 3392 libidinis.
3245 3333 3314 3389 Et
3354 3351 3457 3388 non
3487 3343 3786 3390 manentes

2181 3431 2240 3485 in
2262 3430 2626 3496 contentione;
2665 3427 3086 3499 intemperantia
3122 3426 3270 3482 enim
3309 3437 3471 3496 potus
3503 3433 3557 3479 et
3587 3423 3786 3478 libidi-

2181 3521 2268 3578 nis
2285 3521 2596 3592 frequenter
2617 3519 2802 3592 jurgia
2835 3520 3096 3576 concitat.
3124 3517 3194 3572 Et
3229 3534 3298 3574 ne
3327 3517 3446 3574 sitis
3475 3516 3532 3572 in
3555 3517 3788 3572 annula-

2183 3614 2344 3681 tione,
2373 3613 2429 3668 id
2455 3621 2542 3668 est
2569 3612 2625 3668 in
2656 3611 2892 3667 invidia:
2917 3611 3142 3682 quidam
3171 3610 3266 3682 qui
3301 3625 3410 3664 non
3447 3608 3612 3664 audet
3643 3623 3788 3662 con—

2179 3705 2422 3772 tendere,
2453 3703 2598 3775 quod
2628 3712 2842 3775 potest,
2898 3703 3106 3758 invidet
3135 3703 3412 3774 proximo.
3451 3683 3512 3754 at
3552 3699 3642 3755 his
3669 3701 3788 3754 ita-

2181 3811 2288 3866 que
2309 3811 2416 3850 nou
2447 3795 2775 3850 remanentis
2807 3814 2821 3850 :
2853 3795 2943 3849 sed
2967 3795 3252 3848 induimini
3277 3793 3564 3847 Dominum
3587 3790 3788 3846 Jesnm

2183 3885 2480 3952 Christum,
2533 3885 2587 3940 id
2632 3895 2722 3940 est
2773 3885 2966 3941 vestite
3011 3885 3312 3940 nuditatem
3373 3891 3616 3938 vestram
3669 3883 3786 3938 ﬁde

2180 3976 2388 4034 Christi
2423 3986 2476 4033 et
2512 3977 2830 4044 virtutibus,
2863 3993 2990 4048 qua:
3027 3992 3193 4048 super
3235 3977 3378 4030 hanc
3403 3975 3564 4030 ﬁdem
3603 3973 3784 4029 :ediﬁ-

2182 4079 2397 4124 cantur.
2441 4067 2618 4126 Homo
2639 4069 2788 4125 enim
2825 4077 3046 4142 propter
3081 4077 3365 4140 peccatum
3409 4067 3476 4122 de
3514 4064 3790 4136 paradiso

2183 4162 2364 4218 nudus
2389 4161 2598 4232 eiectus
2637 4173 2724 4218 est
2753 4161 2906 4233 (Gen.
2931 4177 2998 4228 v,
3027 4160 3140 4231 16);
3181 4160 3275 4216 sed
3304 4157 3521 4214 auditas
3545 4157 3650 4212 ista
3679 4173 3784 4212 ve-

2181 4253 2285 4308 lari
2314 4254 2473 4310 debet
2499 4262 2822 4310 ornamento
2850 4253 2976 4308 ﬁdei
3027 4261 3456 4322 caeterarumque
3485 4250 3786 4304 virtutum.

2183 4343 2251 4400 Et
2277 4361 2379 4401 vos
2408 4345 2583 4401 induti
2609 4344 2904 4400 Dominum
2934 4343 3126 4400 Iesum
3149 4342 3460 4409 Christum,
3487 4359 3550 4396 ne
3585 4341 3784 4412 feceri-

495 4439 627 4506 iam,
665 4437 718 4492 id
747 4445 831 4491 est
860 4433 1058 4489 amodo
1079 4447 1142 4486 ex
1171 4445 1280 4501 quo
1319 4445 1413 4501 per
1457 4430 1618 4484 ﬁdem
1659 4427 1943 4499 justiﬁcati
1981 4445 2076 4484 su-

2185 4439 2276 4504 tis,
2305 4435 2360 4493 id
2395 4445 2480 4494 est
2524 4452 2635 4492 non
2683 4435 2894 4493 facietis
2945 4453 3130 4491 curam
3179 4437 3376 4492 carnis.
3430 4433 3540 4490 Nec
3579 4449 3786 4488 curam

497 4545 625 4586 mus
647 4543 856 4600 surgere
888 4543 980 4580 nos
1010 4525 1073 4579 de
1107 4539 1310 4588 somno,
1341 4523 1394 4577 id
1422 4531 1505 4577 est
1533 4521 1599 4577 de
1625 4519 1934 4576 calamitate
1957 4535 2082 4576 cor-

492 4624 664 4696 poris,
713 4636 836 4692 quae
885 4619 952 4673 ad
997 4617 1132 4672 bene
1178 4613 1514 4685 operandum
1553 4613 1738 4684 pigros
1779 4628 1880 4668 nos
1927 4611 2076 4667 facit.

495 4717 720 4788 Surgere
745 4713 878 4768 dicit
909 4709 1068 4782 quasi
1098 4708 1256 4764 bonis
1295 4706 1550 4776 operibus
1596 4705 1744 4760 omni
1781 4704 1962 4760 studio
1989 4703 2076 4758 in-

495 4807 737 4878 vigilare.
766 4803 905 4860 Sunt
935 4801 1080 4857 enim
1108 4799 1330 4871 quidam
1361 4797 1452 4868 qui
1481 4805 1772 4867 postquam
1794 4793 2078 4866 justiﬁcati

497 4907 644 4964 sunt,
685 4913 808 4952 cum
847 4894 1058 4950 fervere
1105 4893 1366 4948 deberent
1395 4889 1450 4944 in
1479 4887 1666 4944 labore
1689 4887 1846 4943 bonae
1886 4901 2080 4957 opera-

496 4991 684 5054 tionis,
715 4995 931 5057 torpent
961 4993 1016 5041 et
1045 4985 1345 5056 negligunt,
1376 4982 1535 5052 quasi
1564 4980 1742 5037 securi
1771 4995 1838 5036 ex
1870 4979 2075 5050 justiﬁ-

495 5083 741 5144 entione,
777 5089 830 5134 et
860 5079 988 5148 quia
1017 5079 1297 5132 continent
1329 5091 1387 5132 se
1426 5091 1456 5130 a
1503 5075 1904 5132 criminalibus.
1939 5071 2078 5130 Vere

493 5179 556 5230 dc
583 5191 766 5230 somno
790 5189 1000 5244 surgere
1033 5173 1296 5227 debemus
1328 5189 1340 5223 :
1373 5185 1498 5224 nam
1545 5169 1886 5236 credidimus,
1913 5168 1970 5223 id
1995 5176 2080 5224 est

495 5265 656 5320 ﬁdem
681 5263 1014 5333 aceepimtas,
1040 5275 1163 5332 qua).
1184 5259 1317 5314 ﬁdes
1339 5259 1676 5330 prepinquos
1692 5273 1796 5314 nos
1821 5257 1952 5313 fecit
1971 5257 2080 5312 sal-

494 5357 702 5412 vationi
733 5375 749 5424 ;
781 5355 878 5412 sed
931 5369 1076 5409 nunc
1113 5367 1208 5422 per
1254 5350 1511 5405 meritum
1557 5365 1748 5406 eorum
1796 5365 1918 5422 quae
1957 5359 2083 5421 post

495 5456 777 5519 acceptam
809 5447 970 5501 ﬁdem
1003 5443 1210 5515 operati
1245 5457 1459 5508 sumus,
1515 5445 1732 5513 propior
1777 5452 1856 5498 est
1899 5451 2082 5497 nostra

495 5545 643 5598 salus
675 5557 840 5612 quam
895 5540 1024 5594 olim
1057 5547 1201 5592 esset
1247 5551 1368 5590 cum
1410 5536 1588 5592 solum
1637 5537 1978 5604 credidimus,
2027 5537 2080 5592 id

497 5641 580 5686 est
607 5649 730 5686 cum
756 5631 928 5704 gratia
959 5630 1072 5684 sola
1095 5637 1240 5684 esset
1265 5628 1320 5682 in
1351 5625 1531 5696 nobis,
1575 5636 1630 5683 et
1657 5627 1837 5683 adhuc
1869 5629 2080 5684 nullum

497 5725 775 5780 meritum.
795 5721 892 5778 Vel
911 5723 980 5776 ita
999 5739 1009 5773 :
1033 5719 1188 5775 Nunc
1201 5729 1278 5775 est
1291 5721 1537 5792 proprior
1547 5719 1849 5777 secundum
1867 5729 2082 5793 tempus

2185 4544 2352 4600 quam
2378 4528 2487 4601 74.
2513 4530 2814 4586 necessitas
2841 4529 3080 4600 postulat
3107 4527 3405 4600 prohibeo;
3451 4525 3546 4582 sed
3589 4539 3660 4580 ne
3701 4521 3786 4578 fe-

2186 4620 2370 4676 ceritis
2414 4636 2604 4676 curam
2633 4621 2818 4678 carnis
2843 4623 2899 4676 in
2927 4621 3228 4688 desideriis,
3261 4628 3320 4675 ut
3347 4616 3622 4676 desideria
3653 4631 3788 4672 car-

2187 4711 2274 4767 nis
2297 4713 2604 4772 sectemini.

2771 4801 3004 4859 CAPUT
3038 4801 3182 4857 XIV.

2262 4915 2280 4946 ε
2313 4893 2594 4950 lnﬁrmum
2639 4905 2824 4951 autem
2849 4896 2906 4950 in
2930 4895 3036 4950 ﬁde
3057 4893 3342 4960 assumite,
3379 4891 3568 4947 nonin
3604 4891 3790 4947 disce-

2191 5006 2210 5038 ι
2245 4987 2579 5060 ptationibus
2623 4987 3038 5061 cogitationum.
3087 4987 3243 5042 Alius
3293 4985 3442 5041 enim
3495 4983 3670 5044 credit
3721 4997 3790 5038 se

2191 5101 2210 5134 ‹
2246 5083 2579 5138 manducare
2615 5081 2820 5137 omnia.
2860 5079 2966 5149 Qui
2991 5089 3174 5136 autem
3209 5079 3461 5134 inﬁrmus
3489 5087 3606 5144 est,
3653 5079 3786 5134 olus

2191 5191 2210 5225 ι
2249 5172 2558 5228 manducet.
2609 5171 2660 5228 Is
2702 5171 2798 5243 qui
2829 5169 3154 5238 manducat,
3185 5183 3300 5224 non
3349 5167 3782 5223 manducantem

2191 5284 2210 5318 ε
2248 5281 2355 5320 non
2392 5273 2632 5334 spernat,
2655 5273 2708 5318 et
2729 5263 2823 5334 qui
2849 5279 2958 5317 non
2990 5261 3307 5330 manducat,
3351 5257 3786 5316 manducantem

2189 5375 2208 5409 ι
2243 5373 2352 5411 ηοη
2377 5357 2603 5426 judicet.
2634 5355 2780 5411 Deus
2803 5354 2951 5410 enim
2995 5355 3150 5409 illum
3185 5351 3504 5423 assumpsit.
3545 5349 3622 5404 Tu
3657 5351 3784 5420 quis

2191 5467 2209 5501 ι
2241 5466 2316 5514 es,
2344 5449 2434 5519 qui
2453 5449 2666 5520 judicos
2695 5447 2836 5519 (Jac.
2867 5463 2941 5514 Iv,
2975 5447 3062 5519 i2)
3107 5447 3347 5502 alienum
3373 5443 3630 5500 servum?
3670 5439 3786 5498 Do-

2191 5559 2210 5592 ‹
2248 5541 2396 5594 mino
2427 5555 2528 5596 suo
2553 5549 2661 5596 stat
2686 5547 2780 5594 aut
2817 5538 2982 5594 cadit.
3009 5537 3183 5593 Stabit
3220 5547 3424 5598 autem.
3465 5534 3672 5589 Potens
3691 5541 3785 5586 est

2191 5650 2210 5684 ι
2246 5632 2392 5686 enim
2419 5630 2560 5687 Deus
2583 5639 2824 5687 statuere
2847 5631 3021 5686 illum.
3054 5627 3190 5684 Nam
3232 5629 3374 5684 alius
3397 5625 3610 5698 judicat
3628 5623 3782 5680 diem

2193 5741 2212 5774 ι
2253 5723 2394 5788 inter
2444 5723 2610 5792 diem,
2652 5723 2793 5778 alius
2844 5730 3026 5778 autem
3067 5721 3278 5794 judicat
3333 5733 3558 5776 omnem
3603 5715 3778 5772 diem.
