3978 6388
182 327 284 381 «σε

812 328 1184 387 EXI’OSITIO
1223 331 1286 386 IN
1325 327 1709 388 EPISTOLAS
1749 329 1979 386 PAULI.
2017 363 2088 371 —
2127 332 2190 386 IN
2235 325 2452 388 EPIST.
2496 335 2587 389 AD
2629 328 2796 391 R03].

3339 340 3440 399 Ili)

183 461 200 491 ι
249 439 630 511 Unusquisque
669 443 724 496 in
775 459 878 498 suo
915 461 1078 500 sensu
1147 447 1404 502 abundet.
1457 446 1562 514 Qui
1609 447 1752 516 sapit
1783 454 1826 511 Α
1855 445 2033 500 adhuc
2055 445 2213 500 idolis
2245 448 2563 503 adlnererct.
2601 449 2803 505 Littera
2839 453 2916 506 sic
2939 453 3185 526 jungitur
3209 457 3436 514 :Curam

181 552 199 584 ι
234 535 397 599 diem,
439 532 675 588 Domino
719 536 862 605 sapit
891 555 904 591 :
931 547 985 592 et
1025 539 1118 608 qui
1159 539 1472 605 manducat,
1522 538 1766 593 Domino
1855 538 2041 593 carnis
2063 554 2128 593 ne
2151 539 2421 606 feceritis,
2457 543 2550 597 sed
2575 545 2677 598 hoc
2705 544 2900 599 facite:
2932 545 3212 616 lnﬁrmum
3238 553 3290 604 in
3313 555 3435 622 ﬁde,

178 644 196 674 ι
229 623 544 678 manducat.
599 623 818 680 Gratias
862 626 1007 681 enim
1051 628 1164 698 agit
1214 628 1343 683 Deo.
1403 627 1469 683 Et
1507 627 1601 698 qui
1643 643 1752 682 non

175 735 194 766 ι
230 716 539 782 manducat,
569 715 803 772 Domino
826 733 934 772 non
962 719 1276 784 manducat,
1322 727 1378 774 et
1415 719 1620 790 gratias
1643 720 1755 791 agit

175 827 192 858 ‹
229 805 357 860 Deo.
379 805 556 863 Nemo
585 808 733 862 enim
769 817 1020 865 nostrum
1058 809 1162 865 sibi
1187 810 1340 876 vivit,
1377 819 1431 866 et
1464 827 1626 867 nemo
1648 811 1750 866 sibi

172 919 190 950 ι
229 901 480 954 moritur.
528 897 654 955 Sive
702 901 851 955 enim
899 901 1158 967 vivimus,
1199 901 1428 957 Domino
1476 903 1748 959 vivimus:

171 1011 188 1042 ι
227 992 345 1046 sive
393 992 684 1058 morimur,
717 992 952 1048 Domino
989 1009 1276 1050 morimur.
1317 994 1441 1049 Sive
1455 1009 1586 1065 ergo
1611 996 1752 1049 vivi-

171 1101 187 1133 ι
223 1099 368 1149 mus,
401 1083 518 1139 sive
541 1085 836 1152 morimur,
861 1084 1078 1141 Domini
1111 1102 1325 1142 sumus.
1370 1085 1429 1140 In
1475 1087 1581 1142 hoc
1606 1081 1751 1140 enim

165 1193 186 1225 ι
219 1174 478 1230 Christus
520 1184 776 1230 mortuus
805 1186 891 1231 est
935 1185 990 1231 et
1027 1177 1328 1232 resurrexit
1365 1195 1378 1229 :
1418 1184 1480 1231 ιιι
1516 1185 1570 1231 ει
1599 1177 1752 1230 vivo-

167 1285 187 1318 s
221 1281 341 1319 rum
397 1274 454 1320 et
501 1275 849 1322 mortuorum
899 1268 1229 1323 dominetur.
1268 1266 1346 1322 Tu
1395 1276 1575 1322 autem
1620 1268 1752 1338 quid

165 1376 184 1408 ε
211 1357 424 1425 iudicas
479 1357 706 1414 fratrem
759 1361 950 1436 tuum?
993 1359 1134 1431 (Jac.
1195 1362 1269 1430 iv)
1317 1367 1412 1414 aut
1464 1368 1522 1414 tu
1583 1375 1753 1430 quare

165 1469 182 1500 ι
218 1452 442 1521 spernis
485 1451 709 1507 fratrem
768 1453 960 1507 tuum?
1013 1452 1218 1509 Omnes
1280 1453 1426 1508 enim
1481 1453 1750 1508 stabimus

165 1563 180 1593 ι
211 1554 338 1598 ante
370 1544 612 1598 tribunal
663 1543 870 1600 Christi
909 1544 1072 1616 [Dei].
1120 1544 1395 1615 Scriptum
1449 1554 1534 1600 εει
1557 1546 1744 1600 enim:

164 1655 181 1685 ι
225 1634 352 1690 Vico
383 1651 497 1706 ego,
539 1635 672 1689 dicit
714 1635 1016 1690 Dominus:
1047 1637 1310 1706 quoniam
1348 1637 1478 1690 mihi
1509 1636 1752 1692 ﬂectetur

163 1747 180 1779 ι
213 1745 366 1783 omne
391 1745 544 1800 genu,
568 1738 618 1783 ct
639 1729 810 1782 omnis
845 1727 1029 1799 lingua
1050 1728 1410 1785 confitebetur
1441 1728 1552 1784 Deo
1585 1728 1742 1799 (lsui.

1857 630 1910 684 Id
1939 638 2022 686 est
2054 646 2180 686 eum
2219 633 2313 702 qui
2345 648 2454 688 non
2491 635 2649 690 habet
2685 637 2896 692 ﬁrmam
2945 639 3128 707 ﬁdem,
3171 641 3438 702 credendo

1855 718 2122 789 quasdam
2159 730 2440 777 creaturas
2489 721 2583 778 Dei
2613 725 2925 782 immundas
2980 730 3055 799 (et
3081 729 3174 785 hic
3199 744 3315 788 erat
3339 732 3437 788 Ju-

1853 810 2049 881 daeus),
2068 811 2220 867 illum
2237 814 2402 868 nolite
2423 816 2795 873 scandalizare
2818 836 2917 876 vos
2943 821 3038 892 qui
3059 821 3197 877 ﬁrmi
3223 826 3357 880 estis
3381 828 3435 880 in

1855 900 1979 970 ﬁde,
2011 903 2105 959 sed
2134 907 2387 960 assumite
2407 921 2553 961 eum.
2577 907 2874 966 Assumere
2893 923 2976 968 est
3003 915 3438 972 condescendere

1855 991 2160 1047 inﬁrmitati
2187 993 2307 1064 ejus
2342 1013 2354 1048 :
2384 995 2661 1054 abstinere
2696 1016 2726 1053 a
2756 1002 2956 1070 quibus
2988 1005 3241 1073 abstinet,
3274 1015 3329 1062 et
3358 1008 3438 1064 sic

1854 1082 2142 1138 alliciendo
2169 1100 2292 1139 eum
2325 1088 2585 1155 paulatim
2628 1091 2695 1146 de
2735 1092 3042 1163 integritate
3071 1098 3195 1153 ﬁdei
3226 1101 3434 1167 doceat,

1853 1170 2029 1226 donec
2051 1172 2119 1226 ad
2143 1173 2530 1242 perfectionem
2561 1179 2759 1234 veniat.
2791 1180 2886 1236 IIic
2911 1187 3228 1242 scandalum
3259 1205 3436 1242 remo-

1853 1262 1949 1316 vit.
1975 1263 2080 1334 75
2105 1264 2381 1321 Assumite
2415 1267 2690 1324 inﬁrmum
2719 1289 2822 1326 non
2852 1287 3196 1332 remanentes
3231 1281 3283 1332 in
3320 1281 3435 1334 dis-

1853 1357 2237 1424 ceptationibus
2293 1360 2673 1429 cogitationum
2714 1364 2854 1432 ejus,
2895 1367 3100 1422 scilicet
3126 1370 3347 1439 inﬁrmi,
3383 1373 3433 1426 id

1851 1458 2027 1503 estne
2053 1449 2366 1518 disceptetis
2385 1451 2694 1532 judicantes
2743 1456 2976 1526 aliquem
3005 1459 3072 1514 de
3100 1465 3436 1518 conscientia

1853 1539 2055 1605 cordis,
2101 1557 2223 1610 qua:
2249 1542 2350 1597 soli
2374 1541 2484 1598 Deo
2510 1545 2724 1614 cognita
2757 1555 2840 1601 est
2879 1557 2932 1602 et
2958 1564 3065 1604 non
3097 1553 3270 1608 vobis.
3299 1554 3438 1610 Vere

1854 1631 2105 1688 inﬁrmus
2133 1633 2291 1690 debet
2322 1636 2548 1690 assumi.
2592 1637 2735 1691 Nam
2768 1638 2909 1694 alius
2935 1651 3022 1697 est
3047 1643 3316 1713 perfectus
3341 1650 3435 1716 qui

1853 1739 2135 1779 assumere
2163 1735 2218 1780 et
2238 1725 2436 1782 docere
2459 1745 2585 1782 eum
2616 1740 2810 1800 potest.
2838 1732 2994 1789 Alius
3025 1744 3206 1790 autem
3240 1749 3323 1793 cst
3354 1740 3435 1792 ir.—

162 1838 180 1870 σ
212 1836 332 1885 XLV,
382 1820 488 1885 23;
529 1818 678 1874 Phil.
717 1835 780 1886 ιι,
830 1820 941 1890 10).
992 1819 1179 1892 Itaque
1218 1821 1600 1892 unusquisque
1634 1837 1736 1877 no-
1771 1815 1812 1873 Β
1842 1813 2036 1871 ﬁrmus
2061 1817 2156 1886 qui
2185 1820 2562 1890 assumptione
2590 1821 2810 1893 indiget.
2845 1823 3001 1890 Quod
3033 1827 3114 1883 sic
3135 1829 3211 1883 ait
3245 1873 3256 1884 .
3284 1831 3439 1884 Alius

161 1931 180 1962 ς
211 1921 390 1967 strum
445 1927 568 1982 pro-
606 1927 666 1966 se
716 1912 985 1968 rationem
1022 1913 1209 1968 reddet
1251 1912 1381 1969 Deo.
1445 1911 1564 1969 Non
1610 1929 1740 1984 ergo

160 2024 177 2055 ι
207 2003 446 2074 amplius
511 2003 749 2060 invicem
802 2003 1118 2072 iudicemus
1167 2024 1180 2060 :
1229 2005 1322 2061 sed
1369 2005 1475 2062 hoc
1500 2005 1743 2074 judicate

159 2113 177 2147 ι
210 2095 409 2165 magis,
437 2111 506 2149 ne
540 2095 758 2165 ponatis
794 2095 1183 2150 ot’fcndiculum
1215 2093 1371 2150 fratri
1394 2096 1476 2151 vel
1512 2096 1742 2150 scanda-

160 2205 176 2235 ι
210 2187 345 2240 lum.
378 2185 506 2241 Seio
535 2196 592 2241 et
625 2187 842 2242 confido
866 2187 919 2241 in
964 2185 1199 2241 Domino
1229 2185 1392 2253 Jesu,
1445 2188 1574 2258 quia
1605 2187 1741 2241 nihil

160 2297 176 2328 ι
213 2294 510 2334 commune
542 2295 641 2349 per
678 2279 880 2350 ipsum,
924 2279 1030 2334 nisi
1072 2278 1122 2334 ei
1153 2280 1248 2349 qui
1292 2279 1570 2334 existimat
1610 2279 1741 2348 quid

159 2389 176 2419 ι
209 2387 506 2426 εοιιιηιιιηε
547 2371 621 2425 sit
667 2387 810 2437 esse,
859 2371 935 2425 illi
991 2386 1284 2426 commune
1325 2379 1429 2426 εει.
1480 2369 1537 2424 Si
1593 2372 1738 2426 enim

161 2483 175 2512 ι
208 2474 429 2533 propter
466 2462 652 2518 cibum
700 2463 869 2519 frater
894 2473 1022 2520 tuus
1049 2463 1436 2529 contristatur,
1468 2463 1584 2534 jam
1630 2479 1740 2518 non

160 2573 176 2603 ι
208 2553 513 2607 secundum
590 2553 916 2610 ehanitatem
979 2555 1250 2610 ambulas.
1287 2551 1410 2610 Noli
1460 2554 1584 2609 cibo
1645 2563 1741 2610 tuo

160 2664 176 2696 ι
214 2646 364 2699 illum
388 2646 638 2714 perdere,
665 2660 763 2714 pro
791 2661 904 2715 quo
933 2645 1188 2701 Christus
1217 2653 1469 2700 mortuus
1490 2653 1592 2700 est.
1621 2642 1741 2699 Non

159 2757 176 2788 ι
207 2753 334 2808 ergo
359 2737 775 2807 blasphemetur
798 2737 1007 2791 bonum
1036 2745 1307 2792 nostrum.
1343 2735 1463 2792 Non
1485 2744 1570 2793 est
1593 2737 1740 2792 enim

158 2847 174 2878 |
207 2844 434 2898 regnum
468 2825 564 2882 Dei
599 2843 727 2883 esca
762 2836 816 2882 et
847 2836 1012 2898 potus
1045 2846 1057 2880 :
1088 2827 1184 2883 sed
1206 2827 1423 2897 justitia
1445 2838 1500 2883 et
1529 2843 1657 2898 pax,
1686 2835 1740 2882 et

156 2940 173 2972 ε
205 2921 490 2992 gaudium,
522 2920 578 2974 in
601 2919 810 2990 Spiritu
838 2928 1049 2976 sancto.
1089 2918 1194 2986 Qui
1222 2919 1371 2975 enim
1408 2919 1464 2974 in
1491 2921 1595 2974 hoc
1617 2935 1738 2975 ser-

156 3035 172 3065 ι
202 3014 535 3078 vitChristo,
563 3013 742 3084 placet
769 3012 900 3080 Deo,
926 3022 981 3069 et
1001 3013 1264 3084 probatus
1283 3021 1368 3068 est
1391 3013 1732 3068 hominibus.

160 3125 172 3158 l
202 3106 393 3177 Itaque
427 3122 554 3176 quae
611 3106 766 3176 pacis
806 3117 935 3162 sunt
976 3114 1249 3162 sectemur
1277 3125 1290 3160 :
1323 3115 1378 3162 et
1402 3122 1526 3177 qua:
1564 3105 1735 3162 aediﬁ-

158 3215 175 3243 π
205 3199 445 3254 cationis
476 3207 626 3264 sunt,
664 3199 721 3254 in
766 3197 999 3254 invicem
1038 3199 1433 3255 custodiamus.
1467 3197 1587 3254 Noli
1619 3214 1741 3268 pro-

166 3305 182 3336 ι
213 3299 335 3358 pter
390 3304 578 3344 escam
655 3289 940 3344 destruere
987 3304 1130 3359 opus
1191 3287 1308 3345 Dei.
1385 3287 1582 3345 Omnia
1622 3289 1748 3358 qui-

159 3397 175 3427 ι
211 3378 335 3433 dem
368 3388 500 3434 sunt
547 3379 774 3445 munda,
805 3379 902 3435 sed
943 3380 1152 3434 malum
1175 3388 1261 3436 est
1290 3380 1502 3434 homini
1533 3380 1628 3450 qui
1655 3395 1750 3449 per

157 3486 175 3518 ε
204 3467 599 3524 oﬁ‘endiculum
638 3469 954 3525 manducat.
997 3469 1212 3525 Bonum
1236 3478 1316 3525 est
1365 3484 1476 3525 non
1518 3470 1754 3524 mandu-

158 3576 174 3608 ι
209 3573 334 3614 care
366 3574 614 3624 carnem,
647 3566 701 3614 et
723 3574 832 3612 non
861 3558 1050 3615 bibere
1089 3559 1300 3625 vinum,
1343 3573 1522 3629 neque
1555 3559 1609 3613 in
1639 3575 1750 3629 quo

157 3668 172 3700 ι
207 3650 378 3706 frater
415 3659 546 3705 tuus
569 3650 886 3716 offenditur,
914 3659 1010 3706 aut
1057 3651 1496 3718 scandalizatur,
1539 3659 1636 3706 aut
1666 3651 1750 3705 in-

157 3761 173 3794 l
203 3742 479 3799 ﬁrmatur.
533 3740 616 3796 Tu
668 3741 832 3797 ﬁdem
892 3757 1057 3812 quam
1124 3742 1294 3798 habes
1347 3757 1514 3813 penes
1581 3749 1750 3797 temet

157 3863 173 3894 ι
205 3845 411 3914 ipsum,
457 3843 596 3898 habe
638 3857 824 3898 coram
855 3842 988 3899 Deo.
1015 3843 1215 3899 Beatus
1244 3843 1339 3914 qui
1382 3859 1491 3900 non
1533 3843 1746 3914 judicat

158 3954 172 3985 ι
205 3937 566 4007 semetipsum
617 3935 672 3990 in
697 3951 764 3991 eo
788 3935 936 4006 quod
959 3936 1169 4006 probat.
1201 3936 1305 4003 Qui
1336 3945 1519 3992 autem
1542 3937 1747 3993 discer-

157 4048 173 4073 ι
211 4030 306 4095 nit,
331 4030 383 4084 si
397 4027 836 4095 manducaverit,
856 4029 1149 4084 damnatus
1159 4030 1405 4100 est,quia
1419 4045 1526 4084 non
1539 4046 1603 4085 ex
1621 4029 1741 4085 ﬁde.

158 4137 173 4166 ι
205 4116 384 4175 Omne
409 4128 595 4174 autem
617 4119 764 4190 quod
789 4135 898 4174 non
923 4128 1007 4174 est
1026 4135 1091 4174 ex
1117 4118 1240 4184 ﬁde,
1274 4128 1556 4189 peccatum
1595 4131 1697 4177 est.
1723 4141 1740 4173 ι

801 4225 1103 4266 ειροειτιο.

213 4301 359 4370 Quia
397 4301 635 4357 Romani
678 4303 830 4374 gravi
875 4301 1016 4358 inter
1059 4319 1118 4357 se
1157 4302 1432 4358 discordia
1475 4303 1747 4374 discepta-

153 4392 293 4460 bant,
317 4395 573 4450 dicentes
599 4413 613 4449 :
639 4393 703 4448 IIi
737 4394 835 4464 qui
870 4393 939 4448 de
971 4392 1257 4448 Judaismo
1287 4395 1536 4451 conversi
1563 4404 1742 4462 erant,

151 4487 418 4554 quosdam
463 4485 618 4540 cibos
655 4500 777 4541 esse
818 4485 1155 4550 immundos,
1182 4501 1283 4540 nec
1321 4485 1402 4540 eis
1424 4486 1500 4540 uti
1523 4486 1740 4542 debere.

152 4578 634 4632 calumniabantur
669 4577 835 4632 etiam
862 4575 1034 4632 Judaei
1067 4578 1377 4649 gentilibus,
1403 4580 1530 4649 quia
1560 4596 1744 4636 come-

152 4665 338 4722 derent
366 4667 698 4739 idolothyta,
728 4668 974 4725 dicentes
1001 4683 1096 4723 eos
1121 4668 1299 4723 adhuc
1327 4668 1591 4725 inhaarere
1624 4671 1744 4726 riti-

153 4757 248 4815 bus
273 4761 628 4828 gentilitatis;
664 4776 694 4816 e
721 4760 996 4816 contrario
1019 4759 1246 4830 gentiles
1273 4760 1509 4816 scientes
1553 4777 1748 4819 omnes

154 4855 302 4911 cibos
354 4854 616 4920 mundos,
673 4854 968 4910 utebantur
1007 4853 1137 4919 illis,
1166 4861 1490 4908 accusantes
1529 4851 1746 4910 Judaeos

155 4947 295 5015 quod
326 4963 437 5001 non
459 4946 725 5002 haberent
746 4947 1014 5017 integram
1028 4944 1220 5009 ﬁdem;
1249 4944 1378 5014 quia
1403 4944 1455 4998 in
1470 4944 1745 5000 huncnio-

156 5038 281 5092 dum
324 5038 710 5109 confligebant.
751 5037 1065 5107 Apostolus,
1108 5035 1295 5090 volens
1337 5050 1434 5090 cos
1485 5051 1746 5091 revocare

157 5129 218 5182 ad
251 5145 463 5199 pacem,
501 5129 723 5186 instruit
749 5144 847 5184 eos
869 5144 977 5183 non
1008 5127 1186 5182 facere
1217 5127 1535 5182 scandalum
1561 5125 1746 5182 fratri-

160 5219 256 5276 bus
286 5222 430 5277 inter
461 5237 522 5277 se
581 5237 680 5277 nec
707 5220 776 5275 de
797 5220 1152 5276 conscientiis
1172 5221 1310 5276 alter
1336 5221 1571 5276 alterum
1597 5221 1746 5291 judi-

157 5327 299 5368 care.
335 5313 664 5370 Scandalum
696 5312 930 5368 faciebat
957 5313 1066 5379 ille,
1117 5313 1211 5384 qui
1250 5324 1471 5383 propter
1510 5313 1744 5368 incitan-

157 5402 279 5459 dam
304 5405 440 5460 iram
471 5405 701 5476 proximi
725 5405 1043 5460 comedebat
1066 5405 1210 5474 quod
1239 5404 1546 5474 proximum
1573 5404 1747 5458 oﬁ‘en-

159 5495 320 5551 debat
346 5516 359 5551 :
391 5498 472 5551 vel
495 5513 623 5552 eum
654 5497 758 5553 sub
781 5496 1160 5552 incredulitate
1182 5495 1467 5552 comedere
1517 5494 1748 5552 faciebat

159 5588 305 5658 quod
354 5589 692 5644 immundum
735 5589 980 5660 putabat.
1011 5581 1266 5644 Iudicare
1299 5589 1368 5643 de
1396 5589 1748 5647 conscientiis

160 5689 419 5735 eratcornu
452 5681 695 5748 ludat-us,
729 5681 960 5740 credens
987 5681 1234 5751 quaedam
1263 5681 1565 5748 immunda,
1593 5683 1747 5740 dam-

167 5781 316 5826 naret
343 5775 610 5843 geutélem,
640 5774 829 5829 dicens
853 5786 979 5828 cum
1009 5772 1130 5828 ideo
1153 5772 1233 5828 uti
1259 5772 1592 5847 idolothytis,
1619 5775 1746 5844 quia

1842 1921 1898 1960 se
1917 1906 2084 1960 credit
2121 1924 2272 1977 posse
2301 1910 2622 1966 manducare
2658 1915 2857 1980 omnia,
2885 1918 3083 1973 sciens'
3107 1919 3290 1974 omnia
3315 1938 3437 1976 esse

1843 1998 2068 2064 munda,
2103 2007 2158 2053 et
2195 2000 2282 2054 hic
2307 2011 2389 2056 est
2415 2002 2518 2057 ﬁde
2541 2004 2752 2060 ﬁrmus.
2783 2005 2936 2062 Alius
2964 2019 3145 2064 autem
3172 2022 3256 2066 est
3280 2013 3435 2067 inﬁr—

1843 2105 1989 2156 mus,
2017 2099 2218 2160 putans
2242 2107 2300 2147 se
2321 2107 2429 2146 non
2453 2109 2614 2168 posse
2637 2096 2820 2150 omnia
2845 2100 3194 2156 manducare.
3219 2102 3314 2158 Ilic
3339 2119 3436 2158 au—

1842 2189 1951 2236 tem
1980 2181 2070 2250 qui
2094 2181 2338 2251 inﬁrmus
2371 2191 2468 2250 est,
2501 2184 2692 2240 nolens
2724 2187 2803 2240 uti
2841 2189 3100 2245 carnibus
3129 2193 3430 2261 gentilium,

1842 2269 2144 2337 manducet,
2169 2271 2222 2325 id
2243 2279 2327 2326 est
2354 2273 2702 2342 permittatur
2747 2277 2970 2331 mandui
2989 2294 3079 2333 are
3111 2280 3247 2346 olus,
3279 2282 3330 2335 id
3353 2292 3437 2336 est

1842 2361 1888 2417 si
1929 2362 2058 2416 velit
2091 2363 2365 2420 abstinere
2402 2383 2414 2418 :
2458 2365 2650 2435 utique
2692 2366 2897 2434 bonum
2939 2378 3043 2436 est,
3090 2387 3189 2427 nec
3218 2373 3434 2442 inquie-

1841 2461 2003 2508 tetur.

1911 2545 2011 2602 IIic
2042 2545 2230 2617 incipit
2260 2563 2605 2618 compescere
2633 2547 2912 2605 Romanos
2935 2593 2949 2616 ,
2997 2567 3066 2606 ne
3093 2552 3337 2622 judicent
3363 2555 3430 2608 de.

1841 2641 2218 2696 conscientiis.
2249 2639 2355 2708 Qui
2386 2656 2496 2695 non
2530 2638 2646 2696 vult
2673 2643 3040 2708 mandUCare,
3089 2645 3436 2713 permittatur

1841 2731 2136 2788 abstinere.
2169 2730 2226 2786 Is
2249 2741 2433 2788 autem
2464 2733 2555 2802 qui
2584 2735 2890 2799 manducat,
2924 2735 3104 2790 sciens
3132 2750 3324 2790 omnes
3352 2738 3432 2791 ci-

1838 2825 1940 2881 bos
1960 2841 2081 2882 esse
2103 2825 2341 2882 mundos
2358 2868 2373 2892 ,
2399 2843 2503 2880 non
2540 2835 2754 2896 spernat
2783 2845 2885 2880 non
2912 2829 3313 2882 manducantem
3333 2872 3346 2896 ,
3375 2829 3429 2883 id

1837 2928 1920 2974 est
1936 2919 2153 2992 gentilis
2173 2919 2468 2975 comedens
2505 2933 2615 2974 non
2654 2917 3236 2977 contemnatJudaeum
3262 2923 3435 2977 absti-

1836 3023 2055 3070 nentem
2073 3056 2089 3078 ,
2120 3031 2357 3086 arguens
2382 3031 2507 3070 eum
2539 3015 2606 3070 de
2635 3015 3045 3084 impcrf'ectione
3073 3017 3219 3071 ﬁdei.
3248 3016 3318 3070 Et
3343 3015 3433 3072 ille

1839 3107 1930 3177 qui
1967 3123 2068 3162 non
2095 3107 2403 3170 manducat,
2430 3106 2482 3160 id
2505 3115 2591 3161 est
2617 3103 2860 3173 Iudaeus,
2890 3123 2992 3160 non
3016 3106 3244 3176 judicet,
3278 3109 3330 3164 id
3351 3120 3436 3164 est

1855 3215 1965 3252 non
2006 3197 2232 3252 damnet
2285 3198 2696 3252 manducantem
2767 3199 3043 3270 gentilem.
3106 3197 3226 3255 Non
3271 3201 3436 3256 debet

1849 3289 1988 3344 alter
2014 3289 2247 3344 alterum
2277 3303 2535 3359 spernere
2558 3303 2655 3344 seu
2681 3288 2929 3359 judicare
2955 3305 2974 3343 .'
3011 3307 3132 3344 nam
3164 3291 3306 3346 Deus
3339 3311 3431 3347 as.

1848 3381 2070 3450 sumpsit
2100 3378 2277 3446 illum,
2302 3378 2355 3434 id
2389 3387 2475 3435 est
2509 3387 2802 3449 utrumque
2823 3387 2877 3435 ct
2897 3381 3350 3450 manducantem,
3383 3393 3439 3438 et

1849 3488 1957 3526 non
1985 3471 2429 3527 manducantem.
2454 3471 2754 3542 Assumpsit
2782 3472 2905 3528 dico
2944 3489 3039 3542 per
3081 3473 3242 3528 ﬁdem
3271 3490 3438 3545 quam

1844 3561 1959 3632 jam
1991 3563 2195 3618 habent
2228 3570 2290 3617 ut
2314 3577 2523 3618 servos.
2546 3561 2613 3616 Et
2648 3563 3091 3634 quandoquidem
3131 3578 3163 3619 a
3207 3562 3318 3619 Deo
3345 3581 3436 3620 as-

1848 3655 2051 3726 sumpti
2076 3664 2207 3711 sunt
2236 3653 2364 3710 facti
2409 3655 2551 3710 servi
2590 3655 2740 3725 ejus,
2775 3664 2830 3708 tu
2852 3657 2969 3726 quis
3014 3672 3068 3710 es
3106 3657 3196 3726 qui
3225 3653 3438 3725 judice:

1848 3765 2054 3803 servum
2073 3747 2351 3801 alienum?
2384 3744 2496 3800 Nec
2517 3745 2662 3816 leges
2691 3746 2879 3799 mundi
2911 3747 3015 3801 hoc
3045 3747 3348 3815 patiuntur,
3379 3756 3440 3799 ut

1849 3855 2042 3896 servus
2069 3839 2138 3893 ab
2167 3839 2298 3892 alio'
2319 3853 2486 3908 quam
2529 3852 2559 3891 a
2603 3837 2827 3892 domino
2861 3851 2963 3891 suo
2989 3835 3283 3907 judicetur.
3317 3835 3438 3890 Non

1849 3940 2040 4001 utique
2062 3930 2310 4000 judicare
2330 3929 2496 3985 debes
2519 3929 2758 3983 alienum
2792 3943 3008 3984 servum
3040 3947 3054 3983 :
3086 3928 3214 3998 quia
3244 3943 3437 3984 servus

1850 4023 1940 4078 ille
1961 4032 2067 4076 stat
2100 4023 2235 4076 bene
2257 4019 2534 4092 operando
2557 4029 2868 4075 reservatus
2899 4020 3135 4086 domino,
3171 4019 3222 4074 id
3246 4027 3330 4075 cst
3346 4019 3438 4089 ju-

1846 4113 1992 4170 dicio
2013 4113 2220 4170 domini
2253 4113 2362 4179 sui,
2401 4121 2495 4166 aut
2519 4111 2794 4182 peccando
2825 4111 2971 4166 cadit
3010 4127 3041 4165 a
3083 4111 3308 4166 domino
3333 4126 3437 4166 suo

1841 4205 2194 4276 judicandus.
2221 4203 2279 4259 Si
2301 4204 2464 4259 etiam
2490 4204 2649 4274 plane
2672 4203 2888 4258 noveris
2910 4218 3035 4256 eum
3060 4202 3342 4267 cecidisse,
3367 4218 3438 4257 ne

1849 4307 2029 4354 tamen
2051 4297 2264 4368 judiccs
2289 4311 2412 4352 eum
2440 4316 2453 4351 :
2479 4296 2606 4366 quia
2636 4311 2758 4350 cras
2781 4303 2958 4366 potest
2980 4294 3293 4364 paenitendo
3315 4311 3439 4350 esse

1846 4394 2040 4450 melior
2062 4402 2136 4460 te,
2159 4401 2214 4448 et
2232 4393 2298 4448 de
2312 4392 2568 4448 omnibus
2588 4392 2727 4446 bona
2754 4407 2966 4462 semper
2983 4391 3221 4461 suspicio
3245 4400 3436 4446 tenen-

1847 4487 1916 4542 da
1937 4495 2040 4542 est.
2065 4485 2224 4552 Quia,
2251 4485 2298 4540 si
2332 4485 2495 4538 etiam
2521 4483 2748 4550 cecidit,
2782 4483 2948 4538 stabit
2978 4492 3158 4538 autem
3185 4482 3437 4540 fortassis

1847 4594 1994 4644 eras,
2025 4578 2078 4633 id
2093 4587 2178 4632 est
2199 4575 2354 4632 fortis
2375 4575 2656 4646 apparebit
2681 4577 2733 4630 in
2749 4577 2913 4630 bono.
2941 4574 3077 4629 Vere
3099 4576 3246 4644 quod
3269 4575 3438 4630 stabit

1850 4668 2242 4740 suspicandum
2259 4667 2430 4723 estde
2451 4682 2518 4722 eo
2545 4686 2556 4721 :
2584 4683 2706 4722 nam
2729 4666 2892 4731 Deus,
2917 4665 3005 4720 cui
3029 4673 3333 4729 scrvuscst,
3348 4681 3439 4735 po-

1850 4771 1962 4816 tens
1993 4769 2070 4816 est
2099 4760 2296 4816 iterum
2321 4767 2553 4812 statuere
2573 4774 2712 4812 eum.
2743 4755 2881 4823 Quia
2907 4754 3120 4809 Domini
3147 4754 3322 4808 solum
3354 4761 3440 4808 est

1845 4855 2100 4927 judicare
2123 4868 2371 4918 servum,
2415 4861 2472 4907 tu
2499 4866 2608 4907 non
2639 4849 3067 4919 debesjudicare
3095 4861 3219 4901 eum
3239 4889 3254 4913 ,
3292 4862 3434 4916 pne-

1852 4953 1999 5000 terea
2027 4943 2150 4999 ideo
2181 4957 2251 4998 ne
2279 4942 2508 4996 damnes
2541 4955 2689 4996 eum.
2721 4937 2857 4992 Nam
2893 4937 3040 5008 quod
3063 4935 3222 5005 facit,
3255 4952 3319 4993 ex
3345 4937 3437 5008 ju-

1849 5034 1994 5090 dicio
2016 5043 2071 5090 et
2097 5049 2231 5090 sana
2274 5031 2576 5086 intentione
2622 5029 2790 5085 animi
2837 5028 2984 5086 facit.
3016 5028 3173 5098 Quod
3204 5030 3285 5086 sie
3315 5033 3391 5086 ait
3419 5050 3435 5089 :

1850 5125 2005 5180 Alius
2053 5141 2149 5182 seu
2195 5123 2418 5178 Judteus
2457 5138 2484 5178 ε
2519 5139 2554 5178 ιι
2603 5121 2820 5194 gentilis
2853 5121 3066 5192 judicat
3112 5123 3252 5177 diem
3297 5126 3440 5180 inter

1851 5217 2025 5282 diem,
2063 5215 2116 5270 id
2143 5223 2227 5270 est
2254 5228 2366 5268 uno
2403 5212 2490 5268 dis
2520 5213 2937 5280 abstinendum,
2968 5213 3077 5268 alio
3116 5229 3245 5268 non.
3279 5215 3438 5272 Alius

1853 5317 2028 5363 autem
2047 5306 2260 5378 judicat
2287 5321 2490 5362 omnen
2515 5306 2654 5360 diem
2697 5305 2750 5360 in
2780 5306 3105 5363 abstinentia
3137 5308 3440 5364 observan-

1852 5401 1981 5456 dum
1999 5443 2014 5468 ,
2039 5409 2094 5457 et
2114 5400 2426 5472 quicunque
2444 5399 2466 5470 j
2511 5399 2656 5455 dicat
2680 5399 3060 5455 abstinendum
3089 5415 3222 5455 sane
3249 5401 3436 5466 sentit,
3505 5425 3520 5446 -.

1853 5502 1907 5548 et
1947 5494 2070 5546 inde
2099 5494 2406 5548 laudandus
2430 5509 2490 5547 ες
2545 5508 2654 5547 non
2688 5492 3049 5547 damnandus.
3079 5492 3184 5559 Qui
3226 5493 3438 5562 judicat
3507 5500 3518 5508 ‘

1854 5584 2262 5651 abstinendum,
2282 5584 2397 5639 sive
2419 5584 2526 5646 hic,
2554 5583 2668 5638 sive
2699 5583 2788 5637 ille
2807 5625 2821 5648 ,
2851 5599 2980 5637 sane
3013 5583 3179 5638 sentit
3211 5599 3223 5635 :
3261 5590 3317 5637 et
3343 5597 3437 5636 voc

1855 5678 1908 5732 Io
1929 5685 1989 5732 ut
2015 5678 2370 5749 unusquisque
2394 5676 2622 5730 abundet
2646 5676 2701 5727 in
2735 5691 2829 5727 suo
2861 5691 3043 5740 sensu,
3073 5674 3125 5728 id
3155 5683 3241 5730 cst
3284 5675 3338 5730 in
3369 5688 3436 5728 co

1854 5776 2306 5859 qmapientcr
2336 5773 2501 5829 sentit
2531 5781 2583 5828 et
2613 5780 2896 5842 operatur,
2925 5778 2984 5824 ut
3027 5768 3269 5843 simodo
3297 5770 3436 5826 bene
