3978 6408
511 358 613 418 ιη

1043 354 1105 413 S.
1145 350 1499 408 BRUNONlS
1527 346 2173 406 CARTIlUSlANOKUM
2214 337 2708 400 INSTIT’UTORIS
2745 339 2898 397 οιφ.
2938 339 3125 396 PARS
3160 339 3225 396 Ιῐ.

506 476 768 539 abstinet,
796 469 1147 544 postmodum
1196 468 1394 523 melius
1428 464 1728 530 abstineat,
1782 471 1836 517 et
1890 470 2084 517 caetera
2115 466 2159 523 Α
2188 458 2484 531 prohibere
2504 456 2777 528 judicium
2808 455 3161 540 praalatorum
3182 454 3237 509 iu
3264 453 3541 544 subditos,
3568 453 3638 511 de
3656 457 3783 527 qui—

506 574 651 627 bona
679 542 934 623 sectetur.
969 559 1278 618 Notandum
1312 569 1395 616 est
1420 558 1564 629 quod
1611 557 1658 612 si
1686 555 1960 611 abstinere
1989 569 2087 611 eos
2190 552 2294 606 bus
2313 549 2563 621 judicare
2581 548 2808 614 debent,
2836 546 2932 602 sed
2954 547 3103 602 solos
3123 544 3375 601 subditos
3389 542 3702 616 compescit
3715 561 3785 602 ne

508 663 716 718 malum
745 665 921 722 esset,
949 655 1118 709 nollet
1146 668 1242 708 eos
1278 650 1572 723 Apostolus
1597 647 1875 703 abundare
1902 647 1957 701 in
1983 647 2089 702 hoc

508 768 675 809 sensu
706 769 718 804 :
747 749 871 804 ideo
892 745 1083 816 utique
1106 752 1256 815 opto,
1289 750 1347 795 ut
1378 741 1431 794 in
1456 740 1559 793 hoc
1584 754 1751 793 sensu
1778 736 2084 803 abundent;

506 844 632 916 quia
653 840 744 913 qui
774 838 916 909 sapit
934 836 1104 903 diem,
1136 834 1189 889 id
1218 840 1302 888 est
1328 831 1421 902 qui
1450 830 1505 884 in
1543 828 1875 884 abstinentia
1900 828 2091 883 obser-

514 944 601 990 vat
624 934 799 1000 diem,
821 932 962 1001 sapit
992 930 1096 984 hoc
1122 924 1345 981 Domino
1363 967 1376 991 ,
1411 923 1464 978 id
1486 922 1661 978 estad
1686 921 1952 977 honorem
1978 920 2089 975 Do-

509 1026 645 1082 mini
679 1044 690 1080 :
719 1035 767 1079 et
789 1025 880 1095 qui
908 1020 1215 1085 manducat,
1247 1016 1532 1070 manducet
1563 1015 1817 1070 similiter
1840 1012 2086 1067 Domino.

516 1116 654 1171 Nam
692 1115 1017 1170 manducans
1054 1112 1163 1181 agit
1201 1110 1405 1180 gratias
1435 1108 1544 1162 Deo
1578 1124 1594 1161 :
1626 1116 1681 1161 et
1711 1122 1809 1177 pro
1840 1120 1976 1161 sano
2008 1105 2092 1159 in-

512 1207 729 1261 tellectu
761 1203 946 1258 habito
975 1200 1041 1255 de
1064 1198 1333 1256 creaturis
1354 1197 1481 1264 Dei,
1513 1206 1567 1251 et
1596 1197 1723 1268 quia
1752 1203 2093 1251 sustentatur

506 1297 593 1352 his
620 1292 921 1351 beneﬁciis.
947 1288 1017 1344 Ει
1057 1289 1147 1344 ille
1177 1289 1266 1361 qui
1294 1304 1395 1342 non
1438 1287 1756 1353 manducat,
1795 1302 1897 1339 non
1940 1301 2092 1337 man-

504 1389 664 1441 ducat
695 1385 921 1440 Domino
945 1425 960 1451 ,
992 1382 1047 1437 id
1083 1391 1169 1437 est
1213 1380 1429 1451 jejunat
1470 1379 1535 1434 ad
1586 1379 1848 1433 honorem
1885 1376 2007 1442 Dei,
2040 1386 2090 1430 et

502 1480 705 1550 gratias
740 1477 943 1532 iterum
974 1475 1087 1546 agit
1123 1473 1352 1526 Domino
1382 1487 1479 1542 pro
1498 1469 1825 1526 abstinentia
1847 1469 1949 1524 sibi
1974 1468 2090 1523 col-

505 1572 611 1624 lata
650 1590 661 1625 :
701 1579 755 1625 et
777 1585 874 1639 per
896 1568 1004 1622 hoc
1035 1565 1170 1621 satis
1199 1563 1508 1620 ostenditur
1531 1571 1826 1632 utrumque
1848 1576 1981 1615 sane
2008 1561 2093 1614 in-

505 1662 777 1734 telligere,
812 1667 1179 1727 neutrumque
1211 1671 1310 1727 pro
1338 1657 1443 1711 hoc
1465 1656 1661 1711 debere
1691 1653 1958 1709 damnari.
1995 1651 2091 1707 Vel

505 1754 639 1807 illud
662 1750 918 1821 superius
943 1749 1098 1804 aliter
1119 1747 1351 1819 legitur:
1373 1745 1450 1802 Ne
1475 1747 1688 1818 judices
1713 1747 1950 1801 alienum
1978 1761 2092 1801 ser-

508 1861 640 1900 vum
672 1862 686 1911 ;
716 1859 845 1897 nam
888 1842 1059 1909 alius,
1112 1841 1167 1897 id
1198 1850 1281 1897 est
1308 1841 1499 1907 homo,
1531 1840 1744 1911 judicat
1779 1840 1916 1893 diem
1956 1840 2095 1893 inter

507 1937 670 2003 diem,
712 1935 763 1990 id
796 1934 968 1990 estde
986 1933 1241 2006 praesenti
1272 1933 1471 1987 solum.
1504 1932 1691 1998 Alius,
1725 1931 1775 1986 id
1806 1940 1891 1987 est
1925 1931 2092 1998 Deus,

503 2026 715 2095 iudicat
745 2039 966 2079 omnem
1000 2023 1143 2078 diem
1163 2064 1177 2091 ,
1210 2022 1291 2078 sic
1322 2022 1390 2077 de
1416 2021 1603 2077 futuro
1631 2030 1690 2076 ut
1720 2023 1788 2077 de
1813 2021 2089 2092 praesenti.

503 2116 571 2173 Et
625 2132 750 2172 cum
788 2115 954 2170 homo
999 2130 1132 2171 sane
1168 2114 1378 2186 judicet
1425 2115 1491 2170 de
1545 2116 1832 2186 praesenti,
1862 2115 1987 2170 volo
2034 2124 2094 2170 ut

506 2206 893 2276 unusquisque
924 2204 1212 2259 hominum
1241 2205 1471 2258 abundet
1494 2208 1549 2257 in
1578 2221 1673 2258 suo
1709 2221 1864 2258 sensu
1894 2204 2038 2258 bono
2077 2224 2089 2259 :

505 2305 700 2349 caetera
724 2311 829 2349 non
858 2302 1162 2348 mutantur.
1195 2292 1433 2364 Uterque
1462 2294 1803 2349 manducaus
1828 2304 1882 2349 et
1923 2295 2094 2348 absti-

509 2401 645 2439 nens
684 2385 887 2454 gratias
914 2384 1025 2454 agit
1056 2381 1203 2449 Deo,
1230 2382 1470 2454 etjuste.
1507 2381 1655 2436 Nam
1679 2399 1829 2437 nemo
1856 2392 2093 2437 nostrum

508 2476 635 2529 sirit
660 2475 792 2538 sibi,
824 2474 873 2529 id
903 2483 987 2529 est
1010 2489 1171 2529 nemo
1196 2474 1358 2530 debet
1384 2490 1629 2544 quzerere
1654 2474 1885 2546 gloriam
1912 2491 2091 2542 suam,

508 2568 639 2623 dum
670 2566 833 2632 vivit,
863 2574 911 2619 et
936 2581 1085 2619 nemo
1109 2564 1386 2636 justorum
1419 2565 1647 2619 moritur
1676 2565 1928 2621 similiter
1968 2568 2090 2621 sibi.

519 2657 660 2713 Vere
690 2674 793 2712 nec
833 2656 1069 2713 vivimus
1106 2672 1207 2712 nec
1237 2656 1507 2712 morimur
1534 2657 1725 2724 nobis,
1755 2674 1880 2712 nam
1909 2657 2098 2712 Domi-

512 2767 584 2806 no
616 2769 628 2806 :
668 2750 775 2804 sive
802 2750 944 2803 enim
972 2748 1217 2815 vivimus,
1238 2747 1464 2803 Domino
1485 2792 1500 2816 ,
1531 2746 1585 2803 id
1624 2758 1708 2804 est
1735 2749 1802 2804 ad
1828 2750 2093 2805 honorem

512 2841 728 2899 Domini
774 2841 1013 2896 vivimus
1042 2859 1055 2907 ;
1083 2841 1189 2895 sive
1233 2842 1520 2909 morimur,
1552 2840 1781 2895 Domino
1816 2843 2091 2897 morimur.

506 2934 574 2988 Et
615 2934 746 3004 quia
781 2933 1018 2989 vivimus
1039 2942 1093 2989 et
1120 2932 1697 3008 morimur-Domino,
1736 2950 1867 3006 ergo
1913 2951 2094 2989 sumus

509 3024 887 3099 76»Domini,
908 3026 1014 3080 sive
1064 3026 1287 3080 vivimus
1309 3068 1326 3093 ,
1346 3027 1453 3081 sive
1488 3027 1775 3083 morimur.
1802 3027 1983 3095 Quare
2014 3036 2093 3094 tu,

2125 1802 2167 1862 ll

2191 659 2251 698 se
2286 642 2612 698 alterutrum
2639 648 2980 712 praesumant
3009 638 3285 710 judicare.
3315 637 3619 709 Postquam
3646 639 3788 696 satis

2191 734 2430 792 ostendit
2445 751 2554 790 non
2566 733 2765 790 debere
2786 747 2847 789 se
2874 732 3105 787 invicem
3124 730 3374 802 judicare
3396 730 3464 784 de
3495 731 3789 786 conscios»-

2191 828 2284 885 tiis
2303 871 2322 895 ,
2349 827 2603 898 prohibet
2628 842 2725 881 eos
2748 841 2780 880 a
2823 824 3102 880 scandatis
3131 822 3364 878 fratrum
3383 865 3401 889 ,
3430 823 3621 878 dicens
3657 840 3682 876 ε
3707 822 3797 877 Ne

2182 918 2438 990 judicetis
2466 917 2717 983 invicem,
2748 915 2840 969 sed
2875 915 2971 969 hoc
3004 915 3176 986 magis
3205 914 3485 983 judicate,
3522 930 3587 968 ne
3614 932 3791 984 pona-

2194 1012 2260 1065 tis
2285 1007 2665 1079 oﬂ‘endiculum
2687 1008 2849 1078 fratri
2867 1048 2882 1074 ,
2919 1006 2999 1061 uel
3017 1004 3354 1060 scandalum.
3386 1005 3793 1075 Olfendiculum

2191 1109 2383 1169 vocat,
2424 1109 2486 1155 ut
2528 1100 2576 1156 si
2623 1098 2825 1156 faceret
2877 1098 3105 1154 fratrem
3136 1111 3369 1168 peccare
3403 1098 3792 1153 comedentem

2192 1194 2248 1248 in
2273 1192 2660 1249 incredulitate
2678 1234 2694 1259 ,
2723 1191 2811 1246 vel
2846 1191 2892 1246 si
2914 1205 2982 1246 eo
3004 1190 3194 1244 animo
3217 1188 3559 1256 comederet,
3588 1184 3654 1244 ut
3675 1187 3795 1244 fra-

2192 1294 2276 1340 ter
2299 1284 2405 1340 hoc
2429 1284 2759 1339 abominans
2787 1282 3062 1338 rixaretur
3086 1290 3145 1337 et
3176 1290 3460 1352 sperneret
3485 1282 3791 1337 comeden-

2192 1386 2323 1435 tem.
2354 1376 2682 1432 Scandalum
2706 1384 2868 1432 vocat
2890 1374 3369 1431 contristationem
3411 1366 3600 1429 fratris
3629 1374 3797 1428 habi-

2192 1476 2305 1524 tam
2318 1483 2385 1523 ex
2397 1482 2464 1523 eo
2482 1467 2632 1539 quod
2654 1466 2802 1522 videt
2816 1481 2943 1521 eum
2966 1465 3254 1522 comedere
3266 1465 3416 1535 quod
3435 1464 3796 1520 immundum

2192 1571 2368 1634 putat.
2406 1560 2682 1633 Objieeret
2715 1560 2889 1616 Paulo
2931 1560 3045 1617 ille”
3067 1561 3164 1633 qui
3208 1560 3468 1617 omnibus
3515 1561 3793 1616 utendum

2192 1668 2315 1709 esse
2339 1654 2627 1724 intelligit:
2652 1652 2735 1707 Tu
2795 1653 3029 1709 fortasse
3051 1669 3177 1709 cum
3220 1651 3410 1709 ludaso
3443 1653 3754 1710 inﬁrmatis
3777 1697 3802 1721 ,

2194 1743 2289 1813 qui
2311 1743 2451 1798 dicis
2472 1759 2560 1797 me
2580 1742 2853 1797 offendere
2877 1758 3001 1797 cum
3027 1752 3152 1797 utor
3181 1742 3450 1798 creawris
3474 1742 3594 1799 Dei.
3622 1744 3798 1800 Absit

2196 1835 2302 1889 hoc
2324 1876 2339 1899 ,
2368 1834 2444 1889 ait
2471 1833 2701 1899 Paulus,
2728 1842 2788 1888 ut
2822 1848 2926 1903 ego
2947 1848 3204 1888 accusem
3225 1842 3309 1900 te,
3338 1833 3471 1904 quin
3495 1849 3632 1890 sane
3661 1850 3798 1891 cre-

2194 1928 2313 1983 das.
2357 1925 2482 1981 Scio
2515 1926 2667 1980 enim
2692 1934 2746 1980 et
2781 1926 2887 1980 hoc
2919 1926 3127 1996 confido
3161 1927 3220 1979 in
3243 1925 3481 1980 Domino
3515 1924 3691 1993 Iesu,
3741 1926 3805 1982 id

2194 2024 2279 2071 est
2310 2031 2407 2087 per
2442 2014 2632 2070 Jesum
2660 2015 2762 2070 tibi
2796 2023 2994 2082 testor,
3027 2014 3166 2086 quod
3194 2014 3329 2069 nihil
3357 2024 3437 2070 est
3463 2032 3757 2072 cmmuu
3778 2057 3803 2082 ,

2195 2110 2248 2166 id
2294 2119 2379 2166 est
2409 2108 2754 2165 immundum
2790 2128 2803 2164 :
2835 2116 2892 2165 et
2931 2110 3038 2165 hoc
3080 2125 3175 2180 per
3212 2110 3418 2181 ipsum,
3450 2110 3508 2165 id
3556 2120 3646 2167 est
3693 2128 3802 2182 per

2193 2202 2474 2258 Christum
2503 2202 2598 2273 qui
2630 2218 2730 2259 nos
2757 2203 2923 2258 solvit
2948 2218 2979 2258 a
3000 2203 3146 2274 lege,
3176 2203 3283 2259 sub
3304 2218 3414 2273 qua
3443 2204 3615 2258 multa
3641 2202 3803 2273 judi-

2194 2294 2462 2350 cabantur
2480 2294 2763 2349 immunda
2788 2312 2805 2362 ;
2836 2294 2930 2350 sed
2960 2294 3092 2365 quia
3131 2302 3397 2350 evacuata
3425 2295 3531 2350 hac
3555 2295 3683 2365 lege
3718 2296 3794 2350 li—

2195 2387 2377 2442 bertas
2413 2385 2623 2441 reddita
2672 2395 2799 2454 est,
2839 2386 2955 2457 jam
2985 2401 3279 2442 commune
3326 2386 3620 2441 dicendum
3680 2397 3795 2443 est.

2198 2478 2325 2533 Scio
2353 2479 2542 2549 utique
2569 2479 2706 2533 nihil
2746 2493 2869 2534 esse
2897 2492 3192 2533 commune
3238 2477 3345 2535 nisi
3388 2477 3557 2548 eiqui
3590 2480 3801 2534 existi-

2196 2578 2309 2623 mat
2353 2568 2559 2639 aliquid
2604 2583 2892 2624 commune
2951 2582 3075 2623 esse
3125 2586 3138 2621 :
3188 2566 3266 2621 illi
3311 2581 3410 2637 pro
3448 2575 3603 2622 certo
3635 2584 3805 2623 οοωο

2196 2676 2360 2715 mune
2384 2668 2492 2727 est,
2509 2675 2618 2715 non
2647 2668 2870 2731 propter
2890 2660 3066 2729 ipsam
3088 2667 3420 2727 creaturam,
3437 2659 3533 2714 sed
3562 2670 3803 2730 propter

2196 2750 2320 2806 fidei
2351 2765 2465 2805 sua:
2495 2750 2897 2805 infirmitatem.
2920 2747 2999 2804 Ne
3030 2763 3208 2820 ponas
3234 2748 3559 2804 scandalum
3601 2748 3800 2805 fratri.

2198 2839 2343 2895 Nam
2384 2842 2431 2895 si
2454 2841 2624 2911 frater
2650 2849 2771 2895 tuus
2793 2841 3146 2894 contristatur
3171 2849 3386 2911 propter
3413 2840 3592 2894 cibum
3633 2858 3807 2911 quem

2195 2934 2385 3000 sumis,
2417 2932 2537 3003 jam
2562 2948 2666 2986 non
2696 2931 2940 2986 ambulas
2962 2931 3250 2986 secundum
3273 2931 3624 3000 chttritatem,
3655 2932 3805 3002 quia

2196 3040 2307 3080 non
2330 3024 2476 3097 geris
2495 3039 2687 3079 curam
2717 3024 2974 3095 proximi.
3008 3021 3081 3078 Ut
3114 3023 3184 3078 ab
3225 3022 3553 3079 offendicqu
3596 3022 3804 3079 fratris

507 3118 849 3189 quicunque,
873 3115 1175 3185 nejudices
1192 3116 1432 3171 alienum
1460 3131 1701 3173 servum.
1718 3117 1856 3174 Vere
1880 3117 2096 3173 Domini
2123 3142 2167 3205 ο
2199 3132 2395 3173 caveas
2413 3159 2428 3184 ,
2472 3115 2598 3185 noli
2619 3116 2736 3170 cibo
2762 3124 2853 3170 tuo
2882 3115 2999 3187 (qui
3024 3115 3133 3171 vile
3160 3115 3293 3186 quid
3325 3117 3429 3185 est)
3473 3115 3702 3186 perdere
3727 3116 3803 3169 il-

506 3223 700 3263 sumus
725 3226 736 3260 :
767 3208 956 3260 namin
980 3206 1075 3260 hoc
1089 3216 1412 3262 mortuusest
1431 3205 1673 3263 Christus
1708 3218 1756 3264 et
1780 3211 2094 3278 resurrexit,

511 3306 569 3369 ut
595 3312 691 3367 per
731 3297 989 3351 meritum
1020 3298 1215 3353 mortis
1241 3306 1297 3353 et
1333 3299 1631 3367 potentiam
1676 3301 2099 3357 resurrectionis

507 3387 820 3442 dominetur
846 3398 1191 3443 mortuorum
1236 3397 1291 3444 et
1335 3389 1610 3446 vivorum.
1650 3390 1717 3447 Et
1769 3409 1894 3447 cum
1954 3392 2097 3451 Deus

510 3479 759 3535 omnium
786 3480 1099 3535 dominetur
1118 3522 1133 3546 ,
1162 3490 1217 3534 tu
1245 3490 1423 3535 autem
1449 3482 1731 3538 abstinens
1754 3485 1909 3554 quid,
1933 3485 1987 3540 id
2014 3493 2099 3542 est

507 3586 681 3644 quare
699 3571 918 3642 judicas
945 3571 1168 3641 fratrem
1200 3580 1349 3625 tuum
1392 3573 1817 3628 manducantem
1842 3617 1857 3641 ,
1899 3584 1994 3629 aut
2039 3585 2097 3630 tu

509 3658 852 3717 manducans
876 3675 1039 3733 quare
1061 3660 1265 3732 spernis
1301 3660 1522 3731 fratrem
1548 3670 1697 3715 tuum
1721 3662 2099 3733 jejunantem?

562 3749 741 3806 Nolite
769 3765 867 3806 vos
895 3750 1221 3805 alterutrum
1243 3750 1492 3821 judicare
1522 3770 1535 3806 :
1569 3769 1694 3806 nam
1721 3769 1899 3807 omnes
1929 3756 2098 3809 stabi-

502 3860 621 3898 mus
649 3852 771 3898 ante
800 3842 1040 3898 tribunal
1080 3842 1175 3898 Dei
1197 3885 1225 3912 ,.
1255 3842 1603 3914 judicandia
1652 3843 1797 3900 Deo..
1821 3842 2095 3900 Stabimus

504 3936 638 3993 dicit
665 3952 696 3991 a
739 3936 1096 3992 similitudine
1124 3937 1562 4006 exspectantium
1592 3936 1920 3993 sententiam
1946 3936 2097 4009 judi-

504 4026 594 4083 eii.
621 4025 886 4081 Tribunal
909 4026 1043 4081 dicit
1071 4025 1229 4096 quasi
1273 4024 1419 4082 Deus
1449 4041 1709 4083 sessurus
1749 4026 1852 4094 sit,
1880 4027 1949 4082 ad
1974 4042 2095 4082 mo-

504 4117 639 4172 dum
667 4116 962 4187 cujuslibet
1002 4116 1241 4187 potentis
1287 4132 1388 4187 pro
1416 4117 1696 4173 tribunali.
1735 4116 1875 4173 Vere
1900 4133 2095 4175 omnes

490 4208 773 4289 stabimus
799 4226 811 4262 :
838 4224 963 4262 nam
992 4208 1065 4262 ita
1088 4200 1345 4278 scriptum
1380 4218 1457 4262 est
1486 4187 1653 4264 'rhaac
1674 4207 1808 4264 dicit
1830 4207 2093 4267 Dominus

502 4315 602 4371 per
642 4298 841 4355 Isaiam
876 4318 887 4353 :
929 4298 1044 4370 Ego
1084 4300 1197 4353 vivo
1241 4297 1378 4369 (Isa.
1418 4297 1689 4369 va,25).
1728 4299 1869 4356 Ecce
1908 4315 2093 4357 sacra-

504 4398 752 4446 mentum
780 4432 795 4458 ,
842 4399 904 4446 ut
955 4390 1102 4461 quod
1154 4390 1406 4461 sequitur
1456 4390 1763 4448 certissime
1812 4390 2088 4447 credatur.

2199 3206 2310 3261 tum
2336 3226 2357 3262 :.
2380 3216 2440 3262 ut
2460 3207 2551 3263 vel
2580 3205 2755 3263 facias
2773 3222 2902 3263 eum
2927 3206 3214 3262 comedere
3240 3214 3422 3261 tecum
3465 3204 3522 3260 in
3547 3204 3804 3261 infideli-

2197 3308 2342 3367 tate,
2370 3300 2456 3355 vel
2490 3299 2691 3356 rixeris
2712 3314 2839 3355 cum
2869 3299 2982 3354 illo.
3009 3296 3161 3366 Noli,
3213 3298 3471 3369 inquam,
3521 3312 3629 3369 pro
3677 3308 3803 3354 tam

2198 3392 2290 3447 vili
2314 3407 2373 3447 re
2403 3384 2675 3463 negligere
2706 3407 2834 3448 eum
2855 3432 2870 3460 ,
2900 3407 2996 3462 pro
3022 3407 3125 3462 quo
3148 3390 3394 3447 Christus
3418 3399 3663 3444 mortuus
3687 3400 3802 3455 est,

2199 3482 2253 3537 id
2275 3490 2359 3538 est
2386 3497 2550 3552 quem
2579 3480 2838 3538 Christus
2877 3481 3016 3536 adeo
3057 3480 3280 3548 dilexit,
3310 3487 3372 3535 ut
3400 3494 3500 3550 pro
3541 3493 3612 3534 eo
3642 3481 3803 3536 mori

2196 3575 2445 3630 voluerit.
2476 3572 2929 3644 Quandoquidem
2958 3572 3114 3628 cibus
3136 3571 3243 3626 vile
3262 3570 3396 3642 quid
3418 3579 3533 3638 est,
3554 3571 3805 3641 perdere

2197 3677 2378 3724 autem
2402 3667 2714 3738 proximum
2735 3680 2900 3737 grave
2919 3673 3032 3732 est,
3056 3679 3189 3737 ergo
3210 3679 3280 3719 ne
3300 3664 3425 3720 cibo
3444 3671 3641 3739 nostro
3664 3678 3807 3733 per-

2195 3761 2357 3817 datur
2386 3759 2704 3830 proximus-

2267 3850 2475 3905 Bonum
2495 3857 2767 3915 nostrum,
2800 3849 2852 3903 id
2881 3857 2973 3904 est
2991 3864 3161 3905 sanus
3187 3846 3496 3903 intellectus
3525 3861 3704 3917 quem
3731 3847 3819 3904 de

2194 3941 2463 3998 creaturis
2490 3941 2787 4006 habemus,
2820 3941 2926 3995 hoc
2954 3930 3144 4010 utique
3170 3938 3381 3994 bonum
3403 3954 3508 3992 non
3537 3936 3808 4009 blasphe-

2194 4043 2395 4101 metur,
2425 4034 2480 4089 id
2514 4042 2598 4090 est
2619 4050 2729 4089 non
2752 4035 2847 4088 fiat
2868 4030 3298 4102 blasphemabile
3315 4071 3331 4097 ,
3358 4038 3420 4085 ut
3440 4044 3537 4099 per
3556 4029 3667 4084 hoc
3696 4030 3807 4085 bo-

2193 4140 2325 4180 num
2371 4122 2596 4180 fratrem
2626 4124 2929 4193 simplicem
2964 4121 3326 4177 oﬂ'endamus.
3358 4118 3709 4175 Determinat
3745 4121 3817 4176 in

2191 4219 2393 4289 quibus
2414 4234 2522 4273 non
2547 4218 2620 4274 sit
2639 4215 3334 4287 oﬂendenduspnoximus:
3356 4215 3412 4270 in
3446 4214 3534 4270 his
3575 4214 3816 4271 scilicet

2192 4324 2315 4379 quas
2334 4307 2687 4363 salvationem
2716 4307 3052 4377 impediunt,
3074 4306 3200 4361 etin
3224 4306 3427 4377 quibus
3457 4318 3570 4359 non
3595 4303 3675 4360 sit
3700 4322 3805 4362 se-

2191 4399 2471 4470 quendus;
2497 4399 2551 4453 in
2576 4398 2662 4454 his
2684 4398 2893 4454 scilicet
2914 4413 3037 4468 qua!
3058 4398 3289 4453 salutem
3312 4396 3509 4453 animai
3523 4394 3810 4453 auferunt

500 4481 641 4559 Cum
694 4491 878 4538 tamen
928 4482 1100 4538 Isaias
1146 4484 1363 4539 dicebat
1414 4481 1561 4551 Vivo,
1631 4482 1966 4555 intelligebat
2021 4483 2090 4555 de
2124 4489 2565 4550 Ddicens:Cibo
2583 4507 2694 4546 non
2713 4489 3207 4560 debesproximum
3225 4487 3645 4559 perdere;nam
3666 4505 3818 4543 esca.

500 4574 727 4634 Christo
745 4618 760 4643 ,
789 4576 884 4647 qui
911 4585 1155 4648 gustaret
1185 4575 1478 4647 aliquando
1518 4583 1749 4632 mortem
1766 4618 1789 4644 ,
1818 4591 1983 4648 quem
2006 4591 2091 4631 re-
2192 4583 2299 4654 77
2325 4591 2376 4637 et
2422 4590 2575 4653 potus
2618 4600 2721 4638 non
2741 4592 2819 4636 est
2842 4597 3058 4654 regnum
3078 4580 3198 4649 Dei,
3244 4580 3298 4635 id
3323 4589 3408 4637 est
3426 4579 3507 4635 uti
3527 4579 3638 4636 hae
3657 4596 3817 4637 esca

499 4685 816 4749 surgentem
876 4675 1038 4730 Pater
1085 4675 1446 4731 constitueret
1495 4674 1743 4729 omnium
1803 4674 2087 4745 judicem:

497 4768 646 4839 quod
692 4767 941 4824 infideles
994 4765 1195 4822 falsum
1247 4774 1609 4838 putaverunt,
1667 4781 1793 4822 cum
1845 4765 2092 4821 viderent

497 4875 625 4915 eum
654 4871 956 4917 mortuum.
987 4858 1055 4915 Et
1083 4859 1137 4914 in
1167 4874 1301 4915 voce
1328 4856 1537 4914 Christi
1576 4856 1659 4914 sic
1686 4856 1763 4912 ait
1788 4875 1801 4912 :
1824 4854 1943 4928 Ego
1963 4871 2090 4912 vere

491 4950 622 5024 _vivo
655 4969 667 5004 :
695 4951 840 5021 quod
860 4951 1038 5022 palam
1064 4950 1167 5007 erit
1187 4966 1254 5006 ex
1284 4964 1382 5017 eo,
1410 4948 1671 5021 quoniam
1692 4947 1829 5001 mihi
1850 4947 2091 5018 ﬂectetur

483 5057 650 5117 .amne
676 5057 843 5112 genu,
874 5043 930 5099 id
970 5052 1054 5100 est
1075 5044 1257 5098 omnis
1287 5051 1542 5099 creatura
1608 5040 1747 5096 mihi
1784 5040 1840 5095 in
1879 5037 2090 5110 judicio

498 5130 863 5201 subjicietur;
915 5142 970 5189 et
1010 5141 1141 5189 tunc
1182 5134 1353 5188 omnis
1407 5134 1625 5207 lingua,
1675 5131 1730 5187 id
1778 5140 1867 5188 est
1904 5130 2088 5186 omnis

497 5222 836 5278 conscientia
881 5224 1219 5296 confitebitur
1250 5224 1499 5279 Domino.
1530 5224 1600 5280 Et
1638 5223 2083 5297 quandoquidem

497 5313 572 5368 ita
600 5314 882 5385 Scriptura
943 5317 1020 5373 ait
1069 5332 1296 5382 omnes,
1325 5317 1568 5385 scilicet,
1616 5334 1650 5373 a
1692 5317 1801 5374 Deo
1830 5316 2085 5389 judican-

496 5408 620 5474 dos,
662 5408 847 5481 itaque
872 5419 1089 5467 constat
1112 5411 1259 5481 quod
1299 5411 1655 5481 unusquisque
1684 5398 1924 5465 nostrum
1958 5409 2083 5464 red-

496 5499 593 5554 dat
628 5501 891 5555 rationem
937 5501 1046 5558 Deo
1081 5519 1177 5573 pro
1206 5518 1289 5567 se,
1321 5511 1374 5557 et
1414 5516 1524 5556 non
1568 5516 1670 5571 pro
1712 5500 2084 5573 proximo.yEt

496 5593 938 5665 quandoquidem
968 5611 1070 5666 pro
1094 5594 1259 5658 nobis,
1278 5593 1541 5649 reddituri
1569 5608 1762 5649 sumus
1787 5593 2081 5659 rationem,

496 5700 618 5754 ergo
644 5703 747 5740 non
772 5687 999 5759 amplius
1028 5687 1328 5757 judicemus
1356 5701 1457 5741 nos
1483 5686 1705 5741 invicem
1724 5728 1738 5754 ,
1771 5684 1824 5741 id
1853 5693 1939 5741 est
1960 5685 2087 5739 sub-

499 5777 648 5834 ditus
695 5781 991 5839 subditum.
1034 5780 1137 5836 Per
1185 5781 1331 5848 hoc,
1368 5780 1628 5847 inuicem,
1669 5780 1851 5836 innuit
1877 5793 1936 5834 se
1972 5793 2080 5833 non

2190 4685 2244 4730 et
2268 4675 2372 4729 hoc
2386 4683 2538 4744 potu,
2562 4689 2671 4729 non
2697 4674 2791 4729 dat
2812 4688 3041 4745 regnum
3068 4671 3162 4729 Dei
3186 4688 3202 4725 :
3228 4686 3332 4727 nec
3349 4669 3511 4737 tollit,
3532 4670 3582 4727 si
3614 4670 3809 4727 absti-

2189 4781 2324 4821 neas
2347 4765 2418 4820 ab
2440 4765 2545 4821 his.
2581 4763 2709 4822 Hac
2730 4781 2841 4821 non
2863 4765 2995 4822 dant
3017 4778 3247 4835 regnum
3269 4762 3384 4820 Dei.
3410 4760 3514 4817 Sed
3533 4760 3815 4831 iustitia,

2190 4858 2244 4913 id
2267 4866 2352 4913 est
2382 4857 2614 4927 aequitas
2642 4866 2854 4913 servata
2882 4856 2951 4912 ad
2971 4854 3284 4927 proximum
3309 4863 3373 4910 ut
3390 4854 3448 4908 in
3477 4852 3634 4908 nullo
3655 4868 3805 4909 cum

2190 4949 2559 5017 offendamus;
2583 4959 2637 5005 et
2658 4966 2786 5020 pax,
2808 4948 2862 5005 id
2883 4947 3277 5005 cstconcordia
3289 4962 3356 5003 ex
3378 4953 3596 5002 servata
3611 4948 3821 5017 ωςυία

2187 5053 2299 5102 tate
2338 5046 2585 5101 veniens.
2614 5043 2683 5099 Et
2724 5042 3000 5115 gaudium,
3032 5041 3184 5112 quod
3214 5039 3351 5098 alter
3392 5038 3449 5094 in
3482 5037 3815 5097 dilectione

2187 5137 2530 5209 congaudere
2555 5135 2743 5204 alteri;
2771 5135 2921 5207 quod
2950 5133 3212 5206 gaudium
3247 5132 3304 5188 in
3333 5145 3467 5204 pace
3508 5130 3811 5187 nutritum

2172 5238 2269 5285 'est
2297 5231 2352 5284 in
2389 5228 2595 5301 Spiritu
2619 5238 2836 5297 sancto,
2868 5228 2923 5285 id
2944 5236 3049 5296 est,
3095 5225 3399 5284 secundum
3428 5222 3575 5294 quod
3612 5223 3812 5284 dit-tat

2187 5317 2427 5390 Spiritus
2475 5328 2719 5377 sanctus.
2757 5319 2903 5385 Eax,
2932 5319 3179 5390 inquam,
3211 5326 3343 5375 sunt
3375 5331 3608 5389 regnum
3639 5315 3749 5372 Dei
3784 5337 3801 5372 :

2168 5427 2311 5466 ‘natn
2337 5412 2391 5467 in
2415 5412 2501 5468 his
2522 5412 2761 5469 servitur
2787 5411 3028 5468 Christo.
3062 5408 3167 5476 Qui
3185 5418 3371 5467 autem
3398 5409 3453 5463 in
3479 5408 3588 5474 Itis,
3625 5408 3681 5464 id
3705 5421 3811 5466 est

2184 5517 2336 5573 pace,
2361 5503 2598 5573 justitia,
2632 5512 2688 5560 et
2736 5503 2967 5575 gaudio,
3011 5502 3171 5557 servit
3219 5499 3455 5566 Christo,
3487 5500 3574 5553 hic
3607 5498 3806 5570 pla-cet

2186 5591 2315 5660 Deo,
2341 5603 2392 5648 et
2426 5596 2679 5664 probatus
2707 5602 2785 5650 est
2820 5593 3144 5660 hominibus,
3186 5592 3239 5648 id
3277 5601 3362 5648 est
3394 5592 3509 5647 haec
3541 5590 3813 5647 servitus

2184 5685 2481 5755 probabilis
2505 5685 2783 5756 judicatur
2820 5685 2891 5741 ab
2927 5685 3219 5752 omnibus;
3250 5698 3351 5740 nec
3391 5690 3475 5739 est
3505 5682 3652 5737 sicut
3687 5689 3802 5737 tua

2184 5776 2469 5845 comestio,
2507 5776 2560 5831 iu
2619 5792 2728 5847 qua
2775 5774 3070 5833 offenditur
3099 5774 3403 5845 proximus.
3445 5770 3569 5831 ideo
3623 5772 3811 5843 prius
