3978 6396
248 405 360 462 H3

890 372 1259 465 EXPOSITlO
1295 409 1361 466 ΙΝ
1402 411 1784 470 EPISTOLAB
1820 414 2047 472 PAULI.
2086 446 2154 458 -—
2188 415 2256 471 ΙΝ
2293 416 2511 473 EPIST.
2551 417 2644 474 AD
2678 418 2841 475 BDN.

3414 428 3518 485 HI

246 522 349 588 ait,
373 520 543 577 servit
562 518 802 589 Christo,
832 521 1030 579 dehinc
1063 524 1240 595 placet
1265 524 1404 593 Deo;
1430 528 1560 597 quia
1590 527 1844 585 Christus
1873 534 1917 588 Α
1949 551 1967 582 ι
2018 532 2125 601 l0).
2158 552 2176 584 ι
2209 529 2557 603 Qumcunque
2583 534 2728 588 enim
2761 534 2961 604 scripta
2989 544 3138 603 sunt,
3157 537 3235 592 ad
3268 539 3381 611 78
3415 557 3519 597 no-

245 614 427 685 legem
450 612 603 683 pacis
627 620 683 669 et
709 612 940 684 iustitia:
960 615 1111 671 dedit
1137 616 1472 687 hominibus,
1494 621 1589 691 qui
1615 621 1723 676 nisi
1745 637 1843 692 per

236 702 534 760 Christum
562 704 784 775 placere
814 721 925 760 non
957 716 1191 778 possunt
1217 707 1347 765 Deo.
1387 708 1841 782 Quandoquidem

243 796 489 851 servitus
512 796 665 867 pacis
689 796 866 866 placet
900 796 1013 854 Deo
1038 806 1094 855 et
1139 800 1209 855 ab
1233 800 1548 859 hominibus
1568 804 1841 874 approba-

245 894 361 951 tur,
383 886 567 957 itaque
605 896 863 943 sectemur
882 904 947 943 ea
973 905 1092 961 qua:
1109 891 1258 960 pacis
1273 900 1415 960 sunt,
1435 908 1543 948 non
1565 893 1841 965 litigemus

240 992 377 1032 cum
411 976 686 1047 proximo,
714 978 812 1034 sed
838 978 1005 1035 etiam
1022 991 1302 1038 sectemur
1322 997 1387 1038 ea
1410 998 1534 1054 quae
1555 994 1686 1040 sunt
1703 986 1841 1041 tedi-

243 1068 561 1133 litationis:
604 1080 660 1124 et
688 1069 795 1127 hoc
822 1071 1063 1140 inuicem,
1105 1081 1171 1128 ut
1217 1082 1275 1129 tu
1303 1074 1538 1131 adifices
1576 1076 1728 1132 illum
1782 1079 1838 1134 in

243 1167 347 1213 tuo
366 1158 536 1225 bono,
563 1167 618 1215 et
650 1160 741 1216 ille
775 1170 829 1217 te
857 1162 914 1217 in
940 1178 1063 1219 suo.
1097 1163 1254 1231 Quod
1284 1164 1374 1221 hic
1404 1165 1480 1221 ait
1518 1168 1838 1224 aediﬁcatio-

245 1249 358 1316 nis,
382 1250 527 1306 idem
549 1261 635 1308 est
661 1253 809 1325 quod
829 1253 907 1309 ait
934 1255 1210 1325 superius,
1240 1255 1517 1312 inﬁrmum
1548 1260 1834 1316 assumite.

226 1340 538 1397 'Sectemur
569 1357 636 1398 ea
678 1358 803 1414 quae
844 1352 976 1400 sunt
1011 1344 1407 1413 aediﬁcationis,
1459 1363 1569 1402 non
1610 1364 1674 1403 ea
1715 1365 1839 1418 quae

238 1442 380 1488 sunt
399 1432 811 1503 destructionis,
839 1436 984 1507 quod
1014 1435 1096 1493 sic
1124 1438 1239 1493 ait:
1270 1436 1400 1493 Noti
1427 1449 1641 1510 propter
1658 1449 1837 1496 eseam

241 1532 398 1577 tuam
427 1541 533 1596 qua
558 1526 834 1596 proximus
879 1527 1167 1596 offenditur
1196 1528 1461 1584 destruere
1510 1532 1566 1585 in
1611 1547 1675 1587 eo
1706 1549 1836 1602 opus

247 1613 372 1682 Dei,
404 1616 460 1671 id
484 1626 569 1672 est
592 1616 751 1673 ﬁdem
776 1633 941 1688 quam
966 1619 1080 1690 jam
1104 1629 1357 1692 operatus
1378 1631 1463 1677 est
1490 1622 1546 1677 in
1573 1637 1640 1678 eo
1668 1622 1832 1680 Deus.

242 1706 306 1760 Si
340 1706 487 1762 enim
517 1708 686 1764 nimia
712 1708 1052 1767 districtione
1073 1726 1239 1784 cogas
1263 1727 1410 1781 eum,
1437 1714 1543 1770 hoc
1564 1716 1834 1771 tantillum

243 1798 374 1853 boni
399 1800 550 1870 quod
573 1800 736 1856 habet
780 1802 1010 1859 deseret.
1038 1803 1219 1870 Quare
1242 1806 1419 1876 magis
1442 1815 1526 1861 est
1544 1809 1832 1864 nutrienda

240 1889 540 1947 infirmitas
581 1892 722 1962 ejus,
764 1909 933 1965 quam
978 1894 1146 1950 nimia
1196 1897 1487 1966 asperitate
1527 1900 1770 1970 cogenda

236 1982 393 2051 quod
439 1981 638 2039 Petrus
686 1983 878 2040 idonee
919 1986 1056 2041 satis
1084 1986 1429 2057 observabat,
1460 2005 1597 2046 cum
1620 1989 1839 2046 Iudaeos

235 2088 383 2142 quos
406 2073 478 2128 ad
500 2074 660 2129 ﬁdem
674 2074 885 2132 Christi
906 2088 1269 2145 converterat,
1286 2082 1470 2136 adhuc
1518 2082 1838 2138 circumcidi

236 2175 294 2221 et
326 2167 384 2220 in
412 2167 748 2237 quibusdam
796 2169 1060 2241 legalibus
1100 2173 1448 2242 permittebat
1481 2192 1494 2228 :
1531 2173 1599 2229 de
1635 2173 1838 2245 quibus

235 2257 284 2313 si
327 2258 759 2328 intemperanter
792 2270 1009 2331 cogeret
1037 2277 1153 2328 eos,
1176 2262 1340 2318 citius
1358 2264 1514 2334 quod
1534 2263 1612 2318 ab
1636 2279 1711 2319 eo
1730 2279 1835 2318 ae-

235 2359 500 2419 ecperant
546 2350 902 2418 dimitterent,
934 2368 1100 2423 quam
1140 2354 1223 2408 ita
1260 2355 1539 2425 repentine
1567 2354 1635 2410 ad
1658 2354 1838 2424 perfe-

235 2446 485 2500 ctionem
530 2446 911 2505 ascenderent.
964 2446 1181 2504 Sciebat
1222 2448 1377 2503 enim
1431 2462 1528 2503 eos
1575 2446 1837 2518 paulatim

236 2548 409 2603 posse
449 2543 505 2590 et
529 2534 729 2591 debere
769 2536 839 2592 ad
875 2536 1262 2607 perfectionem
1299 2538 1518 2606 adduci,
1558 2538 1713 2598 sicut
1750 2537 1835 2593 fa-

238 2635 397 2681 ctum
426 2634 532 2681 est.
562 2625 683 2682 Noli
712 2637 933 2699 propter
957 2644 1158 2687 escam
1176 2629 1459 2687 destruere
1497 2632 1658 2687 fidem
1704 2647 1835 2701 pro-

241 2717 405 2783 ximi,
436 2733 547 2773 non
577 2720 727 2794 quod
772 2730 901 2778 esca
948 2722 1226 2778 immunda
1258 2723 1330 2779 sit
1357 2742 1371 2777 :
1411 2724 1596 2777 omnia
1615 2724 1835 2794 quidem

242 2808 449 2863 munda
471 2788 629 2876 sunt;
660 2788 752 2867 s'ed
783 2822 965 2868 tamen
992 2813 1194 2868 malum
1221 2822 1299 2868 est
1324 2814 1544 2881 homini,
1570 2788 1660 2886 qui
1686 2830 1838 2869 man-

239 2899 411 2955 dueat
458 2918 552 2971 per
575 2902 974 2972 oﬂ'endiculum,
1006 2903 1293 2959 intendens
1331 2901 1604 2961 offendere
1653 2906 1839 2976 proxi-

238 3006 423 3048 mum.
458 2991 569 3048 Nec
592 2994 771 3050 solum
790 3002 861 3049 ut
892 3010 1089 3052 caveas
1136 2996 1206 3051 ab
1250 2995 1548 3052 offensione
1602 2997 1837 3068 proximi

237 3083 413 3140 debes
442 3084 718 3142 abstinere
739 3086 809 3142 ab
835 3087 944 3154 his,
996 3086 1093 3144 sed
1118 3088 1281 3143 etiam
1321 3088 1391 3144 ab
1416 3089 1566 3144 omni
1594 3104 1759 3145 carne
1783 3097 1840 3145 et

238 3173 316 3228 ab
342 3174 493 3229 omni
514 3184 648 3245 potu
670 3176 726 3231 in
751 3193 862 3247 quo
891 3176 1058 3233 frater
1081 3177 1396 3234 offenditur.
1423 3178 1580 3246 Quod
1609 3179 1683 3234 ita
1714 3179 1790 3235 ait
1816 3197 1832 3251 ς

237 3263 457 3320 Bonum
489 3274 570 3321 est
608 3267 707 3322 tibi
747 3285 852 3322 non
903 3269 1226 3325 manducare
1269 3286 1501 3336 carnem,
1531 3287 1623 3325 nec
1665 3270 1838 3325 bibere

237 3356 449 3423 unum,
470 3373 632 3429 neque
659 3358 864 3429 aliquid
890 3360 951 3413 in
978 3375 1081 3431 quo
1109 3360 1279 3429 frater
1316 3368 1437 3414 tuus
1465 3360 1752 3430 offenditur
1776 3374 1837 3414 se

232 3446 544 3515 peccando,
584 3447 671 3503 vel
705 3448 999 3504 offenditur
1019 3464 1050 3504 a
1086 3457 1139 3505 te
1166 3456 1222 3504 et
1248 3448 1652 3503 scandalizatur
1699 3464 1835 3504 con-

238 3537 540 3606 tristando,
570 3549 663 3593 aut
692 3540 999 3610 inﬁrmatur
1026 3541 1084 3595 in
1114 3540 1219 3597 ﬁde
1247 3540 1647 3610 aliquantulum
1678 3539 1839 3595 haesi-

237 3629 433 3684 tando.
481 3628 561 3685 Ne
589 3630 835 3687 oﬁ‘cndas
881 3631 1216 3703 proximum,
1238 3632 1404 3688 debes
1447 3632 1722 3689 abstinere
1768 3631 1839 3688 ab

240 3718 357 3773 his.
388 3718 469 3773 Tu
494 3721 716 3791 quidem
736 3722 891 3777 habes
910 3722 1071 3793 ﬁdem
1090 3739 1281 3780 sanam
1302 3740 1455 3793 penes
1481 3723 1836 3793 temetipsum;

238 3811 389 3866 habe
416 3810 568 3867 illam
590 3828 773 3868 coram
799 3813 930 3882 Deo,
955 3815 1009 3870 id
1029 3823 1113 3871 est
1135 3815 1332 3871 suﬁicit
1361 3815 1457 3870 tibi
1489 3824 1551 3869 ut
1576 3812 1721 3870 Deus
1748 3813 1838 3869 in-

236 3902 457 3974 telligat
496 3903 660 3960 ﬁdem
690 3914 880 3962 tuam:
926 3920 1037 3962 non
1082 3915 1304 3977 oportet
1331 3914 1393 3962 ut
1441 3922 1631 3964 coram
1665 3906 1838 3962 absti-

242 4002 412 4051 nente
446 3996 540 4066 qui
568 3996 863 4054 offenditur
888 3998 1063 4055 facias
1093 4013 1233 4070 opus
1259 3999 1381 4070 ejus
1402 3998 1559 4067 ﬁdei;
1594 3997 1719 4054 ideo
1745 4013 1840 4069 pe-

240 4102 348 4142 nes
369 4089 720 4159 temetipsum
753 4089 916 4146 ﬁdem
942 4091 1083 4148 hanc
1110 4092 1334 4159 habeas,
1357 4106 1464 4147 non
1496 4105 1682 4146 coram
1710 4090 1838 4146 abs-

243 4180 478 4234 tinente.
510 4178 648 4235 Nam
698 4180 881 4236 beatus
909 4191 997 4238 est
1020 4182 1111 4238 ille
1137 4184 1227 4253 qui
1254 4199 1358 4236 non
1371 4182 1607 4252 judicat,
1651 4181 1705 4237 id
1754 4190 1842 4238 est

243 4270 345 4340 qui
387 4286 500 4327 non
524 4271 752 4328 damnat
777 4274 1134 4343 semetipsum,
1182 4275 1240 4328 in
1282 4291 1341 4329 eo
1380 4274 1519 4346 quod
1551 4273 1760 4344 probat,
1784 4271 1839 4327 id

241 4366 333 4414 est
358 4360 507 4430 quod
540 4361 894 4432 probabiliter
932 4379 1122 4419 verum
1157 4379 1281 4421 esse
1308 4364 1499 4420 credit.
1546 4364 1654 4420 Sed
1700 4363 1746 4420 si
1782 4373 1839 4420 tu

243 4449 421 4504 uteris
440 4449 578 4506 cibis
621 4452 822 4522 quibus
844 4452 971 4508 licet
990 4453 1091 4521 uti,
1108 4452 1177 4509 ad
1199 4453 1553 4510 offensionem
1578 4454 1836 4526 proximi,

240 4538 305 4594 in
339 4555 407 4597 eo
430 4543 578 4612 quod
601 4545 807 4613 probas
829 4544 1047 4616 iudicas
1070 4553 1124 4602 te
1144 4561 1299 4603 reum
1335 4536 1653 4603 offensionis
1682 4544 1839 4603 factae

241 4631 303 4686 in
336 4630 586 4691 fratrem.
622 4634 717 4692 Ille
742 4636 837 4711 qui
869 4636 925 4692 in
961 4653 1028 4694 eo
1055 4639 1201 4710 quod
1230 4638 1426 4709 probat
1453 4653 1512 4696 se
1542 4655 1652 4695 non
1680 4639 1837 4695 dam-

240 4730 363 4790 nat,
387 4724 582 4783 beatus
601 4736 713 4796 est;
738 4727 829 4783 sed
853 4728 943 4784 ille
962 4729 1053 4800 qui
1078 4728 1331 4784 discernit
1355 4730 1508 4785 cibos
1528 4746 1559 4785 a
1574 4729 1732 4798 cibis,
1751 4730 1835 4786 di-

238 4831 380 4873 cens
400 4817 506 4874 hos
532 4820 790 4887 mundos,
815 4820 938 4877 illos
964 4820 1301 4888 immundos,
1315 4821 1425 4889 hic,
1453 4823 1500 4876 si
1527 4821 1583 4877 in
1607 4822 1711 4878 hac
1732 4823 1834 4877 du-

239 4907 452 4966 bietate
486 4911 1210 4980 manducaverit,damnatus
1240 4922 1351 4978 est;
1381 4928 1493 4969 non
1526 4913 1655 4984 quia
1677 4913 1836 4969 cibus

238 4999 565 5058 immundus
585 5002 678 5070 sit,
707 5003 804 5060 sed
831 5005 960 5075 quia
996 5020 1102 5059 non
1128 5004 1364 5061 comedit
1386 5022 1452 5061 ea:
1475 5005 1580 5074 [ide
1607 5014 1667 5060 ut
1711 5021 1833 5061 cre-

238 5090 405 5149 deret
431 5107 553 5149 esse
578 5094 805 5150 munda.
831 5093 992 5166 Vere,
1014 5096 1144 5168 quia
1165 5111 1275 5151 non
1301 5112 1369 5152 ex
1394 5096 1521 5165 ﬁde,
1543 5097 1835 5152 damnatus

231 5193 334 5241 est
358 5203 371 5239 :
395 5200 521 5240 nam
548 5202 703 5241 omne
722 5187 861 5258 quod
884 5204 988 5242 non
1010 5197 1174 5242 estea:
1206 5188 1333 5259 ﬁde,
1363 5196 1636 5259 peccatum
1663 5197 1758 5241 est.

852 5278 1082 5335 CAPUT
1112 5278 1230 5335 XV.

322 5383 345 5417 ε
392 5366 664 5426 Debemus
692 5379 874 5426 autem
902 5386 1005 5429 nos
1028 5372 1298 5429 ﬁrmiores
1326 5372 1723 5429 imbecillitates
1751 5373 1835 5427 in-

242 5478 265 5511 s
315 5458 604 5517 ﬁrmornm
646 5463 939 5530 sustinere,
972 5472 1031 5521 et
1058 5479 1168 5520 non
1194 5462 1351 5520 nobis
1385 5465 1618 5534 placere.
1648 5462 1832 5521 Unus-

243 5570 264 5602 ι
315 5551 552 5622 quisque
582 5562 827 5610 vestrum
854 5556 1105 5626 proximo
1136 5572 1237 5611 suo
1265 5553 1473 5624 placeat
1513 5556 1567 5611 in
1604 5554 1834 5621 bonum,

244 5661 266 5696 ι
319 5642 387 5697 ad
418 5645 857 5701 aediﬁcationem.
905 5645 1118 5703 Etenim
1161 5647 1416 5705 Christus
1446 5664 1555 5704 non
1586 5648 1687 5703 sibi
1720 5647 1836 5718 pla-

247 5755 269 5787 ι
317 5737 454 5800 cuit,
477 5737 574 5793 sed
600 5739 744 5793 sicut
770 5739 1031 5810 scriptum
1056 5750 1137 5796 est
1174 5760 1185 5794 :
1226 5760 1243 5791 ς
1273 5739 1602 5812 lmproperia
1632 5740 1835 5810 impro-

246 5849 264 5877 ι
304 5830 623 5897 perantium
652 5830 747 5884 tibi
774 5830 1087 5894 ceciderunt
1117 5847 1279 5903 super
1309 5846 1395 5886 mc
1435 5830 1609 5901 (Psal.
1645 5846 1832 5896 vam,

1940 641 1969 674 ο(
2014 632 2184 679 stram
2208 623 2511 680 doctrinam
2547 625 2744 695 scripta
2781 635 2911 682 sunt
2938 645 2950 657 ·
2982 635 3045 682 ut
3083 643 3180 699 per
3200 631 3521 699 patientiam

1951 732 1970 765 ι
2011 722 2070 768 et
2099 714 2526 771 consolationem
2553 715 2979 787 Scripturarum,
3012 735 3166 791 spem
3195 721 3518 779 habeamus.

1949 822 1967 853 ι
2014 801 2159 858 Deus
2177 812 2359 859 autem
2387 806 2661 875 patientiae
2705 815 2760 862 et
2786 808 2965 864 solatii
2987 809 3076 866 det
3100 811 3256 867 vobis
3283 812 3522 883 idipsum

1947 913 1966 945 ι
2012 910 2203 966 sapere
2232 894 2287 949 in
2316 895 2635 953 alterutrum
2660 900 2959 954 secundum
2992 896 3179 957 Iesum
3217 903 3518 969 Christum,

1946 1004 1966 1037 ι
2008 996 2069 1041 ut
2110 986 2394 1042 unanimes
2428 1003 2543 1044 uno
2564 1003 2660 1044 ore
2694 989 3061 1047 honorificetis
3105 991 3298 1058 Deum,
3333 1003 3387 1048 et
3420 992 3522 1048 Pa-

1947 1097 1965 1129 ι
2011 1085 2148 1132 trem
2173 1076 2386 1133 Domini
2411 1079 2582 1135 nostri
2608 1077 2736 1134 Jcsu
2759 1079 2984 1135 Christi.
2999 1080 3226 1152 Pr0pter
3237 1084 3381 1152 quod
3399 1099 3524 1139 sus-

1946 1185 1965 1218 ‹
2010 1166 2174 1237 cipite
2214 1166 2469 1233 invicem,
2525 1167 2668 1224 sicut
2693 1177 2748 1224 et
2788 1169 3041 1226 Christus
3073 1174 3312 1243 suscepit
3340 1189 3437 1228 vos
3466 1174 3520 1226 in

1945 1276 1964 1309 ι
2010 1258 2275 1312 honorem
2314 1256 2433 1313 Dei.
2471 1257 2605 1313 Dico
2629 1260 2776 1315 enim
2817 1260 3095 1316 Christum
3131 1262 3317 1318 Jesum
3354 1264 3521 1318 mini-

1944 1369 1963 1400 ‹
2007 1358 2182 1404 strum
2230 1348 2400 1405 fuisse
2460 1350 2915 1417 circumcisionis,
2971 1362 3191 1423 propter
3234 1356 3520 1410 veritatem

1942 1460 1964 1492 ι
2009 1439 2124 1505 Dei,
2142 1440 2210 1495 ad
2229 1439 2631 1497 conﬁrmandas
2652 1442 3042 1512 promissiones
3058 1455 3270 1514 patrum
3298 1464 3311 1498 :
3334 1456 3522 1515 gentes

1938 1552 1963 1584 ί
2007 1541 2188 1588 autem
2237 1548 2401 1603 super
2441 1522 2817 1589 misericordia
2863 1534 3135 1591 honorare
3164 1538 3355 1604 Deum,
3380 1537 3524 1593 sicut

1944 1642 1963 1674 ι
2010 1623 2272 1693 scriptum
2314 1630 2441 1677 est:
2479 1642 2498 1675 ε
2528 1621 2818 1693 Propterea
2867 1625 3161 1679 confitebor
3183 1627 3279 1679 tibi
3306 1627 3372 1679 in”
3392 1641 3524 1697 gen-

1940 1731 1962 1765 ι
2009 1713 2172 1780 tibus,
2203 1712 2452 1779 Domine,
2483 1721 2538 1768 et
2566 1712 2774 1768 nomini
2800 1722 2895 1768 tuo
2921 1714 3154 1768 cantabo
3177 1713 3263 1785 (II
3283 1714 3404 1787 Reg.
3430 1716 3523 1780 22,

1944 1824 1962 1856 ε
2009 1804 2119 1876 50).
2153 1826 2172 1857 ι
2205 1802 2272 1859 Ει
2314 1804 2518 1861 iterum
2547 1804 2681 1860 dicit
2718 1824 2731 1860 :
2762 1822 2780 1854 ι
2814 1804 3119 1871 Lzetamini,
3147 1815 3353 1877 gentes,
3394 1822 3520 1861 cum

1820 1919 1833 1954 :
1868 1872 1911 1931 Β
1942 1914 1963 1945 ι
2008 1872 2162 1965 plebe
2191 1895 2311 1966 ejus
2338 1893 2512 1967 (Psai.
2559 1912 2693 1962 xvn,
2720 1896 2760 1950 5
2798 1896 2838 1967 ).
2881 1917 2898 1947 ι
2934 1896 3001 1951 Et
3031 1872 3227 1952 iterum
3263 1916 3275 1951 :
3315 1917 3333 1948 ‹
3378 1896 3527 1950 Lau-

1941 2005 1968 2038 ‹
2010 1987 2370 2059 άθιε,,οιηηρε
2391 1996 2577 2056 gentes
2600 1986 2912 2053 Dominum,
2930 1997 2984 2042 et
3006 1989 3347 2057 magnilicate
3376 2003 3524 2054 eum,

1944 2095 1965 2128 ς
2010 2091 2203 2132 omnes
2228 2076 2412 2147 populi
2441 2074 2614 2147 (Psat.
2640 2092 2784 2142 cxvt,
2813 2078 2888 2147 l.)
2915 2076 2980 2131 Et
3000 2094 3193 2131 rursus
3214 2077 3383 2133 Isaias
3408 2079 3485 2132 ait
3508 2098 3522 2133 :

1944 2188 1964 2219 ι
2011 2166 2127 2223 Erit
2158 2167 2310 2223 radix
2340 2165 2511 2233 Jesse,
2539 2175 2593 2222 et
2620 2168 2713 2237 qui
2742 2176 2999 2238 exsurget
3023 2184 3206 2238 regere
3236 2175 3444 2239 gentes,
3470 2167 3527 2223 in

1942 2279 1964 2312 ι
2009 2276 2135 2316 eum
2157 2269 2344 2331 gentes
2365 2259 2664 2330 sperabunt
2690 2257 2847 2329 (Isai.
2874 2276 2951 2326 χι,
2980 2260 3089 2329 10).
3126 2281 3142 2308 ι
3171 2260 3314 2316 Deus
3341 2269 3525 2316 autem

1944 2371 1963 2404 ι
2010 2352 2130 2423 spei
2148 2352 2355 2422 repleat
2375 2366 2473 2407 vos
2496 2349 2645 2406 omni
2667 2351 2867 2424 gaudio
2909 2360 2963 2405 et
2985 2366 3117 2420 pace
3148 2351 3202 2405 in
3230 2351 3523 2419 credendo,

1944 2464 1962 2496 ι
2003 2452 2066 2499 ιιι
2089 2443 2376 2499 abundetis
2403 2444 2458 2499 in
2481 2458 2577 2514 spe
2609 2451 2662 2498 et
2684 2442 2880 2498 virtute
2912 2439 3147 2513 Spiritus
3169 2443 3364 2498 sancti.
3389 2440 3525 2498 Cer-

1944 2554 1963 2586 ι
2007 2544 2097 2591 tus
2121 2552 2243 2592 sum
2278 2544 2484 2602 autem,
2516 2533 2713 2590 fratres
2738 2534 2866 2600 mei,
2892 2544 2947 2588 et
2986 2550 3086 2605 ego
3115 2534 3229 2604 ipse
3253 2534 3320 2590 de
3347 2534 3526 2600 vobis,

1943 2647 1962 2678 ι
2005 2628 2267 2698 quoniam
2289 2636 2343 2683 et
2362 2626 2466 2698 ipsi
2491 2625 2637 2697 pleni
2662 2625 2795 2681 estis
2824 2622 3132 2691 dilectione,
3160 2624 3351 2695 repleti
3373 2623 3527 2679 omni

1941 2737 1962 2770 ι
2005 2720 2254 2786 scientia,
2282 2719 2363 2775 ita
2393 2726 2454 2774 ut
2473 2717 2701 2790 possitis
2723 2717 3045 2773 alterutrum
3073 2732 3313 2773 monere.
3341 2717 3527 2772 Auda-

1944 2829 1963 2860 σ
2007 2809 2127 2866 cius
2144 2818 2324 2866 autem
2344 2809 2537 2880 scripsi
2554 2808 2727 2875 vobis,
2747 2805 2967 2875 fratres,
2988 2822 3051 2862 ex
3076 2815 3250 2878 parte,
3266 2815 3527 2877 tanquam

1944 2918 1963 2951 ι
2007 2900 2064 2954 in
2091 2900 2413 2955 memoriam
2439 2916 2536 2955 vos
2578 2900 2865 2967 reducens,
2889 2906 3112 2970 propter
3140 2900 3372 2971 gratiam
3407 2900 3529 2969 qua:

1944 3008 1964 3040 ε
2008 2989 2134 3046 data
2160 2999 2245 3045 est
2263 2989 2397 3044 mihi
2430 3006 2462 3045 a
2490 2988 2621 3056 Deo,
2648 2999 2709 3045 ut
2733 2989 2838 3045 sim
2870 2988 3118 3044 minister
3158 2986 3365 3043 Christi
3395 2985 3527 3041 Jesu

1945 3102 1964 3135 ι
2011 3082 2066 3136 in
2092 3080 2365 3153 gentibus,
2399 3080 2748 3135 sanctiﬁcans
2777 3077 3133 3150 Evangelium
3179 3076 3296 3143 Dei,
3342 3082 3403 3131 ut
3432 3076 3529 3131 fiat

1946 3195 1965 3228 ι
2012 3175 2217 3231 oblatio
2259 3173 2501 3245 gentium
2526 3179 2748 3242 accepta
2773 3178 2827 3226 et
2856 3171 3191 3226 sanctiﬁcata
3221 3171 3277 3224 in
3317 3168 3526 3239 Spiritu

1862 3254 1909 3316 C
1946 3288 1964 3318 ι
2011 3274 2222 3322 saneto.
2261 3263 2444 3320 Habeo
2482 3263 2646 3335 igitur
2673 3263 2901 3335 gloriam
2932 3262 2985 3317 in
3032 3260 3256 3316 Christo
3294 3258 3423 3316 Iesu
3460 3261 3529 3314 ad

1942 3378 1965 3411 ι
2008 3357 2200 3413 Deum.
2232 3354 2352 3412 Non
2384 3355 2531 3411 enim
2559 3355 2735 3411 audeo
2758 3353 2963 3426 aliquid
2991 3352 3143 3424 loqui
3170 3366 3380 3417 eorum,
3404 3367 3529 3421 quae

1945 3469 1965 3505 ι
2005 3465 2103 3520 per
2121 3464 2210 3504 me
2227 3464 2336 3503 non
2358 3446 2518 3503 efficit
2534 3445 2785 3503 Christus
2802 3446 2858 3502 in
2874 3444 3238 3501 obedientiam
3256 3444 3521 3515 gentium,

1914 3557 1965 3595 ,ι
2006 3540 2173 3595 verbo
2221 3548 2275 3595 et
2315 3537 2505 3606 factis,
2555 3539 2610 3593 in
2654 3537 2854 3593 virtute
2908 3536 3192 3608 signorum
3236 3542 3291 3590 et
3339 3533 3526 3604 prodi-

1945 3651 1965 3684 ι
2008 3633 2245 3703 giorum,
2270 3630 2325 3685 in
2351 3631 2552 3686 virtute
2574 3628 2811 3701 Spiritus
2838 3627 3014 3685 sancti
3045 3648 3057 3681 :
3088 3627 3162 3683 ita
3196 3634 3259 3681 ut
3280 3626 3350 3680 ab
3370 3623 3529 3680 Jeru-

1945 3743 1965 3776 ι
2009 3724 2178 3780 salem
2198 3738 2296 3793 per
2310 3722 2600 3779 circuitum
2626 3736 2801 3793 usque
2822 3719 2890 3775 ad
2912 3719 3185 3791 Illyricum
3205 3716 3527 3795 repleverim

1945 3832 1964 3864 ι
2006 3812 2360 3882 Evangelinm
2415 3810 2642 3868 Christi.
2695 3811 2788 3867 Sic
2836 3821 3016 3867 autem
3077 3812 3184 3866 hoc
3235 3810 3528 3881 praedicavi

1945 3924 1964 3957 ι
2010 3903 2385 3975 Evangelium,
2417 3920 2527 3959 non
2557 3903 2651 3959 ubi
2680 3903 2994 3959 nominatus
3018 3910 3103 3958 est
3143 3900 3420 3968 Christus,
3457 3917 3527 3956 ne

1945 4015 1964 4049 ι
2011 4011 2175 4066 super
2196 3995 2431 4051 alienum
2455 3994 2871 4051 fundamentum
2893 3993 3240 4061 aediﬁcarem,
3266 3994 3360 4049 sed
3384 3993 3528 4049 sicut

1947 4108 1964 4140 ι
2012 4087 2275 4158 scriptum
2305 4097 2389 4144 est
2416 4109 2430 4143 :
2464 4107 2483 4141 ‹
2526 4086 2796 4155 Quoniam
2825 4087 3025 4160 quibus
3053 4098 3166 4143 non
3192 4096 3277 4143 est
3302 4101 3522 4141 annun—

1943 4200 1964 4231 ι
2010 4180 2205 4235 tiatum
2244 4179 2311 4236 de
2350 4195 2438 4248 eo,
2488 4179 2748 4235 videbunt
2781 4178 2940 4251 (Isai.
2986 4194 3082 4247 LII,
3112 4178 3231 4251 15);
3273 4198 3292 4231 ι
3349 4188 3403 4234 et
3430 4178 3525 4249 qui

1943 4292 1965 4323 τ
2010 4289 2119 4327 non
2149 4271 2459 4340 audierunt,
2489 4272 2556 4328 de
2583 4286 2650 4327 eo
2689 4269 2812 4346 [al.,
2835 4286 2944 4327 non
2972 4272 3133 4327 habet
3153 4271 3220 4327 de
3247 4269 3336 4343 eo]
3368 4270 3527 4325 intel-

1947 4382 1963 4412 ι
2012 4362 2195 4433 ligent.
2232 4361 2461 4433 Propter
2487 4362 2635 4435 quod
2663 4371 2717 4418 et
2745 4363 3078 4433 impediebar
3106 4362 3400 4433 plurimum
3437 4376 3526 4417 ve-

1946 4473 1965 4505 r
2008 4454 2127 4509 nire
2149 4453 2216 4509 ad
2247 4469 2362 4520 vos,
2394 4465 2448 4510 et
2466 4454 2773 4524 prohibitus
2795 4471 2917 4510 sum
2948 4469 3123 4526 usque
3149 4455 3345 4510 adhuc.
3372 4454 3528 4510 Nunc

1947 4566 1964 4597 ‹
2012 4562 2140 4603 vero
2169 4547 2398 4603 ulterius
2424 4548 2605 4603 locum
2629 4563 2736 4603 non
2766 4548 2973 4603 habens
2998 4549 3052 4603 in
3077 4549 3164 4604 his
3187 4549 3521 4621 regionibus,

1946 4658 1964 4690 ι
2011 4638 2361 4710 cupiditatem
2413 4648 2596 4695 autem
2648 4639 2856 4695 habens
2901 4639 3152 4695 veniendi
3203 4640 3271 4695 ad
3293 4655 3412 4705 vos,
3458 4654 3526 4693 ex

1948 4752 1965 4782 ι
2012 4731 2199 4788 multis
2227 4731 2342 4802 jam
2367 4731 2800 4802 praecedentibus
2831 4733 3010 4787 annis.
3047 4730 3151 4786 Sed
3193 4746 3316 4785 cum
3349 4730 3405 4783 in
3430 4728 3525 4784 Hi-

1948 4848 1965 4879 ι
2009 4827 2257 4897 spaniam
2283 4825 2553 4897 proﬁcisci
2581 4839 2820 4897 ccepero,
2849 4838 3009 4895 spero
3034 4822 3181 4894 quod
3205 4821 3525 4892 praeteriens

1947 4937 1965 4969 ι
2008 4918 2221 4973 videam
2247 4932 2344 4973 vos
2368 4936 2381 4971 :
2412 4927 2469 4972 et
2489 4932 2519 4972 a
2544 4918 2701 4972 vobis
2724 4915 2963 4970 deducar
2982 4913 3132 4981 illnc,
3156 4913 3203 4968 si
3230 4913 3387 4969 vobis
3413 4914 3527 4984 pri—

1947 5028 1965 5058 ι
2008 5025 2158 5063 mum
2192 5024 2257 5063 ex
2283 5016 2436 5076 parte
2464 5006 2665 5062 fruitus
2704 5004 2876 5060 fuero.
2907 5003 3066 5061 Nunc
3107 5000 3277 5076 igituF
3307 5006 3528 5075 prolici-

1950 5118 1967 5150 ι
2014 5115 2136 5154 sear
2156 5099 2211 5153 in
2239 5097 2540 5153 Jerusalem
2566 5097 2879 5153 ministrare
2900 5098 3124 5153 sanctis.
3152 5096 3529 5153 Probaverunt

1948 5209 1967 5241 ι
2010 5189 2156 5244 enim
2193 5187 2505 5244 Macedonia
2530 5196 2583 5245 et
2607 5189 2811 5244 Achaia
2841 5190 3184 5246 collationem
3217 5189 3336 5262 [al.,
3368 5189 3527 5244 colle-

1947 5300 1965 5331 ε
2009 5278 2255 5353 ctionem]
2307 5280 2547 5350 aliquam
2594 5279 2774 5336 facere
2823 5281 2876 5335 in
2910 5296 3176 5353 pauperes
3208 5293 3526 5338 sanctorum

1948 5392 1964 5423 ι
2011 5372 2105 5442 qni
2139 5380 2267 5426 sunt
2295 5370 2349 5425 in
2374 5368 2695 5426 Jerusalem.
2724 5370 2936 5426 Placuit
2964 5372 3108 5426 enim
3153 5372 3255 5438 eis,
3287 5382 3341 5426 et
3367 5371 3523 5425 debi-

1944 5480 1964 5510 ‹
2012 5471 2158 5515 tores
2181 5466 2309 5516 sunt
2330 5475 2540 5515 eorum.
2564 5459 2698 5515 Nam
2724 5459 2770 5516 si
2794 5460 3158 5530 spiritualium
3181 5477 3369 5516 eorum
3394 5475 3523 5529 par-

1948 5573 1964 5604 ι
2011 5552 2201 5622 ticipes
2232 5551 2358 5610 facti
2392 5562 2519 5608 sunt
2554 5553 2803 5624 gentiles,
2831 5554 3032 5609 debent
3050 5562 3105 5609 et
3130 5553 3186 5608 in
3213 5552 3525 5609 carnalibus

1947 5666 1965 5699 ι
2013 5646 2326 5702 ministrare
2350 5647 2448 5701 eis.
2479 5646 2591 5701 Hoc
2620 5648 2783 5718 igitur
2803 5664 2926 5703 cum
2969 5662 3442 5712 consummavero,
3469 5654 3525 5702 et

1947 5758 1965 5792 ι
2016 5738 2367 5809 assignavero
2394 5739 2475 5793 eis
2499 5738 2734 5793 fructum
2768 5740 2934 5803 hunc,
2963 5756 3058 5810 per
3087 5755 3181 5794 vos
3207 5738 3525 5810 proﬁciscar

1948 5849 1964 5881 ί
2009 5831 2065 5884 in
2112 5829 2446 5903 Hispaniam.
2496 5829 2621 5884 Srio
2658 5830 2780 5904 [al.,
2813 5831 3018 5903 sciens]
3062 5840 3239 5887 autem
3261 5832 3520 5904 quoniam
