3978 6414
565 434 669 496 H5

1104 433 1162 489 S.
1206 432 1557 493 BRUNO‘NIS
1590 431 2164 491 CARTHUSIANORI

2272 431 2764 492 ιΝέτιτυΤοιιιε
2800 434 2953 493 OPP.
2993 434 3176 495 PARS
3213 432 3277 495 Π.
3727 443 3813 504 H6

568 573 588 606 ι
631 550 860 609 veniens
890 547 959 604 ad
988 563 1109 616 vos,
1140 549 1197 604 in
1221 549 1554 605 abundantia
1576 547 1973 606 benedictionis
1993 546 2156 602 Chri-
2185 560 2232 621 Α
2259 563 2409 605 nem.
2458 548 2727 607 Honorem
2768 550 2893 609 dico
2935 551 3057 619 Dei,
3089 554 3143 610 id
3173 562 3257 612 est
3285 571 3318 612 a
3346 556 3467 613 solo
3494 555 3601 614 Deo
3625 559 3812 619 datum.

480 689 486 695 .
570 665 592 697 ο
636 644 707 701 ειὶ
733 644 968 699 Veniam.
1004 641 1244 698 Obsecro
1281 657 1413 714 ergo
1441 651 1558 708 vos,
1600 640 1820 707 fratres,
1848 655 1947 712 per
1970 638 2158 695 Domi-

446 736 452 743 '
572 754 593 787 ι
639 730 772 788 num
794 740 1043 788 nostrum
1069 724 1261 788 Iesum
1288 731 1591 797 Christum,
1625 738 1682 785 et
1712 744 1808 800 per
1832 728 2158 786 charitatem

569 843 593 879 s
638 823 877 895 Spiritus
898 825 1094 892 sancti,
1118 833 1180 880 ut
1198 823 1467 895 adjuvetis
1493 837 1581 877 mc
1605 821 1661 875 in
1693 820 2040 878 orationibus
2065 834 2159 876 ve.-

578 936 596 967 ι
641 917 772 972 stris
795 917 861 971 ad
889 916 1082 982 Deum,
1134 925 1194 971 ut
1231 916 1429 971 liberer
1461 915 1531 970 ab
1565 913 1876 969 inﬁdelibus
1909 915 2005 984 qui
2031 921 2161 969 sunt

577 1029 595 1061 ι
643 1010 697 1063 in
727 1008 935 1076 Iudaea,
965 1018 1020 1065 et
1062 1008 1309 1079 obsequii
1344 1006 1453 1061 mei
1480 1005 1685 1061 oblatio
1717 1013 1940 1076 accepta
1980 1004 2076 1059 ﬁat
2102 1003 2159 1058 in

580 1120 599 1151 ι
644 1100 947 1158 Jerusalem
986 1101 1109 1174 [al.,
1142 1097 1563 1172 Hierosolymis]
1593 1099 1823 1165 sanctis,
1857 1105 1917 1153 ut
1943 1097 2161 1153 veniam

576 1214 607 1247 ι
643 1196 712 1252 ad
744 1213 847 1252 vos
883 1198 934 1251 in
962 1195 1161 1266 gaudio
1193 1210 1292 1266 per
1333 1195 1669 1249 voluntatem
1705 1192 1824 1261 Dei,
1851 1202 1906 1250 et
1930 1191 2161 1266 refrige-

575 1307 596 1339 ι
639 1304 729 1344 rer
751 1289 1052 1343 vobiscum.
1082 1285 1229 1342 Deus
1259 1295 1442 1342 autem
1469 1286 1622 1358 pacis
1656 1285 1728 1341 sit
1754 1300 1880 1342 cum
1903 1283 2161 1341 omnibus

577 1399 601 1431 ι
639 1381 810 1437 vobis.
843 1380 1035 1435 Amen.
1074 1400 1092 1432 ι

1207 1485 1516 1527 ειιιοειτιο.

637 1563 718 1619 Ad
750 1565 857 1619 hoc
892 1564 1096 1620 diceret
1128 1562 1217 1618 ille
1250 1564 1346 1633 qui
1375 1577 1522 1618 sana:
1549 1561 1673 1618 ﬁdei
1715 1570 1863 1618 esset
1892 1581 1904 1616 :
1936 1559 1997 1616 Si
2035 1577 2165 1633 ego,

566 1658 716 1728 quod
738 1658 928 1727 utique
951 1664 1009 1711 tu
1033 1655 1242 1723 fateris,
1265 1671 1415 1712 sana:
1437 1653 1563 1710 ﬁdei
1583 1670 1727 1721 sum,
1751 1655 1937 1710 omnia
1958 1653 2163 1710 munda

570 1751 832 1817 credens,
858 1750 947 1805 hic
968 1758 1148 1804 autem
1179 1748 1487 1803 inﬁrmatur
1516 1748 1572 1801 in
1600 1747 1726 1813 ﬁde,
1766 1746 1971 1818 justior
1994 1759 2163 1801 causa

567 1841 806 1906 videtur,
835 1849 895 1894 ut
934 1839 1185 1896 inﬁrmus
1217 1840 1435 1894 ﬁnnum
1480 1848 1820 1910 sequeretur,
1850 1852 2017 1907 quam
2062 1850 2164 1907 ego

2260 639 2406 698 Deus
2433 642 2581 699 enim
2608 658 2706 714 per
2726 644 2959 715 gratiam
2987 645 3103 714 dat,
3125 655 3182 702 et
3204 646 3357 704 dabit
3386 649 3535 707 hunc
3558 650 3812 722 honorem,

2258 732 2328 787 ad
2359 748 2524 805 quem
2554 734 2938 790 honorandum
2961 735 3223 795 deﬁciunt
3246 740 3444 796 merita
3470 750 3669 802 nostra.
3700 743 3816 801 Pro-

2257 824 2353 880 bat
2374 826 2521 896 quod
2549 826 2628 882 ait
2657 844 2670 881 :
2699 825 2944 899 Suscepit
2974 845 3063 884 vos
3108 828 3390 889 Romanos
3422 852 3437 889 :
3468 850 3591 890 nam
3626 834 3815 893 Iudam

2258 926 2317 973 et
2338 917 2592 989 gentiles,
2619 927 2676 975 et
2701 919 2941 989 primum
2958 920 3027 977 de
3045 919 3250 979 ludatis
3277 923 3356 979 ait
3389 942 3411 979 ς
3431 922 3570 981 Vere
3593 925 3816 984 Christus

2260 1009 2502 1081 suscepit
2542 1025 2642 1067 vos
2670 1051 2687 1079 ,
2732 1026 2768 1067 o
2818 1010 3012 1069 Judaei.
3061 1012 3200 1071 Nam
3247 1030 3352 1087 ego
3400 1016 3520 1071 dico
3563 1018 3667 1089 (cui
3691 1020 3816 1075 credi

2260 1102 2499 1173 Oportet)
2527 1102 2801 1159 Christum
2827 1103 3013 1160 Iesum
3040 1107 3347 1163 ministrum
3379 1108 3816 1179 fuissecircumci-

2260 1193 2465 1262 tionis,
2514 1194 2571 1250 id
2618 1204 2704 1252 est
2744 1193 3081 1253 Iudaeorum.
3126 1197 3385 1256 Christus
3427 1201 3577 1257 enim
3597 1203 3819 1259 minister

2261 1283 2388 1353 fuit,
2414 1295 2470 1342 et
2511 1286 2672 1357 quasi
2718 1288 3000 1359 apostolus
3046 1288 3384 1359 Iudaeorum,
3413 1292 3610 1364 quibus
3632 1294 3814 1366 inpro-

2262 1376 2383 1447 pria
2409 1392 2644 1448 persona
2670 1378 3005 1449 pmdimvit.
3029 1379 3145 1439 Hoc
3170 1391 3357 1439 autem
3385 1382 3495 1439 fuit
3511 1400 3617 1441 non
3638 1400 3699 1441 ex
3720 1402 3817 1443 me-

2262 1466 2372 1522 rito
2413 1466 2727 1524 Iudaeorum
2752 1511 2769 1537 ,
2815 1470 2911 1527 sed
2938 1481 3155 1544 propter
3180 1475 3458 1530 veritatem
3493 1475 3590 1531 Dei
3610 1518 3626 1544 ,
3671 1477 3719 1534 id
3745 1488 3817 1535 est

2262 1566 2486 1629 propter
2527 1559 2800 1629 promissa
2847 1560 2964 1618 Dei.
3022 1561 3150 1620 ideo
3191 1573 3416 1637 propter
3461 1568 3715 1638 promissa
3756 1570 3814 1624 ad

2264 1648 2681 1718 conﬁrmandus,
2714 1648 2769 1705 id
2794 1659 2880 1707 est
2924 1659 2983 1707 ut
3009 1667 3107 1725 per
3138 1653 3318 1725 ipsum
3350 1664 3533 1712 actum
3561 1658 3819 1714 conﬁrma-

2262 1748 2455 1796 rentur
2473 1742 2847 1812 promissiones
2871 1752 3107 1814 patrum,
3131 1745 3187 1801 id
3205 1754 3292 1802 est
3316 1746 3475 1805 facta:
3495 1749 3723 1820 patribus
3740 1764 3817 1806 eo-

2264 1847 2409 1888 rum.
2460 1831 2559 1889 νει
2588 1834 2665 1890 ita
2698 1853 2711 1890 :
2742 1834 2999 1893 Christus
3032 1834 3284 1896 minister
3314 1838 3421 1897 fuit
3461 1852 3672 1912 propter
3693 1841 3814 1899 verb

567 1932 766 1986 ﬁrmus
791 1903 1051 2001 sequerer
1085 1930 1453 1986 inﬁrmitatem
1498 1903 1664 1985 illius.
1690 1929 1810 1985 Non
1840 1903 1920 1985 sic
1947 1937 2052 1995 est,
2088 1903 2165 1983 ait
2194 1903 2240 1961 Β
2264 1932 2432 1981 tatem
2461 1924 2581 1995 Dei,
2608 1925 2663 1983 id
2704 1935 2789 1984 est
2836 1936 3060 2000 propter
3104 1903 3525 2003 completionein
3554 1903 3814 2004 promisso-

565 2015 790 2074 Paulus.
826 2017 953 2084 Sed,
983 2019 1109 2075 licet
1146 2027 1203 2073 tu
1240 2034 1388 2075 sanas
1426 2018 1551 2074 ﬁdei
1580 2019 1678 2086 sis,
1710 2018 1801 2075 hic
1841 2027 2025 2074 autem
2071 2018 2161 2073 in-

564 2109 766 2175 lrmtc,
812 2118 985 2164 tamen
1034 2126 1127 2164 nos
1177 2109 1440 2180 ﬁrmiores
1493 2110 1738 2165 debemus
1794 2109 2072 2176 sustinere,
2108 2118 2165 2165 et

563 2198 801 2277 quadam
855 2203 1272 2274 participatione
1300 2202 1691 2258 imbecillitates
1718 2202 2053 2273 inﬁrmorum
2093 2201 2162 2258 ad

567 2294 765 2349 melius
788 2293 1051 2360 enutrirc,
1077 2304 1127 2347 et
1151 2310 1253 2347 non
1279 2294 1543 2350 debemus
1565 2296 1714 2349 nobis
1734 2295 1942 2365 placere
1964 2295 2019 2349 in
2043 2308 2163 2349 om-

567 2385 752 2439 nibus.
778 2383 944 2439 Nobis
973 2401 1082 2439 non
1110 2385 1298 2455 utique
1328 2384 1661 2454 placeamus,
1688 2385 1780 2440 sel
1807 2384 2165 2455 unusquisque

567 2477 777 2545 placeat
807 2477 1050 2547 proximo
1083 2492 1213 2541 sua;
1237 2484 1292 2531 et
1320 2477 1425 2532 hoc
1449 2476 1506 2530 in
1553 2475 1719 2541 bono;
1743 2476 1871 2547 quia
1896 2475 1965 2532 ad
1992 2474 2165 2532 aediﬁ-

569 2568 839 2627 cationem
867 2567 1126 2638 proximi,
1172 2568 1268 2639 qui
1297 2568 1599 2624 secundum
1637 2568 1961 2624 charitatcm
1988 2567 2162 2624 aediﬁ-

569 2660 781 2717 eandus
825 2672 929 2715 est.
973 2658 1143 2715 Nobis
1191 2674 1302 2713 non
1351 2658 1540 2729 utique
1569 2658 1929 2729 placeamus:
1971 2658 2165 2713 etenim

573 2742 819 2807 Christus
846 2752 1031 2823 (quem
1074 2767 1159 2824 pci
1195 2752 1379 2807 omnia
1415 2751 1573 2822 sequi
1600 2750 1882 2821 debemus)
1908 2766 2013 2805 non
2039 2750 2163 2821 pla-

568 2845 679 2897 cuit
702 2842 826 2909 sibi,
852 2844 902 2898 id
930 2852 1015 2900 est
1036 2859 1145 2899 nou
1163 2844 1446 2900 consensit
1465 2843 1697 2899 inﬁrmas
1716 2843 1889 2911 carni,
1912 2843 2003 2898 sed
2025 2845 2165 2898 sicut

550 2920 679 3006 ’79
724 2932 983 3004 scriptum
1025 2944 1102 2989 est
1153 2934 1206 2988 in
1237 2934 1494 3005 psalmo(
1518 2947 1709 3000 vant,
1735 2931 1843 3005 10)
1885 2932 1963 2988 ait
2003 2931 2164 2987 Chri-

568 3035 690 3086 stus
734 3026 804 3082 ad
846 3023 1065 3083 Patrem
1114 3047 1126 3083 :
1170 3025 1504 3098 Improperia
1553 3026 2026 3097 improperantium
2067 3023 2163 3078 tibi

564 3120 804 3190 quadam
849 3118 994 3174 male
1029 3118 1332 3174 ceciderunt
1366 3135 1524 3190 super
1556 3134 1658 3187 me,
1687 3118 1824 3173 etin
1863 3124 2042 3173 morte
2069 3115 2164 3173 dc-

569 3219 891 3283 presseruut
911 3225 1017 3266 me.
1049 3209 1216 3278 Quasi
1242 3210 1449 3266 diceret
1479 3229 1493 3265 :
1524 3208 1665 3277 Quia
1697 3207 1831 3279 ejeci
1856 3207 1925 3264 de
1959 3204 2163 3278 templo

568 3305 866 3360 vendentes
908 3315 962 3360 et
999 3312 1275 3372 ementes,
1299 3304 1355 3358 in
1399 3320 1511 3375 quo
1556 3302 1650 3358 tibi
1699 3298 2161 3372 improperabant,

568 3394 695 3449 ideo
716 3391 1169 3464 adiudicavcrunt
1190 3397 1278 3450 me
1297 3393 1485 3465 morti.
1501 3392 1646 3461 Quid
1667 3392 1815 3459 inde,
1833 3392 2038 3448 diceret
2057 3389 2161 3445 ali-

555 3470 718 3555 quis,
746 3485 792 3538 si
823 3484 898 3538 ita
935 3483 1199 3554 scriptum
1229 3484 1345 3547 est?
1370 3482 1600 3541 Multum
1631 3481 1841 3554 utique,
1868 3481 1995 3551 quia
2019 3494 2165 3550 qua-

571 3593 774 3648 cunque
794 3578 994 3647 scripta
1017 3586 1139 3630 sunt
1161 3575 1229 3631 dc
1250 3574 1495 3654 Christo,
1519 3574 1597 3628 ad
1612 3583 1845 3632 nostram
1862 3573 2165 3626 dcctrinam

571 3670 774 3739 scripta
800 3679 943 3733 sunt,
973 3678 1030 3724 ut
1058 3685 1151 3739 per
1173 3654 1478 3724 doctrinam
1501 3666 1805 3722 habeamus
1826 3665 2163 3735 patientiam,

498 3798 509 3807 ι
569 3769 620 3817 et
641 3762 693 3818 in
714 3762 1294 3833 patientia-habeamus
1312 3759 1725 3820 consolationem
1743 3756 2163 3829 Scripturarum,

569 3870 695 3925 qua:
718 3854 1017 3924 plurimum
1038 3853 1194 3913 utilis
1210 3861 1295 3909 est
1309 3850 1660 3925 patientibus,
1681 3859 1736 3908 ct
1756 3858 1935 3921 utper
1955 3850 2166 3919 patien-

570 3950 705 4006 tiam
750 3957 804 4004 et
830 3948 971 4004 hanc
1014 3947 1447 4005 consolationem
1476 3946 1763 4002 habeamus
1793 3959 1938 4015 spem
1965 3940 2167 3997 futurae

571 4041 971 4096 retributionis.
1020 4038 1089 4095 Et
1130 4040 1260 4111 quia
1308 4041 1506 4096 merita
1534 4049 1715 4095 vestra
1758 4045 1815 4094 ct
1856 4035 2166 4092 doctrinam

573 4146 752 4188 meam
781 4128 1341 4193 insuﬁicicntiayideo
1372 4130 1443 4189 ad
1468 4131 1586 4187 haec
1611 4130 1927 4196 obtinenda,
1949 4135 2079 4199 opto
2105 4133 2168 4181 ut

572 4221 740 4290 Deus,
765 4221 922 4277 dator
944 4214 1216 4294 patientiae
1262 4232 1313 4277 et
1353 4221 1557 4287 solatii,
1584 4223 1671 4278 det
1704 4221 1849 4277 vobis
1874 4238 2056 4293 sapere
2080 4221 2166 4276 id-

570 4317 769 4385 ipsum,
793 4323 854 4372 ut
873 4331 1068 4371 omnes
1091 4331 1276 4372 veram
1295 4315 1662 4387 cognitionem
1688 4314 1957 4383 habeatis,
1981 4321 2036 4369 ct
2059 4314 2166 4369 hoc

571 4408 630 4463 in
683 4406 1021 4472 alterutrum,
1051 4414 1113 4461 ut
1164 4403 1311 4476 quod
1348 4419 1483 4461 sane
1523 4403 1689 4460 sentit
1720 4402 1841 4469 iste,
1872 4401 2074 4459 sentiat
2110 4407 2168 4456 ct

572 4500 665 4556 ille
689 4514 721 4556 c
746 4514 1032 4556 converso.
1065 4497 1260 4570 Sapere
1278 4497 1402 4554 dico
1425 4496 1748 4565 secundum,
1774 4496 1827 4552 id
1852 4503 1936 4551 est
1962 4512 2054 4566 per
2073 4494 2167 4550 Je-

574 4609 695 4648 sum
726 4591 998 4648 Christum
1024 4605 1043 4644 :
1064 4599 1123 4644 ut
1148 4605 1249 4646 vos
1279 4590 1556 4645 unanimes
1584 4602 1689 4642 uno
1719 4603 1808 4642 ore
1848 4594 1905 4642 et
1933 4601 2043 4641 una
2069 4601 2168 4642 vo-

534 4668 541 4671 ’
572 4686 805 4753 luntate,
834 4694 889 4741 ct
908 4684 1101 4744 eadem
1134 4680 1484 4741 confessione
1512 4680 1873 4753 honori/iactis
1920 4677 2090 4733 Deum
2115 4685 2167 4732 et

574 4779 795 4837 Patrem
826 4777 1042 4834 Domini
1084 4777 1254 4832 nostri
1287 4774 1418 4831 Iesu
1442 4773 1665 4830 Christi.
1696 4772 1817 4827 Non
1851 4771 2000 4844 quod
2024 4769 2169 4827 Deus

572 4881 631 4925 et
648 4870 810 4926 Pater
830 4871 1078 4927 diversos
1106 4868 1436 4942 signiﬁcent,
1480 4867 1576 4924 sed
1610 4866 1668 4921 in
1692 4865 1884 4921 eodem
1922 4863 2169 4919 diversas

573 4977 774 5019 causas
818 4961 1063 5032 assignat
1093 4980 1106 5015 :
1138 4960 1332 5036 dicens
1355 4974 1482 5014 eum
1518 4955 1999 5014 honoriﬁcandum
2046 4962 2166 5008 tum

572 5055 703 5127 quia
740 5051 885 5108 Deus
903 5061 1010 5119 est,
1030 5061 1153 5108 tum
1173 5052 1304 5124 quia
1322 5050 1485 5107 Pater
1505 5059 1589 5107 est
1606 5047 1823 5104 Domini
1845 5045 1975 5103 Jesu
2000 5044 2164 5102 Chri-

574 5145 668 5209 sti,
696 5158 793 5220 per
821 5128 983 5213 quem
1005 5158 1169 5201 omne
1186 5143 1398 5199 bonum
1426 5141 1677 5213 provenit
1698 5139 1877 5195 nobis.

648 5235 877 5309 Propter
905 5235 1064 5304 quod,
1103 5233 1156 5289 id
1187 5242 1272 5289 est
1301 5242 1363 5288 ιιι
1392 5233 1631 5304 idipsum
1660 5230 1885 5304 sapiatis
1914 5272 1929 5296 ,
1981 5236 2039 5284 et
2068 5242 2165 5283 co-

574 5330 699 5385 dem
728 5327 913 5383 animo
957 5342 1177 5396 unaque
1200 5324 1547 5380 confessione
1565 5324 1738 5379 Deum
1758 5320 2164 5387 honoriﬁcetis;

576 5421 830 5492 suscipite
875 5434 975 5476 vos
1002 5418 1247 5484 invicem,
1278 5424 1339 5471 ut
1367 5416 1504 5472 alter
1540 5416 1771 5471 alterum
1815 5412 1968 5469 omni
2006 5413 2167 5469 beni-

575 5516 783 5587 gnitate
808 5512 1073 5584 suscipiat
1102 5530 1115 5566 :
1146 5511 1215 5567 ad
1241 5509 1624 5566 instruendum
1656 5517 2039 5579 supportantes
2066 5523 2166 5563 vos

532 5610 533 5615 ‘
577 5608 633 5661 in
684 5607 1026 5662 alterutrum.
1072 5602 1338 5674 Suscipite
1371 5602 1495 5659 dico
1521 5644 1537 5669 ,
1582 5603 1720 5656 sicut
1750 5608 1799 5654 et
1837 5598 2081 5655 Christus
2111 5599 2169 5653 in
2216 5604 2221 5611 '

580 5716 776 5772 magna
820 5697 1109 5755 altitudine
1149 5697 1378 5768 suscepit
1422 5712 1532 5751 vos.
1589 5692 1842 5764 Suscepit
1888 5694 2079 5761 utique
2113 5691 2169 5744 in

578 5792 847 5847 honorem.
898 5790 1084 5848 Honor
1136 5789 1409 5849 maximus
1460 5787 1563 5843 fuit
1593 5786 1870 5843 remittere
1899 5796 2120 5857 peccata
2154 5830 2166 5842 .

580 5899 740 5957 qtmu
775 5886 1035 5941 honorem
1070 5882 1465 5957 augmentabis,
1498 5880 1773 5937 reddendo
1803 5879 2171 5953 incorruptio-

2188 3259 2237 3324 C

2197 4632 2247 4694 D

2263 2032 2389 2073 rum
2418 2016 2560 2074 Dei:
2591 2027 2648 2075 ct
2695 2019 2764 2075 ad
2812 2020 3220 2080 conﬁrmandas
3267 2037 3370 2093 per
3412 2024 3685 2080 veritatem
3708 2022 3813 2080 facti

2254 2108 2661 2180 promissioncs
2707 2119 2947 2183 patrum,
2976 2111 3030 2169 id
3058 2122 3144 2170 est
3187 2129 3331 2185 quas
3376 2114 3613 2172 fecerant
3641 2124 3817 2186 patres,

2261 2199 2319 2255 id
2339 2208 2426 2257 est
2447 2201 2748 2271 prophetat,
2769 2210 2955 2274 patres
2976 2201 3316 2261 Judaaorum.
3340 2204 3487 2262 Deus
3508 2206 3647 2262 enim
3667 2214 3717 2261 et
3735 2220 3815 2275 per

2262 2291 2506 2363 seipsum
2533 2294 2884 2364 promiserat,
2914 2303 2978 2351 ut
3008 2295 3242 2353 Abrahae
3281 2306 3342 2354 et
3384 2296 3708 2370 frequentius
3737 2310 3814 2368 per

2262 2384 2581 2455 prophetas.
2634 2383 2893 2441 Probavit
2941 2385 3114 2443 Deum
3163 2389 3478 2460 suscepisse
3501 2388 3721 2456 Judasos,
3757 2387 3812 2443 ad

2262 2476 2410 2547 quod
2443 2477 2787 2547 probandum
2816 2478 3025 2535 nullam
3052 2479 3268 2536 induait
3296 2478 3686 2549 auctoritatem,
3708 2478 3812 2553 quia

2261 2568 2423 2639 quasi
2446 2569 2706 2626 omnibus
2724 2578 2920 2641 patens
2943 2578 3082 2626 erat.
3111 2569 3320 2629 Probat
3339 2572 3480 2629 idem
3512 2575 3578 2629 de
3600 2571 3814 2645 gentibus

2261 2673 2361 2730 per
2385 2660 2763 2728 auctoritates,
2789 2660 2919 2732 quia
2943 2661 3193 2718 dubietas
3213 2662 3545 2734 quibusdam
3566 2662 3679 2718 inde
3697 2665 3817 2725 erat,

2260 2750 2452 2808 dicens
2479 2772 2493 2807 :
2524 2752 2603 2808 De
2621 2750 2829 2810 Iudaeis
2858 2754 2965 2810 hoc
2990 2753 3136 2811 dico.
3163 2754 3303 2811 Dico
3322 2757 3486 2812 etiam
3510 2754 3646 2826 quod
3667 2760 3812 2824 gestes

2261 2843 2463 2899 debent
2486 2844 2746 2900 honorare
2774 2843 2966 2914 Deam,
2989 2862 3170 2917 super,
3190 2847 3246 2904 id
3274 2857 3367 2904 est
3397 2848 3465 2905 de
3493 2843 3815 2902 misericordis

2262 2934 2368 2991 sibi
2393 2934 2558 2991 facta.
2607 2935 2675 2992 Et
2703 2936 2810 2993 hoc
2829 2936 2955 2993 dico
2985 2939 3124 2993 sicut
3156 2940 3420 3011 scriptum
3449 2948 3527 2994 est
3554 2939 3605 2994 in
3635 2936 3813 3008 psalmo

2263 3026 2441 3097 (Psal.
2474 3044 2608 3096 xvii,
2634 3027 2746 3099 50).
2798 3027 2935 3086 Illud
2990 3040 3278 3102 propterea
3333 3032 3391 3087 in
3434 3031 3617 3087 ordine
3648 3024 3809 3101 psalmi

2261 3119 2373 3174 vim
2403 3119 2594 3185 habet;
2633 3134 2741 3175 vox
2786 3119 2909 3175 Filii
2938 3120 3007 3177 ad
3048 3120 3267 3179 Patrem
3299 3121 3386 3179 :0
3416 3122 3633 3178 Domine
3649 3118 3813 3180 Pater,

2264 3225 2367 3282 ego
2398 3210 2687 3281 confitebor
2707 3211 2805 3266 tibi
2833 3213 2892 3266 in
2918 3213 3159 3284 gentibus
3182 3254 3199 3280 ,
3247 3213 3306 3270 id
3334 3223 3420 3270 est
3447 3221 3624 3285 gentes
3648 3208 3807 3265 faciam

2267 3300 2518 3356 conﬁteri
2562 3299 2773 3356 nomini
2815 3308 2934 3355 tuo.
2996 3298 3109 3358 Nec
3158 3302 3343 3358 solum
3389 3301 3703 3364 conﬁtebor,
3731 3294 3807 3352 sed

2264 3394 2430 3452 etiam
2473 3396 2699 3450 cantabo
2739 3404 2797 3452 ct
2837 3397 3126 3453 exsultabo
3155 3398 3363 3453 nomini
3409 3406 3517 3451 tuo.
3560 3392 3623 3447 Et
3646 3391 3807 3445 iterum

2265 3486 2399 3543 dicit
2439 3487 2721 3559 Scriptura
2760 3504 2858 3559 per
2883 3486 3085 3545 Isaiam
3119 3505 3133 3541 :
3167 3488 3213 3545 0
3251 3505 3356 3546 vos
3397 3495 3566 3560 gentes
3588 3475 3806 3539 tutamini

2266 3595 2386 3633 cum
2407 3580 2552 3650 plebe
2571 3581 2687 3651 ejus
2716 3578 2853 3653 (Isa.
2885 3596 2963 3649 ιι,
2990 3579 3078 3650 l0)
3099 3622 3113 3647 ,
3156 3580 3212 3637 id
3232 3590 3324 3637 est
3347 3596 3471 3638 cum
3499 3575 3701 3638 Iudaeis,
3731 3566 3807 3639 qui

2266 3669 2589 3726 dicebantur
2652 3671 2945 3741 peculiaris
3003 3672 3243 3743 p0pulus
3288 3670 3427 3739 Dei,
3470 3684 3602 3741 quas
3657 3670 3807 3735 8⁸³⁸⁸⁸

2266 3759 2471 3818 {rustra
2490 3762 2661 3819 lsa'ias
2686 3762 2951 3820 invitaret
2962 3763 3032 3818 ad
3059 3763 3328 3831 laetitiam,
3358 3762 3464 3818 nisi
3487 3755 3808 3817 consideraret

2265 3869 2458 3911 carum
2492 3855 2932 3926 susceptionem.
2950 3853 3021 3909 Et
3046 3856 3262 3923 iterum,
3292 3853 3469 3910 David”
3489 3844 3804 3922 de-gentithS-
3906 3840 3907 3851 “

2271 3944 2465 4003 Omnes
2492 3955 2667 4018 gentes
2691 3989 2707 4015 ,
2743 3947 2800 4003 id
2846 3956 2933 4004 est
2974 3946 3177 4019 singuli
3223 3947 3297 4003 de
3344 3944 3590 4019 gentibus
3630 3934 3809 3992 laudate

2230 4034 2233 4037 ’
2269 4037 2559 4094 Dominum
2610 4039 2788 4111 (Psal.
2815 4055 2962 4107 cxvt,
2987 4040 3087 4111 l)‘:
3118 4054 3222 4095 nec
3268 4041 3449 4096 solum
3493 4034 3708 4097 laudate,
3729 4021 3805 4081 sed

2266 4131 2433 4188 etiam
2456 4148 2723 4203 magnum.
2740 4132 3003 4187 ostendite
3036 4148 3157 4186 eum
3185 4132 3455 4203 operibus
3468 4126 3638 4191 bonis,
3898 4202 3899 4207 γ

2267 4220 2471 4293 populi,
2500 4202 2597 4292 qui
2637 4222 2693 4276 in
2738 4220 2971 4292 singulis
2996 4202 3248 4292 gentibus
3273 4220 3431 4277 estis.
3472 4216 3544 4272 Et
3565 4223 3728 4269 rursus
3754 4202 3808 4258 de

2266 4312 2461 4369 eodem
2483 4313 2565 4367 ait
2596 4310 2775 4367 Isaias
2800 4330 2821 4369 :
2838 4310 3194 4383 Jesse,_patcr
3206 4310 3403 4377 David,
3426 4310 3529 4365 erit
3548 4303 3690 4360 radis:
3714 4295 3810 4366 eius

2267 4404 2517 4477 originis,
2549 4404 2616 4461 de
2645 4420 2753 4475 qua
2791 4412 3050 4460 nascetur
3079 4402 3337 4459 Christus
3373 4401 3466 4473 qui
3488 4397 3710 4464 ιωνθει
3728 4398 3807 4477 μη·

2268 4475 2387 4569 gere
2438 4505 2613 4569 gentes
2646 4515 2664 4552 :
2701 4505 2753 4551 et
2794 4499 2850 4550 in
2888 4512 2949 4551 eo
2995 4509 3124 4568 rege
3148 4495 3434 4566 sperabunt
3466 4497 3630 4562 gentes
3676 4475 3804 4552 (Ῑωο

2270 4605 2347 4658 ιι,
2380 4588 2491 4658 10).
2544 4588 2867 4645 Exsurrcxit
2893 4586 3170 4654 Christus,
3200 4586 3333 4658 quia
3365 4585 3516 4641 solus
3535 4569 3808 4668 immunita

2270 4689 2496 4754 Peccato
2521 4680 2666 4736 inter
2689 4696 2904 4737 omnes.
2957 4676 3210 4734 Surrexit
3243 4677 3409 4732 altius
3435 4673 3545 4745 so
3570 4664 3715 4725 tertia
3738 4658 3806 4717 die

2270 4780 2551 4844 res“um
2575 4771 3006 4841 incorruptione,
3022 4785 3149 4826 cum
3173 4767 3319 4825 Deus
3343 4767 3501 4822 Pater
3524 4758 3809 4851 deditotnlle

2266 4864 2535 4936 judicium
2584 4864 2716 4921 huic
2744 4862 2858 4920 ﬁlio
2894 4863 3029 4934 regi.
3083 4861 3280 4918 Moneo
3331 4868 3399 4917 ut
3416 4873 3514 4914 vos
3543 4844 3808 4949 suscipiatis

2271 4959 2523 5027 invicem,
2569 4960 2664 5016 sed
2701 4962 2831 5030 quia
2860 4973 2964 5014 nec
2989 4957 3199 5015 viribus
3225 4956 3443 5022 vestris,
3482 4965 3579 5007 nec
3602 4946 3807 5042 doctrina

2269 5068 2412 5117 mea,
2440 5053 2546 5108 hoc
2572 5052 2835 5122 perﬁcere
2861 5050 3090 5121 potestis
3108 5093 3124 5117 ,
3168 5064 3364 5120 precor
3407 5054 3467 5101 ut
3500 5042 3633 5096 Dm
3650 5039 3742 5104 φα
3766 5039 3807 5125 ¹¹ξ

2268 5161 2431 5217 quem
2464 5160 2648 5215 spero,
2678 5153 2732 5199 et
2754 5159 2851 5199 vos
2872 5157 3099 5214 sperare
3124 5141 3355 5207 debetis,
3382 5136 3573 5208 repleat
3598 5144 3674 5184 vos
3693 5130 3805 5217 ctum

2267 5214 2485 5309 gaudio,
2504 5214 2564 5292 id
2588 5244 2674 5292 est
2698 5234 3027 5306 perfectione
3054 5232 3363 5291 dilectionis
3387 5250 3401 5285 :
3427 5225 3566 5300 quod
3590 5214 3804 5308 gaudium

2270 5338 2333 5384 ut
2358 5328 2505 5397 digni
2538 5327 2661 5383 sitis
2690 5326 2911 5392 habere,
2945 5324 3154 5395 repleat
3180 5339 3278 5379 vos
3320 5336 3467 5392 pace,
3504 5315 3556 5371 id
3587 5319 3663 5367 est
3685 5313 3806 5359 om"!

2271 5396 2584 5475 concordia.
2618 5418 2764 5474 Pace
2785 5418 2910 5474 dico
2944 5416 3241 5472 reformata
3268 5416 3322 5469 in
3369 5405 3633 5469 credenda,
3667 5398 3711 5452 Td
3740 5396 3806 5445 εει

2271 5510 2327 5564 in
2357 5525 2463 5565 una
2515 5510 2817 5581 eademque
2862 5507 3173 5579 integritate
3223 5505 3367 5571 ﬁdei,
3416 5510 3472 5556 ut
3500 5495 3670 5553 eadem
3699 5484 3803 5540 ﬁdes

2273 5602 2436 5659 faciat
2461 5618 2652 5674 pacem
2691 5603 2747 5657 in
2781 5602 2958 5658 vobis.
3010 5600 3121 5655 Pax
3155 5615 3284 5654 vero
3313 5582 3761 5660 nutriat‘gaudium
3789 5588 3798 5621 τ

2274 5700 2470 5769 repleat
2493 5700 2617 5756 dico
2642 5700 2768 5771 ﬁde,
2790 5715 2937 5769 pace,
2973 5706 3027 5753 et
3049 5697 3265 5767 gaudio,
3289 5702 3345 5747 ut
3367 5682 3627 5745 abundetis
3646 5677 3693 5729 in
3708 5678 3797 5771 ⁸ετκό

2276 5791 2327 5847 i.l
2358 5803 2439 5846 est
2472 5801 2529 5846 ut
2558 5799 2768 5861 quanto
2799 5789 2996 5844 melius
3024 5789 3215 5859 agetis,
3255 5782 3460 5840 ﬁrmius
3488 5785 3538 5831 et
3561 5762 3795 5861 πιδηηίξθῖξξ

2278 5883 2385 5937 lites
2412 5884 2639 5943 speretis
2660 5902 2669 5935 :
2693 5892 2742 5937 ct
2761 5900 2828 5937 nc
2853 5897 2975 5943 spes
2994 5888 3171 5935 vestra
3186 5875 3542 5937 perturbetur,
3561 5853 3795 5919 abundcus
3862 5860 3867 5951 1

3860 5964 3865 6055 ἕ

3875 5321 3878 5427 φ

3874 5454 3875 5531 ι

3870 5540 3873 5635 φ

3867 5670 3871 5741 λ

3867 5750 3869 5845 ψ
