3978 6396
194 425 283 483 ll'l

789 424 1164 486 EXPOSlTiO
1200 427 1269 485 1N
1303 428 1688 489 EPISTOLAS
1724 428 1952 487 PAULI.
1991 461 2064 472 --
2100 427 2171 485 IN
2210 428 2431 488 EPIST.
2471 432 2564 487 AD
2604 422 2770 489 ROM.

3325 436 3427 494 118

191 546 244 599 in
270 543 452 596 virtute
492 537 726 610 Spiritus
785 543 982 610 sancti,
1013 543 1068 599 id
1105 553 1192 601 est
1235 543 1475 617 Spiritus
1501 555 1737 604 sanctus
1757 546 1805 605 Α
1824 514 2168 601 Hierusalem
2192 562 2355 619 usque
2375 547 2445 600 ad
2472 546 2754 618 Illyricum
2780 561 2930 602 mare
2963 565 2976 602 :
3016 561 3116 603 nec
3142 557 3288 605 recta
3314 552 3426 620 via,

191 635 418 705 copiosas
444 632 585 689 vires
599 632 875 691 ministret
894 635 1052 693 vobis
1078 639 1463 707 perseverandi
1490 641 1547 696 in
1573 640 1740 702 bono.

248 724 439 780 Paulus
475 722 662 795 incipit
694 724 785 783 hic
816 726 1108 782 convenire
1140 727 1409 797 quosdam
1444 728 1743 802 Romanos,

189 817 395 874 laudans
419 832 514 873 eos
540 816 610 872 de
633 817 946 889 integritate
980 817 1126 886 ﬁdei,
1156 820 1224 876 de
1239 821 1583 891 plenitudine
1606 824 1745 895 dite:

189 909 365 966 ctionis
412 917 468 964 et
494 907 673 964 omnis
703 908 963 965 scientiae.
999 908 1107 966 Sed
1135 918 1322 969 tamen
1340 913 1746 985 aliquantulum

188 1001 340 1072 tangit
369 1013 500 1067 eos;
548 999 677 1071 quia
723 1015 834 1056 non
880 1012 1236 1058 correxerunt
1277 1002 1746 1075 imperfectionem

190 1090 464 1149 errantium
491 1088 747 1159 fratrum,
774 1106 904 1147 cum
940 1091 1080 1148 bene
1105 1104 1349 1164 possent,
1376 1094 1505 1166 quia
1530 1097 1749 1168 sapien-

188 1192 282 1250 tes;
314 1198 434 1239 cum
462 1181 744 1251 deberent,
773 1183 903 1254 quia
941 1196 1037 1241 eos
1069 1184 1388 1256 diligerent;
1417 1203 1544 1244 cum
1580 1189 1747 1245 etiam

188 1288 387 1330 necesse
427 1274 534 1330 hoc
560 1283 727 1344 esset,
756 1276 886 1345 quia
906 1274 1130 1344 Paulus,
1173 1277 1416 1336 intentus
1449 1279 1593 1347 aliis,
1634 1294 1747 1336 non

189 1365 494 1423 sedicienter
518 1382 717 1423 vacare
759 1375 947 1438 posset
977 1368 1304 1426 correctioni
1332 1369 1744 1442 Romanorum;

188 1458 327 1529 quasi
352 1457 558 1514 diceret
587 1476 602 1513 :
633 1457 984 1515 Conscientia
1016 1469 1201 1517 vestra
1226 1470 1376 1518 certa
1401 1464 1577 1520 estde
1603 1464 1746 1520 inte-

188 1550 359 1620 gritate
382 1548 505 1605 ﬁdei
543 1564 734 1606 eorum
768 1569 785 1606 :
817 1551 1071 1607 similiter
1099 1553 1266 1610 etiam
1301 1569 1394 1626 ego
1428 1555 1546 1627 ipse
1575 1565 1748 1613 certus

187 1654 306 1705 nm,
336 1639 529 1708 fratres
563 1642 688 1709 mei,
716 1641 782 1695 de
818 1642 985 1709 vobis,
1023 1643 1273 1715 quoniam
1312 1646 1417 1716 ipsi
1450 1646 1592 1718 pleni
1622 1648 1748 1702 estis

188 1729 277 1800 ﬁde
293 1738 339 1784 et
357 1730 657 1787 dilectione.
683 1730 797 1789 Nec
818 1733 1046 1804 litigatis
1067 1750 1194 1793 cum
1223 1734 1484 1795 fratribus
1510 1738 1748 1796 vestris:

188 1821 349 1891 repleti
385 1823 533 1877 omni
578 1825 836 1892 scientia;
871 1827 953 1880 ita
996 1836 1054 1881 ut
1087 1828 1307 1897 possitis
1341 1844 1549 1885 monere
1581 1829 1749 1886 alter-

1847 636 1942 695 sed
1971 653 2063 707 per
2084 637 2389 706 circuitum,
2421 637 2475 692 id
2510 645 2596 693 est
2620 636 2836 709 singula
2860 637 2982 693 loca
3012 636 3425 696 circumeundo.

1843 730 1952 802 81
1982 728 2074 786 Sic
2095 739 2272 785 autem
2298 730 2586 801 prwdicaoi
2631 728 3003 801 Evangelium,
3029 747 3135 785 non
3158 732 3213 786 in
3242 731 3448 788 Judaaa'

1845 821 1937 876 ubi
1959 818 2203 877 Christus
2227 820 2531 875 nominatus
2559 829 2659 889 est,
2683 837 2746 875 ne
2780 821 3099 891 aediﬁcarent
3121 838 3278 893 super
3298 823 3434 877 alie-

1847 925 1974 965 num
2022 910 2442 981 fundamentum,
2488 910 2544 966 id
2582 919 2669 966 est
2707 926 2874 981 super
2917 911 3078 967 fidem
3123 927 3290 980 quam
3338 912 3432 971 alii

1847 1003 2084 1074 apostoli
2112 1003 2563 1073 praedicaverunt.

1916 1094 2026 1152 Nec
2054 1105 2236 1152 tamen
2264 1097 2378 1151 haec
2400 1110 2568 1153 causa
2598 1094 2702 1152 fuit
2726 1111 2901 1168 quare
2924 1096 2996 1151 ibi
3027 1112 3138 1151 non
3160 1095 3431 1167 ptmdicav

1845 1188 2006 1253 verit,
2027 1188 2121 1244 sed
2150 1187 2279 1258 quia
2302 1185 2446 1244 Deus
2468 1188 2535 1243 ad
2562 1196 2750 1258 gentes
2768 1202 2895 1244 eum
2916 1187 3131 1243 direxit.
3164 1186 3244 1241 Ne
3260 1186 3436 1255 (ediﬁ-

1849 1295 2027 1335 carem
2057 1279 2181 1335 dico
2206 1278 2318 1346 sic;
2341 1279 2437 1333 sed
2467 1281 2606 1334 sicut
2629 1280 2886 1350 scriptum
2909 1287 2986 1334 est
3009 1279 3065 1332 in
3094 1278 3266 1335 Isaia:
3296 1278 3436 1334 Gen-

1848 1380 1924 1427 tes
1971 1371 2159 1443 quibus
2214 1387 2319 1426 non
2371 1379 2449 1426 est
2498 1372 2876 1427 annuntiatum
2915 1371 2981 1426 de
3028 1388 3116 1437 eo,
3183 1372 3432 1426 videbunt

1850 1463 2011 1535 (Isai.
2036 1479 2133 1532 ιιι,
2167 1462 2256 1535 15)
2287 1461 2484 1531 Deum,
2519 1472 2571 1518 et
2589 1465 2686 1535 qui
2708 1480 2798 1518 nec
2820 1464 2983 1521 etiam
3017 1463 3321 1527 audierunt,
3347 1463 3433 1515 in-

1850 1555 2108 1629 telligent.
2137 1555 2368 1626 Propter
2410 1555 2550 1629 quod
2599 1555 2728 1626 quia
2753 1555 2988 1613 rudibus
3030 1563 3086 1611 et
3115 1554 3276 1625 quasi
3299 1552 3436 1623 lapi-

1849 1647 1968 1704 deis
2008 1646 2400 1718 praedicabam,
2449 1644 2740 1717 plurimum
2763 1644 3099 1716 .impediebar
3150 1643 3322 1699 venire
3363 1641 3434 1701 ad

1850 1754 1964 1806 vos,
2000 1753 2035 1794 ο
2057 1736 2315 1805 Romani,
2345 1752 2519 1809 quare
2548 1751 2775 1793 necesse
2798 1744 2943 1793 esset
2990 1743 3051 1790 ut
3079 1750 3178 1790 vos
3198 1736 3292 1804 qui
3317 1733 3437 1792 sani

1850 1828 2041 1897 eratis,
2073 1827 2325 1884 infirmos
2365 1827 2730 1885 aediﬁcaretis.
2766 1824 2909 1883 Olim
2940 1824 3305 1896 impediebar;
3349 1821 3438 1881 sed

189 1923 368 1979 utrum,
397 1913 451 1971 id
479 1922 571 1972 est
594 1916 868 1974 instruere
892 1917 1167 1975 inﬁmam
1196 1918 1358 1976 ﬁdem
1385 1921 1638 1978 aliorum.
1683 1920 1751 1979 Et
1781 1919 1824 1980 Β
1853 1936 1990 1975 nunc
2017 1917 2242 1973 ulterius
2282 1934 2387 1973 non
2430 1918 2625 1973 habens
2669 1918 2843 1973 locum
2885 1918 2943 1972 in
2984 1917 3068 1971 his
3114 1914 3437 1986 regionibus.

188 2004 295 2061 licet
324 2007 464 2077 pleni
510 2008 638 2066 sitis
669 2009 959 2068 dilectione
990 2020 1047 2069 et
1079 2012 1331 2079 scientia,
1368 2020 1551 2068 tamen
1575 2013 1733 2067 auda-

186 2098 301 2164 cias,
328 2097 381 2153 id
416 2105 519 2156 est
561 2114 689 2156 cum
732 2101 1071 2173 aliquantula
1104 2102 1339 2159 audacia
1380 2103 1573 2173 scripsi
1605 2103 1749 2157 vobis

182 2189 353 2258 fratres
377 2205 442 2244 ea:
467 2199 648 2261 parte,
683 2191 738 2246 id
764 2201 849 2248 est
881 2193 1187 2249 secundum
1227 2208 1349 2249 eam
1380 2202 1614 2264 partem,
1642 2208 1752 2265 qua

185 2277 562 2349 aliquantulum
579 2275 897 2353 imperfecte
922 2281 1155 2354 agendo,
1186 2282 1359 2354 litigia
1386 2281 1625 2339 fratrum
1640 2297 1753 2339 non

186 2371 598 2441 compescuistis.
625 2371 833 2444 Scripsi
856 2373 1077 2445 quidem
1106 2389 1218 2431 non
1244 2389 1344 2431 vos
1372 2374 1595 2442 docens,
1613 2390 1755 2447 quos

188 2464 429 2534 sapientes
455 2466 602 2535 scio,
641 2466 739 2523 sed
768 2475 1024 2538 tanquam
1052 2467 1306 2523 reducens
1337 2483 1426 2522 vos
1464 2467 1523 2521 in
1557 2482 1756 2523 memo-

191 2556 304 2610 riam
320 2571 508 2613 eorum
543 2573 667 2629 quae
691 2558 855 2615 credo
882 2572 982 2614 vos
1011 2557 1173 2626 scire,
1202 2558 1299 2615 sed
1348 2573 1459 2614 non
1488 2558 1629 2614 satis
1660 2572 1755 2614 eo-

188 2661 290 2703 rum
311 2650 750 2709 reminiscimini.
776 2650 1030 2707 Dicerem
1050 2650 1128 2706 illi
1155 2669 1169 2706 :
1195 2650 1335 2718 Quia
1355 2650 1628 2722 perfectos
1653 2666 1756 2708 nos

189 2735 368 2807 fateris,
395 2755 577 2812 quare
622 2756 729 2797 nos
758 2741 1085 2815 redarguis!
1126 2741 1404 2799 Audacter
1440 2741 1524 2799 ait
1552 2741 1756 2799 Paulus

185 2839 373 2900 propter
390 2833 654 2903 gratiam,
678 2831 733 2888 id
760 2840 848 2889 est
886 2841 1107 2904 propter
1135 2834 1457 2906 dignitatem
1476 2835 1758 2906 apostola-

188 2928 281 2987 tus,
304 2938 414 2992 qum
444 2922 587 2978 data
628 2932 708 2979 est
731 2923 865 2979 mihi
909 2941 944 2979 a
983 2923 1116 2994 Deo,
1161 2939 1218 2982 et
1244 2926 1352 2982 hoc
1378 2925 1755 2998 magisterium

190 3026 345 3069 meum
366 3014 516 3087 cogit
546 3029 635 3071 me
660 3022 723 3071 ut
745 3031 846 3072 vos
869 3014 951 3073 sic
977 3016 1321 3074 admoneam.
1348 3016 1485 3073 Data
1505 3026 1590 3074 est
1619 3016 1757 3074 mihi

189 3107 334 3175 gratia
358 3107 499 3177 ideo,
543 3116 602 3163 ut
624 3109 728 3164 sim
767 3109 1011 3165 minister
1032 3107 1163 3165 Jesu
1186 3108 1389 3166 Christi
1413 3111 1470 3165 in
1492 3095 1754 3182 gentibus,

185 3195 234 3251 id
249 3206 322 3253 est
336 3214 433 3270 per
454 3200 835 3257 ministerium
856 3216 1048 3257 meum
1070 3208 1259 3274 gentes
1281 3200 1569 3273 subjiciam
1596 3200 1757 3256 Chri-

1848 2007 1981 2079 quia
2008 2021 2202 2063 omnes
2235 2007 2488 2063 conversi
2518 1996 2644 2063 sunt
2684 2025 2696 2060 :
2732 2006 2927 2061 habens
2961 2016 3139 2060 autem
3169 2003 3441 2074 cupidita—

1854 2105 1957 2152 tem
2001 2094 2242 2151 uenien'di
2278 2095 2349 2149 ad
2391 2110 2507 2160 vos,
2551 2112 2617 2150 ea:
2661 2094 2845 2149 multis
2867 2094 2987 2164 jam
3021 2092 3439 2163 prwcedentibus

1852 2189 2030 2255 annis,
2057 2187 2114 2243 in
2143 2203 2255 2258 quo
2282 2197 2489 2245 ‘notare
2520 2186 2754 2258 potestis
2788 2193 3051 2256 quantam
3097 2181 3438 2256 diligentiam

1853 2279 2084 2345 habeam
2126 2280 2197 2336 ad
2232 2295 2352 2336 vos.
2403 2278 2538 2337 Cum
2571 2293 2672 2349 ego
2697 2277 2965 2348 proﬁcisci
2998 2291 3198 2345 crepare
3234 2275 3291 2329 in
3336 2267 3441 2326 Hi-

1854 2372 2119 2443 spaniam,
2143 2387 2295 2442 spero
2311 2369 2461 2443 quod
2486 2370 2693 2424 videam
2712 2384 2827 2443 nos,
2852 2366 3171 2447 praeteriens
3189 2380 3301 2449 per.
3317 2379 3437 2423 vos.

1855 2478 1964 2519 non
1988 2462 2140 2519 enim
2162 2477 2331 2519 causa
2372 2470 2458 2518 est
2482 2475 2656 2533 quare
2680 2474 2928 2516 remorer
2954 2457 3238 2515 vobiscum
3260 2454 3356 2527 qui
3380 2455 3443 2509 ti-

1854 2554 2003 2612 delcs
2027 2553 2181 2611 estis.
2225 2552 2446 2608 Videam
2477 2569 2570 2608 eos
2600 2552 2746 2620 dico,
2784 2559 2837 2607 et
2870 2550 3107 2606 deducor
3134 2548 3268 2604 illuc
3289 2564 3323 2602 a
3349 2561 3440 2603 vo-

1856 2647 1958 2716 bis,
1985 2648 2033 2702 si
2063 2656 2244 2705 tamen
2276 2648 2476 2719 fruitus
2514 2646 2665 2718 prius
2706 2645 2856 2717 fuero
2878 2645 3023 2701 nobis
3057 2661 3123 2701 ea:
3171 2654 3344 2716 parte,
3387 2642 3442 2700 id

1855 2748 1941 2798 est
1968 2740 2263 2811 aliquando
2292 2738 2628 2796 remorando
2656 2737 2986 2805 vobiscum;
3024 2736 3155 2808 quia
3185 2735 3277 2796 hic
3305 2734 3446 2794 ulte—

1855 2832 1974 2889 rius
1998 2832 2181 2888 locum
2207 2846 2317 2888 non
2354 2830 2532 2888 habeo
2553 2838 2610 2886 et
2634 2828 2712 2886 ad
2733 2844 2832 2887 vos
2854 2828 3103 2886 transire
3125 2824 3311 2898 cupio.
3340 2825 3448 2899 lgi-

1856 2934 1950 2981 tur
1968 2925 2126 2996 quod
2156 2923 2318 2995 prius
2342 2921 2653 2980 faciendum
2686 2930 2774 2979 est
2801 2921 3091 2993 operabor,
3124 2920 3333 2976 scilicet
3358 2918 3448 2978 ibo

1856 3013 2199 3072 Hierusalem
2246 3014 2564 3072 ministrare
2608 3015 2836 3072 sanctis.
2881 3012 3113 3080 Quando
3160 3012 3356 3069 Petrus
3394 3021 3450 3073 tu

1858 3104 1954 3176 qui
1980 3119 2106 3160 cum
2130 3119 2197 3160 eo
2229 3112 2388 3161 erant
2413 3102 2587 3160 Paulo
2618 3111 2675 3158 et
2703 3101 2967 3158 Barnabas
3006 3102 3229 3157 dextras
3250 3102 3448 3159 dedere

1858 3194 2138 3253 societatis
2158 3192 2365 3265 (Galat.
2397 3208 2459 3261 tt,
2499 3192 2580 3266 9),
2620 3188 3107 3265 injunxerunteis,
3145 3201 3206 3248 ut
3237 3192 3292 3246 in
3342 3191 3445 3246 Ec-

188 3295 276 3354 sto,
315 3292 662 3362 sanctiﬁcata
706 3290 1054 3364 Evangelinm
1092 3292 1193 3349 Dei
1230 3307 1250 3348 :
1279 3291 1429 3365 quod
1475 3291 1757 3349 sanctiﬁoo
1783 3285 1829 3347 C
1858 3286 2045 3343 ciesiis
2090 3284 2336 3359 gentium
2379 3284 2731 3355 collectiones
2780 3283 3043 3352 facerent,
3085 3283 3234 3343 unde
3279 3283 3445 3339 mini-

184 3378 462 3440 dum'idem
490 3397 701 3453 operor
752 3383 901 3456 quod
928 3383 1187 3456 praedico.
1230 3383 1590 3455 Sanctiﬁcans
1611 3384 1758 3454 ideo,

185 3480 235 3525 ut
266 3474 353 3544 ﬁat
389 3483 619 3546 accepta
659 3474 769 3532 Deo
792 3475 994 3534 oblatio
1029 3476 1286 3548 gentium,
1308 3476 1363 3532 id
1386 3483 1472 3533 est
1495 3474 1759 3550 egooﬁ'e‘

185 3580 295 3623 rens
318 3577 505 3640 gentes
542 3576 798 3639 acceptus
825 3570 930 3626 sim
968 3567 1103 3639 Deo,
1133 3570 1220 3626 vel
1265 3577 1328 3626 ut
1355 3570 1760 3643 gentesehlataa

186 3667 391 3728 accepta:
415 3659 540 3716 sint
558 3658 688 3715 Deo.
703 3658 917 3717 Oblatio
938 3659 1062 3717 dico
1082 3669 1325 3732 accepta,
1342 3669 1398 3717 et
1416 3662 1758 3732 sanctiﬁcata

187 3747 233 3801 in
258 3747 449 3819 Spiritu
472 3759 690 3819 sancto,
719 3750 851 3822 quia
888 3764 996 3823 per
1018 3749 1425 3822 impositionem
1453 3766 1654 3811 manus
1683 3750 1757 3808 do

188 3836 424 3909 Spiritum
474 3848 759 3908 sanctum,
787 3841 937 3911 quod
963 3839 1427 3911 pseudodoctores
1451 3839 1634 3901 facere
1655 3856 1757 3897 ne-

188 3941 384 4000 queunt.
415 3932 485 3990 Et
511 3932 650 4005 quia
680 3933 964 3989 sanctiﬁco
992 3931 1369 4004 Evangelium,
1404 3932 1573 4005 igitur
1592 3932 1757 3987 habeo

180 4022 404 4094 gloriam,
431 4025 490 4085 id
522 4033 613 4081 est
639 4025 845 4097 glorior
890 4024 1124 4083 multum
1156 4025 1212 4080 in
1244 4025 1559 4096 apostolatu
1611 4041 1751 4082 meo.

188 4110 398 4171 ﬂauam
416 4119 554 4175 dico
582 4115 921 4173 referendam
942 4131 1061 4175 non
1092 4115 1162 4173 ad
1187 4131 1296 4185 me,
1321 4117 1421 4173 sed
1463 4117 1534 4172 ad
1562 4116 1752 4199 Deum,

181 4212 230 4260 et
252 4206 346 4265 hoc
367 4210 424 4265 in
447 4207 673 4268 Christo
692 4207 843 4275 Jesu,
864 4207 931 4268 id
957 4215 1044 4265 est
1070 4223 1167 4278 per
1194 4207 1504 4275 Christum,
1529 4208 1625 4279 qui
1668 4202 1756 4263 me

182 4301 504 4357 maceravit
536 4301 847 4371 apostolum
882 4298 1052 4356 :ideo
1100 4299 1279 4357 habeo
1327 4299 1587 4370 gloriam,
1630 4300 1757 4371 quia

176 4405 272 4444 non
306 4394 473 4449 audeo
531 4391 677 4463 loqui
716 4390 925 4463 aliquid
953 4407 1147 4447 eorum
1198 4407 1329 4461 quae
1370 4389 1615 4446 Christus
1651 4406 1756 4447 non

179 4482 313 4550 edicit
347 4500 439 4555 per
479 4500 568 4539 me
607 4483 943 4550 ministrum,
973 4490 1034 4537 ut
1059 4480 1272 4538 faciunt
1298 4481 1527 4553 pseudo,
1552 4481 1647 4553 qui
1671 4481 1756 4536 di~

176 4583 373 4633 mntse
402 4576 608 4633 fecisse
633 4591 758 4647 quae
776 4590 1062 4646 nunquam
1093 4573 1361 4632 fecerunt.
1407 4573 1487 4630 Ea
1528 4590 1643 4631 non
1663 4574 1756 4631 lo-

178 4681 305 4735 quor
324 4683 447 4739 quae
470 4683 575 4741 per
604 4682 695 4727 me
717 4682 829 4724 non
875 4666 1038 4725 efficit
1078 4666 1266 4735 Deus,
1316 4665 1414 4724 sed
1464 4667 1662 4738 loquor
1689 4681 1755 4722 ea

178 4770 290 4826 qua
314 4774 409 4830 per
433 4775 529 4816 me
540 4758 806 4816 .Christus
836 4756 1017 4826 allicit,
1039 4759 1097 4813 in
1120 4756 1472 4813 obedientiam
1496 4749 1752 4830 gentium,

185 4846 230 4901 id
252 4860 330 4905 est
355 4860 420 4907 ut
439 4852 534 4909 vel
558 4865 662 4924 ego
687 4850 939 4907 obediam
970 4850 1076 4922 ipsi
1107 4851 1164 4906 in
1193 4851 1465 4922 gentibus,
1495 4851 1581 4907 vel
1624 4865 1756 4922 gen-

178 4946 255 4997 tes
297 4958 392 5014 per
431 4943 811 5000 merebediant
841 4944 913 5000 ci.
948 4942 1122 5014 E/ﬁcit
1154 4944 1276 5001 dico
1324 4960 1418 5015 per
1459 4960 1542 5000 me
1567 4943 1753 5011 .verbo,

183 5030 419 5093 Christus
443 5036 596 5093 enim
641 5036 886 5107 loquitur
914 5035 972 5091 in
1001 5051 1111 5092 me.
1148 5034 1324 5092 Edicit
1364 5037 1526 5091 etiam
1570 5036 1754 5106 factis,

184 5120 231 5177 id
256 5135 336 5182 est
378 5127 435 5182 in
470 5127 729 5197 operibus
775 5127 914 5184 meis
937 5165 953 5196 ,
998 5128 1128 5199 quia
1178 5127 1326 5198 quod
1375 5128 1511 5184 bene
1556 5128 1755 5198 loquor

178 5228 381 5283 operor.
430 5216 609 5288 Eﬁicit
648 5217 774 5275 dico
798 5218 855 5273 in
876 5219 1070 5273 virtute
1111 5219 1384 5289 signorum
1400 5227 1456 5273 et
1483 5217 1754 5298 prodigio-

186 5320 310 5373 rum,
338 5310 406 5365 ad
437 5308 837 5381 quaefacienda
867 5310 961 5366 dat
990 5310 1125 5365 mihi
1144 5310 1428 5367 virtutem.
1465 5310 1631 5382 Signa
1654 5325 1751 5365 vo—

181 5407 278 5462 cat,
311 5411 370 5456 ut
400 5401 753 5473 depulsiones
801 5401 1143 5470 morborum,
1172 5402 1441 5475 prodigia,
1486 5402 1754 5460 suscitare

180 5501 437 5549 mortuos.
470 5493 850 5567 Prodigion
877 5494 1002 5551 dico
1031 5493 1297 5552 factorum
1327 5495 1381 5551 in
1402 5497 1608 5551 virtute
1631 5493 1757 5566 Spi-

188 5582 308 5637 situs
345 5585 543 5639 sancti.
585 5584 684 5641 Vel
715 5584 1167 5643 efﬁcitJChristtts
1214 5600 1315 5657 per
1352 5601 1437 5641 me
1467 5585 1522 5640 in
1552 5585 1756 5642 virtute

190 5672 409 5744 Spiritus
441 5680 638 5750 sancti,
674 5696 840 5754 quem
878 5697 979 5754 per
1021 5697 1219 5739 manus
1257 5695 1408 5736 meas
1451 5677 1751 5737 distribuit.

193 5761 289 5832 Sic,
311 5769 562 5841 inquam,
580 5773 759 5841 edicit,
784 5783 847 5828 ut
862 5789 965 5847 ego
989 5773 1314 5845 repleverim,
1337 5772 1390 5828 id
1412 5780 1496 5828 est
1515 5771 1758 5842 plenarie

1859 3385 2101 3437 strarent
2151 3376 2360 3434 sanctis
2411 3377 2466 3432 in
2513 3375 2876 3444 Hierusalem,
2932 3377 3136 3448 quibus
3189 3375 3443 3437 inﬁdeles

1858 3469 2046 3528 omnia
2065 3469 2423 3527 abstulerant.
2459 3466 2668 3523 Vadam
2709 3468 3014 3525 ministrate
3052 3467 3276 3532 sanctis,
3314 3466 3445 3537 quid

1852 3561 2177 3624 .Macedonia
2195 3570 2247 3621 et
2273 3560 2501 3630 Achaia,
2527 3559 2584 3617 id
2603 3568 2691 3617 est
2713 3558 2976 3617 Ecclesiae
2996 3574 3189 3615 eorum
3207 3557 3444 3629 probum

1853 3655 2241 3729 iudicaverunt
2267 3655 2443 3727 facere
2471 3653 2713 3726 aliquam
2737 3651 3181 3709 collectionemin
3194 3667 3449 3724 pauperes

1852 3756 2166 3806 sanctarum
2196 3744 2569 3814 deferendam,
2599 3744 2655 3801 id
2678 3752 2783 3813 est,
2813 3743 2871 3799 in
2890 3759 3172 3816 pauperes
3205 3753 3448 3812 sanctos,

1857 3842 1948 3913 qui
1968 3849 2093 3896 sunt
2118 3837 2439 3895 Jerusalem.
2480 3835 2859 3893 Prohaverunt
2885 3836 3108 3906 quidem
3140 3836 3244 3892 hoc
3272 3851 3383 3892 non
3417 3849 3451 3898 a

1858 3933 2020 3990 nobis
2066 3931 2264 3999 coacti,
2324 3930 2441 3998 sed,
2477 3930 2603 4002 quia
2641 3928 2721 3984 ita
2761 3928 2968 4000 placuit
3001 3928 3123 3993 eis;
3162 3936 3217 3984 et
3258 3927 3305 3983 si
3338 3943 3449 3991 non

1856 4025 2117 4097 placeret,
2169 4023 2432 4078 debitores
2464 4030 2647 4078 tamen
2677 4029 2802 4076 sunt
2834 4036 3016 4077 eorum
3057 4028 3114 4077 et
3154 4035 3222 4076 ex
3269 4019 3452 4076 debito

1856 4115 2037 4173 facere
2062 4122 2358 4187 oporteret.
2390 4112 2531 4169 Vere
2559 4113 2835 4171 debitores
2863 4121 2994 4170 sunt
3017 4127 3231 4170 eorum.
3278 4111 3445 4177 Nam,
3529 4168 3531 4171 τ

1855 4210 1904 4264 si
1931 4207 2152 4281 gentiles
2173 4206 2308 4279 facti
2329 4214 2454 4262 sunt
2476 4207 2765 4278 participes
2792 4206 3156 4277 spiritualium
3178 4205 3447 4261 bonorum

1854 4316 2039 4356 eorum
2063 4307 2404 4367 sanctorum,
2431 4299 2562 4370 quia
2590 4297 2769 4355 sancti
2806 4298 2894 4355 illi
2923 4297 3230 4368 spiritualia
3275 4296 3479 4367 genti--

1854 4391 1960 4453 bus
1982 4391 2456 4465 ministraverunt,
2511 4390 2701 4445 debent
2730 4390 2894 4448 etiam
2924 4397 3113 4461 gentes
3139 4389 3452 4444 ministrare

1855 4484 2057 4540 sanctis
2078 4485 2137 4538 in
2164 4483 2491 4539 carnalibus.
2528 4480 2985 4553 Quandoquidem
3008 4483 3113 4539 hoc
3130 4480 3269 4537 mihi
3295 4481 3448 4549 prius

1857 4572 2165 4631 faciendum
2190 4581 2390 4641 restat,
2424 4574 2595 4646 igitur
2618 4589 2737 4631 cum
2783 4573 2879 4628 hoc
2916 4588 3365 4635 consummarcro,
3398 4580 3447 4621 cz

1857 4683 1984 4725 cum
2008 4667 2374 4738 assignavero,
2421 4666 2475 4721 id
2521 4674 2629 4732 est,
2662 4665 2774 4721 sub
2818 4664 2997 4736 sigillo
3038 4666 3115 4719 eis
3146 4663 3446 4724 reddidero

1857 4761 2092 4831 fructum
2112 4752 2270 4827 hunc,
2296 4759 2608 4831 proﬁciscar
2634 4758 2691 4812 in
2710 4756 3036 4827 Hispaniam
3060 4754 3334 4811 transiens
3355 4771 3448 4825 per

1857 4868 1965 4906 vos.
2016 4848 2141 4907 Scio
2192 4859 2367 4905 autem
2405 4851 2656 4921 quoniam
2700 4849 2906 4906 veniens
2951 4847 3117 4918 longo
3172 4845 3448 4902 desiderio

1858 4952 2035 5009 actus,
2079 4942 2297 4998 veniam
2350 4942 2420 4996 ad
2458 4958 2544 4995 vos
2584 4942 2644 4998 in
2674 4938 3016 4994 abundantia
3067 4938 3446 4993 benedictionis

1861 5035 2083 5101 Christi,
2116 5034 2170 5091 id
2196 5042 2300 5101 est,
2335 5029 2997 5092 bencdictionemChristi
3030 5028 3226 5086 faciam
3263 5029 3444 5086 abun-

1856 5125 1986 5181 dare
2031 5126 2088 5181 in
2137 5126 2319 5192 vobis,
2358 5123 2691 5195 impertiens
2741 5122 2874 5179 illud
2915 5122 3103 5195 gratia:
3151 5122 3248 5179 Dei
3297 5124 3448 5195 quod

1855 5219 2029 5274 deest.
2063 5216 2131 5272 Et
2169 5218 2298 5289 quia
2335 5233 2481 5278 nunc
2515 5216 2694 5272 iturus
2718 5231 2855 5271 sum
2886 5214 3209 5282 Jerusalem,
3243 5215 3439 5288 igitur,

1856 5311 2069 5364 obsecro
2118 5326 2205 5365 vos
2256 5310 2469 5380 fratres,
2499 5325 2592 5380 per
2633 5307 2919 5363 Dominum
2965 5318 3207 5363 nostrum
3258 5308 3444 5365 Iesum

1857 5401 2151 5469 Christum,
2187 5411 2244 5459 ut
2270 5402 2542 5473 adjuvetis
2577 5417 2658 5456 me
2707 5401 2762 5454 in
2799 5401 3128 5455 orationibus
3169 5400 3307 5456 fusis
3347 5417 3441 5469 pro

1858 5510 1939 5549 me
1977 5495 2045 5547 ad
2090 5492 2278 5559 Deum,
2309 5503 2366 5547 ut
2400 5494 2505 5548 hoc
2528 5492 2801 5563 adjutorio
2831 5491 3021 5571 liberer
3046 5491 3111 5545 ab
3138 5491 3440 5560 infidelibus

1855 5586 1947 5659 qui
1977 5596 2100 5641 sunt
2130 5588 2186 5641 in
2226 5585 2442 5653 Judtea,
2476 5596 2524 5641 et
2550 5596 2607 5639 ut
2631 5586 2703 5640 ita
2734 5584 2935 5640 oblatio
2960 5584 3196 5654 obsequii
3232 5583 3353 5649 mei,
3388 5583 3443 5637 id

1855 5685 1941 5733 est
1968 5676 2024 5731 in
2050 5692 2159 5748 qua
2196 5677 2490 5746 obsequor,
2521 5676 2618 5745 ﬁat
2640 5682 2856 5746 accepta
2881 5673 3082 5728 sanctis
3111 5675 3166 5724 in
3193 5669 3440 5725 Jersoso—

1856 5770 2023 5841 lgma,
2082 5769 2202 5826 sine
2242 5768 2605 5826 diminutione
2659 5767 2767 5823 illis
2814 5771 3172 5838 przesentata;
3220 5771 3281 5816 ut
3334 5763 3440 5818 hoc

194 5861 581 5926 pnetlicavcrim
629 5866 975 5941 Evangelium
1038 5862 1276 5933 Christi,
1325 5864 1637 5948 incipiendo
1690 5864 1774 5940 ab.
1846 5876 2116 5938 prospere
2143 5863 2434 5951 completo,
2464 5861 2667 5916 ueniam
2694 5859 2763 5914 ad
2801 5874 2887 5914 eos
2920 5857 2973 5912 in
3000 5856 3201 5929 gaudio
3222 5854 3315 5927 per
3347 5872 3439 5911 vo.—
