3978 6396
542 361 648 417 119
1076 359 1134 416 S.
1176 358 1532 434 ΒξιῦΝοΝιδ·
1560 356 2214 424 CARTHUSIANQRUM
2246 358 2736 426 INSTITUTORIS
2773 361 2925 418 OPP.
2965 361 3150 419 PARS
3183 362 3251 419 ll'.
3674 366 3757 436 {EQ

537 473 804 527 luntatem
822 467 940 536 Dei,
962 467 1015 525 id
1037 477 1140 535 est,
1167 467 1313 526 sicut
1341 472 1484 528 Deus
1502 469 1861 540 disposuerit;
1886 475 1936 524 et
1967 466 2126 537 rcfri-
2150 471 2202 530 Α
2235 487 2254 520 ‹
2282 469 2458 536 taciti,
2476 469 2644 540 (quod
2683 487 2830 526 nunc
2873 471 3202 542 patefactum
3247 479 3331 528 est
3365 487 3458 544 per
3500 473 3760 546 scripturas

539 579 656 634 gere
681 563 946 616 vobiscum
967 560 1258 630 perﬁciens
1291 561 1348 616 in
1377 561 1532 618 vobis
1564 560 1708 631 quod
1745 557 2121 630 imperfectum
2233 579 2252 612 ι
2279 561 2667 632 prophetarum
2694 564 2999 619 secundum
3020 571 3352 635 pmceptum
3379 564 3558 620 aeterni
3582 563 3685 633 Dei,
3705 569 3762 626 ad

499 659 503 663 '
537 654 824 708 invenero.
853 651 1100 722 Sedquia
1132 653 1199 708 ad
1226 654 1333 710 hoc
1359 667 1534 724 neque
1559 667 1657 722 per
1675 662 1996 723 'vos,neque
2021 665 2119 722 per
2231 670 2252 704 ο
2280 652 2648 710 obeditionem
2707 654 2858 726 ﬁdei)
2916 655 2974 710 in
3023 657 3241 712 cunctis
3286 656 3530 728 gentibus
3571 658 3762 728 cogniti,

541 759 632 799 me
665 743 952 799 sutlicitis:
985 742 1124 798 Deus
1146 745 1296 814 pacis
1315 744 1376 814 ﬁt
1411 741 1620 798 faciens
1647 757 1836 813 pacem
1869 758 1986 796 cum
2011 757 2128 796 om-
2233 761 2252 796 ι
2281 743 2384 799 soli
2408 745 2642 815 sapienti
2672 744 2784 801 Deo
2808 761 2908 816 per
2933 744 3122 802 Iesum
3151 746 3452 814 Christum,
3489 747 3572 804 cui
3619 747 3764 804 honor

542 836 697 889 nibus
721 835 886 890 vobis.
917 835 1104 890 Amen.
2233 855 2252 888 ι
2280 844 2336 892 et
2362 836 2536 908 gloria
2561 837 2616 892 in
2648 839 2847 894 saecula
2875 839 3223 896 smculormn.
3252 840 3444 895 Amen.
3475 859 3506 892 ιι

1124 924 1352 981 CAPUT
1399 925 1547 981 XVL
2794 935 2800 942 '
2863 947 3170 988 sxposr'rto.

621 1037 643 1071 ο
686 1017 1026 1074 Commendo
1053 1027 1235 1072 autem
1271 1017 1427 1073 vobis
1463 1017 1706 1073 Phoeben
1742 1033 1984 1074 sororem
2022 1032 2126 1072 no-
2296 1021 2476 1079 Finita
2504 1022 2770 1095 Epistola,
2801 1023 2996 1080 inserit
3023 1023 3383 1082 salutationes
3409 1040 3552 1093 suas,
3578 1026 3766 1085 dicenst

551 1126 578 1164 ς
604 1117 953 1182 stram,qua:
980 1117 1065 1165 est
1097 1109 1152 1163 in
1182 1107 1772 1178 ministerioEcclesia:
1793 1125 1920 1182 qua:
1962 1117 2048 1166 est
2069 1109 2127 1165 in
2225 1111 2363 1168 Cum
2387 1112 2476 1169 his
2503 1129 2626 1186 qua:
2646 1113 2902 1185 superius
2920 1113 3299 1170 commendavi
3323 1114 3612 1169 commendo
3632 1115 3768 1169 etiam

553 1221 574 1254 ο
599 1200 899 1260 Cenchris:
925 1211 986 1258 ut
1007 1216 1129 1258 eam
1155 1201 1472 1274 suscipiatis
1493 1202 1550 1258 in
1572 1201 1805 1259 Domino
1825 1203 1988 1274 digne
2007 1217 2130 1259 san-
2227 1203 2370 1258 vobis
2400 1202 2630 1259 Phoeben
2653 1216 2888 1260 sororem
2927 1213 3186 1272 nostram,
3211 1221 3330 1276 quae
3364 1213 3440 1260 est
3469 1205 3524 1258 in
3563 1205 3768 1258 ministe-

552 1311 578 1345 s
605 1293 710 1351 etis
727 1293 854 1367 [al.,
877 1293 1068 1367 satis],
1091 1303 1146 1350 et
1168 1293 1442 1351 assistatis
1457 1295 1509 1350 ei
1530 1295 1587 1350 in
1608 1309 1939 1366 quocunque
1963 1309 2131 1366 nego-
2228 1297 2312 1350 rio
2326 1293 2601 1364 Ecclesia,
2634 1296 2689 1352 id
2701 1305 2788 1353 est
2809 1312 2933 1368 quae
2957 1296 3238 1353 ministrat
3257 1295 3560 1353 necessaria
3585 1297 3770 1353 cuidam

551 1402 576 1436 ο
604 1385 680 1441 tio
707 1385 872 1441 vestri
899 1383 1216 1458 indiguerit.
1243 1384 1462 1442 Etenim
1512 1387 1628 1458 ipsa
1691 1403 1912 1459 quoque
1957 1387 2131 1444 astitit
2229 1387 2516 1458 Ecclesiae,
2535 1405 2704 1462 quam
2724 1389 3010 1446 constituit
3043 1387 3318 1445 Cenchris.
3347 1386 3460 1445 Hoc
3494 1387 3695 1459 inquam
3717 1388 3772 1442 de

553 1497 572 1529 α
601 1476 811 1545 multis,
845 1486 904 1534 et
923 1477 1062 1533 mihi
1091 1478 1218 1549 ipsi.
1245 1477 1490 1534 Salutate
1508 1477 1754 1536 Priscam
1779 1489 1833 1535 et
1852 1479 2128 1552 Aquilam,
2229 1492 2294 1534 ea
2327 1479 2674 1548 commendo,
2719 1489 2780 1534 ut
2816 1479 3126 1551 suscipiatis
3161 1495 3279 1534 eam
3320 1478 3377 1533 in
3405 1477 3617 1532 Domino
3646 1477 3774 1548 digne

549 1588 570 1620 ι
599 1569 880 1640 adjutores
916 1585 1070 1625 meos
1119 1570 1176 1624 in
1219 1569 1444 1627 Christo
1487 1561 1622 1628 Iesu
1646 1557 1780 1644 (qui
1809 1587 1910 1644 pro
1944 1572 2132 1629 anima
2230 1569 2618 1638 sanctis,idest
2631 1571 2717 1626 vel
2741 1570 3131 1642 quomodovos
3153 1569 3535 1626 sanctosdecet
3549 1583 3656 1623 eam
3670 1582 3774 1623 sus-

550 1679 570 1712 s
598 1675 720 1714 mea
746 1675 878 1715 suas
905 1661 1148 1715 cervices
1179 1672 1626 1733 supposuerunt:
1657 1663 1858 1734 quibus
1890 1679 1998 1719 non
2035 1678 2136 1720 so-
2231 1661 2412 1732 cipere
2430 1679 2456 1730 ;.
2491 1661 2578 1718 vel
2615 1662 2894 1746 quomodo
2928 1677 2995 1718 ea
3023 1671 3214 1718 sancta
3245 1659 3587 1732 suscipienda
3611 1667 3716 1716 est:
3737 1667 3780 1712 et

552 1769 574 1802 ο
599 1751 715 1806 lum
743 1766 844 1822 ego
874 1752 1078 1822 gratias
1103 1767 1223 1825 ago,
1261 1755 1356 1810 sed
1383 1765 1438 1810 et
1466 1765 1676 1811 cunctae
1707 1755 1967 1812 Ecclesia:
1995 1770 2133 1828 gen-
2229 1753 2280 1806 ei
2306 1760 2578 1824 susceptae
2603 1754 2877 1808 assistatis
2904 1754 2959 1808 in
2981 1769 3292 1826 quocunque
3313 1749 3779 1826 negotiomdiguerit

552 1859 572 1893 ς
601 1837 760 1912 tium)
791 1851 845 1898 et
869 1843 1227 1900 domesticam
1274 1844 1578 1902 Ecclesiam
1625 1862 1840 1903 eorum.
1889 1846 2134 1904 Salutate
2161 1829 2211 1890 3
2235 1845 2415 1898 vestri.
2457 1841 2562 1899 Per
2600 1843 2746 1900 hanc
2785 1841 3028 1900 thben
3062 1851 3286 1905 euntem
3328 1841 3574 1907 Romam,
3610 1837 3779 1895 dicitur

551 1952 570 1982 ι
603 1931 918 2004 Ερωῐιριιιηι
948 1935 1206 1991 dilectum
1241 1935 1404 2004 mihi,
1459 1937 1552 2008 qui
1582 1947 1667 1994 cst
1692 1938 2002 2010 primitivus
2025 1937 2132 1997 Ec-
2233 1933 2532 2005 Apostolus
2559 1935 2782 1992 misisse
2803 1950 2961 1992 suam
2991 1933 3316 2006 Epistolam,
3347 1949 3510 2006 quam
3535 1931 3646 1988 ideo
3663 1945 3782 1986 eom-

551 2044 571 2075 «
601 2025 782 2080 οιρείω
805 2025 947 2082 Asiae
972 2025 1026 2080 in
1054 2025 1275 2082 Christo
1297 2027 1448 2083 Iesu.
1483 2027 1727 2086 Salutate
1746 2029 2138 2102 Mariamque:

549 2135 570 2166 ί
599 2117 832 2172 multum
855 2117 1123 2172 laboravit
1149 2119 1202 2173 in
1225 2119 1402 2176 vobis.
1439 2119 1684 2176 Salutate
1707 2123 1818 2194 82
1845 2122 2132 2181 Androni-

550 2225 568 2256 ι
601 2219 728 2262 cum
745 2215 804 2262 et
825 2205 1077 2275 Iuniam,
1097 2218 1360 2280 cognatos
1384 2220 1438 2266 et
1461 2212 1816 2282 concaptivos
1837 2228 2020 2278 meos,
2038 2212 2133 2283 qui

549 2317 569 2348 ‹
602 2308 732 2353 sunt
756 2299 965 2355 nobiles
988 2301 1044 2354 in
1068 2301 1352 2371 apostolis,
1376 2303 1470 2373 qui
1494 2311 1547 2358 et
1568 2313 1694 2370 ante
1716 2319 1803 2358 me
1836 2303 2059 2360 fuerunt
2077 2305 2132 2360 in

553 2406 572 2439 ι
600 2385 824 2444 Christo
867 2389 1032 2446 Iesu-
1068 2390 1317 2448 Salutate
1347 2393 1678 2464 Ampliatum
1717 2395 2134 2452 dilectissimum

553 2496 572 2528 ι
603 2477 738 2532 mihi
760 2478 817 2532 in
839 2477 1093 2535 Domino.
1123 2479 1369 2537 Salutate
1395 2480 1678 2538 Urbanum
1706 2483 2011 2554 adjutorem
2045 2501 2139 2540 no-

553 2589 574 2618 s
601 2576 776 2624 strum
800 2569 854 2624 in
877 2569 1347 2642 Christo..Iesu,et
1373 2572 1610 2647 Stachyn
1637 2575 1897 2631 dilectum
1926 2591 2132 2632 meum.

553 2679 576 2712 s
606 2660 853 2718 Salutate
881 2663 1140 2734 Appellen
1163 2665 1396 2736 probum
1424 2666 1480 2720 in
1501 2665 1742 2723 Christo.
1777 2667 2023 2724 Salutate
2041 2683 2138 2724 eos

551 2771 574 2806 ‹
603 2753 699 2825 qui
727 2763 954 2812 suntex
997 2756 1295 2812 Aristoboli
1344 2759 1530 2819 domo.
1573 2757 1816 2815 Salutate
1862 2758 2133 2816 Herodia-

553 2863 575 2896 ι
609 2861 744 2901 num
774 2857 1071 2918 cognatum
1122 2863 1328 2904 meum.
1369 2847 1614 2904 Salutate
1642 2864 1739 2905 eos
1787 2849 1882 2920 qui
1917 2858 2139 2906 suntex

555 2955 573 2986 s
601 2934 844 2993 Narcissi
869 2936 1054 3005 domo;
1080 2939 1174 3010 qui
1201 2947 1334 2993 sunt
1357 2939 1411 2993 in
1443 2937 1696 2995 Domino.
1732 2938 1978 2995 Salutate
1997 2937 2138 3013 Try-

553 3027 854 3098 c-pbaznam
882 3037 936 3084 et
961 3028 1326 3102 Tryphosam,
1355 3046 1478 3102 quae
1505 3030 1760 3086 laborant
1792 3031 1850 3087 in
1879 3030 2136 3088 Domino.

553 3138 576 3172 ο
607 3118 851 3176 Salutate
879 3119 1160 3178 Persidem
1201 3121 1606 3188 charissimam,
1637 3138 1760 3194 qua:
1794 3123 2028 3179 multum
2061 3123 2143 3180 la-

2234 2025 2476 2092 mendat,
2491 2035 2550 2082 ut
2571 2023 3029 2093 Romani,audita
3051 2025 3380 2080 auctoritate
3407 2023 3544 2094 ejus,
3576 2019 3770 2091 acquie-

2233 2126 2392 2173 scant
2432 2119 2484 2173 ei
2525 2117 2582 2173 in
2613 2117 2895 2184 omnibus,
2924 2132 3049 2188 quae
3073 2116 3214 2172 bene
3234 2115 3503 2172 suadebit.
3538 2111 3782 2169 Assisten-

2233 2209 2364 2264 dum
2393 2217 2480 2264 est
2523 2209 2622 2264 ei":
2660 2209 2858 2264 etenim
2903 2209 3020 2279 ipsa
3060 2208 3240 2263 astitit
3289 2207 3475 2262 multis
3519 2203 3716 2270 sanctis,
3744 2209 3786 2255 et

2237 2301 2366 2356 mihi
2399 2302 2505 2372 ipsi
2548 2300 2936 2356 ministrando.
2985 2297 3236 2356 Salutate
3281 2299 3449 2355 etiam
3493 2295 3714 2352 Priscam
3745 2301 3784 2346 et

2235 2388 2510 2460 Aquilam,
2535 2389 2808 2460 adjutores
2832 2405 2972 2444 meos
2995 2389 3051 2443 in
3076 2385 3294 2444 Christo
3316 2386 3464 2443 Iesu.
3482 2384 3574 2440 Vel
3593 2384 3786 2440 salutate

2239 2481 2294 2536 in
2322 2480 2570 2549 Christo,
2615 2481 2706 2554 qui
2757 2489 2988 2552 uterque
3029 2489 3417 2552 supposuerunt
3449 2496 3569 2534 suas
3601 2475 3786 2532 cervices

2237 2587 2333 2644 pro
2361 2573 2543 2627 anima
2566 2565 2702 2628 mea.
2733 2570 2801 2626 Hi
2827 2571 3004 2627 Paulo
3043 2572 3102 2626 in
3131 2572 3325 2628 multis
3351 2569 3603 2643 periculis
3624 2577 3671 2622 et
3690 2580 3790 2620 car-

2239 2668 2458 2725 ceribus
2489 2667 2882 2724 subvenerunt.
2924 2667 3130 2734 Quibus
3165 2683 3272 2722 non
3303 2683 3396 2740 ego
3437 2665 3576 2720 solus
3618 2659 3788 2735 gratias

2239 2773 2378 2828 ago;
2406 2757 2498 2812 sed
2523 2758 2687 2813 etiam
2731 2766 2937 2813 cuncta:
2976 2755 3234 2812 Ecclesia:
3261 2757 3514 2829 gentium,
3543 2753 3631 2826 qui
3657 2749 3790 2807 modo

2243 2865 2352 2906 non
2375 2850 2640 2906 haberent
2665 2849 2976 2921 apostolum
3001 2863 3188 2916 suum,
3214 2849 3326 2905 nisi
3356 2864 3454 2919 per
3497 2841 3788 2918 adjutoriunt

2241 2941 2494 2996 istorum.
2541 2938 2788 2997 Salutate
2818 2951 2872 2996 et
2911 2941 3264 2996 domesticam
3307 2937 3613 3002 Ecclesium,
3652 2933 3698 2989 id
3723 2939 3795 2987 est

2242 3029 2506 3086 familiam
2537 3046 2752 3087 eorum.
2784 3029 3032 3087 Salutate
3067 3028 3382 3100 Epicnetum
3415 3027 3651 3082 dilectum
3667 3021 3792 3085 mihi,

2243 3124 2334 3195 qui
2364 3133 2440 3178 est
2472 3125 2774 3194 primitivus
2823 3123 2970 3178 Asia:
3016 3123 3073 3176 in
3117 3120 3357 3176 Christo.
3389 3115 3718 3188 llic‘primus
3740 3111 3794 3165 de

555 3229 576 3262 ο
602 3212 817 3268 boravit
851 3213 907 3267 in
939 3211 1204 3270 ‘Domino.
1259 3204 1504 3270 Salutate
1547 3203 1753 3270 Rufum
1796 3215 2030 3270 electum
2083 3214 2138 3269 in
2168 3203 2213 3266 C
2244 3217 2374 3272 Asia
2404 3217 2561 3273 ﬁdem
2589 3217 2796 3287 accepit
2825 3231 2856 3270 a
2877 3213 3070 3269 Paulo.
3103 3211 3354 3268 Salutate
3381 3221 3430 3267 et
3457 3209 3797 3275 Mariamque.

555 3319 590 3354 ι
607 3301 862 3370 Domino,
883 3313 938 3359 et
956 3313 1187 3361 matrem
1214 3307 1354 3377 ejus,
1383 3315 1438 3361 et
1463 3323 1661 3363 meam.
1691 3306 1937 3364 Salutate
1965 3307 2144 3379 Asya-

557 3410 580 3444 ι
609 3404 824 3465 crytum
851 3405 908 3450 et
933 3393 1336 3472 Philegontem,
1367 3397 1628 3466 llerman,
1653 3397 1972 3467 Patrobam,
2003 3399 2143 3454 Her-

558 3501 578 3534 s
605 3493 836 3551 men,.et
864 3483 958 3554 qui
992 3500 1118 3540 cum
1145 3486 1228 3541 eis
1258 3496 1408 3554 sunt,
1439 3485 1660 3544 fratres.
1697 3487 1942 3544 Salutate
1961 3487 2146 3543 Philo-

557 3594 578 3626 ι
609 3575 794 3648 legum
825 3585 877 3633 et
897 3575 1120 3646 Iuliam,
1157 3585 1212 3634 et
1260 3576 1498 3635 Nereum
1541 3587 1598 3636 et
1641 3595 1890 3636 sororem
1921 3581 2061 3652 ejus,
2091 3589 2148 3636 et

558 3687 578 3719 ς
607 3665 1006 3740 Olympiadem,
1031 3679 1086 3726 et
1122 3685 1316 3727 omnes
1349 3671 1443 3742 qui
1467 3679 1598 3726 cum”
1623 3671 1704 3728 eis
1733 3679 1864 3728 sunt
1901 3680 2142 3728 sanctos.

557 3779 577 3812 α
610 3759 856 3818 Salutate
895 3761 1130 3820 invicem
1166 3759 1223 3818 in
1269 3763 1460 3819 Oscula
1504 3771 1716 3820 sancto.
1767 3756 2021 3820 Salutant
2047 3779 2146 3820 vos

558 3873 578 3905 ο
607 3870 800 3913 omnes
819 3853 1078 3913 Ecclesia:
1122 3855 1352 3913 Christi.
1388 3855 1542 3930 Rogo
1567 3865 1750 3914 autem
1779 3871 1900 3926 vos,
1925 3856 2143 3924 fratres,

559 3957 666 4004 cut
687 3948 990 4007 observetis
1032 3964 1134 4007 eos
1163 3950 1258 4022 qui
1297 3949 1674 4008 dissensiones
1727 3959 1792 4008 et.
1820 3949 2145 4006 otl‘endicula

558 4062 578 4092 ι
607 4051 806 4113 praeter
839 4027 1144 4098 doctrinam
1201 4059 1368 4114 quam
1397 4059 1512 4100 vos
1524 4041 1800 4100 didicistis
1829 4041 2062 4110 faciunt,
2091 4051 2148 4099 et

561 4152 582 4186 ε
612 4133 880 4190 declinato
909 4133 979 4190 ab
1026 4133 1158 4191 illis.
1201 4133 1532 4206 Hujusmodi
1573 4137 1722 4192 enim
1769 4133 1994 4191 Christo
2038 4134 2147 4190 Do-

562 4245 584 4279 s
610 4225 764 4282 mino
791 4235 984 4284 nostro
1011 4241 1124 4282 non
1167 4227 1436 4294 serviunt,
1465 4227 1560 4283 sed
1589 4243 1692 4283 suo
1733 4227 1935 4296 ventri,
1962 4235 2018 4282 et
2051 4243 2147 4298 prs-

548 4321 581 4373 ἰ
608 4318 796 4376 dulces
825 4335 1111 4376 sermones
1145 4328 1200 4376 et
1231 4319 1645 4376 henedictioncs
1683 4319 1954 4375 seducunt
1979 4317 2144 4374 corda

561 4433 580 4464 ι
608 4412 1004 4468 innocentium.
1043 4410 1235 4468 Vestra
1261 4411 1408 4468 enim
1435 4411 1746 4468 obedientia
1768 4411 1824 4466 in
1853 4411 2002 4467 omni
2021 4411 2144 4466 loco

560 4527 579 4557 ς
605 4505 884 4576 divulgata
911 4513 1015 4561 est.
1041 4503 1264 4561 Gaudeo
1290 4505 1457 4577 igitur
1478 4505 1534 4559 in
1563 4503 1750 4571 vobis;
1775 4503 1872 4560 sed
1896 4503 2020 4560 volo
2043 4517 2144 4558 vos

559 4619 578 4650 α
611 4599 888 4670 sapientes
907 4611 1030 4654 esse
1049 4598 1105 4653 in
1129 4597 1296 4666 bono,
1325 4605 1383 4654 et
1410 4596 1690 4669 simplices
1715 4595 1771 4652 in
1797 4596 1963 4653 malo.
1995 4595 2141 4652 Deus

557 4709 578 4743 ι
605 4699 790 4747 autem
836 4691 991 4763 pacis
1029 4698 1281 4747 conterat
1327 4688 1588 4746 Satanam
1637 4689 1768 4764 [al.,
1797 4689 1990 4762 Satan]
2036 4689 2141 4745 sub

557 4803 578 4834 ς
607 4783 838 4854 pedibus
889 4783 1088 4840 vestris
1127 4783 1406 4840 velociter.
1458 4781 1644 4838 Gratia
1688 4781 1910 4837 Domini
1963 4779 2140 4838 nostri

557 4893 577 4926 ι
607 4873 739 4930 Iesu
764 4875 970 4932 Christi
997 4875 1304 4932 vobiscum.
1339 4874 1559 4931 Salutat
1577 4889 1678 4932 vos
1699 4871 2022 4930 Timotheus
2043 4873 2141 4929 ad-

557 4984 576 5015 ι
602 4964 756 5034 jutor
783 4965 905 5038 [al.,
942 4968 1106 5024 habet
1141 4966 1337 5041 frater]
1368 4977 1619 5036 meus,et
1653 4967 1832 5024 Lucas
1852 4964 1978 5040 [al.,
2023 4964 2136 5020 Lu-

557 5076 576 5104 c
609 5054 754 5128 cius]
783 5064 838 5112 et
876 5055 1083 5126 Iason...
1106 5067 1174 5114 et.
1207 5057 1491 5129 Sosipater
1519 5058 1736 5131 cognati
1781 5055 1910 5114 mei.
1945 5053 2137 5112 Saluto

559 5167 576 5196 ε
608 5154 704 5203 vos
727 5163 829 5220 ego
850 5147 1197 5219 Tertius,qui
1221 5150 1417 5221 scripsi
1445 5150 1742 5222 Epistolam
1767 5150 1932 5218 hanc,
1949 5147 2004 5204 in
2029 5147 2138 5203 Do-

559 5258 577 5290 ι
609 5239 778 5295 mino.
815 5239 1031 5296 Salutat
1072 5256 1174 5297 vos
1203 5239 1396 5308 Caius,
1443 5243 1640 5312 hospes
1685 5259 1868 5311 meus,
1914 5251 1972 5298 et
2010 5241 2139 5294 uni-

559 5349 580 5384 s
609 5347 764 5388 versa
785 5331 1052 5390 Ecclesia.
1085 5331 1300 5388 Salutat
1343 5347 1444 5389 vos
1485 5331 1714 5388 Erastus
1761 5333 2008 5390 arcarius
2061 5333 2143 5387 ci-

561 5445 580 5476 s
608 5425 818 5493 vitatis,
857 5436 914 5482 et
955 5424 1220 5494 Quartus,
1253 5424 1439 5481 frater.
1480 5423 1914 5481 Gratia-Domini
1963 5424 2139 5480 nostri

561 5537 581 5570 ε
609 5517 741 5575 Iesu
766 5519 972 5576 Christi
1007 5535 1134 5575 cum
1163 5517 1421 5575 omnibus
1479 5517 1657 5582 vobis,
1687 5520 1881 5574 Amen.
1925 5515 1990 5573 Ei
2037 5534 2142 5574 au-

563 5629 583 5662 t
611 5620 721 5670 tem
755 5613 850 5686 qui
878 5621 1075 5686 potens
1095 5620 1179 5669 est
1203 5627 1304 5668 vos
1333 5611 1679 5677 conﬁrmare,
1707 5609 1862 5682 juxta
1891 5609 2152 5683 Evange—-

563 5720 584 5755 α
613 5702 747 5759 lium
777 5721 984 5772 meum,
1010 5712 1066 5761 et
1087 5697 1530 5776 prtedicationcm
1556 5699 1682 5760 Iesu
1711 5700 1914 5758 Christi
1943 5696 2142 5758 secun-

563 5794 1171 5874 sdumrcvclalioncm
1207 5795 1478 5868 ‘mysterii
1532 5789 1876 5868 temporibus
1924 5793 2141 5850 mtcrnis

2247 3308 2477 3362 multum
2520 3307 2784 3361 laboravit
2803 3306 2860 3361 in
2887 3303 3054 3372 vobis,
3080 3303 3150 3359 ab
3176 3317 3372 3358 errore
3391 3297 3681 3356 revocando
3697 3309 3794 3349 vos.

2245 3393 2372 3452 Haec
2400 3393 2570 3451 Maria
2601 3395 2804 3452 dicitur
2832 3393 3120 3450 nuntiasse
3147 3393 3416 3464 Apostolo
3438 3387 3798 3446 dissensionem

2247 3489 2663 3544 Romanorum:
2695 3502 2804 3558 qua
2847 3485 3140 3543 occasione
3166 3485 3394 3557 scripsit
3423 3485 3505 3540 eis
3547 3483 3677 3538 hanc
3696 3476 3800 3548 Epi-

2245 3577 2464 3632 stolam.
2496 3575 2566 3632 Et
2583 3577 2702 3633 haec
2733 3575 2976 3632 Romam.
2995 3575 3254 3642 redierat,
3299 3584 3358 3632 et
3390 3575 3512 3631 ideo
3537 3570 3657 3628 dicit
3697 3579 3799 3622 eam

2247 3671 2547 3729 laborasse.
2591 3669 2840 3726 Salutate
2892 3669 3258 3724 Andronicum
3289 3677 3344 3724 et
3379 3666 3604 3734 Iuliam,
3634 3674 3798 3732 cogna-

2249 3775 2328 3820 tos
2383 3780 2547 3832 meos,
2599 3763 2655 3818 in
2716 3777 2916 3834 genere
2977 3759 3342 3818 Iudaeorum:
3389 3768 3440 3814 et
3507 3751 3800 3824 concaptiros

2248 3873 2426 3920 meos;
2481 3857 2576 3929 qui
2637 3871 2781 3927 saepe
2832 3869 3050 3911 mecum
3097 3853 3243 3925 capti
3293 3852 3536 3920 fuerunt,
3579 3847 3665 3921 qui
3701 3849 3804 3900 sunt

2248 3949 2446 4005 nobiles
2504 3951 2562 4002 in
2621 3945 2900 4020 apostolis.
2969 3943 3036 4000 lii
3096 3945 3169 4001 de
3223 3943 3568 4016 septuaginta
3618 3935 3804 3994 duobus

2245 4039 2418 4095 fuisse
2445 4036 2788 4094 creduntur:
2816 4033 2908 4107 qui
2939 4044 2990 4090 et
3028 4043 3154 4089 ante
3194 4049 3276 4088 me
3321 4034 3534 4105 fuerunt
3578 4031 3631 4085 in
3675 4021 3806 4082 Chr!"

2247 4141 2329 4186 sto
2353 4173 2368 4198 ,
2425 4129 2519 4201 qui
2594 4128 2748 4199 prius
2805 4126 2978 4182 Paulo
3041 4126 3110 4182 ad
3168 4125 3334 4181 ﬁdem
3386 4119 3628 4181 conversi
3674 4121 3800 4173 sunt.

2249 4221 2495 4278 Salutate
2554 4219 2776 4290 Apellen
2814 4218 3036 4289 probum
3082 4217 3140 4272 in
3179 4213 3416 4272 Christo.
3466 4213 3700 4270 Salutate
3733 4220 3803 4262 eos

2245 4315 2337 4388 qui
2385 4321 2510 4369 sunt
2577 4327 2644 4367 ea:
2703 4311 2861 4365 domo
2914 4307 3252 4374 Aristoboli,
3313 4308 3371 4363 id
3431 4314 3517 4363 est
3574 4298 3804 4388 familiam

2247 4385 2377 4479 quia
2422 4404 2598 4462 ﬁdelis
2639 4411 2742 4460 est.
2787 4401 3097 4456 Dominum.
3135 4415 3524 4471 nequaquam,
3563 4394 3681 4464 quia
3714 4385 3806 4460 83

2247 4498 2582 4556 inﬁdelitatis
2609 4506 2705 4553 est;
2728 4509 2877 4550 reus.
2913 4492 3156 4549 Salutate
3194 4508 3282 4547 eos
3311 4492 3405 4563 qui
3433 4498 3555 4546 sunt
3591 4502 3652 4542 ea
3676 4484 3810 4537 domo

2247 4589 2516 4657 Narcissi,
2549 4604 2650 4644 nec
2683 4603 2898 4654 omnes,
2951 4585 3045 4656 sed
3089 4599 3187 4640 eos
3230 4584 3323 4655 qui
3378 4591 3502 4638 sunt
3552 4581 3604 4636 in
3649 4576 3742 4632 ﬁde
3762 4572 3808 4624 in

2244 4680 2736 4752 Domino.'Aliqui
2798 4679 2948 4734 enim
3003 4693 3072 4734 ex
3124 4676 3246 4747 ejus
3300 4673 3509 4731 familia
3564 4669 3810 4727 adhaerent

2241 4775 2467 4831 domino
2505 4787 2608 4828 suo
2646 4773 2701 4828 in
2736 4769 3076 4826 inﬁdelitate.
3119 4767 3368 4824 Salutate
3395 4765 3589 4838 Rufum
3617 4759 3810 4816 electum

2239 4867 2296 4922 in
2329 4865 2576 4932 Domino,
2602 4872 2651 4919 et
2676 4874 2898 4917 matrem
2920 4861 3056 4932 ejus,
3081 4877 3143 4914 ac
3165 4875 3356 4914 meam.
3386 4855 3518 4928 Ejus
3541 4846 3810 4910 secundum

2238 4975 2483 5026 carnem,
2523 4973 2694 5012 meam
2737 4954 3040 5012 secundum
3079 4950 3428 5008 beneﬁcium.
3454 4947 3540 5013 Et,
3573 4952 3628 4999 ut
3669 4941 3809 4995 linem

2243 5051 2463 5118 faciam,
2501 5048 2734 5104 salutate
2777 5064 2864 5102 vos
2892 5046 3116 5100 invicem
3142 5058 3209 5099 ex
3233 5051 3389 5113 parte
3417 5055 3538 5096 mea
3563 5039 3618 5110 ia
3656 5027 3812 5128 osculo

2243 5150 2448 5210 sancto,
2475 5141 2530 5198 id
2556 5149 2642 5196 est
2669 5139 2807 5195 alter
2833 5136 2988 5194 alteri
3020 5133 3185 5202 dicat;
3229 5142 3326 5188 aut
3363 5147 3430 5188 ex
3470 5136 3620 5202 parte
3657 5118 3812 5182 Pauli.

2245 5235 2558 5292 osculantes
2581 5246 2639 5288 se
2660 5231 2715 5285 in
2741 5229 2932 5286 osculo
2954 5227 3108 5298 pacis
3135 5226 3190 5282 in
3217 5225 3342 5280 loco
3365 5224 3506 5295 ejus.
3538 5220 3683 5275 Sicut
3706 5225 3813 5284 (θεον

2245 5327 2326 5385 sic
2351 5341 2529 5382 omnes
2554 5323 2810 5379 Ecclesia:
2839 5321 3040 5378 Christi
3069 5317 3308 5374 salutant
3337 5333 3445 5371 vos.
3491 5311 3614 5368 Ideo
3632 5303 3812 5363 Paulus

2248 5435 2316 5476 ex
2369 5417 2592 5475 nomine
2638 5415 2897 5487 probatas
2957 5411 3216 5470 salutavit
3261 5422 3547 5482 personas,
3596 5409 3810 5466 ne,cutu

2248 5512 2415 5568 modo
2467 5511 2660 5567 suadet
2711 5506 2980 5564 Romanis
3024 5521 3054 5560 a
3092 5503 3302 5576 pseudo
3329 5500 3598 5558 declinare
3623 5536 3639 5561 ,
3693 5487 3813 5545 forte

2246 5611 2474 5677 possent
2518 5603 2585 5658 de
2626 5603 2810 5673 aliquo
2855 5599 3053 5654 horum
3085 5595 3336 5652 dubitare
3375 5604 3516 5662 quos
3562 5577 3808 5677 salutavit.

2258 5673 2360 5752 Vos
2389 5707 2564 5757 autem
2595 5697 2788 5768 fratres
2817 5692 3084 5750 salutatos
3112 5703 3237 5759 rogo
3261 5695 3319 5741 ut
3344 5673 3714 5768 observetis,_id
3742 5675 3813 5724 est

2250 5800 2309 5846 ιιι
2347 5788 2538 5846 callide
2581 5765 2904 5845 custodiatis
2941 5795 3038 5838 vos
3067 5779 3136 5836 ab
3177 5775 3259 5835 eis
3288 5775 3376 5848 qui
3410 5765 3816 5844 (uesaniam-
