3978 6410
169 425 256 483 ω

795 415 1164 472 EXPOSITIO
1201 415 1275 471 lN
1304 414 1688 472 EPISTOLAS
1724 418 1730 469 l

1832 412 1952 470 ΗΜ.
1997 447 2066 455 -ο-
2105 413 2171 468 IN
2213 413 2432 469 EPIST'.
2478 413 2497 469 ι
2535 413 2625 468 AD
2665 413 2823 470 COR’.

3331 423 3444 478 1ῗῖ

179 525 1741 602 siones,ctetiamoﬂ'endicula,pmcipitandoinpeccatum.
1775 533 1824 591 Α
1849 526 1904 581 id
1935 535 2019 582 est
2045 524 2251 581 familia
2285 526 2426 594 ejus.
2471 524 2689 580 Salutat
2737 544 2823 580 vos
2872 525 3120 596 Erastus,
3171 535 3447 602 arcarius,

179 632 420 687 nocentes
446 620 594 696 quod
622 628 813 689 prrcter
835 619 1134 673 doctrinam
1157 628 1260 685 est,
1285 635 1446 689 quam
1474 633 1573 674 vos
1597 633 1628 672 a
1655 632 1744 672 me

177 718 464 781 didicistis;
501 725 578 781 et,
600 720 659 770 ut
689 726 784 768 vos
803 711 1122 778 observetis,
1145 710 1462 764 declinando
1500 709 1740 779 penitus,
1765 762 1767 764 .

177 809 483 883 separamini
541 807 605 862 ab
658 805 793 872 illis,
850 804 976 874 quia
1015 805 1106 874 qui
1155 802 1418 873 ejusmodi
1469 813 1591 856 sunt
1639 818 1743 855 non

175 901 380 957 serviunt
428 896 640 952 Christo
686 895 918 950 Domino
971 899 1183 957 nostra,
1244 891 1335 945 sed
1392 906 1489 944 suo
1552 891 1737 944 ventri.

175 993 410 1062 Quaerunt
444 989 592 1045 enim
619 1003 742 1058 quae
804 994 954 1052 sunt,
1000 998 1113 1038 non
1164 998 1288 1053 qua:
1336 981 1467 1040 Jesu
1508 981 1736 1038 Christi.

177 1085 233 1140 Et
255 1082 309 1138 hi
327 1081 462 1137 tales
485 1079 740 1135 seducunt
774 1078 936 1133 corda
957 1075 1339 1144 innocentium,
1385 1074 1438 1130 id
1480 1082 1566 1130 est
1607 1075 1741 1132 sim-

175 1175 366 1246 plicium
408 1189 504 1243 per
526 1170 706 1226 dulces
750 1186 1034 1237 sermones,
1070 1167 1124 1225 id
1172 1175 1258 1224 est
1299 1167 1660 1234 seductorios,
1689 1176 1740 1221 et

174 1281 251 1336 per
291 1264 571 1319 simulatas
627 1263 1028 1318 benedictiones.
1080 1259 1298 1316 Debetis
1345 1259 1620 1314 declinare
1669 1260 1740 1314 ab

175 1362 276 1414 uis:
309 1373 433 1412 nam
465 1356 765 1411 obedientia
791 1363 963 1410 uestra
983 1364 1038 1410 et
1064 1355 1269 1410 bonum
1301 1352 1422 1423 ejus
1464 1351 1738 1422 divulgata

176 1462 231 1505 .st
257 1451 307 1502 in
349 1464 556 1503 omnem
591 1447 790 1515 locum,
823 1456 878 1503 et
897 1457 1169 1518 propterea
1214 1446 1415 1517 gaudeo
1461 1445 1517 1498 in
1571 1445 1736 1500 vobis.

177 1540 257 1596 Sed
283 1550 454 1595 tamen
491 1539 610 1594 volo
634 1556 722 1594 vos
749 1540 1010 1610 sapientes
1048 1547 1103 1594 et
1121 1548 1335 1594 astutos
1361 1553 1473 1593 esse
1497 1537 1553 1590 in
1581 1538 1734 1603 bona,

175 1643 212 1686 :t
233 1635 283 1687 in
300 1631 434 1684 malo
479 1631 773 1702 simplices,
825 1640 885 1687 ut
925 1632 1133 1687 malitia
1181 1632 1337 1701 pueri
1391 1631 1534 1688 sitis.
1586 1632 1738 1688 Licet

174 1723 366 1778 lixerim
389 1737 489 1778 vos
519 1724 816 1794 sapientes,
855 1733 1035 1779 tamen
1082 1724 1212 1794 quia
1262 1723 1529 1794 sapientia
1555 1733 1736 1780 vestra

1845 617 1900 674 id
1951 626 2037 673 est
2090 617 2470 673 thesaurarius
2519 618 2796 685 civitatis,
2852 627 2924 694 et.
2955 619 3190 686 Quartus
3247 624 3434 693 frater.

1843 708 2046 766 Omnes
2071 709 2160 765 isti
2187 711 2267 766 sic
2291 711 2565 766 dicentes:
2593 711 2781 765 Gratia
2817 711 3031 766 Domini
3065 713 3194 768 Iesu
3236 715 3442 774 Christi

1842 819 1962 857 cum
1986 802 2226 856 omnibus
2254 802 2417 856 vobis.
2452 802 2528 856 De
2566 804 2821 858 omnibus
2851 810 3031 860 autem
3055 805 3216 863 bonis
3239 809 3440 866 vestris

1841 893 1914 952 sit
1947 893 2059 950 Deo
2088 894 2265 950 honor
2309 901 2364 948 et
2397 894 2587 964 gloria.
2624 893 2692 948 Ei
2721 895 2846 952 dico
2869 898 2960 967 qui
2987 907 3169 967 potens
3197 909 3274 954 est
3311 918 3438 954 con-

1840 987 2056 1058 ﬁrmare
2103 1002 2214 1050 vos,
2238 986 2400 1054 juxta
2431 985 2776 1056 Evangelium
2819 1005 3012 1056 meum,
3065 989 3120 1045 id
3167 1000 3250 1047 est
3293 992 3446 1048 sicut

1839 1096 1942 1152 ego
1998 1078 2235 1149 praedico
2293 1078 2471 1144 vobis,
2523 1087 2576 1132 et
2618 1079 2776 1148 juxta
2825 1082 3258 1150 praedicationem
3302 1083 3433 1138 Jesu

1840 1170 2065 1235 Christi,
2096 1169 2257 1240 cujus
2276 1169 2590 1240 praedicatio
2617 1171 2804 1226 eadem
2833 1180 2916 1228 est
2941 1189 3069 1228 cum
3103 1189 3226 1230 meo
3256 1173 3435 1228 Evan—

1838 1263 2002 1334 gelio.
2028 1261 2304 1332 Evangelii
2325 1261 2449 1316 dico
2463 1271 2516 1317 et
2536 1263 2935 1332 pradicationis
2956 1264 3124 1319 habiti
3144 1266 3434 1321 secundum

1839 1354 2209 1409 reuelationem
2241 1353 2501 1422 mysterii.
2533 1351 2849 1424 Mysterium
2881 1341 3041 1410 vocat
3070 1355 3430 1410 salvationem

1838 1447 2120 1503 hominum
2149 1464 2161 1501 :
2196 1461 2319 1515 qua:
2342 1446 2556 1501 occulta
2589 1443 2694 1500 fuit
2740 1461 2954 1516 semper
2977 1456 3102 1502 ante
3136 1447 3430 1502 adventum

1837 1538 2061 1602 Christi,
2105 1537 2197 1592 sed
2232 1551 2330 1606 per
2355 1552 2480 1592 eum
2513 1536 2770 1591 revelata.
2815 1536 3056 1606 Mysterii
3097 1539 3221 1594 dico
3279 1529 3438 1592 taciti

1839 1630 2158 1700 temporibus
2183 1629 2395 1683 (uternis
2424 1640 2549 1684 ante
2571 1627 2850 1682 Christum
2879 1646 2892 1682 :
2941 1629 3079 1698 quod
3111 1628 3436 1700 mysterium

1837 1739 1975 1777 nunc
2002 1721 2058 1776 in
2083 1730 2326 1792 tempore
2347 1721 2534 1791 gratiae
2555 1720 2884 1791 patefactum
2918 1728 2996 1775 est
3021 1737 3113 1789 per
3138 1720 3432 1790 scripturas

173 1830 332 1883 parum
384 1829 451 1869 ex
507 1829 575 1869 se
633 1815 752 1870 sola
805 1822 1004 1885 potest,
1053 1830 1248 1885 precor
1292 1823 1355 1870 ut
1402 1815 1544 1869 Deus
1588 1817 1734 1886 pacis
1775 1883 1792 1886 Α
1835 1815 2227 1884 prophetarum,
2259 1828 2407 1868 nunc
2426 1811 2648 1868 tandem
2671 1811 2972 1867 intellectas
3000 1825 3098 1880 per
3126 1810 3430 1866 Christum.

175 1916 368 1962 :onterat
391 1905 682 1975 Satanam,
709 1916 764 1964 et
782 1883 1026 1963 membra
1047 1883 1168 1978 ejus
1193 1908 1287 1962 sub
1309 1908 1526 1978 pedibus
1549 1883 1734 1964 vestris
1769 1883 1813 1943 Β
1836 1883 2180 1977 Patefactum
2225 1907 2349 1962 dico
2393 1907 2679 1961 secundum
2715 1915 3037 1976 praeceptum
3083 1906 3265 1960 interni
3311 1904 3431 1972 Dei,

172 2007 426 2068 prostrata,
481 2006 541 2054 et
587 2000 692 2056 hoc
744 1999 1008 2054 uelociter.
1059 1998 1158 2054 llis
1185 1999 1346 2054 dictis
1391 2000 1591 2055 salutat
1634 2016 1731 2056 eos
1837 1999 1926 2054 cui
1960 1999 2028 2054 ab
2057 2007 2262 2053 aeterno
2284 1998 2394 2051 hoc
2421 1996 2474 2050 in
2505 1996 2692 2065 patulo
2715 2006 2873 2050 erat:
2920 1995 3259 2050 Patefactum
3309 1995 3453 2066 ideo.

172 2089 354 2156 Paulus,
381 2090 616 2146 dicens:
654 2089 846 2145 Gratia
887 2091 1101 2144 Domini
1138 2092 1308 2144 nostri
1344 2089 1479 2145 Jesu
1526 2091 1730 2146 Christi
1835 2089 1905 2143 ad
1935 2087 2283 2141 obeditionem
2335 2085 2462 2153 ﬁdei
2507 2086 2562 2137 in
2618 2087 2823 2140 cunctis
2869 2086 3129 2154 gentibus,
3161 2086 3214 2138 id
3258 2095 3432 2140 estut

171 2184 221 2235 sit
245 2182 512 2238 uobiscum.
580 2181 795 2238 Salutat
825 2200 911 2238 vos
947 2182 1247 2237 Timotheus
1293 2182 1510 2251 adjutor
1559 2199 1725 2250 meus,
1833 2188 2044 2236 cuncta:
2064 2186 2254 2250 gentes
2285 2177 2540 2233 obediant
2569 2177 2713 2232 lidei.
2751 2178 2892 2243 Quia
2937 2178 2982 2233 si
3014 2192 3258 2247 quaerere
3291 2177 3430 2231 velis

170 2273 403 2340 ulucos,
437 2283 489 2329 et
516 2273 715 2342 lason,
746 2284 796 2330 et
826 2274 1117 2346 Sosipater,
1147 2276 1232 2330 vel
1259 2284 1412 2346 pater
1442 2275 1608 2343 Sosii,
1635 2279 1728 2348 qui
1830 2283 2003 2339 quare
2057 2268 2190 2322 olim
2238 2266 2463 2322 tacitum
2509 2283 2658 2324 nunc
2706 2268 3025 2332 revelatum,
3075 2266 3278 2322 frustra
3325 2268 3431 2322 hoc

169 2377 265 2419 sunt
302 2367 504 2437 cognati
554 2367 676 2432 uici.
720 2365 910 2421 Saluto
933 2384 1017 2421 ros
1047 2384 1139 2437 ego
1172 2366 1399 2434 Tertius,
1421 2368 1512 2438 qui
1536 2370 1726 2438 scripsi
1830 2365 2104 2437 inquiris:
2157 2365 2286 2436 quia
2342 2367 2590 2438 mysterii
2635 2367 2760 2422 dico
2805 2367 3007 2437 cogniti
3058 2367 3159 2420 soli
3202 2369 3429 2436 sapienti

173 2453 425 2523 Epistolam
467 2457 525 2509 in
579 2455 826 2511 Domino.
887 2455 988 2512 llic
1039 2457 1254 2513 Tertius
1307 2468 1425 2513 erat
1476 2461 1724 2515 notarius

171 2547 396 2616 Apostoli,
424 2548 518 2618 qui
556 2548 980 2604 salutationibus
1019 2549 1249 2604 aliorum
1283 2565 1437 2604 suam
1469 2551 1720 2605 inseruit.

170 2638 232 2693 Ad
285 2640 642 2696 salutationes
687 2655 819 2696 suas
859 2640 1152 2696 revertitur
1199 2640 1444 2708 Paulus,
1497 2649 1552 2696 et
1606 2641 1720 2696 ait:

172 2731 346 2786 Salutat
383 2749 466 2787 vos
495 2731 672 2788 Gaius
695 2733 883 2802 hospes
907 2750 1071 2801 meus,
1102 2743 1150 2788 et
1183 2734 1425 2788 universa
1459 2732 1721 2796 Ecclesia,

180 2867 459 2892 h-

1830 2457 1977 2512 Deo:
2016 2458 2111 2528 qui
2154 2459 2304 2513 solus
2347 2472 2563 2528 semper
2602 2473 2827 2514 causam
2871 2459 2990 2528 ejus
3018 2458 3217 2527 sapuit.
3267 2458 3432 2511 Pate-

1834 2551 2038 2620 factum
2095 2549 2220 2605 dico
2279 2569 2371 2621 per
2424 2549 2610 2604 Iesum
2669 2551 2961 2605 (.‘hristum.
3030 2549 3130 2604 Cui
3183 2549 3428 2614 Christo,

1829 2642 2037 2696 scilicet
2062 2641 2155 2711 qui
2191 2650 2383 2712 potens
2407 2649 2510 2707 est,
2549 2641 2622 2696 sit
2659 2641 2824 2695 honor
2850 2651 2900 2695 et
2942 2641 3113 2712 gloria
3139 2642 3193 2694 in
3233 2641 3429 2696 sarcula

1843 2735 2182 2791 swculorum.
2219 2734 2254 2786 Α
2266 2751 2399 2788 men.

466 2876 3408 2902 “ww

700 2995 1120 3058 PROLOGUS
1165 2996 1247 3056 IN
1288 2995 1614 3062 PRIMAM
1655 2995 2118 3058 EPISTOLAM
2158 2998 2268 3057 AD
2313 2998 2828 3060 CORINTHIOS.

223 3113 435 3184 Epistula
488 3117 676 3188 prima
742 3117 810 3172 ad
868 3115 1184 3172 Corinthios
1251 3118 1454 3173 multas
1529 3121 1801 3179 causasC
1832 3133 2086 3173 noverca.
2117 3117 2274 3185 Quod
2296 3118 2511 3175 facinus
2540 3120 2667 3174 licet
2715 3116 3132 3174 fornicationem
3183 3115 3432 3184 appelli»

170 3203 473 3276 diversasque
504 3208 914 3278 complectitur.
951 3207 1194 3274 Quarum
1235 3218 1442 3278 partem
1468 3210 1728 3264 relatione

172 3294 357 3352 ﬂauum
399 3299 664 3370 cognovit
709 3300 1022 3370 Apostolus.
1073 3300 1278 3355 Partim
1316 3301 1570 3369 iipsorum
1615 3300 1726 3353 Co-

170 3387 450 3445 rinthiorum
482 3401 628 3446 sunt
648 3391 842 3446 litteris
869 3390 1454 3447 indicatac.Nonnullas
1475 3405 1604 3445 vero
1627 3405 1728 3459 pro

170 3479 295 3533 cilicii
323 3483 403 3537 sui
435 3498 579 3538 cura
619 3491 714 3537 aut
740 3483 958 3538 ordinat
1005 3491 1102 3537 aut
1143 3481 1418 3546 emendat,
1464 3491 1517 3536 et
1557 3481 1727 3537 variis

170 3573 498 3630 curationibus
535 3574 788 3629 medetur
819 3575 1034 3630 diversa
1071 3573 1386 3630 inﬁrmitate
1416 3573 1726 3645 languenti-

170 3660 264 3715 bus.
315 3663 442 3720 Nam
489 3665 643 3736 apud
669 3681 764 3721 eos
804 3667 1042 3736 primum
1097 3674 1322 3722 curatur
1367 3666 1728 3723 dissensionis

172 3752 344 3819 vitiant,
378 3759 526 3828 quod
571 3758 726 3812 multi
778 3759 1362 3828 pseudoapostolorum
1402 3759 1724 3825 intulerunt,

174 3843 391 3899 unitatem
438 3847 758 3902 scindentes
811 3847 1091 3913 Ecclesiae,
1140 3856 1199 3903 ut
1248 3849 1452 3918 proprii
1489 3849 1728 3904 nominis

173 3932 370 3990 facerent
405 3946 731 4004 sectatores,
775 3940 920 4008 quod
957 3940 1056 3994 his:
1078 3940 1371 4010 exprobrat
1401 3939 1513 4011 85
1548 3940 1728 3994 verbis

171 4024 438 4094 Apostolus.
474 4028 599 4083 Hoc
626 4041 800 4084 autem
821 4032 940 4085 dico
967 4033 1104 4101 quod
1130 4034 1483 4103 unusquisque
1505 4041 1729 4086 restrum

171 4118 274 4171 dicit
301 4121 446 4192 :Ego
476 4123 697 4194 quidem
740 4141 856 4178 sum
905 4124 1106 4178 Pauli:
1153 4143 1246 4195 ego
1281 4116 1457 4179 autem
1505 4123 1730 4194 Apollo;

173 4224 244 4276 rgo
277 4229 384 4266 vero
420 4214 638 4285 Cephe:
685 4233 778 4287 ego
816 4226 992 4271 autem
1036 4216 1238 4273 Christi
1270 4216 1324 4288 (1
1377 4217 1500 4273 Cor.
1526 4203 1576 4284 ’1,
1615 4218 1726 4288 η).

175 4294 224 4350 Et
255 4301 316 4355 ob
358 4303 460 4359 hoc
505 4304 730 4374 quidem
775 4307 971 4361 horum
998 4323 1058 4363 se
1087 4307 1216 4362 dicit
1243 4306 1421 4362 facere
1446 4307 1731 4361 nominum

172 4393 487 4462 molitionem,
513 4405 577 4451 ut
609 4398 780 4473 multo
813 4398 988 4468 magis
1015 4399 1342 4455 erubescant
1367 4398 1419 4453 id
1450 4413 1509 4453 se
1549 4397 1730 4454 facere

172 4481 251 4535 sub
275 4484 529 4542 falsorum
573 4489 944 4558 apostolorum
987 4490 1340 4545 nominibus:
1381 4491 1526 4560 quod
1556 4490 1721 4546 etiam

172 4570 205 4622 si
248 4575 338 4631 sub
387 4576 544 4634 Pauli
595 4588 649 4634 et
695 4578 840 4636 Petri
890 4581 1043 4637 tleret
1095 4583 1333 4647 nomine,
1391 4581 1719 4651 displiceret.

172 4659 377 4722 Secunda
406 4685 578 4725 causa
607 4671 726 4740 ejus
771 4672 1068 4739 inducitur,
1117 4673 1210 4743 qui
1252 4681 1490 4742 paterna:
1523 4673 1723 4728 oblitus

171 4759 471 4826 reverentiae,
539 4775 764 4816 uxorem
823 4761 926 4817 sibi
985 4776 1094 4817 non
1153 4761 1372 4817 erubuit
1423 4761 1602 4816 facere
1656 4761 1724 4816 de

1827 3207 1966 3261 verit
2013 3208 2338 3276 Apostolus,
2397 3217 2581 3264 tamen
2633 3210 2705 3264 ita
2756 3207 3184 3272 condemnavit,
3249 3215 3310 3261 ut
3369 3207 3424 3261 in

1827 3298 2089 3353 ultionem
2115 3298 2241 3354 facti
2273 3309 2552 3355 auctorem
2581 3301 2708 3355 talis
2745 3300 2930 3370 operis
2959 3297 3179 3354 diabolo
3201 3297 3430 3367 judica-.

1827 3390 1964 3444 verit
1999 3391 2412 3460 deputandum:
2459 3392 2713 3462 imposita
2753 3390 3086 3462 judiciorum
3141 3402 3198 3444 ct
3246 3389 3425 3444 litium

1827 3483 1986 3537 tertia
2036 3484 2357 3552 quaestione.
2393 3483 2598 3549 Quarto
2632 3485 2753 3539 loco
2793 3482 3266 3537 matrimoniorum
3300 3479 3424 3550 jura

1829 3580 2133 3628 tractantur
2179 3574 2284 3628 his.
2344 3574 2541 3640 Quinto
2598 3576 2720 3630 loco
2760 3573 3090 3645 virginitatis
3131 3571 3440 3627 consilium.

1827 3665 2235 3720 velntevicino
2265 3667 2634 3738 conjungitur.
2690 3665 2849 3721 Sexto
2885 3667 3008 3720 loco
3053 3665 3122 3719 de
3170 3678 3426 3717 escarum

1828 3756 2046 3812 licentia
2079 3757 2410 3827 disputatur.
2460 3757 2692 3828 Septimo
2741 3765 2904 3826 atque
2953 3765 3148 3810 octavo
3194 3755 3316 3824 loco
3359 3753 3428 3807 de

1830 3847 2164 3903 attundendo
2195 3849 2349 3915 viris,
2399 3856 2455 3902 et
2499 3847 2821 3917 mulieribus
2871 3845 3102 3900 velando
3129 3844 3440 3913 capite,'rcr

1830 3945 2297 3993 sacramentorum
2319 3938 2706 3993 communione
2733 3936 3064 4006 praecipitur.
3123 3933 3279 3987 Nono
3305 3935 3427 3989 loco

1829 4028 2103 4084 aemulatio
2158 4045 2280 4099 quae
2336 4030 2650 4085 diversitate
2706 4031 2976 4084 donorum
3055 4027 3431 4098 Spiritualium

1831 4121 2180 4187 noscebatur,
2227 4122 2332 4179 sub
2375 4123 2624 4192 exemplo
2669 4122 3042 4176 membrorum
3088 4129 3143 4175 et
3177 4119 3428 4191 corporis

1832 4213 2150 4285 castigatur.
2214 4213 2432 4268 Decimo
2482 4213 2900 4269 resurrectionis
2961 4229 3087 4282 spes
3141 4212 3327 4266 multis
3370 4218 3426 4263 et

1833 4305 2172 4375 argumentis
2217 4313 2274 4360 et
2330 4305 2635 4361 rationibus
2693 4306 3043 4376 approbatur.
3107 4302 3309 4357 Ultimo
3357 4301 3446 4356 de

1833 4396 2150 4467 colligendis
2214 4397 2281 4452 ad
2358 4398 2738 4453 necessitatem
2804 4408 3119 4453 sanctorum
3200 4394 3445 4448 nomine-

1829 4487 2112 4544 cbaritatis
2175 4504 2308 4544 cura
2364 4489 2451 4544 vel
2513 4489 2800 4545 aedificatio
2864 4489 3034 4544 cultui
3097 4487 3440 4556 imponitur..-

1828 4577 2230 4635 lnterseruntur
2269 4580 2355 4636 his
2405 4596 2577 4651 pauca
2627 4597 2751 4652 quae
2803 4590 2900 4636 aut
2965 4580 3046 4649 (ut
3091 4575 3424 4648 quibusdam

1828 4672 2064 4744 videtur)
2091 4674 2325 4742 pendent
2351 4690 2418 4729 ex
2447 4674 2842 4744 superioribus,
2885 4683 2981 4728 aut
3020 4670 3242 4735 habent,
3295 4667 3449 4720 liceu.

1830 4763 2102 4834 proprias,
2133 4772 2317 4819 tamen
2342 4765 2600 4835 parvulas
2623 4763 2885 4818 actiones.

1539 4880 1946 4896 _

1522 4940 2032 5002 ARGUMENTUM.

196 5018 489 5099 'Corinthii"
503 5035 632 5081 sunt
655 5026 877 5099 Achaici
908 5048 921 5082 :
950 5031 1084 5084 et‘hi
1110 5031 1364 5086 similiter
1394 5031 1463 5086 ab
1493 5031 1754 5099 Apostolo
1777 5034 2070 5088 audierunt
2089 5034 2316 5088 verbum
2338 5033 2606 5097 veritatis,
2636 5039 2691 5086 ct
2718 5029 2966 5087 subversi
3002 5037 3130 5084 sunt
3165 5027 3432 5099 multifa~

173 5093 459 5184 {Ea-falsis
486 5098 1096 5184 apostolis..Quidamna
1131 5102 1491 5184 philosophice
1514 5093 1745 5184 verbosa
1776 5103 2110 5184 eloquentia;
2142 5103 2233 5157 alii
2264 5113 2408 5184 secta
2436 5104 2570 5184 legis
2591 5093 2832 5184 {Iudaicae
2857 5103 3087 5184 inducti“
3109 5108 3255 5184 sunt.
3300 5097 3434 5153 Hos;

173 5165 669 5237 rfvocat‘Apostolus
713 5170 782 5224 ad
807 5186 989 5225 veram
1022 5165 1180 5226 fidem
1230 5181 1285 5227 et

175 5225 472 5302 discipulum
499 5254 682 5294 suum.

1383 5171 1716 5242 vangclicam
1772 5171 2094 5242 sapientiam
2122 5190 2134 5225 :
2169 5173 2417 5228 scribens
2459 5171 2540 5228 eis
2564 5175 2631 5228 ab
2655 5173 2871 5244 Epheso
2901 5189 2999 5243 per
3028 5171 3427 5233 Timotheum,

242 5330 3413 5363 “mn.

941 5435 1509 5511 ,ARGUMENTUM
1551 5437 1620 5497 B.
1668 5438 2062 5500 BRUNONIS
2099 5438 2183 5498 IN
2225 5439 2594 5501 EAMDEM.

232 5547 420 5608 Paulus
445 5554 833 5623 prazdicaverat
860 5557 1182 5624 Corinthiis,
1225 5567 1279 5614 c:
1320 5576 1415 5616 eos
1450 5560 1517 5615 ad
1553 5561 1722 5631 ﬁdem

180 5651 529 5711 converterat:
585 5649 727 5717 apud
776 5665 915 5718 quos
959 5665 1055 5719 per
1083 5665 1287 5706 annum
1337 5659 1391 5706 ct
1437 5653 1722 5707 dimidium

182 5725 319 5792 (sicut
337 5736 627 5808 credimus)
665 5749 1036 5797 commoratus
1064 5751 1149 5796 est
1177 5760 1190 5796 :
1223 5742 1412 5798 videns
1458 5745 1603 5814 quod
1629 5745 1723 5798 diu

182 5825 231 5870 οι
270 5821 318 5876 in
363 5828 542 5886 multis
579 5833 972 5889 consulendum
1027 5814 1176 5890 esset
1216 5834 1534 5898 Corinthiis,
1595 5837 1723 5905 quia

1826 5559 1992 5615 nimis
2016 5560 2365 5615 adhaerebant
2393 5561 2718 5616 carnalitati.
2763 5560 3012 5626 Quandiu
3058 5569 3236 5613 autem
3268 5556 3426 5612 Pan--

1826 5651 1914 5706 lus
1941 5667 2182 5722 praesens
2210 5650 2332 5718 fuit,
2369 5655 2714 5710 adhzeserunt
2754 5669 2877 5708 cum
2906 5652 3249 5722 simplicitate
3277 5665 3438 5719 prter

1827 5743 1996 5822 ceptis
2019 5744 2169 5814 ejus:
2193 5745 2393 5816 quibus
2417 5745 2708 5815 ipsequasi
2733 5743 3070 5813 simplicibus
3094 5741 3420 5812 simpliciter

1828 5832 2232 5908 praedicaverat,
2259 5837 2438 5892 sciens
2465 5836 2768 5918 carnalitati
2804 5851 2992 5892 eorum
3016 5835 3198 5901 potius
3223 5835 3444 5896 obesse,
