4018 6288
533 371 640 429 123

1075 367 1136 431 s.
1177 367 1532 430 BRUNONlS
1567 335 2218 428 cannwsusoitun
2258 366 2754 426 INSTITUTORIS
2789 363 2942 426 OPP.
2983 366 3168 427 rans
3205 369 3270 428 ιι.

3719 372 3822 432 ιιι

533 457 793 557 mysteria
827 483 972 550 ﬁdei,
1008 483 1056 538 si
1102 483 1184 540 eis
1219 485 1592 540 revelarentur
1627 495 1792 550 quam
1817 479 2082 550 prodesse
2105 482 2198 580 :‘A
2227 493 2288 536 se
2309 479 2533 551 dignum
2559 495 2686 535 eum
2733 479 2828 550 qui
2853 495 2886 534 a
2909 479 3094 536 minus
3119 479 3285 552 digno
3309 479 3620 552 baptizatus
3645 493 3822 538 esset:

531 585 587 630 et
612 574 734 629 ideo
767 575 972 629 bonum
991 572 1261 644 judicavit
1302 572 1702 642 simplicitatem
1731 585 1924 624 eorum
1951 570 2127 642 magis

531 663 594 718 in
642 663 984 734 simplicibus
1025 662 1314 726 fovendam
1335 678 1477 728 esse,
1523 677 1690 732 quam
1735 661 1792 716 in
1841 662 2128 718 altitudine

531 756 922 828 mysteriorum
951 755 1047 811 Dei
1069 756 1160 828 (de
1181 756 1381 826 quibus
1403 755 1586 824 potius
1613 755 1935 810 hzesitarent
1959 771 2126 826 quam

529 851 836 922 crederent)
873 849 1349 922 corrumpendum.
1399 847 1506 904 Sed
1531 847 1701 904 Paulo
1743 865 1775 904 a
1825 849 2127 905 Corinthiis

531 957 758 998 reverso
781 984 798 1010 ,
859 941 1186 996 introierunt
1237 941 1294 996 in
1341 953 1439 996 eos
1479 939 1976 1012 pseudodoctores,
2029 939 2126 1011 qui

533 1035 736 1089 bonam
768 1035 1170 1106 simplicitatem
1207 1032 1412 1103 prioris
1439 1032 1702 1088 doctrinze
1753 1032 2122 1088 inverterent:

527 1140 770 1196 quorum
790 1125 1036 1182 doctrina
1061 1124 1192 1194 quia
1213 1123 1269 1178 in
1293 1124 1586 1180 mundanis
1607 1121 1912 1180 rationibus
1933 1125 2125 1180 versa-

533 1215 714 1282 batur,
743 1232 865 1288 quae
885 1215 1102 1286 penitus
1127 1217 1398 1286 spirituali
1417 1217 1678 1272 doctrinae
1699 1217 2122 1284 contradiceret,

531 1308 700 1376 cmpit
757 1307 932 1378 magis
991 1306 1235 1376 allicere,
1293 1317 1350 1364 et
1405 1309 1474 1363 ad
1535 1307 1972 1378 persuadendum
2020 1309 2124 1363 sibi

523 1398 800 1453 adducere
811 1397 1152 1466 Corinthios,
1176 1399 1304 1470 quia
1331 1399 1506 1472 magis
1528 1399 1735 1454 mundo
1778 1399 2128 1454 adhaerebant

531 1503 697 1559 quam
745 1489 879 1558 Deo,
919 1499 974 1544 et
1021 1491 1304 1546 destruere
1329 1491 1384 1546 in
1411 1491 1512 1558 eis,
1549 1491 1846 1546 calliditate
1871 1490 2127 1546 humanae

525 1581 778 1648 rationis,
829 1583 978 1652 quod
1003 1581 1208 1638 Paulus
1252 1582 1632 1648 :edilicaverat,
1681 1582 1958 1652 sequendo
1983 1581 2126 1636 sim-

525 1671 828 1742 plicitatem
891 1674 1036 1730 lidci.
1097 1674 1367 1730 Corinthii
1429 1683 1612 1729 autem
1671 1674 2007 1730 declinantes
2055 1673 2126 1728 ab

528 1764 892 1822 instructione
917 1765 1090 1834 Pauli,
1109 1767 1425 1838 praecipitati
1441 1767 1636 1822 suntin
1658 1767 1859 1822 multos
1885 1781 2121 1832 errores,

529 1866 588 1909 ut
612 1857 948 1914 aestimarent
973 1861 1164 1916 merita
1189 1859 1586 1930 baptizantium
1635 1859 1896 1930 prodesse
1941 1859 2120 1929 bapti-

525 1947 670 2002 satis
693 1959 901 2018 quanto
918 1951 1126 2020 majora
1151 1959 1357 2017 essent,
1373 1959 1428 2005 et
1453 1965 1652 2005 nocere
1673 1951 1720 2007 si
1745 1951 1962 2004 minora
1983 1949 2120 2006 fuis—

524 2045 666 2091 sent.
697 2037 762 2092 Et
789 2041 892 2094 hoc
917 2041 1082 2095 modo
1109 2040 1316 2095 homini
1367 2041 1700 2108 tribuebant,
1749 2041 1898 2112 quod
1947 2040 2122 2096 solius

523 2125 620 2180 Dei
647 2140 785 2196 erat,
815 2132 1022 2188 scilicet
1045 2133 1318 2188 dimittere
1341 2141 1586 2204 peccata.
1615 2131 1734 2200 Qua
1759 2134 1828 2190 de
1847 2149 1910 2189 re
1935 2132 2120 2202 ﬁebat,

523 2221 704 2290 utqui
731 2237 762 2276 a
788 2223 1036 2294 digniore
1075 2225 1382 2296 baptizatus
1427 2235 1570 2295 erat,
1614 2227 1888 2297 iudicaret
1935 2225 2122 2284 minus

2228 571 2283 626 in
2311 571 2417 626 hoc
2441 571 2632 642 utique
2655 571 2968 642 derogando
2993 571 3106 628 Deo
3129 573 3406 640 errabant,
3453 575 3622 629 etiam
3649 574 3708 628 in
3735 591 3823 642 eo,

2227 663 2354 734 quia
2381 679 2582 734 corpus
2609 663 2824 718 Domini
2857 653 3154 734 paululum
3197 665 3580 722 discernebant
3603 667 3680 721 ab
3703 667 3826 724 aliis

2226 755 2384 812 cibis.
2411 755 2613 812 lterum
2639 757 2696 812 in
2739 771 2811 812 eo
2855 757 2984 828 quia
3009 757 3114 813 viri
3138 757 3316 814 velato
3339 759 3534 830 capite,
3561 759 3826 816 mulieres

2226 847 2568 919 discooperto
2615 857 2856 904 orarent.
2893 848 3026 904 Erat
3057 849 3224 906 etiam
3271 851 3412 906 alius
3461 867 3640 918 error,
3691 852 3825 922 quia

2227 939 2468 996 futuram
2515 941 2976 998 resurrectionem
3002 957 3112 998 non
3139 943 3306 1014 (sicut
3328 941 3532 999 Paulus
3555 944 3824 1016 pradica-

2225 1031 2398 1102 verat)
2419 1029 2532 1102 85
2553 1032 2866 1088 credebant.
2895 1033 3310 1090 Accusabantur
3333 1036 3496 1092 etiam
3523 1037 3675 1105 inde,
3695 1037 3824 1108 quia

2225 1119 2550 1176 audiebatur
2569 1123 2711 1178 inter
2731 1139 2828 1179 eos
2853 1123 3168 1191 fornicatio,
3189 1141 3354 1196 quam
3377 1143 3480 1182 nec
3502 1135 3826 1198 paterentur

2226 1213 2476 1284 gentiles.
2545 1211 2780 1280 Quidam
2841 1216 2990 1271 enim
3047 1231 3240 1272 eorum
3301 1232 3596 1274 novercam
3663 1233 3826 1274 suam

2226 1304 2458 1360 duxerat
2479 1305 2536 1358 in
2563 1319 2790 1360 uxorem
2823 1324 2836 1360 :
2874 1321 3039 1377 quem
3077 1321 3181 1363 nec
3205 1307 3528 1379 corrigendo
3552 1308 3824 1364 emenda-

2225 1405 2436 1464 verant,
2452 1413 2554 1452 nec
2567 1397 3038 1467 participationem
3057 1397 3314 1454 Ecclesiae
3329 1399 3456 1454 huic
3477 1409 3589 1453 tam
3609 1397 3826 1456 facino-

2225 1503 2355 1544 roso
2379 1489 2804 1556 interdixerant;
2833 1489 2929 1546 sed
2955 1505 3052 1560 per
3075 1490 3320 1546 illicitam
3345 1490 3669 1561 patientiam
3699 1491 3827 1546 huic

2227 1583 2462 1640 incestui
2499 1584 2812 1640 consentire
2855 1583 3200 1640 videbantur.
3265 1581 3478 1650 Quibus
3535 1583 3828 1638 erroribus

2227 1675 2482 1746 cognitis,
2532 1674 2737 1732 Paulus
2785 1691 2882 1746 per
2927 1675 3257 1732 Sosthenem
3293 1675 3524 1730 missum
3559 1674 3670 1730 sibi
3697 1689 3828 1730 cum

2229 1765 2470 1836 Epistola
2498 1783 2528 1822 a
2555 1765 2839 1834 fratribus,
2867 1767 2962 1838 qui
2989 1776 3144 1822 erant
3177 1766 3358 1834 Cloes,
3410 1767 3506 1838 qui
3557 1766 3725 1822 locus
3771 1766 3828 1820 in

2225 1859 2702 1930 archiepiscopatu
2743 1858 3156 1914 Corinthiorum
3183 1858 3562 1924 claudebatur,
3601 1857 3829 1926 scripsit

2223 1949 2294 2006 ad
2321 1965 2416 2007 eos
2441 1952 2584 2006 hanc
2615 1949 2934 2021 Epistulam,
2987 1952 3041 2005 in
3092 1967 3200 2020 qua
3248 1952 3360 2022 agit
3403 1949 3472 2006 de
3515 1947 3828 2004 Corinthiis

2221 2043 2570 2098 errantibus:
2599 2055 2817 2098 errores
2841 2057 3030 2096 eorum
3063 2041 3458 2106 enumerando,
3485 2039 3828 2107 eosdemque

2225 2133 2485 2205 congruis
2497 2132 2802 2188 rationibus
2817 2132 3195 2202 improbando,
3219 2147 3284 2187 ea
3303 2131 3492 2204 utique
3513 2129 3828 2184 intentione

2225 2233 2288 2282 ut
2311 2225 2382 2281 ab
2404 2224 2493 2281 his
2515 2225 2666 2282 vitiis
2687 2239 2784 2282 eos
2807 2225 3070 2280 retrahat.

535 2405 3810 2434 ΨΜ

1105 2591 1691 2686 EPISTOLA
1759 2592 1909 2734 AD
1981 2588 2732 2686 CORINTHIOS
2812 2590 3223 2682 PRIMA.

1051 2781 1284 2838 CAPUT
1319 2781 1615 2838 PRIMUM.

597 2897 620 2934 ι
651 2878 854 2934 Paulus
895 2886 1125 2933 vocatus
1159 2876 1448 2945 apostolus
1477 2875 1682 2930 Christi
1709 2873 1838 2929 Jesu
1877 2888 1976 2943 per
2022 2886 2122 2927 vo-

529 2989 551 3024 ε
580 2971 844 3024 luntatem
897 2965 1015 3034 Dei,
1061 2975 1118 3021 et
1165 2964 1466 3022 Sosthenes
1506 2963 1674 3020 frater
1703 2961 1960 3020 Ecclesia:
1999 2961 2117 3028 Dei,

529 3081 548 3112 ς
579 3075 706 3130 quae
731 3067 818 3114 est
839 3057 1114 3125 Corinthi,
1145 3055 1502 3112 sanetiﬁeatis
1528 3055 1584 3110 in
1614 3055 1834 3112 Christo
1857 3053 1988 3110 Jesu
2018 3069 2118 3108 vo-

2233 2801 2252 2834 c
2287 2783 2358 2840 sit
2383 2798 2470 2838 me
2498 2781 2752 2838 Christus
2789 2779 3090 2850 baptizare,
3113 2777 3210 2836 sed
3249 2778 3630 2850 evangelizare
3665 2798 3680 2836 :
3713 2793 3826 2838 non

2235 2891 2254 2924 ι
2288 2871 2343 2926 in
2372 2871 2640 2943 sapientia
2674 2871 2844 2938 verbi,
2872 2877 2932 2925 ut
2953 2883 3064 2924 non
3093 2877 3388 2925 evacuetur
3417 2885 3554 2925 crux
3585 2870 3823 2928 Christi.

2232 2982 2252 3017 ι
2289 2961 2529 3020 Verbum
2551 2961 2696 3020 enim
2729 2963 2911 3018 crucis
2940 2960 3296 3034 pereuntibus
3324 2961 3544 3034 quidem
3585 2963 3828 3020 stultitia

2232 3073 2252 3108 ι
2283 3064 2388 3124 est,
2425 3056 2512 3112 his
2541 3065 2722 3112 autem
2750 3055 2846 3126 qui
2876 3053 3014 3110 salvi
3048 3053 3206 3121 ﬁunt,
3242 3053 3296 3108 id
3326 3063 3412 3110 est
3431 3055 3618 3123 nobis,
3643 3055 3826 3112 virtus

526 3169 548 3204 ε
581 3153 722 3207 catis
765 3150 994 3217 sanctis,
1039 3164 1170 3204 cum
1213 3147 1472 3204 omnibus
1501 3147 1598 3219 qui
1628 3147 1886 3202 invocant
1917 3161 2120 3201 nomen
2147 3167 2193 3228 ρ
2230 3165 2250 3200 ί
2285 3146 2382 3202 Dei
2412 3155 2517 3202 est.
2552 3145 2826 3218 Scriptum
2853 3154 2940 3202 est
2959 3145 3139 3201 enim:
3169 3163 3188 3196 ε
3237 3142 3464 3200 Perdam
3489 3147 3828 3216 sapientiam

521 3261 549 3296 4
583 3241 802 3298 Domini
823 3241 1002 3297 nostri
1029 3238 1158 3296 Jesu
1193 3239 1420 3306 Christi,
1455 3241 1512 3294 in
1549 3239 1698 3294 omni
1721 3239 1844 3294 loco
1871 3238 2118 3308 ipsorum

517 3351 548 3384 1
577 3343 630 3388 et
659 3341 871 3387 nostro.
904 3330 1094 3387 Gratia
1123 3331 1284 3386 vobis
1307 3339 1364 3386 et
1391 3345 1498 3402 pax
1521 3346 1554 3384 a
1585 3329 1698 3386 Deo
1717 3329 1880 3385 Patre
1903 3337 2118 3395 nostro,

527 3442 552 3476 ι
582 3432 638 3480 et
661 3423 898 3478 Domino
917 3421 1046 3480 Jesu
1067 3421 1309 3478 Christo.
1337 3421 1553 3478 Gratias
1570 3436 1672 3493 ago
1695 3420 1806 3476 Deo
1829 3435 1952 3476 meo
1975 3435 2122 3476 sem-

527 3535 547 3566 ι
578 3531 676 3586 per
703 3531 804 3585 pro
827 3514 983 3571 vobis
1007 3514 1061 3570 in
1087 3515 1258 3587 gratia
1293 3513 1411 3582 Dei,
1447 3529 1577 3585 qua:
1605 3514 1730 3570 data
1754 3522 1839 3570 est
1875 3512 2033 3568 vobis
2063 3513 2122 3568 in

530 3626 548 3660 ι
577 3606 802 3663 Christo
830 3591 996 3662 jesu:
1029 3606 1178 3677 quod
1207 3607 1262 3661 in
1307 3605 1566 3666 omnibus
1597 3605 1796 3662 divites
1833 3603 1966 3662 facti
1986 3605 2122 3660 estis

529 3717 549 3748 α
585 3697 642 3752 in
668 3697 782 3764 illo,
816 3697 870 3752 in
903 3697 1054 3752 omni
1092 3697 1278 3764 verbo,
1305 3705 1360 3752 et
1393 3696 1448 3750 in
1479 3696 1632 3752 omni
1666 3697 1895 3752 scientia
1927 3739 1944 3752 .
1980 3697 2124 3754 sicut

527 3809 548 3842 ι
582 3789 962 3846 téstimonium
983 3789 1190 3846 Christi
1221 3789 1604 3846 conﬁrmatum
1629 3797 1714 3846 est
1747 3789 1804 3844 in
1826 3789 2017 3858 vobis;
2045 3789 2120 3846 ita

525 3900 548 3934 ι
577 3891 640 3938 ιιι
661 3882 800 3938 nihil
827 3883 988 3938 vobis
1027 3882 1171 3938 desit
1213 3881 1268 3937 in
1301 3881 1412 3950 ulla
1443 3882 1638 3955 gratia,
1671 3883 2122 3952 exspectantibus

531 3995 552 4028 r
583 3977 972 4032 revelationem
999 3975 1219 4031 Domini
1249 3975 1424 4032 nostri
1447 3975 1576 4032 .lesu
1601 3975 1829 4042 Christi,
1861 3974 1956 4044 qui
1991 3989 2124 4030 eon-

523 4085 550 4119 4
584 4067 824 4122 ﬁrmabit
849 4081 950 4122 vos
989 4081 1170 4136 usque
1195 4065 1253 4120 in
1291 4065 1458 4122 ﬁnem
1497 4066 1618 4121 sine
1659 4063 1914 4131 crimine,
1947 4064 2004 4120 in
2033 4065 2124 4120 die

527 4179 548 4213 ι
582 4161 850 4216 adventus
896 4159 1118 4215 Domini
1173 4159 1351 4216 nostri
1403 4157 1532 4214 Jesu
1582 4157 1812 4214 Christi.
1869 4177 1890 4212 ι
1919 4157 2124 4214 Fidelis

527 4273 548 4306 ι
581 4251 749 4320 Deus,
781 4267 881 4324 per
916 4268 1080 4324 quem
1122 4252 1304 4308 vocati
1333 4251 1468 4308 estis
1507 4249 1561 4322 (Ι
1593 4250 1774 4306 Thess.
1797 4267 1853 4318 v,
1885 4248 1980 4320 24)
2011 4268 2030 4301 ι
2065 4250 2124 4304 in

519 4362 550 4398 ς
585 4343 906 4400 societatem
939 4342 1066 4398 Filii
1092 4343 1216 4416 ejus
1249 4341 1380 4401 Jesu
1403 4343 1612 4399 Christi
1656 4340 1876 4398 Domini
1921 4339 2120 4397 nostri.

523 4454 550 4490 ‹
577 4435 824 4491 "Obsecro
863 4445 1050 4492 autem
1093 4451 1196 4492 vos
1239 4435 1459 4502 fratres,
1502 4451 1601 4506 per
1649 4450 1853 4490 nomen
1897 4433 2120 4490 Domini

519 4545 552 4580 τ
583 4528 761 4583 nostri
789 4525 922 4583 Jesu
941 4526 1168 4596 Christi,
1198 4535 1262 4584 ut
1289 4527 1528 4598 idipsum
1571 4527 1767 4584 dicatis
1807 4541 2022 4592 omnes,
2063 4535 2122 4582 et
2151 4559 2198 4616 υ

521 4640 550 4675 ιι
585 4637 696 4677 ηοιι
727 4621 838 4678 sint
868 4621 925 4676 in
947 4621 1104 4677 vobis
1137 4621 1436 4677 schismata
1463 4639 1480 4675 :
1509 4620 1634 4677 sitis
1659 4629 1846 4676 autem
1889 4617 2121 4690 perfecti

529 4733 548 4764 α
588 4713 642 4766 in
673 4713 865 4767 eodem
889 4728 1078 4780 sensu,
1099 4722 1154 4768 et
1173 4713 1228 4767 in
1251 4713 1442 4768 eadem
1465 4713 1714 4769 scientia.
1741 4710 2120 4784 Signiticatum

513 4807 570 4856 ‘c-
589 4813 673 4861 est
696 4806 844 4860 enim
861 4805 997 4860 mihi
1022 4805 1090 4861 de
1107 4805 1288 4873 vobis,
1309 4803 1506 4862 fratres
1528 4805 1658 4872 mei,
1672 4805 1742 4859 ab
1765 4803 1854 4860 his
1873 4803 1970 4874 qui
1991 4809 2123 4858 sunt

515 4913 548 4948 ιι
584 4897 767 4964 Cloes,
786 4897 914 4968 quia
936 4899 1317 4953 contentiones
1335 4910 1464 4954 sunt
1486 4897 1629 4952 inter
1648 4911 1768 4952 vos.
1793 4893 1910 4951 Hoc
1935 4901 2118 4950 autem

513 5007 548 5038 ει
583 4987 707 5041 dico
756 4989 904 5059 quod
937 4991 1322 5061 unusquisque
1357 4999 1599 5045 vestrum
1628 4989 1798 5044 dicit:
1835 4987 1948 5060 Ego
1987 4987 2116 5058 qui-

517 5098 550 5130 ς
588 5079 710 5134 dcm
743 5097 866 5136 sum
887 5079 1073 5148 Pauli;
1102 5098 1202 5153 ego
1224 5091 1405 5136 autem
1431 5081 1623 5151 Apollo
1653 5079 1792 5150 (Act.
1817 5078 2114 5149 xvm,25);

514 5189 548 5221 ηι
579 5187 681 5242 ego
717 5188 848 5228 vero
875 5172 1113 5242 ‘Cephas;
1159 5187 1260 5242 ego
1289 5180 1471 5226 autem
1517 5170 1744 5225 Christi.
1779 5167 2002 5226 Divisus
2034 5179 2118 5224 est

515 5257 562 5314 σι’
585 5261 875 5320 Christus?
904 5263 1162 5334 Nunquid
1199 5263 1406 5318 Paulus
1431 5261 1730 5319 cruciﬁxus
1761 5269 1848 5318 est
1885 5276 1986 5332 pro
2014 5277 2116 5316 vo-

519 5371 550 5404 ς
589 5353 720 5408 his?
793 5354 904 5409 Aut
961 5354 1026 5408 in
1099 5353 1322 5408 nomine
1389 5353 1540 5408 Pauli
1613 5354 1871 5424 baptizati
1925 5355 2117 5410 estis?

517 5462 548 5492 «ι
585 5443 802 5498 Gratias
851 5459 954 5514 ago
1011 5443 1124 5498 Deo
1167 5459 1290 5497 meo
1341 5445 1486 5514 quod
1547 5446 1820 5501 nemiuem
1872 5457 2115 5501 vestrum

517 5551 548 5584 ιι
583 5533 876 5602 haptizavi.
921 5534 1030 5588 nisi
1071 5531 1327 5604 Crispum
1369 5544 1423 5590 et
1467 5534 1684 5603 Caium,
1709 5554 1776 5592 ne
1811 5538 1936 5608 quis
1970 5537 2118 5592 dicat

517 5643 548 5675 ς
583 5626 729 5694 quod
757 5628 813 5678 in
843 5625 1064 5678 nomine
1091 5641 1214 5679 meo
1244 5626 1502 5695 baptizati
1525 5629 1676 5683 estis.
1707 5627 1984 5700 Baptizavi
2017 5645 2103 5684 au-

527 5731 548 5764 ι
583 5724 688 5768 tem
738 5724 793 5769 et
843 5713 1134 5783 Stephanae
1193 5715 1416 5772 domum
1467 5737 1478 5772 :
1520 5727 1778 5774 ueterum
1829 5719 2016 5775 nescio
2067 5717 2112 5774 si

525 5823 552 5856 τι
589 5821 750 5874 quem
776 5805 944 5860 alium
967 5815 1212 5860 vestrum
1237 5806 1646 5877 haptizavcrim.
1684 5811 1804 5868 Non
1843 5811 1988 5867 enim
2011 5809 2112 5866 mi—

2231 3259 2250 3293 ι
2287 3239 2636 3310 sapientium,
2688 3247 2744 3294 et
2799 3236 3148 3310 prudentiam
3204 3236 3555 3307 prudentium
3623 3253 3826 3308 repro-

2230 3353 2248 3386 ι
2285 3333 2428 3388 babo
2461 3331 2620 3404 (Isai.
2655 3347 2812 3398 nix,
2849 3331 2960 3402 M).
2992 3349 3012 3382 ι
3047 3327 3150 3386 Ubi
3183 3329 3435 3398 sapiens?
3462 3329 3555 3384 ubi
3601 3330 3828 3386 scriba?

2228 3444 2248 3478 ι
2280 3425 2372 3482 ubi
2401 3425 2697 3496 inquisitor
2735 3423 2902 3494 hujus
2941 3421 3165 3478 saaculi?
3195 3419 3389 3476 Nonne
3431 3420 3664 3476 stultam
3697 3421 3830 3478 fecit

2227 3537 2248 3571 ι
2279 3517 2428 3574 Deus
2453 3516 2779 3586 sapientiam
2809 3515 2978 3586 hujus
3019 3513 3250 3570 mundi?
3289 3512 3426 3568 Nam
3450 3513 3580 3584 quia
3625 3513 3686 3568 in
3727 3513 3825 3568 Dei

2227 3624 2248 3660 ι
2279 3605 2546 3676 sapientia
2596 3619 2706 3660 non
2749 3603 3008 3676 cognovit
3053 3603 3294 3658 mundus
3339 3617 3438 3672 per
3485 3601 3830 3672 sapientiam

2229 3713 2248 3748 ι
2279 3693 2453 3750 Deum
2486 3713 2498 3749 :
2517 3694 2738 3764 ,placuit
2771 3693 2884 3750 Deo
2925 3709 3022 3765 per
3065 3693 3356 3750 stultitiam
3409 3692 3830 3762 praedicationis

2227 3803 2248 3838 ι
2279 3785 2462 3840 salvos
2487 3783 2668 3840 facere
2699 3782 3008 3840 credentes.
3048 3781 3322 3850 Quoniam
3353 3789 3410 3835 et
3441 3779 3616 3836 Judaei
3667 3781 3830 3852 signa

2229 3895 2248 3930 ι
2283 3885 2494 3948 petunt,
2517 3883 2573 3931 et
2603 3874 2778 3932 Graeci
2821 3874 3147 3945 sapientiam
3177 3881 3450 3946 quaerunt.
3487 3869 3598 3926 Nos
3635 3881 3828 3926 autem

2229 3989 2246 4022 ι
2282 3968 2646 4040 praedicamus
2670 3966 2949 4022 Christum
2978 3965 3332 4022 cruciﬁxum:
3358 3961 3562 4018 Judazis
3589 3961 3830 4034 quidem

2229 4078 2247 4111 ι
2285 4059 2624 4126 scandalum,
2661 4058 2918 4130 gentibus
2945 4065 3130 4112 autem
3177 4055 3464 4112 stultitiam
3494 4073 3508 4109 :
3544 4053 3691 4124 ipsis
3721 4071 3830 4110 au-

2231 4171 2249 4204 ‹
2289 4161 2397 4207 tem
2433 4151 2644 4208 vocatis
2687 4149 2893 4206 Judaeis
2922 4157 3092 4220 atque
3123 4147 3330 4204 Graecis
3378 4145 3674 4202 Christum
3729 4145 3830 4202 Dei

2231 4261 2250 4294 ι
2279 4243 2535 4296 virtutem
2563 4251 2620 4296 et
2641 4240 2738 4296 Dei
2765 4241 3120 4312 sapientiam;
3149 4241 3278 4312 quia
3303 4241 3452 4312 quod
3464 4241 3704 4297 stultum
3737 4251 3826 4298 est

2230 4353 2248 4385 ι
2283 4331 2378 4388 Dei
2427 4333 2728 4404 sapientius
2767 4342 2854 4388 est
2890 4334 3230 4400 hominibus,
3259 4341 3316 4388 et
3357 4331 3506 4403 quod
3533 4331 3830 4386 inﬁrmum

2231 4443 2248 4475 ι
2285 4434 2370 4480 est
2399 4421 2493 4477 Dei
2541 4421 2740 4478 fortius
2767 4431 2855 4479 est
2889 4422 3226 4478 hominibus.
3279 4419 3474 4477 Videte
3505 4419 3658 4476 enim
3723 4436 3830 4475 vo-

2231 4537 2248 4568 ι
2277 4519 2552 4574 cationem
2595 4526 2856 4584 vestram,
2916 4515 3142 4582 fratres,
3185 4515 3316 4586 quia
3360 4529 3472 4568 non
3519 4513 3684 4567 multi
3733 4529 3830 4568 sa-

2230 4629 2248 4660 ι
2277 4609 2488 4678 pientes
2510 4607 2810 4662 secundum
2831 4621 3078 4672 carnem,
3095 4621 3204 4661 non
3225 4604 3382 4660 multi
3406 4611 3683 4676 potentes,
3714 4619 3832 4658 non

2229 4721 2247 4754 ι
2280 4700 2438 4756 multi
2487 4699 2716 4764 nobiles,
2751 4697 2846 4754 sed
2879 4713 3003 4768 quae
3047 4697 3214 4754 stulta
3257 4707 3387 4754 sunt
3411 4693 3602 4752 mundi
3655 4695 3834 4765 elegit

2229 4812 2248 4844 ι
2287 4793 2452 4860 Deus,
2503 4799 2564 4846 ut
2598 4789 2900 4846 confundat
2928 4789 3240 4859 sapientes;
3280 4797 3334 4842 et
3377 4787 3592 4842 inﬁrma
3623 4785 3828 4840 mundi

2229 4905 2248 4938 ι
2283 4887 2446 4956 elegit
2494 4885 2668 4950 Deus,
2731 4891 2792 4938 ut
2845 4880 3147 4937 confundat
3197 4879 3406 4934 fortia:
3461 4887 3514 4932 et
3553 4877 3829 4948 ignobilia

2229 4999 2246 5031 ι
2283 4979 2495 5045 mundi,
2525 4987 2578 5033 et
2607 4974 3042 5046 contemptibilia
3071 4971 3235 5043 elegit
3271 4971 3438 5038 Deus,
3475 4979 3530 5026 et
3573 4985 3642 5024 ea
3695 4985 3830 5040 quae

2225 5091 2246 5122 ι
2285 5085 2390 5124 non
2419 5079 2566 5134 sunt;
2595 5080 2655 5123 ut
2679 5083 2742 5124 ea
2771 5082 2896 5137 qua:
2921 5073 3051 5122 sunt
3079 5065 3418 5120 destrueret:
3457 5069 3520 5116 ut
3549 5076 3662 5114 non
3699 5062 3828 5132 glo-

2227 5183 2244 5214 ι
2279 5163 2452 5218 rietur
2498 5161 2677 5216 omnis
2720 5176 2848 5216 caro
2905 5159 2960 5213 in
3015 5166 3314 5228 conspectu
3363 5155 3503 5226 ejus.
3559 5151 3640 5206 Ex
3694 5153 3826 5224 ipso

2226 5275 2244 5307 ι
2281 5263 2464 5310 autem
2491 5269 2588 5308 vos
2613 5252 2748 5308 cstis
2771 5251 2824 5306 in
2851 5251 3073 5306 Christo
3101 5248 3256 5316 Jesu,
3280 5247 3372 5317 qui
3405 5245 3581 5301 factus
3601 5253 3694 5302 est
3719 5261 3826 5301 no-

2226 5367 2244 5398 ι
2278 5347 2364 5402 bis
2379 5345 2641 5415 sapientia
2665 5359 2698 5399 a
2724 5342 2856 5408 Deo,
2873 5341 3169 5412 etjnstitia,
3187 5350 3240 5394 et
3260 5337 3641 5404 sanctiﬁcatio,
3663 5347 3724 5392 et
3742 5353 3826 5393 re-

2227 5459 2243 5490 ι
2279 5439 2636 5508 demptio,ut,
2659 5434 3121 5507 quemadmodum
3137 5433 3520 5504 86seriptum
3533 5441 3649 5496 est,
3676 5429 3824 5497 «Qui

2228 5529 2564 5600 «gloriatur,-
2593 5529 2646 5582 in
2701 5526 2931 5582 Domino
2967 5525 3230 5596 glorietur
3291 5522 3382 5593 (II
3421 5521 3546 5578 Cor.
3594 5537 3654 5588 ι,
3709 5520 3821 5589 Πς

2229 5643 2248 5674 ι
2286 5621 2400 5674 Jer.
2457 5636 2532 5687 Ix,
2561 5619 2674 5686 22).
2699 5637 2717 5670 ι

2854 5723 3156 5764 Εκινοειτιο.

2291 5803 2518 5867 Paulus,
2566 5815 2668 5859 etc.
2705 5801 2842 5868 Quia
2883 5801 3206 5859 auctoritate
3249 5815 3385 5870 opus
3424 5805 3540 5856 erat
3575 5796 3642 5853 ad
3683 5813 3822 5870 pre-
