3978 6388
189 439 288 499 ηδ

816 425 1180 486 EXPOSITIO
1219 427 1285 482 IN
1324 422 1705 484 EPISTOLAS
1743 426 1970 483 PAULI.
2009 457 2079 468 —--
2117 425 2183 481 IN
2225 423 2443 483 EPIST.
2487 423 2507 479 Ι
2545 424 2636 484 AD
2671 374 2826 482 COR.

3335 429 3443 484 126

189 550 439 615 mendam
477 543 891 600 Corinthiorum
927 543 1259 614 superbiam,
1294 555 1494 597 nomen
1530 542 1768 597 auctori-
1797 544 1842 602 Α
1870 543 1964 609 lia,
1998 542 2050 598 id
2072 551 2156 597 est
2181 549 2416 612 acceptae
2439 540 2850 611 justiﬁcationis
2879 555 3235 610 perseverans
3267 555 3454 600 custo-

190 645 310 701 tatis
339 637 495 708 ponit
517 637 707 691 dicens
733 653 748 689 :
779 634 1005 702 Paulus,
1029 635 1175 706 quod
1202 635 1391 704 utique
1418 649 1618 688 nomen
1641 633 1766 688 ubi-

187 746 288 802 qne
325 738 516 783 notum
561 735 668 782 est.
699 725 907 781 Paulus
934 725 1080 793 dico,
1109 735 1324 780 vocatus
1359 741 1388 779 a
1429 724 1561 791 Deo,
1598 724 1652 779 id
1686 731 1771 779 est

183 818 454 890 apostolus
486 818 671 873 divina
700 817 984 873 vocatione
1021 817 1374 872 constitutus.
1409 815 1506 870 Vel
1541 822 1770 870 vocatus

185 917 254 972 ab
280 913 571 979 omnibus;
602 913 731 982 quia
748 912 864 981 jam
879 925 1070 969 omnes
1093 918 1328 966 noscunt
1347 925 1472 965 eum
1496 923 1619 964 esse
1637 923 1770 978 apo-

184 1007 403 1063 stolum.
448 1004 733 1075 Apostolus
766 1004 910 1082 dico,
952 1001 1008 1057 id
1036 1012 1119 1058 est
1154 1003 1364 1074 legatus
1395 999 1594 1056 Christi
1615 998 1768 1066 Iesu,

185 1098 234 1153 id
266 1107 355 1153 est
408 1113 518 1151 non
559 1111 620 1151 se
664 1104 1102 1166 prresumptuose
1148 1095 1402 1166 ingerens
1437 1101 1498 1148 ut
1538 1090 1768 1162 pseudo,

187 1187 276 1241 sed
302 1187 512 1256 legatus
546 1184 752 1240 Christi
783 1183 946 1251 Iesu;
996 1199 1098 1240 nec
1123 1200 1155 1240 a
1180 1183 1400 1238 Christo
1444 1182 1649 1238 missus
1673 1197 1770 1252 per

182 1278 500 1334 exercendae
541 1278 636 1332 irae
686 1277 1170 1347 opportunitatem,
1206 1284 1268 1330 ut
1311 1274 1440 1330 Saul
1483 1294 1495 1329 :
1548 1274 1644 1330 sed
1678 1289 1772 1343 per

184 1372 531 1436 refuntatem,
571 1369 625 1424 id
674 1377 761 1425 est
799 1383 900 1439 per
947 1368 1347 1439 beneplacitnm
1396 1365 1516 1421 Dei.
1564 1365 1772 1420 Paulus

185 1463 373 1533 utique
391 1471 444 1515 et
465 1477 589 1518 cum
620 1476 686 1515 eo
722 1456 1002 1515 Sosthenes
1029 1461 1228 1530 frater;
1255 1474 1364 1514 non
1389 1458 1516 1529 quia
1541 1456 1770 1513 Sosthe-

185 1571 278 1610 nes
313 1554 370 1608 in
421 1555 526 1609 hac
574 1553 821 1624 Epistola
867 1553 1168 1623 quidquam
1221 1551 1523 1622 scripserit,
1569 1549 1666 1606 sed
1710 1555 1772 1603 ut

184 1645 390 1701 Paulus
417 1661 514 1716 per
550 1646 655 1701 hoc
685 1646 938 1701 ostendat
977 1661 1169 1700 omnes
1201 1660 1418 1701 errores
1475 1660 1535 1698 se
1567 1658 1772 1715 cogno-

187 1754 336 1794 scere
356 1782 369 1801 ,
398 1738 527 1808 quia
555 1737 649 1807 qui
670 1737 738 1792 de
767 1737 976 1793 eisdem
1007 1744 1145 1804 erat,
1175 1745 1232 1793 et
1264 1737 1406 1792 inter
1426 1752 1522 1792 eos
1543 1750 1772 1791 conver-

185 1829 432 1896 sabatur,
484 1829 534 1884 ei
587 1829 975 1896 nuntiaverat;
1027 1829 1150 1884 ideo
1198 1828 1364 1884 etiam
1414 1837 1475 1882 ut
1521 1826 1773 1882 ostendat

1869 635 1980 692 dia.
2015 633 2106 688 Sic
2135 633 2201 688 de
2240 646 2374 702 pace
2402 652 2414 686 :
2448 627 2840 688 Peccatoribus
2865 631 2938 686 sit
2974 647 3078 702 pax
3110 633 3277 687 animi
3298 635 3457 690 resti-

1869 737 1986 785 tuta
2007 747 2021 796 ;
2039 745 2146 783 non
2170 727 2522 798 peccantibus
2546 726 2912 796 tranquillitas
2933 727 3101 781 animi
3125 737 3453 797 perseveret.

1869 819 2078 886 Gratia,
2110 819 2356 890 inquam,
2388 827 2442 874 et
2457 834 2563 888 pax
2587 817 2657 873 sit
2679 818 2835 872 vobis
2866 836 2900 876 α
2923 817 3031 871 Deo
3066 817 3231 873 Patre
3252 829 3458 885 nostro,

1868 921 1917 966 et
1949 911 2178 966 Domino
2225 909 2354 964 Iesu
2398 908 2634 974 Christo,
2697 925 2728 963 a
2775 925 2886 979 quo
2931 910 3050 965 solo
3100 911 3303 964 credite
3335 927 3459 966 esse

1869 1018 2088 1058 omnem
2107 1001 2556 1072 justiﬁeationem
2583 1019 2595 1054 :
2628 1001 2853 1056 excluso
2881 1001 3030 1055 omni
3057 1001 3254 1056 merito
3277 1001 3457 1071 bapti-

1872 1097 2093 1152 zatoris.
2134 1094 2275 1162 Quia
2315 1093 2394 1152 de,
2414 1093 2717 1148 Corinthiis
2753 1093 2976 1162 quidam
3010 1101 3168 1147 erant
3206 1108 3460 1163 perseve-

1870 1195 2057 1242 rantes
2079 1186 2134 1240 in
2157 1184 2407 1241 doctrina
2434 1182 2611 1251 Pauli,
2639 1200 2750 1239 non
2776 1185 3244 1240 communicantes
3283 1183 3460 1239 errori

1870 1279 2127 1344 aliorum,
2169 1277 2406 1349 primum
2428 1278 2723 1347 separatim
2750 1277 2991 1347 loquitur
3013 1277 3154 1343 istis,
3184 1286 3244 1332 ut
3273 1277 3463 1332 audito

1873 1372 2020 1444 quod
2049 1372 2255 1427 bonum
2291 1385 2451 1426 suum
2483 1378 2650 1424 tanta:
2679 1369 3021 1425 auctoritatis
3049 1369 3120 1425 sit
3147 1371 3288 1439 apud
3320 1368 3463 1439 Apo-

1871 1466 2097 1531 stolum,
2133 1463 2310 1535 magis
2335 1462 2649 1518 animentur
2675 1462 2743 1517 ad
2772 1463 2976 1530 bonum
3004 1481 3017 1516 :
3051 1463 3173 1517 ideo
3194 1471 3248 1516 et
3270 1470 3330 1515 ut
3364 1477 3460 1530 per

1873 1557 1980 1612 hoc
2006 1555 2181 1627 magis
2201 1554 2520 1610 incumbant
2543 1554 2872 1610 correctioni
2902 1554 3204 1610 errantium
3226 1552 3461 1607 fratrum

1872 1658 1928 1704 et
1956 1656 2016 1704 ut
2060 1656 2308 1704 errantes
2350 1647 2560 1716 absque
2605 1647 2995 1701 reclamatione
3023 1646 3279 1701 obediant
3316 1646 3458 1710 istis,

1874 1753 2000 1793 cum
2029 1736 2303 1792 audierint
2341 1735 2728 1807 perfectionem
2759 1751 2950 1790 eorum
2979 1735 3118 1790 tanti
3147 1749 3270 1790 esse
3316 1733 3462 1803 apud

1874 1829 2218 1900 Apostolum.

188 1921 513 1977 Sostbenem
543 1936 760 1977 errores
788 1936 981 1976 eorum
1007 1921 1291 1976 nuntiasse
1326 1920 1453 1987 sibi,
1485 1935 1594 1974 non
1625 1919 1770 1972 malo
1804 1894 1847 1949 Β
1923 1894 2100 1975 ὐιιᾱε
2137 1921 2216 1974 sic
2243 1919 2320 1974 ait
2350 1938 2363 1973 :
2399 1917 2616 1974 Gratias
2664 1935 2762 1988 ago
2796 1917 2905 1972 Deo
2933 1933 3067 1984 meo,
3100 1915 3153 1972 id
3186 1924 3270 1970 est
3296 1930 3462 1986 quem

188 2014 375 2067 animo
403 2022 596 2067 contra
623 2027 720 2068 eos
756 2011 965 2078 habito,
1001 2012 1097 2068 sed
1124 2011 1395 2068 desiderio
1417 2010 1774 2065 correctionis

185 2120 402 2159 eorum.
437 2103 665 2173 Paulus,
708 2105 955 2175 inquam,
989 2113 1045 2159 et
1077 2103 1378 2159 Sosthenes
1413 2101 1600 2167 frater,
1637 2099 1775 2155 scri-

187 2195 324 2250 bunt
377 2193 635 2249 Ecclesia:
663 2193 784 2261 Dei,
813 2211 931 2266 qute
957 2204 1034 2250 est
1074 2192 1339 2249 Corinthi.
1372 2191 1625 2246 Ecclesia:
1652 2191 1775 2246 dico

187 2287 566 2356 sanctiﬁcatis,
599 2287 652 2343 id
682 2295 766 2343 est
785 2303 817 2342 a
851 2287 1090 2357 peccatis
1121 2286 1179 2342 in
1209 2285 1484 2356 baptismo
1506 2283 1777 2355 justiﬁca-

191 2376 274 2429 tis.
309 2375 382 2429 Et
413 2376 515 2430 hoc
541 2383 718 2430 totum
750 2376 806 2430 in
839 2374 1054 2432 Christo
1078 2374 1230 2444 Iesu,
1260 2391 1369 2429 non
1393 2390 1490 2444 per
1519 2374 1776 2429 meritum

190 2467 605 2537 baptizantium.
639 2467 783 2534 Quia
811 2467 1042 2523 ecclesia
1067 2467 1412 2528 collectivum
1434 2481 1634 2521 nomen
1669 2475 1775 2534 est,

191 2562 320 2616 satis
352 2578 596 2633 congrue
624 2562 877 2634 jungitur
901 2561 1120 2632 plurali,
1152 2570 1209 2616 ut
1242 2561 1491 2639 dicamus
1521 2558 1779 2614 Ecclesiae

191 2653 576 2720 sanctiﬁcatis;
609 2670 710 2710 nec
743 2639 925 2710 solum
959 2670 1058 2725 per
1084 2653 1366 2708 Christum
1397 2650 1776 2718 sanctiﬁcatis,

192 2744 276 2798 sed
310 2760 414 2814 per
446 2744 676 2815 gratiam
713 2745 957 2815 ejusdem
1003 2745 1203 2798 vocatis
1247 2743 1469 2809 sanctis,
1503 2742 1556 2797 id
1590 2751 1675 2798 est
1709 2740 1780 2797 ad

191 2835 312 2902 hoc,
346 2845 408 2890 ut
437 2835 915 2891 sanctiﬁcarentur
944 2845 1005 2891 ut
1027 2844 1219 2902 totum,
1244 2844 1299 2890 et
1326 2835 1686 2892 sanctiﬁcatio
1710 2833 1780 2890 ad

191 2927 555 2993 vocationem,
601 2928 831 2998 ipsaque
868 2926 1229 2983 sanctiﬁcatio
1255 2941 1320 2980 ex
1352 2925 1463 2981 Deo
1513 2941 1638 3002 esse
1678 2941 1776 2981 co--

192 3029 514 3090 gnoscatur,
538 3029 593 3075 et
620 3035 783 3074 omne
808 3019 1061 3073 meritum
1086 3018 1338 3089 baptizati
1361 3026 1415 3073 et
1431 3017 1780 3088 baptizatoris

190 3111 539 3166 excludatur.
572 3110 776 3167 Paulus
799 3111 989 3165 scribit
1052 3109 1308 3164 Ecclesiae
1365 3109 1778 3164 Corinthiorum

191 3220 300 3256 enm
332 3205 603 3270 omnibus,
629 3206 683 3259 id
707 3213 790 3260 est
814 3213 868 3260 et
892 3204 1148 3259 omnibus
1178 3202 1455 3268 Ecclesiis,
1484 3201 1539 3256 in
1570 3202 1776 3259 eisdem
1806 3235 1848 3292 Ο

189 3296 474 3351 erroribus
508 3296 761 3351 detentis.
797 3295 1074 3360 Omnibus,
1107 3294 1251 3361 dico,
1294 3295 1384 3364 qui
1408 3295 1649 3347 invocant
1680 3309 1778 3346 no-

192 3405 301 3442 men
351 3387 573 3441 Domini
603 3389 772 3441 nostri
799 3387 930 3442 Iesu
972 3386 1192 3451 Christi,
1221 3401 1384 3455 quem
1418 3385 1473 3438 in
1508 3399 1575 3438 eo
1615 3399 1779 3453 quem

193 3479 470 3543 invocant,
505 3479 836 3535 conﬁtentur
887 3479 1062 3534 solum
1089 3492 1211 3532 esse
1228 3475 1640 3545 justiﬁeantem.
1673 3472 1784 3530 Nec

193 3569 452 3624 omnibus
477 3568 740 3624 Ecclesiis
782 3569 907 3624 dico
951 3584 1048 3639 per
1094 3567 1383 3632 mundum,
1418 3565 1513 3621 sed
1540 3565 1626 3620 his
1659 3581 1783 3636 qua;

194 3671 315 3716 sunt
340 3663 399 3714 in
423 3663 571 3716 omni
598 3662 713 3716 loco
737 3663 973 3731 ipsorum
997 3660 1426 3726 Corinthiorum,
1453 3657 1506 3712 id
1527 3665 1612 3712 est
1631 3658 1784 3712 omni

193 3749 456 3805 Ecclesia:
500 3751 789 3821 metropoli
839 3749 1252 3810 Corinthiorum
1294 3749 1609 3819 suppositae,
1643 3754 1699 3802 et
1726 3747 1783 3800 in

194 3842 449 3895 eumdem
487 3856 730 3895 errorem
772 3840 961 3910 lapsae,
993 3855 1117 3910 quae
1157 3837 1417 3894 Ecclesiae
1449 3846 1504 3892 et
1543 3838 1590 3892 si
1628 3837 1785 3892 locus

196 3931 441 4001 ipsorum
485 3932 896 3986 Corinthiorum
929 3940 1076 3998 sunt,
1120 3931 1250 4002 quia
1290 3931 1372 3986 eis
1423 3929 1787 4000 praeferuntur

197 4032 377 4075 nostro
398 4022 565 4076 etiam
599 4022 740 4088 loco,
778 4023 906 4091 quia
939 4020 1019 4076 sic
1044 4036 1138 4075 eas
1166 4019 1465 4074 Corinthiis
1491 4033 1738 4088 suppono
1769 4035 1783 4071 :

196 4123 252 4167 ut
288 4123 481 4167 tamen
529 4113 928 4182 providentiam
973 4128 1153 4167 meam
1216 4111 1326 4166 illis
1383 4125 1600 4181 semper
1639 4109 1790 4165 adhi—

197 4203 380 4268 beam,
405 4203 872 4274 quemadmodum
906 4203 1227 4258 Corinthiis.
1267 4200 1382 4257 Hoc
1419 4201 1541 4256 ideo
1582 4199 1788 4255 Paulus

196 4297 288 4360 ait,
322 4312 398 4350 ne
432 4294 708 4350 Corinthii
749 4294 1034 4350 dicerent:
1083 4294 1157 4349 De
1187 4294 1346 4348 nobis
1374 4301 1588 4348 tantum
1619 4293 1789 4347 babes

193 4386 465 4453 judicare,
507 4401 610 4441 nos
643 4401 774 4440 vero
803 4386 870 4441 de
906 4386 1159 4441 subditis.
1201 4385 1373 4456 Cujus
1407 4385 1580 4440 moris
1609 4382 1789 4439 adhuc

194 4489 417 4533 tenetur
446 4479 658 4549 regula,
685 4478 813 4548 quia
847 4494 1098 4534 summus
1132 4476 1401 4548 pontifex,
1437 4486 1491 4534 et
1514 4477 1561 4532 si
1601 4476 1790 4533 Eccle-

1875 2025 2058 2064 meum
2107 2008 2272 2074 facio,
2315 2022 2428 2064 non
2477 2007 2817 2061 detrahendo
2863 2007 2944 2072 ei,
2990 2005 3459 2075 quemadmodum

1873 2098 2211 2170 pseudo,qui
2232 2099 2422 2153 dicunt
2451 2097 2644 2152 merita
2670 2096 3001 2166 baptizantis
3022 2111 3218 2150 nocere
3240 2096 3326 2149 vel
3341 2111 3464 2165 pro-

1874 2191 2035 2247 desse
2080 2189 2392 2260 baptizatis.
2432 2187 2651 2244 Gratias
2692 2185 2882 2256 utique
2918 2201 3021 2256 ago
3062 2184 3173 2240 Deo
3207 2200 3331 2239 meo
3366 2200 3463 2249 pro

1873 2283 1986 2355 87
2021 2282 2162 2336 vobis
2196 2297 2418 2351 semper,
2441 2280 2494 2334 id
2515 2288 2599 2334 est
2619 2280 2672 2352 in
2697 2279 2845 2333 omni
2881 2277 3129 2333 oratione
3149 2291 3290 2330 mea.
3323 2275 3464 2346 Ago,

1875 2375 2101 2445 inquam
2131 2371 2337 2444 gratias
2367 2371 2422 2424 in
2452 2371 2649 2445 gratia,
2685 2369 2737 2423 id
2790 2376 2878 2423 est
2932 2367 2989 2422 in
3023 2364 3462 2422 consideratione

1876 2464 2064 2536 gratiae
2092 2463 2211 2530 Dei,
2247 2461 2648 2534 perseverantis
2679 2459 2732 2514 in
2764 2459 2920 2514 vobis
2949 2476 2962 2513 :
2987 2473 3104 2528 quia
3125 2457 3300 2528 gratia
3335 2455 3466 2508 data

1875 2565 1952 2611 est
1973 2555 2115 2609 vobis
2137 2555 2194 2607 in
2225 2553 2437 2609 Christo
2459 2549 2609 2618 Iesu,
2638 2549 2690 2605 id
2714 2557 2799 2605 est
2819 2564 2914 2619 per
2941 2546 3220 2602 Christum
3255 2543 3464 2609 Iesum,

1877 2647 1973 2718 qui
1995 2645 2207 2701 homini
2235 2644 2589 2700 reconciliato
2612 2642 2721 2698 Deo
2743 2639 3015 2696 ministrat
3042 2639 3185 2692 hanc
3207 2636 3463 2708 gratiam.

1877 2737 1954 2794 De
1979 2739 2091 2794 hoc
2126 2737 2314 2808 utique
2345 2736 2549 2808 gratias
2578 2750 2710 2806 ago;
2763 2734 2910 2804 quia,
2956 2730 3009 2786 id
3041 2740 3127 2786 est
3163 2729 3308 2800 quod
3332 2728 3467 2798 facti

1877 2829 2004 2884 estis
2041 2829 2229 2882 divites
2260 2829 2316 2881 in
2347 2816 2609 2891 omnibus,
2633 2824 2762 2894 quia
2791 2831 2846 2878 et
2880 2821 3124 2892 singulas
3159 2819 3385 2891 gratias,
3414 2826 3470 2872 et

1878 2935 2072 2975 omnes
2094 2919 2314 2989 copiose
2336 2916 2568 2972 habetis.
2606 2914 2764 2969 Facti
2805 2914 2928 2970 dico
2955 2914 3012 2966 in
3035 2911 3151 2977 illo,
3183 2909 3235 2965 id
3260 2918 3345 2965 est
3371 2923 3470 2978 per

1879 3009 2183 3076 Christum,
2229 3007 2387 3078 cujus
2425 3007 2543 3061 sola
2594 3003 2973 3060 misericordia
2997 3001 3092 3056 dat
3116 2999 3366 3071 gratiam.
3399 2995 3470 3050 In

1881 3102 2123 3157 omnibus
2157 3100 2297 3165 dico,
2331 3098 2538 3154 scilicet
2574 3097 2629 3150 in
2658 3097 2800 3148 omni
2821 3094 2995 3160 verbo,
3023 3092 3076 3146 id
3105 3099 3191 3145 est
3235 3089 3288 3143 in
3317 3089 3471 3142 omni

1881 3193 2132 3248 doctrina
2173 3187 2560 3261 spiritualium,
2603 3184 2984 3248 mediocrium,
3015 3189 3070 3236 et
3103 3179 3468 3248 simplicium;

1880 3285 2076 3340 divites
2113 3284 2274 3337 etiam
2315 3281 2372 3334 in
2419 3279 2563 3333 omni
2610 3277 2835 3330 scientia
2876 3273 3120 3338 litterali,
3156 3268 3374 3335 morali,
3415 3276 3474 3323 et

1881 3376 2170 3443 allegorica
2190 3374 2290 3429 :ita
2319 3372 2516 3428 divites
2548 3370 2606 3424 in
2633 3368 2912 3430 omnibus,
2945 3367 3082 3420 sicut
3107 3361 3471 3417 testimonium

1882 3469 2105 3534 Christi,
2144 3467 2199 3521 id
2246 3473 2332 3520 est
2363 3462 2612 3519 doctrina
2663 3461 2732 3516 de
2775 3457 2996 3514 Christo
3029 3463 3282 3510 attestata
3314 3451 3471 3505 vobis

1881 3576 1979 3631 per
2003 3558 2335 3628 Scripturas,
2355 3556 2518 3620 sicut,
2549 3554 2774 3623 inquam
2794 3551 2920 3616 hoc,
2941 3544 3315 3604 testimonium
3341 3558 3474 3595 con-

1883 3653 2158 3723 ﬁrmatum
2176 3657 2274 3716 est,
2306 3646 2358 3702 id
2394 3653 2478 3701 est
2517 3643 2746 3698 ﬁrmiter
2765 3646 3078 3710 perseverat
3103 3638 3160 3690 in
3194 3635 3357 3689 vobis.
3390 3631 3475 3685 Ad

1883 3759 2048 3814 quem
2094 3741 2318 3795 modum
2356 3737 2504 3792 enim
2528 3734 2742 3789 ﬁrmam
2769 3729 3024 3786 tenuistis
3047 3728 3210 3782 ﬁdem
3238 3723 3468 3788 Christi,

1884 3833 1954 3888 ad
1981 3847 2107 3888 eum
2135 3831 2360 3884 modum
2385 3827 2578 3882 ditavit
2615 3839 2714 3880 vos
2737 3823 2883 3878 Deus
2905 3820 3020 3876 suis
3053 3819 3243 3890 gratiis
3269 3833 3282 3847 ·
3311 3816 3475 3884 cujus

1885 3923 1964 3979 rei
2013 3919 2356 3978 conﬁrmatio
2400 3923 2582 3972 vestra
2624 3927 2792 3968 causa
2827 3919 2882 3966 et
2901 3906 3201 3965 similitudo
3237 3904 3360 3959 fuit.
3393 3901 3478 3956 Ita

1886 4013 2076 4084 utique
2105 4009 2476 4066 testimonium
2522 4004 2728 4060 Christi
2775 4001 3158 4057 conﬁrmatum
3195 3997 3248 4051 in
3293 3995 3472 4056 vobis,

1887 4115 1945 4160 ut
1971 4103 2104 4158 nihil
2132 4101 2268 4156 desit
2308 4099 2453 4154 vobis
2482 4098 2540 4152 in
2580 4095 2696 4150 ulla
2737 4094 2935 4166 gratia,
2978 4091 3032 4146 id
3057 4099 3140 4144 est
3174 4097 3235 4143 ut
3255 4101 3475 4142 omnem

1887 4197 2117 4268 gratiam
2140 4203 2251 4248 tam
2277 4191 2504 4246 ﬁrmiter
2525 4188 2777 4252 teneatis,
2803 4193 3007 4256 quanta
3043 4182 3298 4238 ﬁrmitate
3320 4178 3485 4233 vobis

1887 4287 2086 4342 tradita
2139 4294 2242 4340 est.
2275 4281 2447 4337 Vobis
2473 4281 2598 4334 dico
2644 4273 3070 4347 exspectantibus
3107 4269 3480 4326 revelationem

1890 4377 2105 4432 Domini
2131 4374 2300 4428 nostri
2333 4371 2464 4426 Iesu
2493 4368 2716 4432 Christi,
2760 4364 2812 4420 id
2842 4372 2926 4419 est
2953 4369 3172 4433 propter
3214 4356 3484 4414 securita-

1887 4475 1998 4523 tem
2045 4482 2209 4536 quam
2240 4481 2306 4520 ex
2340 4469 2662 4518 conservata
2702 4455 3092 4528 justiﬁeatione
3126 4452 3360 4515 habetis,
3394 4465 3482 4504 se-

195 4572 304 4627 sias
334 4571 602 4627 Ecclesiis
637 4571 950 4641 subiecerit,
980 4572 1048 4626 de
1092 4571 1340 4626 omnium
1384 4542 1566 4625 tamen
1601 4581 1790 4624 errore
1815 4589 1869 4650 ι)
1894 4574 2024 4615 cure
2048 4554 2436 4628 praestolamini
2475 4552 2619 4607 diem
2643 4557 2842 4605 vestrae
2868 4543 3246 4643 dissolutionis
3279 4542 3334 4594 in
3369 4551 3480 4608 qna

195 4665 442 4731 discutit,
495 4663 592 4719 sed
638 4679 704 4718 ex
753 4664 878 4734 jure
910 4663 1281 4718 mediantibus
1324 4660 1782 4731 metropolitanis.

197 4753 402 4811 Paulus
432 4765 488 4810 et
511 4753 816 4809 Sosthenes-
832 4754 1079 4810 scribunt
1097 4753 1204 4807 hoc
1222 4751 1524 4806 Corinthiis
1549 4767 1562 4802 :
1598 4749 1788 4805 Gratia

197 4845 268 4900 sit
293 4844 441 4899 vobis
470 4852 520 4897 et
546 4860 672 4914 pax.
712 4842 849 4898 Cum
891 4843 1032 4898 inter
1077 4840 1397 4897 Corinthios
1433 4840 1656 4910 quidam
1699 4855 1790 4895 es-

198 4945 342 5003 sent,
369 4934 468 5006 qui
497 4933 728 5006 gratiam
771 4934 883 4990 sibi
917 4933 1102 4988 datam
1127 4931 1183 4986 in
1216 4931 1488 5002 baptismo
1516 4929 1790 4986 custodis-

197 5038 318 5082 sent
351 5028 643 5098 integram,
671 5026 812 5081 bene
850 5023 1060 5096 agendo
1088 5043 1100 5077 :
1134 5024 1350 5095 quibus,
1378 5022 1567 5092 utique
1595 5021 1790 5076 remis-

200 5119 282 5172 sio
321 5135 432 5172 non
457 5126 573 5172 erat
602 5117 860 5187 optanda,
889 5132 1054 5186 quam
1081 5115 1194 5186 jam
1232 5123 1573 5186 acceperant,
1602 5122 1657 5169 et
1690 5125 1787 5169 a'c-

199 5219 416 5279 eeptam
443 5209 600 5264 ﬁrme
627 5218 934 5264 tenuerant.
973 5208 1112 5263 Cum
1135 5224 1265 5264 vero
1294 5209 1435 5263 inter
1456 5208 1674 5263 eosdem
1699 5207 1793 5262 alii

199 5313 410 5369 essent,
459 5302 553 5372 qui
589 5301 820 5373 gratiam
850 5310 1128 5371 acceptam
1175 5301 1411 5356 errando
1453 5300 1792 5354 annihilave—

203 5402 350 5458 rant,
368 5401 422 5447 et
436 5393 522 5448 his
544 5393 736 5448 iterata
762 5392 1016 5448 remissio
1040 5401 1187 5447 esset
1214 5406 1542 5457 necessaria,
1568 5405 1668 5460 pro
1686 5390 1792 5444 hac

202 5484 522 5539 diversitate
551 5484 917 5555 perfectorum
965 5493 1020 5539 et
1064 5483 1530 5554 imperfectorum,
1571 5482 1788 5536 diverso

205 5577 376 5632 modo
409 5580 644 5648 optanda
679 5587 764 5634 est
816 5579 933 5634 haec
981 5579 1174 5649 gratia,
1218 5587 1277 5632 ut
1312 5577 1561 5633 dicamus
1607 5576 1786 5643 vehis,

205 5669 300 5738 qni
331 5671 526 5723 iterum
557 5670 815 5739 peccatis,
833 5669 906 5724 sit
933 5669 1170 5724 secunda
1197 5668 1392 5739 gratia,
1417 5667 1471 5720 id
1489 5675 1574 5722 est
1596 5666 1790 5722 iterato

207 5758 559 5813 remittantur
581 5768 835 5830 peccata;
867 5759 1023 5813 vobis
1051 5766 1233 5817 autem
1265 5757 1359 5827 qui
1388 5765 1668 5826 acceptam
1699 5755 1790 5825 ju—

210 5851 590 5910 stiﬁcationem
622 5867 732 5906 non
760 5851 973 5912 irritam
998 5849 1203 5907 fecistis
1235 5849 1530 5922 peccando,
1566 5848 1635 5903 sit
1668 5863 1792 5918 gra-

1893 4646 2224 4705 revelahitur
2252 4643 2430 4699 vobis.
2459 4640 2599 4694 Dum
2620 4639 2768 4694 enim
2795 4636 3052 4700 vivimus,
3084 4632 3272 4686 anima
3291 4637 3492 4684 nostra.

1889 4743 2256 4809 circumsepta
2296 4750 2462 4792 carne
2503 4731 2692 4802 nequit
2739 4728 2940 4784 intueri
2988 4725 3230 4781 divinam
3285 4733 3478 4774 essen-

1889 4835 2046 4900 tiam,
2085 4807 2253 4902 quam
2274 4827 2489 4900 plenius
2518 4822 2842 4886 intuebitur,
2879 4819 3013 4873 dum
3057 4831 3088 4869 a
3118 4812 3264 4867 mole
3297 4807 3497 4864 carnis-

1891 4924 2230 4981 liberabitur.
2256 4919 2432 4987 Quam
2455 4913 2840 4971 revelationem
2859 4909 2953 4980 qui
2976 4908 3114 4962 bene
3135 4904 3266 4974 agit,
3289 4913 3494 4958 secure

1892 5022 2203 5087 ex5pectat;
2233 5012 2332 5082 qui
2375 5022 2508 5063 vero
2539 5003 2703 5071 male,
2735 5002 2917 5072 potius
2953 4998 3139 5069 fugere
3168 4996 3310 5050 hanc
3333 4991 3498 5050 vide—

1891 5116 1984 5163 tur
2003 5120 2169 5177 quam
2199 5107 2536 5171 exspectare.
2551 5095 2662 5150 Vos
2683 5093 2872 5164 utique
2895 5090 3177 5146 Christum
3203 5091 3496 5154 exspecta-

1895 5199 1987 5265 tis,
2017 5175 2106 5268 qui
2130 5190 2592 5265 quemadmodum
2623 5204 2710 5242 vos
2733 5182 3078 5242 conﬁrmavit
3100 5181 3153 5234 in
3174 5175 3495 5250 prseterito,

1895 5290 1979 5345 sic
1999 5266 2164 5344 etiam
2192 5280 2529 5353 conﬁrmabit
2551 5279 2810 5335 continue
2838 5290 3004 5346 usque
3031 5274 3088 5326 in
3115 5271 3294 5340 ﬁnem,
3326 5266 3377 5320 id
3400 5273 3500 5320 est

1893 5395 2071 5450 usque
2101 5378 2159 5432 in
2184 5375 2328 5430 diem
2358 5369 2736 5430 dissolutionis
2749 5376 2965 5424 vestrae.
2984 5363 3092 5418 Nec
3114 5363 3189 5416 ita
3220 5361 3343 5415 dico
3359 5373 3496 5410 con»

1892 5447 2150 5543 ﬁrmabit,
2175 5477 2292 5523 uta
2315 5464 2624 5520 venialibus
2665 5477 2766 5516 vos
2810 5458 3067 5515 cohibere
3109 5451 3352 5524 possitis,
3387 5447 3494 5503 seu“;

1893 5542 2242 5621 conﬁrmabit
2281 5558 2393 5614 sine
2442 5557 2684 5621 crimine,
2716 5553 2770 5608 id
2815 5561 2900 5607 est
2943 5550 3217 5605 immunes
3256 5542 3429 5596 factos
3452 5555 3496 5593 ar

1893 5654 2236 5728 capitalibus.
2272 5652 2339 5707 In
2377 5651 2535 5720 ﬁnem
2571 5647 2714 5710 dico,
2747 5644 2956 5701 scilicet
2983 5655 3145 5711 usque
3179 5639 3237 5692 in
3267 5633 3497 5728 dieiud-

1893 5727 2074 5804 ventus
2123 5747 2339 5802 Domini
2389 5741 2560 5798 nostri
2602 5739 2734 5794 Iesu
2780 5735 3004 5800 Christi,
3053 5732 3149 5806 qui
3186 5727 3491 5798 unicuique

1895 5843 2046 5912 justo
2092 5839 2326 5905 advenit,
2367 5837 2420 5891 in
2474 5831 2858 5893 dissolutione"
2887 5825 3195 5899 suscipiens
3244 5821 3485 5881 animam
