4018 6288
543 338 647 395 127

1075 339 1134 397 S.
1175 340 1527 402 BRUNONIS
1563 343 2211 404 CARTllUSlANORU.“
2250 349 2746 417 lNSTlTUTORlS
2780 359 2933 421 OPP.
2975 360 3158 420 PARS
3197 363 3263 418 ll.

3700 365 3801 423 {28

535 453 661 522 ejus
690 452 1142 511 transferendam.
1177 455 1304 517 Ideo
1334 460 1416 515 sic
1442 460 1824 516 determinavit
1862 463 1978 517 sine
2011 463 2123 517 cri-
2152 465 2199 523 Α
2224 469 2394 525 nollet
2418 485 2514 528 eos
2540 474 2784 545 gloriari.
2829 476 2987 544 Quod
3023 478 3072 534 si
3118 494 3231 536 non
3271 477 3340 536 de
3383 480 3607 538 nomine
3630 480 3807 555 Pauli,

539 544 704 610 mine,
732 559 800 600 ne
831 545 877 601 si
916 544 1056 602 forte
1083 547 1330 606 viderent
1357 566 1454 608 eos
1483 552 1540 607 in
1568 553 1880 611 venialibus
1908 557 2124 625 cadere,

536 633 870 691 insultarent
915 645 971 693 et
1002 638 1247 696 dicerent
1273 660 1286 696 :
1311 640 1450 697 Ecce
1479 658 1624 700 nunc
1666 655 1889 716 apparet
1912 646 2127 718 justitia

538 740 735 781 eorum
774 742 913 797 quos
965 727 1169 787 Paulus
1201 732 1336 787 tanti
1377 730 1627 787 faciebat.
1663 731 1802 790 Vere
1824 737 1891 792 de
1928 745 2127 793 caztero

540 817 1065 888 conﬁrmabit;nam
1095 822 1202 878 hoc
1228 822 1502 892 promisit,
1539 823 1728 882 dicens
1755 845 1768 882 :
1804 847 1823 879 α
1852 826 1994 885 Ecce
2024 845 2126 903 ego

540 908 827 965 vobiscum
851 927 974 968 sum
1001 913 1256 969 omnibus
1275 913 1468 972 diebus
1490 932 1666 989 usque
1686 919 1755 974 ad
1775 935 2126 978 consumma-

538 997 744 1056 tionem
767 1005 951 1058 sseculi
973 1003 1190 1076 (Matth.
1222 1020 1415 1075 xxvm,
1438 1006 1550 1078 20).
1573 1027 1592 1061 ι
1624 1008 1765 1065 Deus
1796 1012 2002 1087 utique,
2029 1015 2125 1085 qui

537 1093 814 1162 promisit,
836 1095 1012 1166 ﬁdelis
1034 1103 1119 1151 est
1138 1103 1193 1151 et
1212 1098 1433 1154 mentiri
1457 1116 1566 1156 non
1593 1111 1804 1172 potest:
1826 1107 1970 1161 unde
1993 1108 2137 1162 con;

533 1181 669 1249 (ldo,
696 1183 825 1255 quia
864 1185 1241 1255 conﬁrmabit;
1270 1190 1486 1246 cenﬁdo
1512 1193 1674 1248 etiam
1704 1195 1848 1263 ideo,
1879 1197 2006 1267 quia
2033 1205 2136 1269 per

532 1289 694 1342 quem
725 1276 891 1331 Deum
917 1280 1089 1333 vocati
1117 1283 1267 1336 estis.
1306 1281 1411 1350 Qui
1441 1285 1489 1341 si
1534 1301 1633 1342 vos
1655 1286 1786 1343 dum
1818 1290 1872 1343 in
1898 1299 2124 1360 peccato

529 1366 753 1432 essetis,
784 1382 880 1436 per
928 1370 1365 1429 misericordiam
1393 1378 1624 1446 vocavit,
1672 1382 2000 1438 credendum
2040 1392 2125 1440 est

537 1454 728 1526 utique
748 1459 1016 1532 quodjam
1033 1463 1366 1533 justiﬁcatos
1389 1477 1443 1524 et
1460 1470 1574 1540 jam
1595 1482 1969 1542 promerentes
1986 1491 2122 1531 con-

535 1546 718 1617 ﬁrmet
762 1550 829 1606 de
866 1561 1086 1610 caetero.
1130 1555 1235 1613 Per
1275 1575 1438 1629 quem
1474 1562 1661 1632 utique
1687 1564 1864 1619 vocati
1898 1566 2031 1623 estis
2066 1567 2122 1621 in

454 1692 456 1695 .
537 1637 842 1698 habendam
874 1646 1189 1703 societatem
1215 1649 1353 1705 Filii
1386 1653 1522 1721 ejus,
1548 1653 1601 1708 id
1624 1663 1708 1709 est
1738 1665 1797 1710 ut
1817 1672 1918 1727 pro
1959 1659 2123 1715 modo

535 1739 721 1787 vestro
760 1733 818 1788 in
857 1735 1070 1805 justitia
1099 1754 1224 1795 cum
1250 1740 1387 1798 Filio
1416 1743 1535 1813 ejus
1576 1749 1961 1816 permaneatis.
2011 1746 2123 1806 Nec

539 1820 776 1891 adoptivi
801 1825 898 1881 ﬁlii
926 1829 1069 1898 dico,
1100 1832 1195 1887 sed
1219 1831 1350 1889 Jesu
1385 1824 1586 1892 Christi
1628 1840 1801 1895 nostri
1833 1842 2039 1912 proprii
2067 1851 2123 1899 et

536 1915 1039 1974 consubstantialis.
1472 1996 1477 2001 ι

604 2002 902 2076 Postquam
956 2010 1228 2080 perfectos
1276 2014 1332 2069 in
1372 2016 1519 2072 bono
1574 2034 1677 2075 suo
1723 2024 2120 2095 corroboravit,

527 2097 802 2153 convertit
830 2115 1138 2158 sermonem
1171 2105 1238 2160 ad
1268 2121 1365 2162 eos
1388 2109 1482 2179 qui
1511 2122 1872 2180 peccaverant
1894 2114 1950 2169 in
1982 2132 2122 2187 pra:-

527 2184 713 2253 dictis,
741 2188 928 2246 dicens
954 2210 967 2246 :
1003 2191 1104 2248 Vos
1132 2195 1403 2265 perfectos
1427 2198 1495 2253 de
1516 2202 1932 2259 confirmatione
1954 2184 2121 2262 vestri

526 2277 726 2346 laudo;
752 2280 846 2336 sed
868 2297 966 2339 vos
988 2285 1082 2354 qui
1102 2288 1298 2343 erratis
1318 2289 1551 2357 obsecro,
1577 2291 1629 2347 id
1651 2302 1736 2350 est
1759 2296 1908 2350 omni
1938 2297 2124 2353 distri-

523 2369 717 2426 ctione
743 2372 973 2443 conjuro
1003 2392 1097 2446 per
1129 2394 1317 2437 nomen
1344 2380 1560 2436 Domini
1599 2386 1768 2439 nostri
1798 2385 1929 2441 Iesu
1958 2387 2121 2443 Chri-

533 2461 640 2526 sti,
681 2477 821 2533 quos
861 2474 1043 2522 tamen
1091 2467 1284 2538 fratres
1333 2474 1568 2545 appello,
1614 2475 1741 2532 licet
1783 2481 2117 2537 erraveritis.

533 2550 661 2608 Ideo
676 2553 873 2612 fratres
898 2573 994 2614 eos
1022 2569 1199 2630 vocat,
1230 2578 1300 2619 ne
1336 2564 1403 2631 si,
1436 2581 1545 2622 non
1576 2566 1774 2625 fratres
1799 2585 1896 2627 eos
1929 2573 2118 2643 appel-

531 2644 689 2735 laret,
740 2663 853 2719 prae
886 2650 1169 2711 nimietate
1210 2657 1416 2726 peccati
1452 2658 1823 2731 desperarent.
1855 2661 2116 2735 Obsecro,

530 2734 777 2808 inquam,
798 2756 897 2797 vos
919 2751 977 2797 ut
992 2758 1168 2799 omnes
1190 2746 1384 2802 dicatis
1400 2749 1651 2820 idipsum,
1673 2752 1724 2808 id
1750 2762 1835 2810 est
1854 2734 2118 2814 utomnes

524 2828 904 2887 conﬁteamini
942 2834 1120 2890 solum
1156 2835 1327 2893 Deum
1369 2855 1532 2910 posse
1558 2852 1780 2913 peccata
1808 2845 2112 2918 dimittere;

527 2926 585 2975 et
627 2921 733 2976 hoc
770 2921 1004 2980 dicendo
1046 2943 1148 2981 non
1189 2929 1298 2999 sint
1330 2932 1388 2985 in
1418 2933 1560 2987 vobis
1603 2934 1914 3005 schismata,
1944 2939 1997 2993 id
2031 2948 2118 2998 est

522 3011 727 3083 aliquas
766 3015 1026 3073 scissum
1069 3018 1423 3079 inﬁdelitatis.
1457 3021 1765 3082 Schismata
1810 3044 1921 3084 non
1966 3030 2110 3100 sint;

2227 559 2401 615 multo
2442 561 2626 619 minus
2650 565 2996 636 gloriandum
3046 575 3133 624 est
3158 566 3227 624 de
3253 568 3807 640 pseudodoctoribus.

2227 650 2476 711 [nﬁdeles
2523 656 2629 713 hoc
2667 658 2899 715 dicunt:
2931 659 3046 733 Ego
3074 659 3254 730 Pauli,
3301 678 3404 734 ego
3452 662 3671 735 Cepbaz.
3704 664 3810 723 Sed

2226 746 2401 803 ﬁdelis
2422 748 2589 806 dicit:
2616 750 2729 823 Ego
2750 770 2868 808 sum
2891 752 3095 811 Christi
3117 755 3278 826 cujus
3303 756 3477 828 gratia
3504 757 3622 813 sola
3642 757 3809 829 justi-

2226 837 2371 896 ﬁcat.
2416 839 2484 896 Et
2513 842 2641 914 quia
2686 845 2776 901 hic
2815 846 2948 903 dicit
2989 862 3049 904 se
3073 863 3197 905 esse
3229 847 3406 917 Pauli,
3441 850 3532 906 hic
3560 851 3808 919 alterius,

2225 946 2347 1003 ergo
2377 931 2622 989 Christus
2648 935 2849 992 divisus
2868 946 2967 1006 est,
2996 947 3052 995 et
3073 939 3188 1010 iam
3216 955 3326 996 non
3353 956 3499 997 unus
3523 941 3619 997 sed
3653 941 3811 998 multi

2222 1022 2433 1081 Christi
2455 1035 2603 1083 sunt.
2628 1026 2873 1101 Quisque
2900 1031 3049 1087 enim
3077 1032 3472 1102 baptizatorem
3496 1049 3661 1089 suum
3683 1031 3814 1090 facit

2224 1114 2527 1187 Christum,
2558 1120 2688 1176 dum
2718 1121 2994 1180 dimittere
3023 1132 3265 1194 peccata,
3304 1124 3453 1195 quod
3482 1123 3688 1180 Christi
3721 1139 3811 1180 so-

2223 1206 2338 1264 lum
2366 1219 2469 1277 est,
2493 1210 2742 1268 attribuit
2774 1214 2873 1269 illi.
2904 1213 2997 1270 Vel
3022 1216 3098 1272 ita
3127 1234 3140 1271 :
3171 1214 3426 1272 Christus
3449 1216 3661 1273 divisus
3707 1225 3809 1284 est,

2224 1301 2355 1371 quia
2401 1302 2620 1359 divisim
2662 1305 2757 1360 dat
2787 1322 3016 1364 munera
3066 1308 3256 1379 gratiae
3289 1323 3423 1376 suae,
3453 1309 3585 1364 dum
3627 1308 3813 1367 minus

2223 1409 2319 1465 per
2352 1394 2539 1464 istum,
2585 1400 2762 1471 magis
2791 1415 2887 1470 per
2917 1400 3070 1456 illum
3093 1401 3379 1473 jnstiﬁcat.
3415 1399 3514 1456 Vel
3554 1401 3686 1472 quia
3733 1401 3815 1458 sic

2224 1487 2367 1543 male
2415 1476 2648 1547 dicendo
2695 1492 2914 1559 erratis,
2956 1501 3240 1563 propterea
3296 1491 3549 1549 Christus
3601 1492 3812 1549 divisus

2223 1589 2507 1650 separatus
2532 1591 2619 1639 est
2653 1599 2686 1638 a
2715 1584 2892 1639 vobis.
2934 1582 3048 1639 Vos
3093 1583 3378 1645 Christum
3413 1585 3682 1651 diriditis,
3726 1584 3811 1641 fa-

2223 1670 2415 1726 ciendo
2438 1673 2674 1745 quisque
2717 1691 2881 1731 suum
2924 1674 3230 1732 Christum.
3267 1674 3365 1731 Vel
3392 1676 3617 1732 creditis
3647 1675 3811 1731 Chri-

2224 1769 2368 1817 stum
2414 1763 2633 1818 divisim
2671 1764 2803 1820 dare
2846 1765 3102 1833 gratiam,
3155 1766 3250 1821 sed
3290 1765 3535 1835 nunquid
3582 1766 3812 1834 Paulus,

2224 1866 2386 1922 quem
2433 1853 2603 1922 aliqui
2646 1854 2699 1909 in
2724 1854 2884 1910 vobis
2921 1853 3202 1909 Christum
3247 1870 3411 1910 suum
3457 1854 3689 1921 faciunt,
3732 1856 3814 1911 vel

2222 1952 2445 2012 propter
2492 1943 2650 2013 cujus
2698 1945 2955 2000 meritum
3012 1944 3236 2001 creditis
3280 1944 3561 2000 Christum
3613 1946 3814 2001 melius

2221 2030 2352 2086 dare
2378 2032 2473 2087 uni
2497 2048 2660 2102 quam
2707 2033 2836 2087 alii?
2876 2032 2982 2089 Sed
3023 2034 3260 2106 nunquid
3286 2032 3493 2088 Paulus
3522 2034 3813 2103 cruciﬁxus

2219 2128 2297 2172 est
2325 2135 2420 2190 pro
2449 2121 2628 2175 vobis?
2652 2120 2765 2176 Hoc
2813 2123 3002 2193 utique
3025 2138 3225 2195 negare
3251 2137 3358 2177 non
3390 2125 3641 2193 potestis,
3670 2138 3813 2192 quo-

2221 2210 2367 2264 niam
2419 2225 2514 2280 per
2557 2211 2837 2267 Christum
2884 2212 3148 2284 redempti
3196 2213 3338 2280 sitis,
3385 2230 3551 2284 quem
3602 2212 3812 2268 Paulus

2221 2315 2331 2355 non
2376 2301 2571 2373 attigit.
2600 2302 2708 2356 Aut
2739 2303 2976 2375 nunquid
3017 2304 3074 2359 in
3094 2305 3304 2359 nomine
3349 2304 3515 2359 Pauli
3547 2305 3813 2377 baptizati

2218 2393 2344 2446 estis
2357 2394 2383 2446 1’
3308 2408 3312 2411 ’

2294 2480 2353 2536 Si
2374 2482 2562 2552 utique
2583 2483 2749 2539 verba
2768 2483 3025 2554 baptismi
3047 2484 3278 2540 solerter
3298 2483 3664 2552 attenderitis,
3693 2485 3813 2556 qui-

2216 2572 2325 2629 bus
2347 2572 2459 2629 Deo
2487 2575 2589 2630 soli
2610 2574 2981 2644 conﬁtemini,
3006 2575 3381 2648 intelligeretis
3403 2593 3623 2632 omnem
3647 2577 3814 2647 justi-

2218 2663 2530 2722 ﬁcationem
2579 2682 2703 2722 esse
2748 2683 2815 2722 ex
2845 2665 2987 2735 Deo;
3018 2676 3074 2723 et
3098 2668 3543 2739 quandoquidem
3567 2668 3678 2724 hoc
3706 2668 3810 2723 hoc

2218 2772 2352 2813 num
2378 2758 2637 2828 baptismi
2664 2759 2823 2815 vobis
2870 2760 3183 2815 errantibus
3220 2760 3281 2814 ﬁt
3317 2760 3374 2815 in
3408 2760 3617 2815 malum
3644 2803 3660 2828 ,
3688 2761 3812 2815 ideo

2219 2850 2349 2920 quia
2378 2851 2485 2906 hoc
2512 2851 2717 2908 bonum
2748 2867 2857 2908 non
2879 2851 3005 2919 feci,
3029 2852 3234 2924 gratias
3261 2868 3361 2925 ago
3390 2853 3495 2907 Deo
3529 2870 3643 2908 meo
3668 2854 3808 2925 quod

2216 2941 2475 2994 neminem
2499 2950 2728 2995 vestrum
2761 2940 3026 3011 baptizavi
3052 2941 3155 2995 nisi
3181 2940 3457 2996 Christum
3488 2951 3537 2997 et
3567 2941 3809 3008 Caium;

2216 3040 2505 3104 propterea
2534 3034 2663 3088 nolo
2697 3033 2913 3104 aliquos
2947 3034 3276 3105 baptizasse,
3318 3051 3388 3092 ne
3420 3036 3568 3092 dicat
3604 3038 3811 3107 aliquis

527 3104 620 3158 sed
647 3107 766 3161 sitis
799 3109 1019 3179 perfecti
1066 3113 1122 3166 in
1165 3114 1347 3168 eodem
1398 3129 1574 3184 sensu,
1611 3118 1665 3173 id
1691 3128 1776 3175 est
1818 3120 1875 3175 in
1919 3123 2111 3179 eadem
2138 3151 2183 3211 ε
2216 3125 2364 3195 quod
2392 3124 2447 3179 in
2475 3124 2698 3180 nomine
2725 3141 2847 3181 meo
2890 3104 3148 3198 baptizati
3173 3128 3329 3183 estis.
3368 3127 3508 3184 Cum
3531 3104 3735 3198 Crispo
3757 3138 3813 3184 et

520 3197 825 3268 voluntate,
854 3211 905 3256 et
939 3204 995 3257 in
1019 3204 1204 3259 eadem
1236 3207 1479 3277 scientia,
1520 3217 1583 3264 ut
1597 3209 1745 3267 idem
1770 3221 1825 3268 et
1854 3214 2033 3272 velitis
2059 3226 2115 3272 et
2143 3197 2183 3211 ν
2214 3215 2350 3272 Gaio
2378 3216 2650 3287 baptizavi
2696 3227 2747 3272 et
2773 3197 3006 3285 domum,
3030 3218 3083 3273 id
3108 3228 3195 3275 est
3215 3219 3479 3275 familiam
3495 3197 3805 3290 Stephants.

520 3289 717 3347 sciatis
745 3311 758 3347 :
783 3302 912 3349 sunt
947 3296 1093 3351 enim
1120 3297 1213 3368 qui
1246 3297 1386 3355 idem
1411 3302 1620 3370 volunt,
1638 3319 1739 3360 nec
1763 3314 1944 3362 tamen
1967 3307 2111 3364 idem

527 3379 728 3435 sciunt.
787 3381 926 3439 Sunt
953 3385 1044 3440 alii
1085 3402 1321 3457 quorum
1359 3390 1575 3448 diversa
1619 3403 1704 3450 est
1748 3396 2021 3466 voluntas,
2056 3408 2114 3455 et

522 3478 711 3528 tamen
742 3484 826 3531 est
852 3476 1043 3532 eadem
1073 3477 1321 3535 scientia.
1354 3479 1645 3553 Propterea
1685 3486 1766 3542 sic
1816 3502 1916 3544 vos
1947 3490 2111 3546 obse-

522 3578 645 3631 cro,
676 3567 805 3638 quia
831 3569 1191 3639 signiﬁcatum
1218 3583 1299 3629 est
1341 3575 1472 3630 mihi
1509 3592 1607 3647 per
1633 3577 1845 3636 litteras
1873 3580 1938 3635 de
1967 3582 2111 3638 vobis

530 3653 724 3722 fratres
755 3658 884 3725 mei,
908 3662 1056 3731 quod
1088 3678 1186 3733 per
1212 3679 1332 3719 eam
1358 3667 1616 3736 praedicta
1645 3670 1858 3741 repetit.
1890 3670 2111 3745 Signiﬁ-

520 3758 711 3806 catum
735 3760 822 3808 est
846 3753 1034 3824 utique
1072 3756 1137 3809 ab
1167 3756 1251 3811 his
1279 3759 1370 3830 qui
1398 3770 1520 3815 sunt
1549 3759 1721 3830 Cloes,
1760 3765 1910 3835 quia,
1943 3765 1996 3821 id
2026 3776 2112 3823 est

518 3840 674 3909 quod
712 3845 1066 3900 contentiones
1107 3856 1230 3901 sunt
1264 3850 1404 3903 inter
1443 3866 1553 3917 vos,
1590 3851 1645 3907 id
1683 3863 1767 3911 est
1791 3856 1937 3925 quod
1967 3857 2111 3913 alter

494 3931 819 3989 .contendat
867 3933 921 3987 in
968 3936 1221 3991 alterum.
1254 3936 1416 3995 Cloes
1441 3956 1642 4007 nomen
1669 3952 1754 4000 est
1794 3945 1901 4002 loci
1929 3946 1985 4002 in
2014 3963 2108 4003 ar-

524 4018 933 4091 ehiepiscopatu
985 4022 1425 4095 Corinthiorum,
1475 4031 1619 4086 unde
1665 4032 1782 4089 haec
1829 4037 2108 4093 contentio

524 4110 781 4167 mandata
819 4111 1009 4170 fuerat
1034 4115 1139 4187 ipsi
1173 4133 1269 4188 per
1315 4117 1661 4179 Sosthenem.
1705 4123 1863 4190 Quod
1905 4142 2107 4184 nomen

513 4197 615 4255 fhic
638 4200 771 4255 ideo
803 4203 977 4273 ponit,
1009 4220 1078 4259 ne
1100 4220 1344 4262 errorem
1378 4225 1541 4264 suum
1571 4211 1920 4270 dissimulare
1940 4216 2107 4273 velint

506 4288 814 4347 kCorinthii.
847 4292 1091 4353 Scientes
1119 4299 1267 4367 quod
1290 4297 1493 4356 Paulus
1521 4302 1590 4357 ab
1612 4303 1818 4360 eisdem
1846 4306 1940 4376 qui
1964 4306 2106 4364 inter

509 4402 618 4442 «eos
640 4398 1053 4456 conversantur,
1086 4391 1191 4447 hoc
1236 4394 1538 4464 agnoverit.
1584 4395 1696 4454 Nec
1738 4399 1915 4454 solum
1955 4400 2105 4471 quod

2212 3298 2290 3362 De
2310 3307 2397 3363 his
2420 3309 2711 3377 recordor;
2732 3310 2826 3364 sed
2850 3311 3023 3364 nescio
3046 3311 3091 3366 si
3105 3309 3244 3367 forte
3264 3310 3495 3382 aliquem
3521 3312 3697 3365 alium
3719 3311 3814 3366 ba-

2211 3401 2543 3470 ptisaverim.
2580 3398 2707 3456 ideo
2729 3409 2842 3457 tam
2863 3416 3068 3472 paucos
3093 3402 3387 3473 baptizavi,
3408 3404 3535 3473 quia
3559 3402 3811 3458 Christus

2212 3506 2316 3543 non
2339 3491 2489 3544 misit
2522 3507 2602 3545 me
2628 3490 2921 3561 baptizare.
2949 3490 3008 3546 In
3032 3492 3138 3548 hoc
3160 3493 3390 3547 multum
3417 3493 3676 3548 humiliat
3705 3494 3812 3548 mi-

2214 3580 2502 3635 nisterium
2524 3580 2861 3651 baptizandi,
2894 3582 2987 3636 ubi
3016 3581 3150 3638 dicit
3185 3598 3244 3638 se
3274 3599 3383 3638 non
3420 3599 3543 3638 esse
3565 3584 3808 3639 missum

2212 3670 2280 3725 ad
2310 3670 2433 3738 hoc,
2463 3671 2609 3741 quod
2631 3671 2797 3725 etiam
2822 3669 3003 3728 facere
3030 3682 3262 3743 possunt
3277 3674 3506 3744 quilibet
3527 3674 3808 3741 inﬁdeles,

2211 3761 2257 3816 si
2285 3762 2585 3817 necessitas
2608 3763 2936 3832 poposcerit.
2964 3762 3029 3819 In
3061 3779 3174 3834 quo
3206 3773 3387 3820 tamen
3417 3763 3697 3820 Corinthii
3724 3767 3808 3821 vi-

2210 3851 2399 3909 cissim
2443 3868 2502 3908 se
2534 3851 2895 3923 praeferebant
2943 3854 3081 3909 alter
3105 3855 3280 3910 alteri.
3312 3854 3453 3911 Dicit
3488 3856 3578 3911 hic
3614 3873 3811 3913 sacra-

2210 3951 2454 4000 mentum
2490 3943 2745 4000 Ecclesiae
2775 3945 2896 4001 ideo
2920 3953 3165 4016 tempore
3200 3946 3548 4002 necessitatis
3570 3963 3812 4003 conces-

2209 4050 2333 4091 sum
2375 4050 2519 4103 esse,
2561 4036 2727 4091 etiam
2773 4035 3009 4103 inﬁdeli;
3041 4036 3172 4107 quia
3206 4045 3291 4092 est
3341 4038 3499 4101 illud,
3533 4038 3658 4095 sine
3695 4055 3812 4110 quo

2209 4144 2371 4185 nemo
2398 4137 2577 4199 potest
2608 4129 2828 4185 salvari.
2872 4127 2979 4185 Sed
3003 4130 3112 4185 alia
3150 4139 3497 4199 sacramenta
3525 4133 3812 4202 promissa

2207 4229 2337 4276 sunt
2357 4218 2480 4276 ideo
2505 4220 2639 4278 solis
2660 4220 2946 4287 ministris,
2964 4221 3093 4291 quia
3124 4222 3170 4276 si
3198 4221 3267 4276 ad
3298 4222 3528 4277 salutem
3551 4224 3809 4293 prosint,

2205 4328 2316 4368 non
2353 4322 2481 4367 sunt
2521 4322 2701 4368 tamen
2746 4328 2811 4368 ea
2843 4312 2963 4368 sine
2992 4312 3194 4383 quibus
3224 4312 3392 4368 homo
3431 4323 3675 4383 nequeat
3705 4315 3815 4370 sal-

2207 4403 2351 4471 vari;
2386 4403 2515 4473 quia
2550 4403 2666 4459 sola
2702 4404 2837 4460 ﬁdes
2864 4403 3213 4474 baptismatis
3238 4404 3308 4476 (si
3343 4405 3550 4476 integre
3579 4415 3813 4461 servata

506 4480 635 4553 88
654 4483 998 4538 contendatis
1035 4482 1185 4553 novi,
1221 4486 1315 4541 sed
1354 4486 1517 4542 etiam
1565 4490 1731 4545 verba
1772 4490 1947 4562 ipsius
1971 4510 2104 4550 con—
2135 4486 2181 4542 D
2206 4492 2297 4563 sit)
2337 4495 2403 4550 ad
2426 4495 2657 4550 salutem
2688 4494 2904 4551 sullicit.
2931 4494 3032 4551 Hic
3062 4495 3129 4551 de
3158 4496 3431 4566 baptismo
3456 4495 3621 4552 ﬁnem
3646 4495 3808 4564 facit,

512 4573 803 4629 mntionis.
843 4572 960 4629 Hoc
1000 4583 1177 4629 autem
1213 4576 1354 4642 dico,
1405 4578 1544 4649 quod
1577 4581 1714 4636 dicit
1751 4600 2106 4658 unusquisque

506 4674 748 4720 vestrum
782 4664 1078 4736 praeferens
1107 4682 1167 4724 se
1192 4667 1259 4722 de
1287 4668 1621 4740 baptizatore
1647 4689 1748 4730 suo
1777 4675 1914 4729 alter
1938 4675 1997 4730 in
2023 4677 2106 4731 al-

510 4765 720 4813 uerum.
744 4756 861 4814 Hoc
887 4759 1077 4829 utique
1117 4759 1251 4816 dicit
1277 4779 1289 4814 :
1316 4759 1430 4833 Ego
1460 4764 1682 4833 quidem
1718 4767 1886 4839 longe
1913 4768 2108 4839 majori

501 4849 727 4918 justitia
749 4850 1023 4907 discretus
1050 4852 1120 4907 ab
1144 4852 1259 4917 illo,
1295 4854 1389 4924 qui
1423 4854 1738 4913 inferiorem
1767 4858 1978 4925 habuit,
2010 4859 2107 4915 ba-

506 4942 863 5012 ptizatorem.
913 4941 1028 5015 Ego
1078 4944 1289 5015 quidem
1343 4962 1461 5000 sum
1509 4946 1695 5004 Pauli.
1752 4947 1869 5019 Ego
1923 4958 2100 5005 autem

506 5032 732 5103 Apollo,
774 5034 869 5105 qui
912 5044 1033 5091 erat
1058 5036 1503 5108 archiepiscopus
1524 5037 1954 5096 Corinthiorum.
1986 5039 2100 5113 Ego

506 5139 637 5178 vero
664 5123 874 5196 Cephaz,
901 5125 953 5182 id
981 5135 1067 5182 est
1090 5124 1254 5183 Petri.
1278 5125 1399 5182 Non
1424 5128 1546 5184 ideo
1568 5130 1684 5186 haec
1705 5132 1927 5187 nomina
1948 5134 2103 5203 ponit

502 5217 665 5287 quod
685 5217 752 5273 de
771 5218 858 5274 bis
876 5219 1260 5290 gloriarentur,
1288 5235 1416 5275 (nim
1437 5235 1538 5277 nec
1556 5222 1777 5279 Petrum
1808 5224 2098 5294 vidissent;

503 5309 614 5367 sed
645 5309 787 5378 ideo,
820 5311 953 5382 quia
980 5311 1026 5369 si
1057 5312 1281 5369 nomina
1311 5311 1528 5366 illorum
1554 5315 1782 5383 pseudo,
1811 5316 1877 5371 de
1899 5316 2102 5387 quibus

506 5403 916 5473 gloriabantur,
938 5412 1246 5475 reponeret,
1263 5402 1508 5459 dicerent
1529 5404 1733 5463 Paulus
1749 5407 1877 5477 quia
1898 5408 2103 5464 invidet

506 5496 669 5563 τεθείς,
708 5498 876 5553 nollet
903 5512 1007 5553 nos
1043 5495 1271 5568 gloriari»
1294 5495 1363 5550 de
1388 5497 1707 5556 nominibus
1750 5516 1965 5569 eorum,
2005 5504 2101 5560 sed

509 5590 728 5645 bonum
781 5588 1076 5659 judicaret,
1116 5588 1164 5644 si
1196 5588 1264 5643 de
1303 5586 1527 5645 namine
1574 5608 1677 5648 suo
1719 5594 2104 5666 sociorumque

506 5678 905 5748 :gloriaremur.
957 5678 1039 5733 Ad
1090 5677 1198 5732 hoc
1232 5679 1622 5738 removendum
1670 5685 1854 5754 posuit
1895 5685 2101 5743 Paulus

508 5780 721 5823 nomen
770 5780 932 5823 suum
976 5775 1030 5821 et
1062 5763 1209 5825 Petri
1233 5763 1525 5826 ostendens
1561 5772 1708 5842 quod
1750 5790 1852 5832 suo
1880 5776 2103 5832 nomine

2204 4594 2260 4641 et
2292 4584 2359 4639 de
2399 4584 2784 4655 praedicatione
2815 4602 2914 4642 sua
2950 4601 3263 4642 sermonem
3296 4587 3506 4657 incipit,
3543 4586 3750 4645 dicens
3785 4607 3801 4642 :

2205 4676 2459 4733 Christus
2489 4691 2597 4731 non
2626 4677 2776 4733 misit
2807 4692 2893 4752 me
2937 4678 3236 4747 baptizare,
3286 4679 3377 4733 sed
3406 4679 3807 4749 evangelizare.

2206 4768 2508 4825 Pratdicare
2540 4769 2758 4839 quidem
2787 4769 2937 4825 misit
2961 4785 3069 4837 me,
3119 4787 3223 4823 non
3249 4770 3303 4823 in
3340 4771 3607 4841 sapientia
3632 4772 3809 4838 verbi,

2206 4861 2261 4917 id
2286 4871 2372 4918 est
2397 4877 2505 4917 non
2539 4860 2595 4916 in
2621 4862 2852 4917 verbosa
2880 4862 3148 4932 sapientia
3182 4860 3405 4929 mundi;l
3433 4870 3488 4916 et
3512 4862 3619 4916 hoc
3650 4863 3808 4930 ideo,

2201 4934 2260 5006 ut
2286 4968 2390 5005 non
2428 4961 2706 5007 evacuelur
2753 4968 2885 5006 crux
2913 4950 3134 5006 Christi.
3160 4950 3215 5007 Si
3249 4951 3395 5007 enim
3418 4953 3667 5035 rationes
3693 4954 3811 5009 hu-

2192 5059 2377 5099 manae
2408 5043 2687 5113 sapientia:
2730 5059 3010 5114 sequerer,
3058 5060 3183 5115 quae
3224 5046 3447 5116 penitus
3497 5046 3813 5103 destruunt

2202 5135 2565 5192 immortalem
2617 5136 2759 5191 mori
2804 5152 2986 5207 posse,
3023 5146 3302 5193 mortuum
3348 5139 3545 5194 iterum
3582 5139 3807 5209 vivere,

2196 5224 2311 5298 jam
2335 5228 2553 5298 penitus
2581 5227 3032 5298 comprobaretur
3063 5227 3344 5291 Christum
3395 5244 3504 5284 non
3535 5238 3813 5300 gustasse

2202 5326 2433 5374 mortem
2469 5319 2670 5385 crucis,
2707 5327 2761 5373 et
2803 5320 2884 5374 sic
2926 5319 3303 5374 destrueretur
3330 5320 3566 5391 pretium
3617 5321 3809 5378 totius

2197 5410 2389 5467 salutis
2420 5430 2433 5464 :
2465 5426 2634 5482 quare
2656 5426 2765 5465 non
2798 5411 2850 5464 in
2877 5411 3105 5466 verbosa
3134 5410 3402 5480 sapientia
3432 5411 3624 5465 mundi
3658 5413 3810 5468 mis-

2198 5518 2293 5558 sus
2327 5520 2471 5569 sum,
2520 5503 2819 5559 secundum
2867 5519 3007 5572 quas
3043 5502 3287 5559 rationes
3335 5502 3494 5558 facile
3528 5504 3809 5560 evacuari

2198 5602 2374 5666 potest
2420 5611 2555 5650 crux
2598 5592 2825 5648 Christi.
2865 5592 3003 5647 Vere
3054 5593 3098 5647 si
3152 5609 3412 5664 sequerer
3449 5593 3803 5661 sapientiam

2196 5685 2408 5750 mundi,
2440 5692 2799 5738 evacuaretur
2840 5699 2971 5737 crux
3017 5682 3241 5739 Christi.
3278 5682 3422 5737 Nam
3456 5682 3702 5750 verbum,
3746 5683 3808 5739 id

2196 5783 2279 5829 est
2315 5774 2627 5845 praedicatio
2657 5773 2828 5828 cruris
2863 5775 3219 5843 pereuntibus,
3249 5774 3300 5829 id
3333 5782 3417 5831 est
3443 5773 3806 5845 sapientibus
