3978 6388
181 343 275 400 {9.9

741 333 746 338 ’
803 340 1170 402 EXPOSITIO
1212 342 1275 398 IN
1317 343 1699 400 EPISTOLAS
1736 347 1965 405 PAULI.
2008 381 2074 390 -ς
2117 349 2182 405 l.\'
2224 349 2442 409 EPIST.
2489 353 2509 408 1
2544 353 2638 409 AD
2672 354 2828 413 (ΞΟΠ.

3336 369 3448 424 1⁷50

172 481 373 548 mundi,
398 480 490 550 qui
526 477 647 533 ideo
671 490 963 549 pereuntes
995 481 1280 548 dicuntur,
1310 482 1440 552 quia
1478 482 1744 553 sapientia
1775 473 1819 526 Α
1849 464 1944 532 il“:
1981 465 2126 534 tl“0d
2165 467 2404 533 mundus
2426 485 2532 524 "0"
2557 471 2811 541 εοϐηονίι
2841 469 3013 530 Deum
3042 490 3138 546 Per
3168 494 3438 538 5030153-

169 586 346 628 corum
388 569 496 624 cito
523 569 721 639 peribit
759 580 816 626 et
863 570 1198 628 destruetur.
1243 571 1339 627 Vel
1364 573 1493 643 quia
1523 583 1744 644 propter

168 662 297 716 hanc
321 660 638 731 sapientiam
667 661 926 730 peribunt
957 671 1014 718 et
1045 664 1474 720 damnabuntur.
1503 664 1743 721 Verbum

167 755 342 823 utique
370 753 550 807 crucis
579 753 920 822 sapientibus
947 755 1156 825 quidem
1190 755 1357 826 hujus
1388 757 1577 812 mundi
1600 757 1741 811 stul-

165 847 274 898 titia
295 854 404 908 est;
434 845 563 914 quia
590 844 832 899 humana
855 846 996 900 ratio
1020 847 1294 902 neminem
1321 848 1468 918 cogit
1491 857 1551 902 ut
1575 848 1740 903 Chri-

163 948 288 1004 stus,
325 936 420 1006 qui
457 936 784 992 immortalis
809 946 926 992 erat
963 938 1018 992 in
1053 948 1275 1006 natura,
1309 939 1449 994 mori
1480 942 1738 1009 potuerit,

162 1029 245 1097 qui
271 1035 522 1082 mortuus
548 1028 747 1083 iterum
777 1028 994 1083 vixerit.
1021 1028 1375 1102 Pereuntibus
1410 1031 1631 1100 quidem
1657 1040 1742 1086 est

162 1116 408 1182 stultitia;
444 1116 536 1169 sed
557 1116 639 1169 Itis
671 1117 763 1186 qui
789 1116 925 1170 salvi
953 1117 1112 1186 fiunt,
1145 1117 1198 1173 id
1225 1127 1330 1185 est,
1364 1117 1546 1186 nobis,
1586 1119 1678 1190 qui
1708 1136 1737 1174 a

159 1209 372 1263 verbosa
405 1207 676 1278 sapientia
718 1208 1082 1277 declinamus,
1108 1209 1267 1265 nobis
1291 1211 1479 1281 utique
1512 1212 1738 1267 verbum

157 1299 256 1371 89
275 1298 458 1354 crucis
473 1308 558 1354 est
580 1300 746 1353 virtus
763 1298 882 1356 Dei.
908 1299 1332 1358 Considerantes
1351 1302 1497 1357 enim
1516 1319 1612 1374 per
1626 1313 1742 1359 tan-

158 1403 255 1446 tam
279 1393 614 1446 debilitatem
646 1391 746 1463 (uti
778 1408 876 1463 per
896 1393 1153 1464 mortem)
1183 1396 1431 1465 superari
1453 1397 1738 1466 antiquum

159 1484 373 1550 hostem,
408 1484 569 1554 cujus
620 1483 886 1541 fortitudo
927 1485 984 1540 in
1026 1501 1191 1542 omne
1235 1503 1410 1559 genus
1451 1488 1740 1544 hominum

155 1575 520 1644 praevaluerat,
561 1575 830 1630 miramur
875 1576 931 1631 in
960 1578 1066 1633 hoc
1094 1577 1268 1649 magis
1310 1579 1567 1634 virtutem
1618 1579 1735 1647 Dei,

157 1667 234 1721 ubi
258 1683 352 1738 per
371 1667 712 1722 debilitatem
740 1669 1010 1724 destruxit
1062 1669 1460 1726 fortitudinem.
1521 1670 1660 1738 Quia
1690 1673 1735 1728 si

154 1775 238 1830 per
257 1768 502 1829 apertam
533 1758 909 1816 fortitudinem
946 1759 1216 1817 minorem
1243 1762 1616 1834 exstingueret
1637 1780 1736 1834 po-

156 1853 380 1918 tentiam,
412 1867 546 1908 vere
585 1867 695 1908 non
742 1852 799 1906 in
850 1852 1116 1922 sapientia
1159 1853 1308 1908 verbi
1356 1854 1600 1911 misisset
1650 1872 1735 1911 me

156 1940 316 1997 Deus:
351 1945 439 1998 sic
472 1943 613 1996 enim
656 1944 912 2012 scriptum
941 1953 1024 1998 est
1057 1944 1110 1997 in
1141 1944 1314 1999 Abdia
1375 1963 1387 1999 :
1434 1944 1547 2016 Ego
1615 1963 1736 2015 per-

155 2034 262 2086 dam
285 2035 380 2102 (ait
403 2033 698 2103 Dominus)
720 2036 1041 2105 sapientiam
1053 2035 1374 2106 sapientium
1391 2037 1572 2107 (Abdi.
1608 2054 1648 2101 ι,
1667 2038 1730 2106 8;

162 2123 275 2179 Isai.
300 2143 460 2193 χχιχ,
485 2128 598 2198 14);
636 2128 750 2182 sive
775 2128 904 2198 quia
948 2130 1228 2184 destruant
1265 2131 1435 2198 illam,
1461 2131 1574 2186 sive
1603 2134 1731 2202 quia

156 2216 402 2272 damnabo
431 2218 559 2272 illos
583 2261 598 2285 ,
637 2227 923 2289 prapterea
967 2221 1314 2276 adhzeserunt
1350 2223 1605 2280 humanae
1640 2241 1733 2280 sa—

157 2309 360 2377 pientiai.
410 2308 529 2364 Nec
573 2310 752 2364 solum
791 2311 1117 2381 sapientiam
1163 2313 1408 2382 perdam,
1441 2315 1537 2370 sed
1567 2317 1732 2372 etiam

157 2401 494 2468 prudentiam,
523 2400 580 2456 id
624 2411 709 2457 est
746 2402 1142 2472 providentiam
1177 2420 1285 2473 qua
1323 2405 1518 2462 callide
1553 2408 1735 2464 sciunt

157 2493 464 2560 prununire
497 2493 797 2549 sententias
831 2510 984 2562 suas,
1023 2511 1092 2550 ne
1114 2495 1300 2567 aliqua
1323 2497 1735 2569 impugnatione

158 2581 474 2654 frangantur.
499 2583 735 2652 Quidam
765 2587 912 2642 enim
955 2587 1160 2643 habent
1203 2589 1528 2659 sapientiam
1574 2593 1730 2660 artis,

159 2674 235 2744 qui
259 2683 436 2732 tamen
480 2676 738 2732 nesciunt
775 2693 834 2734 se
857 2678 993 2734 satis
1037 2679 1368 2749 praemunire
1413 2690 1607 2737 contra
1635 2699 1731 2738 ca-

160 2765 440 2824 villationes
468 2768 803 2839 objicientis.
848 2769 1002 2825 Illam
1037 2771 1228 2842 utique
1268 2773 1614 2842 prudentiam
1645 2791 1732 2829 re-

157 2859 382 2926 probabo;
419 2861 557 2931 quia
591 2862 868 2917 neminem
915 2863 984 2919 de
1009 2863 1176 2934 hujus
1211 2865 1402 2922 mundi
1447 2867 1732 2936 prudenti-

157 2950 240 3005 bus
263 2951 311 3005 in
335 2953 653 3008 ministerio
682 2969 819 3009 mea:
846 2955 1250 3024 praedicationis
1291 2973 1575 3014 assumam
1602 2978 1618 3026 ;
1647 2960 1733 3015 vel

154 3041 365 3114 jungitur
417 3045 498 3099 ibi
547 3044 639 3099 ubi
665 3045 743 3100 ait
770 3062 784 3098 :
813 3047 1188 3116 pereuntibus.
1223 3047 1362 3104 Vere
1384 3059 1680 3121 pereuntes
1713 3070 1727 3107 :

1845 554 2127 624 pientiam.
2161 553 2274 612 lloc
2305 556 2408 612 fuit
2432 559 2484 613 in
2511 561 2777 632 sapientia
2804 562 2922 633 Dei,
2952 566 3004 623 id
3028 579 3111 625 est
3138 569 3209 626 ita
3235 575 3440 642 placuit

1844 647 2121 716 sapientiae
2153 646 2270 715 Dei,
2303 658 2363 704 ut
2401 652 2694 710 mundanae
2734 670 2842 711 non
2893 657 3222 718 admiscerct
3253 681 3432 724 suam.

1844 735 1983 792 Vere
2026 755 2124 810 per
2153 741 2437 797 stultitiam
2488 746 2716 802 salvavit
2750 749 3069 808 credentes:
3114 771 3242 812 nam
3265 767 3319 813 et
3349 776 3438 816 res

1842 830 2133 900 prmdicata
2170 833 2334 887 stulta
2382 833 2506 902 fuit,
2548 846 2602 892 et
2645 840 3031 908 prasdicatores
3069 849 3244 903 stuiti.
3298 849 3437 906 Vere

1842 938 1938 992 per
1973 939 2087 978 rem
2119 927 2340 981 stultam
2380 931 2764 1000 praedicatum;
2800 952 2923 990 nam
2965 942 3225 1010 quoniam
3252 943 3437 1000 Judwi

1842 1015 1935 1087 qui
1953 1015 2068 1086 jam
2095 1034 2193 1088 per
2219 1021 2374 1092 signa
2402 1022 2570 1079 Deum
2605 1028 2742 1082 ut-in
2772 1029 3008 1102 Aigypto
3041 1050 3432 1107 cognoverant,

1840 1115 2021 1176 petunt
2055 1109 2236 1165 adhuc
2271 1112 2447 1181 signa,
2487 1117 2554 1170 ad
2595 1122 3062 1189 comprobandum
3093 1144 3216 1184 esse
3243 1146 3434 1186 verum

1831 1194 1908 1250 de
1944 1195 2163 1253 Christo
2198 1202 2343 1270 quod
2378 1203 2706 1272 pnedicatur
2731 1226 2745 1275 ;
2775 1219 2823 1263 et
2856 1210 3048 1280 (ἔναιρε,
3078 1217 3129 1271 id
3152 1228 3239 1274 est
3261 1221 3437 1290 genti-

1840 1287 1920 1343 les
1940 1289 2036 1359 qui
2077 1289 2248 1346 Deum
2295 1293 2570 1365 ignorant,
2596 1312 2838 1370 quwrunt
2877 1307 3218 1377 sapientiam,
3268 1287 3322 1367 id
3351 1323 3435 1367 est

1839 1381 2032 1436 volunt
2063 1382 2167 1438 sibi
2206 1400 2304 1454 per
2341 1388 2649 1459 mundanas
2677 1393 2918 1451 rationes
2952 1400 3243 1469 approbari
3284 1405 3436 1474 quod

1839 1473 1905 1529 de
1933 1474 2155 1530 Christo
2181 1477 2384 1533 dicitur
2412 1499 2423 1533 :
2447 1479 2559 1534 Nos
2594 1493 2793 1551 autent,
2817 1496 2875 1541 ut
2901 1473 3316 1548 satisfaciamus
3339 1494 3445 1549 Juv

1838 1566 1992 1634 dacis,
2013 1571 2368 1639 praedicamus
2393 1573 2664 1630 Christum
2695 1578 2938 1633 virtutem
2962 1581 3081 1650 Dei,
3105 1585 3234 1653 quia
3261 1585 3442 1642 Judaei

1837 1659 2095 1716 virtutem
2116 1663 2509 1720 miraculorum
2542 1667 2834 1737 requirunt
2861 1689 2873 1724 :
2905 1669 3115 1728 Grzecis
3132 1691 3263 1730 vero
3285 1694 3436 1748 qure—

1838 1753 2084 1810 rentibus
2113 1755 2433 1826 sapientiam
2482 1761 2843 1829 praedicamus
2891 1763 3162 1819 Christum
3206 1784 3317 1822 esse
3345 1786 3437 1822 sa-

1835 1844 2092 1914 pientiam
2119 1845 2238 1916 Dei,
2274 1850 2421 1920 quod
2449 1860 2742 1924 utrumque
2767 1854 2954 1911 electis
2976 1856 3196 1927 quidem
3232 1857 3437 1916 Judmis

1835 1948 1891 1994 et
1911 1939 2115 1996 Graecis
2149 1942 2422 1998 virtusest
2449 1952 2502 1998 et
2531 1945 2816 2014 sapientia,
2851 1949 2943 2003 sed
2965 1951 3258 2020 reprobatis
3285 1969 3438 2008 διακρ

1836 2030 2020 2086 dalum
2046 2040 2129 2088 est
2173 2042 2222 2086 et
2253 2034 2511 2088 stultitia.
2559 2034 2625 2089 Et
2652 2035 2774 2091 ideo
2801 2038 3044 2094 diximus
3065 2057 3160 2110 per
3206 2045 3439 2100 stultam.-

1835 2138 1951 2180 rcm
1978 2124 2160 2180 salvos
2207 2125 2324 2180 fieri
2355 2126 2660 2183 credentes.
2705 2126 2863 2184 Nunc
2903 2129 3138 2185 litteram
3187 2139 3428 2203 eXpona-

1836 2229 1982 2269 mus.
2025 2212 2165 2269 Vere
2215 2230 2311 2284 per
2358 2215 2645 2270 stultitiam
2690 2215 2836 2272 Deus
2881 2222 3057 2273 salvat
3106 2222 3436 2290 credentes;

1835 2307 2096 2376 quoniam
2117 2305 2289 2362 Judwi
2314 2308 2534 2377 quidem
2571 2318 2764 2379 petunt
2803 2309 2980 2380 signa,
3013 2312 3106 2382 qui
3138 2329 3234 2383 per
3264 2316 3432 2368 mila—

1835 2399 1957 2454 cula
1999 2399 2171 2455 Deum
2243 2415 2574 2473 cognoscere
2640 2413 3064 2460 consueverunt.
3133 2405 3200 2461 Et
3257 2407 3439 2464 Graeci-

1836 2493 2170 2548 mundanam
2207 2503 2459 2564 quzerunt
2481 2495 2830 2566 sapientiam,
2863 2497 2992 2568 quia
3029 2498 3177 2554 aliud
3208 2515 3318 2554 non
3348 2499 3439 2555 iii--

1835 2585 2102 2656 telligunt.
2130 2585 2242 2642 Nos
2266 2596 2450 2642 autem
2475 2589 2626 2643 stulti
2653 2590 3018 2659 praedicamus
3043 2609 3158 2648 rem
3184 2593 3438 2660 stultam,

1835 2677 2047 2734 scilicet
2074 2677 2356 2734 Christum
2387 2680 2715 2736 cruciﬁxum
2743 2701 2756 2736 :
2785 2681 2994 2738 Judteis
3017 2684 3229 2755 quidem
3276 2703 3436 2740 scan-

1833 2768 2039 2837 dalum,
2089 2770 2217 2840 quia
2259 2770 2664 2841 improperatur
2708 2772 2792 2829 eis
2835 2773 2983 2844 quod
3031 2790 3215 2846 regem
3266 2793 3437 2832 suum

1835 2860 2259 2927 cruciﬁxerunt;
2284 2859 2536 2917 Gentibus
2567 2871 2746 2917 autem
2765 2863 3077 2931 stulti.‘iam,
3106 2867 3237 2936 quia
3261 2867 3426 2922 intel-

1835 2951 2002 3022 ligere
2041 2952 2292 3008 nesciunt
2333 2969 2442 3024 qua
2478 2954 2694 3011 ratione
2746 2971 2912 3025 quem
2966 2954 3139 3012 Deum
3170 2957 3427 3024 dicimus,

1833 3042 2085 3098 eumdem
2115 3053 2392 3098 mortuum
2429 3043 2601 3100 fuisse
2649 3044 2919 3102 dicamus.
2967 3045 3172 3102 ludatis
3203 3048 3426 3118 quidem

157 3153 258 3193 nam
297 3141 574 3211 scriptum
614 3149 736 3196 est;
791 3161 809 3194 ι
851 3141 1082 3198 perdam
1129 3143 1456 3214 sapientiam
1511 3144 1727 3213 sapic“.
1755 3153 1800 3216 ς
1833 3142 1887 3188 ει
1911 3133 2115 3191 Graecis
2149 3136 2456 3206 reprobatis
2485 3137 2808 3192 scandalum
2833 3147 2920 3194 est
2940 3147 2995 3193 et
3033 3139 3301 3208 stultitia;
3333 3142 3430 3198 sed

157 3230 284 3287 tium.
338 3252 355 3284 ι
417 3243 480 3289 et
534 3249 662 3290 vere
725 3234 1044 3305 hujusmodi
1096 3237 1393 3306 prudentes
1452 3236 1728 3306 reprobati

155 3334 272 3380 sunt.
302 3325 435 3382 Haec
462 3334 594 3382 sunt
619 3327 790 3382 verba
805 3327 1076 3398 Apostoli.
1105 3327 1244 3383 Nam
1274 3329 1365 3382 ubi
1389 3337 1474 3384 est
1495 3329 1727 3398 sapiens,

153 3414 195 3469 id
219 3426 294 3472 est
338 3418 562 3491 logicus
604 3419 692 3475 ille
727 3420 822 3490 qui
853 3419 910 3474 in
961 3420 1434 3491 argumentatione
1478 3436 1577 3476 sua
1599 3434 1732 3475 εοηο

153 3505 278 3564 ﬁdit:
306 3521 358 3566 et
412 3511 511 3565 ubi
549 3520 636 3567 est
668 3511 866 3579 scriba,
899 3511 955 3566 id
993 3520 1079 3567 est
1100 3512 1313 3566 ethicus
1339 3512 1434 3582 qui
1460 3512 1528 3568 de
1562 3512 1731 3567 mori-

155 3597 237 3654 bus
255 3603 403 3673 agit;
465 3612 523 3658 et
582 3603 674 3657 ubi
715 3604 1044 3675 conquisitor
1103 3603 1262 3672 hujus
1307 3603 1511 3669 sa'culi,
1559 3604 1616 3658 id
1647 3615 1731 3661 est

152 3689 402 3761 physicus,
435 3694 532 3764 qui
557 3703 783 3750 naturas
824 3695 1078 3750 omnium
1098 3711 1283 3751 rerum
1326 3695 1648 3766 conquirit?
1670 3695 1729 3750 Si

153 3779 333 3853 logicus
377 3785 478 3840 ille
526 3785 698 3854 dicat,
731 3787 779 3842 si
808 3787 1035 3858 peperit,
1067 3803 1194 3843 cum
1246 3788 1365 3843 viro
1411 3788 1733 3874 concubuit,

154 3875 428 3943 mentitur;
479 3875 611 3946 quia
653 3875 824 3931 Maria
875 3878 994 3947 sine
1047 3878 1196 3933 coitu
1254 3877 1395 3932 virili
1423 3878 1492 3934 de
1522 3877 1728 3949 Spiritu

154 3976 316 4021 sancto
355 3968 634 4037 concepit.
688 3968 744 4022 Si
795 3969 1009 4025 ethicus
1032 3969 1098 4024 de
1129 3969 1400 4035 moribus,
1426 3969 1492 4025 de
1515 3971 1728 4025 cultura

153 4055 392 4115 idolorum
425 4061 645 4127 doceat,
670 4061 986 4131 repellitur;
1013 4061 1140 4132 quia
1166 4062 1293 4118 novi
1320 4076 1524 4124 mores.
1553 4079 1730 4119 novus

154 4150 305 4208 cultus
347 4153 614 4208 inductus
655 4163 756 4208 est.
796 4152 854 4208 Si
901 4153 1100 4209 iterum
1150 4155 1412 4227 physicus
1459 4155 1606 4211 dicat
1638 4171 1729 4210 re-

152 4255 368 4314 pugnare
424 4254 657 4311 naturae,
701 4255 757 4300 ut
817 4245 972 4317 virgo
1023 4247 1226 4316 pariat,
1271 4257 1524 4304 mortuus
1561 4248 1725 4316 vivat,

150 4336 391 4394 mendacii
448 4354 579 4393 reus
622 4346 726 4392 est.
775 4337 1229 4408 Quandoquidem
1275 4348 1330 4395 et
1381 4341 1619 4410 sapiens,
1675 4349 1729 4396 et

148 4429 321 4496 scriba,
358 4440 416 4487 et
446 4430 709 4501 physicus
742 4432 1101 4501 repelluntur,
1155 4448 1337 4489 nonne
1378 4451 1474 4504 per
1503 4438 1606 4491 hoc
1630 4453 1728 4506 pa-

1831 3226 1960 3295 ipsis
1973 3223 2182 3280 Iudaeis
2204 3235 2360 3298 atque
2387 3227 2585 3282 Graecis
2608 3231 2829 3297 vocatis,
2846 3231 2899 3286 id
2921 3239 3005 3287 est
3029 3247 3062 3286 a
3082 3230 3194 3288 Deo
3215 3233 3427 3302 electis,

1829 3317 2194 3391 praedicamus
2257 3319 2530 3376 Christum
2578 3323 2825 3376 virtutem
2879 3322 3010 3390 Dei,
3071 3326 3221 3395 quod
3280 3325 3428 3384 Deus

1829 3415 2012 3485 majus
2035 3415 2361 3472 miraculum
2386 3415 2498 3487 9o
2525 3416 2742 3486 operari
2781 3433 2890 3471 non
2913 3419 3089 3488 potuit
3138 3436 3304 3489 quam
3331 3437 3429 3492 per

1830 3516 2058 3562 mortem
2082 3508 2364 3564 destruere
2403 3517 2657 3566 mortem.
2679 3507 3049 3568 Praedicamus
3074 3513 3239 3568 etiam
3269 3512 3432 3568 Chri-

1831 3607 1976 3654 stum
2021 3599 2344 3671 sapientiam
2375 3599 2468 3656 Dei
2497 3620 2511 3667 ;
2556 3602 2687 3671 quia
2719 3602 2898 3672 major
2942 3604 3210 3674 sapientia
3236 3608 3429 3677 nequit

1831 3689 2064 3746 inveniri
2092 3708 2258 3762 quam
2281 3708 2378 3764 per
2399 3693 2767 3749 humilitatem
2797 3696 3111 3764 superbiam
3133 3705 3188 3752 et
3210 3714 3306 3768 per
3325 3701 3427 3755 de-

1829 3781 2094 3838 bilitatem
2137 3784 2418 3839 destruere
2461 3783 2856 3839 fortitudinem.
2896 3784 3034 3841 Vere
3062 3788 3316 3846 Christus
3340 3799 3436 3847 est

1829 3873 2096 3944 sapientia
2143 3873 2259 3929 Dei.
2306 3873 2452 3928 Nam
2485 3873 2616 3929 illud
2637 3873 2736 3928 Dei
2773 3875 2913 3946 quod
2957 3886 3035 3930 est
3073 3878 3296 3932 stultum
3331 3896 3430 3936 se-

1828 3967 2068 4022 cundum
2100 3967 2516 4022 aestimationem
2548 3967 2853 4035 hominum,
2897 3971 3189 4039 sapientius
3209 3983 3287 4026 est
3323 3974 3433 4028 Ito--

1829 4057 2084 4113 minibus.
2114 4056 2212 4113 Vel
2245 4057 2375 4129 quia
2409 4057 2662 4114 homines
2702 4067 2911 4115 tantam
2953 4062 3278 4132 sapientiam
3325 4081 3428 4120 ca-

1828 4166 1977 4221 pere,
2013 4150 2097 4205 vel
2126 4162 2235 4206 tam
2285 4150 2560 4222 sapienter
2587 4152 2801 4222 operari
2846 4164 3143 4223 nequeunt.
3192 4154 3260 4210 Et
3295 4172 3431 4213 vere-

1828 4242 2082 4300 Christus
2107 4253 2190 4300 est
2217 4243 2394 4299 virtus
2433 4242 2556 4299 Dei.
2583 4242 2720 4300 Nam
2744 4244 2876 4300 illud
2919 4244 3036 4312 Dei,
3070 4248 3212 4318 quod
3232 4258 3309 4304 est
3336 4249 3422 4303 in-

1827 4336 2064 4405 ﬁrmum,
2105 4335 2185 4391 vel
2215 4336 2440 4391 stultum
2462 4337 2766 4392 secundum
2794 4337 3214 4394 aestimationem
3242 4340 3432 4396 homi-~

1829 4447 1988 4498 num,
2034 4431 2323 4501 sapientius
2365 4439 2443 4485 est
2483 4431 2802 4486 hominibus.
2855 4430 2956 4487 Vel
2999 4432 3127 4503 quia
3169 4433 3428 4490 homines

146 4515 237 4572 lant
271 4529 373 4589 est,
415 4522 567 4592 quod
610 4520 751 4576 Deus
794 4523 940 4592 fecit,
972 4523 1024 4577 id
1074 4532 1159 4578 est
1199 4526 1576 4594 comprobavit
1600 4542 1724 4582 esse
1757 4508 1801 4563 ί)
1827 4533 2035 4580 tantam
2066 4523 2387 4594 sapientiam
2415 4539 2630 4594 capere,
2652 4525 2738 4578 vel
2773 4532 2883 4578 tam
2907 4525 3182 4594 sapienter
3201 4523 3427 4595 operari

144 4611 342 4667 stuttam
379 4614 707 4684 sapientiam
727 4615 885 4684 hujus
921 4617 1148 4680 mundi;
1185 4617 1306 4672 ideo
1335 4616 1479 4674 Deus
1507 4620 1724 4690 sapieno

144 4702 255 4759 tiam
283 4706 454 4778 hujus
482 4707 675 4762 mundi
697 4708 907 4778 repellit
933 4727 948 4763 :
990 4726 1115 4763 nam
1149 4709 1229 4766 sic
1255 4710 1461 4780 placuit
1491 4712 1637 4777 Dea;
1667 4724 1722 4770 et

143 4811 249 4852 cum
269 4800 468 4855 audias
498 4799 605 4855 hoc
617 4800 830 4869 placere
852 4800 986 4869 Deo,
1017 4817 1242 4858 causam
1269 4805 1434 4876 hujus
1474 4822 1543 4861 ne
1565 4822 1719 4877 quat-

143 4886 299 4945 sieris.
315 4889 534 4946 Placuit
551 4892 742 4962 utique
756 4891 870 4948 Deo
885 4911 980 4964 per
997 4893 1286 4950 stultitiam
1297 4897 1722 4966 prwdieationis,

143 4975 192 5030 id
210 4989 287 5035 est
304 4992 360 5037 et
384 4999 484 5054 per
515 4983 739 5039 stultam
787 5001 904 5040 rem
938 4987 1291 5057 praedicatum
1318 4996 1373 5043 et
1397 5003 1494 5058 per
1523 4991 1722 5047 stultos

143 5072 513 5135 praedicatores
538 5077 712 5131 salvos
741 5077 916 5146 facere
951 5079 1220 5135 credentes
1263 5081 1318 5135 in
1354 5096 1412 5136 se
1438 5099 1451 5135 :
1477 5081 1601 5136 ideo
1623 5097 1722 5152 per

142 5160 413 5218 stultitiam
438 5167 648 5235 placuit
668 5167 718 5222 ei
748 5169 962 5224 salvare
987 5170 1294 5238 credentes,
1315 5174 1443 5243 quia
1466 5173 1717 5240 mundus,

143 5248 187 5304 id
221 5263 302 5310 est
340 5256 596 5315 homines
649 5262 841 5317 mundi
890 5278 994 5316 non
1041 5275 1392 5334 cognoverunt
1432 5263 1602 5320 Deum
1621 5280 1721 5336 per

141 5348 402 5404 carnalem
437 5353 774 5422 sapientiam.

200 5433 351 5501 Quod
377 5439 427 5494 si
454 5442 622 5512 aliqui
651 5443 962 5514 philosophi
987 5445 1515 5504 intellexe‘runt’esse
1543 5465 1715 5504 unum
1753 5463 1762 5468 ·

141 5520 320 5596 Deum,
366 5534 462 5601 qui
489 5535 674 5590 omnia
711 5547 976 5606 creasset,
1008 5553 1118 5594 non
1146 5546 1328 5595 tamen
1370 5540 1474 5597 hoc
1506 5556 1714 5613 cogno-

143 5627 319 5672 verunt
348 5620 405 5673 in
431 5623 690 5693 sapientia
724 5617 934 5693 Dei,id
963 5635 1046 5682 est
1073 5635 1134 5683 ut
1187 5629 1718 5701 intelligerent'con-

143 5705 307 5765 silium
334 5711 454 5780 Dei,
482 5731 592 5787 quo
628 5719 821 5774 ordine
849 5719 1173 5790 disponebat
1201 5723 1414 5779 salvare
1439 5724 1712 5794 perditum

144 5794 408 5858 hominem
451 5822 540 5877 per
588 5810 1019 5869 incarnationem
1055 5813 1252 5882 Verbi,
1285 5824 1336 5869 et
1369 5825 1592 5872 extera.
1617 5816 1726 5872 γει

1826 4625 2128 4688 nequeunt.
2175 4615 2242 4672 Et
2284 4631 2410 4672 vere
2446 4614 2702 4671 Christus
2743 4623 2828 4672 est
2880 4615 3054 4671 virtus
3113 4613 3228 4670 Dei.
3279 4614 3425 4670 Nam

1825 4708 1962 4764 illud
2002 4706 2116 4774 Dei,
2153 4706 2301 4777 quod
2337 4715 2423 4762 est
2466 4705 2744 4761 infirmum
2793 4707 3093 4760 secundum
3143 4705 3428 4772 carnales,

1825 4801 1933 4857 hoc
1964 4809 2051 4856 est
2072 4798 2271 4856 fortius
2312 4797 2648 4855 hominibus.
2691 4797 2790 4852 Vel
2815 4797 2946 4867 quia
2987 4796 3431 4866 intelligere-vir-

1824 4902 1997 4949 tutem
2015 4892 2160 4949 hanc
2180 4891 2450 4948 nesciunt.
2477 4889 2575 4945 Vel
2601 4891 2729 4961 quia
2759 4897 2908 4943 tanta
2939 4886 3258 4944 fortitudine
3278 4888 3428 4944 nihil

1822 4983 2004 5040 facere
2051 4991 2286 5054 queunt.
2317 4980 2416 5037 Vel
2447 4981 2604 5036 aliter
2649 4979 2902 5050 superior
2947 4979 3127 5034 littera
3165 4979 3431 5051 jungitur

1821 5074 1898 5132 ita
1929 5091 1952 5129 τ’
1975 5073 2097 5130 ideo
2152 5073 2390 5128 mundus
2411 5087 2521 5127 non
2551 5070 2806 5144 cognovit
2849 5069 3021 5128 Deum
3071 5087 3168 5142 per
3203 5073 3430 5144 sapienv

1821 5169 1990 5235 tiam;
2017 5168 2280 5239 quoniam
2303 5165 2477 5222 Judaei
2505 5173 2698 5236 petunt
2717 5165 2898 5238 signa,
2921 5174 2976 5234 et
3000 5163 3174 5221 Grteci
3195 5167 3428 5236 sapien-

1820 5262 1953 5317 tiam
1981 5279 1996 5328 ;
2031 5275 2134 5316 nos
2159 5274 2290 5315 vero
2322 5258 2688 5330 praedicamus
2727 5257 3009 5315 Christum
3042 5259 3367 5314 cruciﬁxum
3395 5276 3421 5327 ;

1821 5352 2026 5409 Judteis
2051 5351 2274 5422 quidem
2303 5366 2414 5406 non
2439 5350 2655 5422 signum
2687 5348 2783 5406 sed
2818 5349 3173 5415 scandalum;
3205 5347 3424 5404 Crtecis

1819 5454 2002 5501 autem
2024 5445 2108 5499 vel
2151 5443 2404 5516 gentibus
2445 5458 2557 5497 non
2594 5441 2916 5511 sapientiam
2972 5440 3066 5495 sed
3101 5438 3419 5496 stultitiam.

1819 5536 1894 5591 Et
1938 5537 2066 5607 quia
2117 5535 2170 5590 in
2199 5551 2365 5593 cruce
2403 5533 2610 5590 Christi
2652 5549 2754 5589 nec
2782 5533 3040 5586 virtutem
3069 5547 3172 5586 nec
3193 5530 3411 5600 sapien-

1820 5631 1953 5688 tiam
1988 5629 2228 5686 mundus
2276 5628 2564 5698 intelligit:
2601 5626 2724 5682 ideo
2758 5625 2930 5681 Deum
2974 5639 3084 5678 non
3132 5619 3418 5694 cognOvit.

1820 5723 1887 5780 Et
1909 5732 1994 5779 est
2018 5723 2090 5778 ibi
2119 5722 2247 5778 ﬁnis
2279 5719 2583 5778 sententiae.
2621 5718 2727 5774 Sed
2763 5717 2890 5773 licet
2930 5715 3178 5786 reprobis
3205 5714 3416 5772 Judaeis

1822 5827 1985 5887 atque
2015 5815 2218 5871 Gnrcis
2239 5811 2455 5868 Christi
2470 5827 2602 5867 crux
2635 5809 2951 5866 scandalum
2984 5808 3054 5864 sit
3080 5815 3137 5863 et
3157 5807 3420 5876 Stultitia,
