4018 6288
509 280 604 336 l5l

1043 275 1102 332 s.
1145 273 1496 334 BRUNONlS
1532 233 2182 332 canruusmNonuu
2221 223 2711 326 issriruionls
2744 267 2894 326 ora.
2919 247 3122 326 PARS
3159 269 3224 324 ιι.

3705 269 3809 322 132

499 401 684 444 tamen
715 383 850 457 ipsis
866 383 1070 442 Iudaeis
1091 389 1302 444 vocatis
1320 397 1481 458 atque
1506 386 1710 442 Griecis
1736 386 1992 438 Christus
2013 391 2100 438 est
2129 389 2174 446 Α
2205 397 2301 451 per
2331 383 2435 436 hoc
2465 391 2638 437 totum
2687 398 2808 438 esse
2853 399 2918 438 ex
2951 383 3069 453 ipso
3099 377 3230 449 Deo,
3259 391 3314 438 et
3337 381 3471 438 nihil
3499 399 3564 440 ex
3611 379 3814 438 merito

507 482 598 537 Dei
625 480 798 535 virtus
826 487 882 534 et
907 478 1002 534 Dei
1025 481 1312 550 sapientia.
1343 481 1592 549 Sequens
1617 479 1796 531 littera
1831 493 1938 530 non
1969 493 2094 531 mu-

502 583 688 639 tatur;
731 572 982 644 probavit
1025 587 1094 627 ex
1125 581 1279 642 parte
1305 571 1450 640 quod
1481 585 1576 638 per
1607 567 1892 622 stultitiam
1927 585 1938 622 :
1969 583 2097 622 nam

504 681 602 736 per
629 665 852 720 stultam
879 680 992 718 rem
1025 664 1376 734 praedicatum
1401 661 1742 714 salvarentur
1776 660 2094 726 credentes;

505 757 699 826 prohat
724 771 870 810 nunc
899 755 1062 808 aliam
1086 763 1294 824 partem
1337 751 1562 817 scilicet,
1588 751 1732 820 quod
1781 765 1878 820 per
1903 752 2100 806 stultos

503 847 890 918 praedicatores
916 844 1202 900 salvaverit
1223 843 1366 896 Deus
1389 842 1694 906 credentes,
1719 840 1934 896 dicens:
1962 839 2100 895 Vere

505 955 601 1014 per
631 940 920 994 stultitiam
955 935 1184 992 salvavit
1208 933 1351 988 Deus
1385 933 1692 988 credentes.
1747 981 1750 983 Α

593 1030 770 1084 Videte
796 1031 935 1084 enim
964 1027 1308 1091 vocationem,
1345 1025 1400 1080 id
1425 1032 1512 1080 est
1561 1032 1846 1080 vocatorcs
1888 1036 2101 1080 vestros

505 1141 604 1196 per
634 1140 780 1197 quos
805 1125 872 1179 ad
897 1124 1055 1178 ﬁdem
1078 1120 1260 1174 vocati
1283 1120 1437 1175 estis.
1477 1118 1612 1186 Hoc,
1649 1119 1897 1190 inquam,
1927 1119 2102 1174 videte

505 1218 572 1272 de
601 1217 682 1272 eis
708 1235 722 1284 ;
748 1217 870 1286 quia
899 1231 1002 1268 non
1027 1212 1184 1266 multi
1211 1213 1496 1281 sapientes,
1523 1219 1577 1266 et
1595 1219 1813 1266 caetera.
1848 1209 1952 1266 Sed
1985 1225 2102 1282 quae

505 1308 672 1362 stulta
701 1313 822 1360 sunt
863 1304 1018 1374 elegit
1062 1303 1204 1358 Deus
1237 1303 1292 1357 in
1329 1302 1636 1357 ministerio
1679 1301 1985 1358 vocationis
2006 1317 2102 1356 ve—

503 1409 650 1456 strae.
683 1398 780 1453 Vel
821 1399 896 1453 ita
925 1397 1178 1468 jungitur
1214 1396 1284 1452 ad
1313 1397 1645 1466 proximum.
1676 1393 1818 1450 Vere
1841 1395 1974 1449 illud
2004 1393 2104 1448 Dei

503 1491 642 1562 quod
673 1489 900 1544 stultum
921 1499 972 1544 et
996 1489 1270 1558 infirmum
1290 1496 1389 1554 est,
1413 1487 1704 1558 sapientius
1725 1495 1776 1541 et
1814 1486 2005 1556 fortius
2025 1493 2102 1540 est

504 1581 828 1636 hominibus.
875 1577 1014 1635 Nam
1044 1580 1208 1634 modo
1233 1579 1413 1635 videte
1452 1587 1740 1634 vocatores
1760 1585 1996 1644 vestros,
2021 1577 2105 1633 in-

503 1671 736 1726 venietis
763 1685 861 1726 eos
885 1669 1082 1725 stultos
1109 1677 1162 1724 et
1205 1669 1472 1724 inﬁrmos.
1521 1666 1586 1722 Et
1616 1668 1918 1724 secundum
1963 1668 2105 1724 hanc

2191 475 2504 530 doctorum.

2271 564 2370 619 Hic
2393 565 2598 635 optime
2624 565 3008 622 consideratur
3031 565 3260 623 eﬁ‘ectus
3281 569 3530 624 stultitim
3563 581 3613 624 et
3643 563 3814 623 inﬁr-

2199 654 2426 710 mitatis.
2492 653 2626 723 Vos,
2669 656 2918 726 inquam,
2965 657 3100 712 estis
3127 658 3184 712 in
3228 646 3450 716 Christo
3501 652 3658 728 Jesu,
3707 655 3816 730 qui

2200 743 2456 802 Christus
2483 747 2660 815 factus
2689 755 2768 800 est
2790 747 2940 802 nobis
2963 749 3233 817 sapientia
3257 767 3290 802 a
3326 749 3458 818 Deo,
3489 752 3620 820 quia
3651 750 3810 805 Deus

2200 853 2298 907 per
2325 837 2610 893 Christum
2645 839 2930 894 instruens
2975 857 3096 906 nos,
3133 841 3316 897 effecit
3367 859 3470 897 nos
3516 844 3807 913 sapientes

2201 929 2634 984 ministeriorum
2662 929 2792 996 Dei;
2820 938 2877 984 et
2907 939 2969 985 ut
3016 931 3296 1002 sapientes
3327 931 3584 1000 ediceret,
3617 932 3809 988 factus

2201 1029 2285 1076 est
2307 1021 2466 1076 nobis
2477 1021 2722 1090 justitia,
2755 1021 2964 1078 faciens
2991 1038 3095 1079 nos
3129 1025 3314 1080 vivere
3346 1024 3402 1078 in
3428 1026 3646 1094 justitia
3683 1024 3806 1078 vir-

2201 1119 2404 1168 tutum.
2443 1110 2516 1168 Ut
2544 1122 2724 1168 autem
2759 1113 2814 1166 in
2833 1113 3073 1196 .justitia
3119 1105 3450 1183 viveremus,
3481 1113 3670 1171 factus
3719 1126 3810 1170 est

2202 1203 2365 1259 nobis
2407 1205 2788 1274 sanctiﬁcatio.
2834 1204 3206 1261 Sanctiﬁcavit
3255 1207 3400 1262 enim
3453 1223 3556 1264 nos
3609 1207 3812 1262 remit-

2205 1292 2368 1348 tendo
2419 1301 2678 1364 peccata;
2709 1302 2764 1348 et
2811 1302 2874 1348 ut
2917 1295 3315 1364 sanctiﬁcaret,
3365 1296 3544 1352 factus
3585 1305 3680 1352 est
3718 1313 3807 1350 re-

2203 1383 2468 1453 demptio,
2521 1385 2576 1439 id
2625 1391 2711 1440 est
2754 1385 2902 1442 dedit
2941 1387 3180 1457 pretium
3217 1388 3502 1458 sanguinis
3549 1390 3811 1458 sui,quo

2205 1488 2308 1530 nos
2356 1473 2670 1540 redimeret,
2699 1483 2762 1530 ut
2803 1476 3116 1546 redemptos
3147 1477 3546 1544 sanctiﬁcaret;
3589 1478 3812 1532 sancti-

2205 1563 2397 1619 ﬁcatos
2422 1563 2477 1618 in
2493 1563 2709 1634 justitia
2737 1565 3003 1621 virtutum
3025 1567 3398 1634 conﬁrmaret,
3427 1575 3484 1622 et
3506 1567 3560 1622 in
3579 1567 3812 1637 justitia

2207 1654 2560 1712 manentibus
2609 1655 2936 1726 sapientiam
2987 1657 3164 1712 daret.
3187 1654 3334 1712 'Hsec
3376 1657 3561 1712 omnia
3621 1657 3816 1712 factus

505 1764 977 1820 continuationem
1008 1763 1140 1818 illud
1173 1763 1494 1834 procedens,
1527 1762 1580 1816 id
1603 1769 1688 1817 est
1713 1761 1854 1831 quod
1881 1761 2106 1816 stultum

2217 1755 2294 1802 est
2329 1747 2510 1818 nobis,
2547 1757 2608 1803 ut
2645 1749 2962 1820 quicunque
2989 1749 3278 1820 gloriatur,
3301 1749 3565 1820 glorietur
3603 1763 3722 1803 non
3751 1749 3812 1804 in

505 1865 556 1909 et
593 1856 868 1926 inﬁrmum
893 1865 971 1909 est
1004 1853 1122 1920 Dei,
1153 1855 1446 1924 sapientius
1481 1863 1528 1908 et
1554 1853 1748 1923 fortius
1783 1861 1859 1906 est
1882 1853 2105 1906 homini-

507 1946 624 2012 bus,
671 1945 895 2014 respicit
925 1945 992 1999 ad
1037 1945 1506 2013 comprobandum
1549 1943 1936 2014 praedicatores
1963 1943 2103 1997 stul-

509 2045 594 2089 tos
619 2033 792 2089 fuisse
817 2052 832 2101 ;
872 2035 1016 2089 sicut
1041 2035 1094 2088 in
1122 2034 1446 2104 prteccdenti
1477 2033 1652 2088 voluit
1681 2031 1746 2088 ad
1773 2033 1880 2088 hoc
1913 2043 2103 2089 osten-

505 2125 768 2190 dendum,
815 2126 963 2196 quod
1011 2143 1099 2181 res
1130 2125 1422 2196 praedicata
1464 2124 1630 2180 fuerit
1677 2126 1866 2180 stulta.
1909 2125 1968 2180 ln
2020 2141 2105 2181 se-

503 2215 693 2284 quenti
746 2213 912 2268 etiam
965 2223 1190 2270 notatur
1242 2215 1467 2272 effectus
1529 2215 1694 2286 hujus
1759 2216 2004 2271 stultitim
2051 2225 2104 2272 et

507 2304 857 2374 insipientia.
909 2304 1109 2372 Videte,
1143 2306 1390 2376 inquam,
1417 2307 1746 2360 vocationem
1781 2317 2027 2374 vestram,
2051 2309 2106 2363 id

508 2402 594 2450 est
632 2411 730 2464 per
757 2411 901 2465 quos
947 2396 1123 2452 vocati
1155 2395 1290 2450 estis
1321 2395 1562 2466 fratres;
1615 2397 1743 2467 quia
1785 2397 1843 2452 in
1887 2398 1969 2452 eis
2003 2414 2106 2450 non

506 2495 629 2540 sunt
661 2488 817 2540 mulli
848 2488 1110 2557 sapientes
1138 2487 1427 2542 secundum
1464 2504 1698 2554 carnem,
1725 2487 1782 2544 id
1809 2497 1894 2544 est
1919 2505 2110 2552 carna—

505 2577 614 2632 lem
651 2577 979 2648 sapientiam
1006 2596 1021 2645 ;
1052 2594 1156 2632 non
1185 2587 1315 2634 sunt
1353 2579 1510 2633 multi
1535 2589 1770 2650 potentes
1803 2581 2106 2636 secundum

506 2685 767 2736 carnem;
799 2686 902 2724 non
941 2671 1096 2724 multi
1127 2671 1350 2738 nobiles,
1397 2673 1702 2728 secundum
1731 2673 1914 2728 carnis
1939 2689 2105 2744 gene-

509 2761 813 2816 rositatem.
868 2763 1066 2818 Dicunt
1101 2765 1276 2818 sancti
1325 2763 1446 2818 ideo
1477 2763 1707 2818 Paulum
1738 2765 1964 2831 dixisse,
1996 2780 2106 2820 non

509 2853 686 2919 multi,
717 2853 848 2922 quia
891 2853 1008 2922 ipse
1039 2852 1144 2908 fuit
1189 2854 1534 2910 Stecularium
1567 2855 1872 2910 litterarum
1925 2854 2108 2926 perfe-

506 2951 651 3009 ctus,
709 2950 1052 2998 terrenarum
1099 2959 1268 3015 opum
1319 2946 1496 3012 dives,
1540 2944 1788 3001 Romana
1829 2947 2109 3016 parentela

506 3033 860 3103 conspicuus.
917 3033 1218 3092 Vocatores
1265 3037 1454 3108 utique
1488 3038 1676 3104 vestri,
1707 3053 1812 3093 nec
1835 3039 2110 3108 sapientes

515 3140 620 3180 nec
645 3127 876 3193 nobiles,
899 3127 990 3182 sed
1015 3127 1155 3182 Deus
1178 3128 1336 3200 elegit
1356 3146 1418 3184 ea
1436 3145 1555 3200 qua:
1579 3130 1748 3184 stulta
1770 3139 1892 3184 sunt
1905 3131 2112 3200 mundi,

510 3217 568 3286 id
589 3226 676 3274 est
697 3233 822 3289 quae
850 3219 1091 3275 mundus
1113 3221 1277 3276 stulta
1301 3229 1540 3292 reputat,
1569 3231 1627 3276 ut
1655 3238 1753 3293 per
1797 3223 1917 3280 haec
1968 3221 2116 3282 Deus

515 3313 684 3367 stulta
731 3314 1045 3383 confundat,
1078 3315 1132 3368 id
1169 3324 1254 3372 est
1299 3317 1626 3373 erubescere
1657 3317 1825 3376 faciat
1851 3321 2112 3390 sapientes

511 3404 726 3470 mundi,
766 3405 1012 3460 videntes
1054 3421 1114 3460 se
1141 3421 1254 3464 non
1285 3421 1450 3477 posse
1492 3409 1750 3466 resistere
1771 3413 2112 3482 argumentis

510 3494 630 3550 suis
663 3495 848 3550 stultis
895 3497 1346 3566 praedicatoribus
1388 3497 1506 3556 Dei.
1545 3499 1719 3572 Elegit
1767 3503 1932 3556 etiam
1967 3503 2112 3558 Deus

507 3585 730 3655 inﬁrma
780 3587 1002 3642 mundi:
1051 3603 1147 3644 eos
1193 3589 1403 3646 scilicet
1465 3591 1562 3662 qui
1607 3591 1811 3648 nullius
1855 3597 2114 3664 potentiae

509 3685 670 3734 erant
695 3679 750 3733 in
779 3681 1006 3746 mundo,
1035 3689 1095 3734 ut
1109 3696 1207 3751 per
1233 3682 1350 3738 haec
1375 3682 1593 3738 inﬁrma
1611 3685 1900 3755 confundat
1923 3686 2110 3756 fortia,

513 3765 568 3822 id
598 3774 684 3822 est
711 3776 964 3837 potentes
991 3769 1184 3825 mundi
1209 3771 1534 3827 erubescere
1557 3771 1740 3828 faciat.
1765 3771 1837 3827 Et
1853 3775 2111 3846 ignobilia

511 3856 718 3923 ntumli,
772 3856 824 3911 id
867 3866 954 3913 est
1001 3873 1098 3913 eos
1125 3859 1224 3930 qui
1266 3859 1334 3915 de
1371 3875 1570 3933 genere
1619 3877 1722 3917 suo
1747 3878 1854 3916 non
1885 3875 2114 3934 possent

509 3947 734 4018 gloriari
760 3965 773 4015 ;
806 3956 856 4002 et
879 3951 1322 4020 contemptibilia,
1351 3951 1408 4007 id
1435 3961 1521 4008 est
1547 3967 1666 4021 eos,
1699 3953 1756 4008 in
1783 3955 1985 4026 quibus
2011 3973 2114 4014 nec

510 4042 694 4111 aliqua
741 4059 1106 4112 personarum
1147 4047 1484 4114 reverentia;
1529 4049 1647 4104 haec
1671 4049 1827 4120 elegit
1867 4049 2031 4118 Deus,
2058 4061 2114 4107 et

513 4134 598 4203 (ut
641 4133 856 4204 singula
907 4139 1248 4208 enumerem)
1297 4147 1348 4193 et
1375 4155 1438 4192 ea
1485 4155 1603 4210 qua:
1639 4155 1744 4194 non
1767 4151 1911 4210 sunt,
1941 4143 1994 4198 id
2028 4153 2116 4200 est

510 4241 634 4294 qum
663 4225 810 4280 nulla
843 4242 965 4283 esse
994 4229 1206 4284 mundo
1239 4230 1586 4300 videbantur,
1614 4234 1731 4290 haec
1756 4235 1918 4308 elegit
1940 4235 2110 4305 Deus,

511 4329 570 4372 ut
599 4334 698 4388 per
739 4337 802 4374 ea
851 4337 970 4392 qua:
1001 4338 1114 4378 non
1153 4333 1282 4380 sunt
1307 4325 1598 4383 destrueret
1644 4347 1708 4384 ea
1728 4345 1846 4402 quae
1886 4338 2030 4397 sunt,
2055 4329 2112 4384 id

2207 1853 2286 1904 se,
2314 1838 2400 1892 vel
2429 1837 2486 1894 in
2517 1839 2860 1906 doctoribus,
2889 1840 2986 1896 sed
3015 1840 3072 1894 in
3103 1838 3248 1895 Deo:
3283 1839 3352 1894 ad
3377 1855 3532 1910 quem
3581 1837 3814 1892 modum

2205 1929 2462 2000 scriptum
2487 1939 2566 1985 est
2598 1931 2652 1985 in
2679 1929 2914 1986 Ieremia
2953 1931 3036 1986 sic
3097 1950 3110 1986 :
3177 1930 3246 1985 In
3269 1931 3366 1985 hoc
3405 1931 3674 2001 glorietur
3719 1930 3816 2001 qui

2205 2020 2473 2090 gloriatur
2500 2023 2638 2077 scire
2667 2031 2718 2077 et
2754 2039 2906 2078 nosse
2935 2039 3036 2091 me,
3077 2025 3204 2095 quia
3238 2041 3331 2095 ego
3375 2040 3493 2078 sum
3539 2023 3814 2078 Dominus

2207 2109 2344 2180 (Jer.
2381 2127 2472 2180 Ix,
2500 2112 2621 2183 24).

2832 2267 3062 2324 CAPUT
3100 2267 3164 2325 Il.

2286 2414 2305 2446 ι
2351 2393 2420 2449 Ει
2437 2409 2540 2466 ego
2569 2410 2695 2450 cum
2723 2397 2994 2452 venissem
3023 2396 3091 2453 ad
3117 2413 3238 2466 vos,
3271 2397 3488 2466 fratres,
3520 2400 3652 2455 veni
3699 2417 3815 2456 non

2215 2503 2233 2534 ι
2281 2484 2334 2538 in
2359 2485 2695 2540 sublimitate
2723 2487 2996 2542 sermonis
3021 2495 3114 2542 aut
3135 2487 3438 2558 sapientiae,
3458 2489 3818 2546 annuntians

2215 2595 2232 2626 ι
2279 2575 2436 2632 vobis
2481 2576 2856 2632 testimonium
2903 2579 3128 2634 Christi.
3181 2578 3304 2635 Non
3349 2581 3500 2635 enim
3549 2581 3814 2650 judicavi

2216 2685 2234 2717 ‹
2283 2681 2370 2723 me
2417 2668 2561 2723 scire
2590 2667 2797 2739 aliquid
2825 2670 2970 2725 inter
2993 2684 3114 2739 vos,
3142 2670 3250 2726 nisi
3275 2671 3464 2727 Jesum
3491 2671 3816 2742 Christum,

2216 2777 2236 2809 ε
2281 2767 2336 2812 et
2382 2759 2532 2814 hunc
2575 2759 2922 2816 cruciﬁxum.
2979 2759 3048 2816 Et
3096 2777 3200 2833 ego
3257 2763 3313 2817 in
3379 2761 3714 2820 inﬁrmitate
3761 2775 3822 2820 et

2217 2873 2234 2906 ι
2283 2854 2481 2911 timore
2504 2863 2561 2910 et
2581 2863 2824 2912 tremore
2853 2858 3028 2914 multo
3069 2857 3149 2914 fui
3179 2861 3324 2931 apud
3349 2875 3450 2917 vos
3478 2880 3494 2916 :
3531 2871 3590 2916 et
3619 2875 3820 2916 sermo

2217 2963 2236 2996 ι
2283 2961 2440 3000 meus
2473 2954 2528 3002 et
2573 2949 2888 3018 praedicatio
2935 2965 3056 3004 mea
3085 2965 3198 3006 non
3241 2951 3298 3004 in
3345 2951 3822 3022 persuasibilibus

2221 3053 2240 3086 ι
2287 3037 2542 3093 humana;
2563 3038 2844 3108 sapientiae
2865 3039 3064 3109 verbis,
3095 3040 3192 3096 sed
3217 3041 3274 3095 in
3295 3041 3617 3098 ostensione
3639 3043 3818 3112 spiri-

2223 3145 2240 3178 ι
2289 3135 2376 3182 tus
2407 3136 2462 3182 et
2479 3127 2732 3184 virtutis:
2761 3138 2822 3185 ut
2847 3131 2982 3186 ﬁdes
3011 3138 3194 3187 vestra
3228 3147 3340 3188 non
3362 3132 3504 3188 sitin
3533 3121 3822 3203 sapientia

2222 3237 2242 3270 ι
2287 3219 2596 3289 hominum,
2625 3221 2722 3276 sed
2765 3223 2822 3276 in
2853 3223 3056 3280 virtute
3085 3223 3202 3280 Dei.
3235 3223 3572 3295 Sapientiam
3623 3235 3822 3282 autem

2219 3329 2239 3362 ι
2281 3309 2559 3382 loquimur
2604 3312 2748 3368 inter
2795 3313 3090 3384 perfectos.
3132 3314 3464 3386 Sapientiam
3512 3333 3650 3372 vero
3703 3333 3826 3374 non

2219 3421 2238 3454 ι
2286 3403 2453 3473 hujus
2481 3405 2693 3471 saeculi,
2723 3419 2902 3476 neque
2925 3406 3234 3476 principum
3269 3407 3436 3478 hujus
3474 3409 3692 3476 saeculi,
3719 3410 3824 3480 qui

2220 3513 2239 3547 ‹
2283 3497 2680 3564 destruantur,
2721 3497 2818 3554 sed
2872 3499 3152 3570 loquimur
3208 3499 3306 3555 Dei
3361 3501 3698 3572 sapientiam
3767 3503 3826 3559 in

2219 3607 2238 3640 ι
2283 3589 2566 3660 mysterio,
2595 3605 2718 3660 quae
2759 3588 3080 3645 abscondita
3105 3599 3208 3659 est,
3237 3605 3402 3660 quam
3439 3591 3825 3661 praedestina-

2219 3695 2238 3729 ι
2283 3677 2363 3733 vit
2383 3677 2528 3734 Deus
2557 3685 2688 3734 ante
2733 3679 2934 3736 saecula
2962 3679 3018 3734 in
3061 3679 3292 3750 gloriam
3337 3689 3612 3749 nostram,
3639 3699 3822 3753 quam

2219 3791 2239 3822 ε
2282 3785 2445 3826 nemo
2474 3769 2782 3842 principum
2831 3771 3000 3840 hujus
3041 3772 3229 3827 saeculi
3271 3773 3560 3844 cognovit;
3589 3775 3638 3829 si
3662 3775 3830 3831 enim

2220 3881 2239 3912 ι
2285 3861 2692 3934 cognovissent,
2722 3877 3002 3932 nunquam
3050 3861 3345 3918 Dominum
3389 3863 3578 3934 gloriae
3628 3865 3830 3920 cruci-

2221 3972 2240 4004 s
2286 3951 2554 4008 ﬁxissent.
2590 3949 2696 4007 Sed
2727 3952 2872 4008 sicut
2915 3951 3182 4022 scriptum
3203 3959 3324 4007 est:
3363 3971 3383 4004 ι
3429 3951 3588 4018 Quod
3615 3955 3830 4010 oculus

2221 4065 2239 4098 ι
2285 4059 2398 4098 non
2425 4044 2578 4112 vidit,
2607 4059 2709 4100 nec
2733 4043 2884 4099 auris
2928 4043 3156 4112 audivit,
3205 4059 3307 4100 nec
3354 4044 3410 4098 in
3447 4059 3545 4098 cor
3565 4044 3831 4102 hominis

2221 4157 2240 4188 ι
2287 4137 2554 4204 ascendit,
2581 4153 2712 4208 qua:
2747 4138 3076 4208 praeparavit
3122 4137 3270 4194 Deus
3312 4137 3398 4193 his
3435 4138 3528 4208 qui
3571 4138 3834 4211 diligunt

2221 4249 2239 4282 ι
2287 4229 2442 4285 illum
2491 4227 2650 4301 (Isai.
2697 4245 2847 4296 utv,
2892 4230 2971 4300 4).
3020 4248 3040 4282 ι
3099 4228 3268 4285 Nobis
3311 4239 3492 4285 autem
3546 4233 3834 4289 revelavit

2221 4341 2240 4374 ι
2283 4320 2428 4377 Deus
2467 4337 2565 4392 per
2613 4321 2880 4392 Spiritum
2925 4337 3108 4378 suum.
3168 4320 3408 4393 Spiritus
3435 4325 3586 4378 enim
3619 4328 3832 4383 omnia

511 4419 598 4468 est
627 4427 752 4481 quae
773 4453 776 4456 -
801 4413 946 4469 bona
983 4417 1174 4472 mundi
1211 4433 1336 4474 esse
1383 4419 1656 4476 videntur.
1705 4421 1772 4476 Et
1803 4422 1908 4477 hoc
1933 4429 2110 4476 totum
2141 4446 2188 4506 ι)
2222 4433 2239 4464 ι
2287 4420 2587 4480 scrutatur.
2619 4412 2786 4468 etiam
2838 4410 3283 4506 prqfundagDeig
3319 4412 3456 4506 Quis
3501 4415 3656 4469 enim
3715 4419 3836 4472 εοίι

511 4505 594 4560 sic
629 4505 751 4562 ideo
799 4505 928 4562 fecit
961 4506 1128 4576 Deus,
1158 4517 1214 4564 ut
1244 4512 1415 4566 omnis
1457 4529 1582 4568 caro
1610 4530 1715 4573 non
1742 4514 2020 4586 glorietur,
2050 4513 2106 4568 id

511 4603 597 4651 est
627 4603 688 4650 ut
718 4596 870 4652 omni
899 4597 1052 4652 carni
1077 4600 1371 4656 conveniat
1408 4617 1520 4657 non
1545 4603 1768 4674 gloriari
1797 4605 1854 4658 in
1887 4619 2108 4673 conspe-

511 4697 600 4743 ctu
634 4689 772 4759 ejus,
820 4689 1030 4746 scilicet
1061 4691 1188 4761 quia
1223 4692 1272 4747 si
1314 4693 1702 4764 prmdicatores
1751 4695 2112 4766 abjectionem

511 4781 596 4836 sui
623 4783 1071 4838 considerarent:
1105 4784 1190 4840 vel
1221 4793 1409 4854 gentes
1448 4801 1546 4842 eos
1591 4801 1872 4842 conversas
1907 4786 2111 4842 intelli-

511 4881 720 4943 gerent,
751 4874 886 4929 nihil
911 4875 1037 4944 sihi,
1065 4877 1162 4931 sed
1189 4885 1364 4932 totum
1399 4877 1746 4934 referendum
1773 4894 1898 4935 esse
1923 4879 2114 4950 gratias

512 4960 630 5017 Dei.
657 4961 755 5018 Vel
789 4964 902 5019 ita:
950 4963 1024 5020 Ut
1061 4967 1183 5036 ejus
1211 4983 1324 5022 non
1353 4967 1436 5024 sic
1475 4969 1812 5039 obliquetur,
1853 4985 1964 5024 non
1992 4969 2110 5040 glo-

513 5051 689 5108 rietur
715 5055 898 5108 omnis
925 5069 1056 5110 caro
1081 5055 1136 5110 in
1165 5066 1462 5128 conspectu
1494 5058 1615 5129 ejus
1643 5058 1762 5126 Dei,
1795 5059 1848 5114 id
1869 5069 1955 5116 est
1987 5075 2092 5117 con

515 5143 764 5200 siderans
812 5148 1216 5205 virtutem'Dei
1263 5159 1318 5206 et
1362 5139 1734 5208 inﬁrmitatem
1779 5169 1976 5223 suam;
2009 5171 2110 5211 nec

515 5237 840 5304 praedieator
883 5240 986 5294 sibi
1015 5255 1116 5294 nec
1154 5241 1358 5296 subditi
1397 5243 1674 5299 ascribant
1697 5245 1903 5314 aliquid
1933 5245 2109 5318 magi-

515 5329 665 5396 stris,
695 5331 800 5402 91
833 5332 928 5386 sed
977 5341 1150 5386 totum
1179 5334 1368 5403 gratiae
1406 5333 1519 5388 Dei.
1559 5334 1664 5390 Sed
1695 5337 1821 5391 licet
1845 5338 2108 5407 pradica-

519 5428 664 5478 tores
687 5425 840 5478 stulti
866 5433 1053 5480 essent
1091 5435 1144 5480 ct
1169 5427 1392 5494 inﬁrmi,
1421 5444 1508 5482 vos
1551 5441 1732 5484 tamen
1759 5431 1894 5485 nihil
1923 5429 2108 5484 minus

517 5529 738 5588 propter
767 5519 870 5575 hoc
893 5517 1162 5575 habuistis
1187 5539 1199 5574 :
1225 5522 1350 5574 estis
1380 5521 1526 5575 enim
1553 5521 1610 5575 in
1639 5521 1852 5577 Christo
1882 5521 2012 5577 Iesu
2039 5522 2108 5577 li—

519 5609 667 5666 deles
704 5591 854 5667 lacti.
909 5609 976 5665 Et
1017 5627 1142 5665 cum
1173 5619 1322 5666 tanta
1367 5612 1658 5668 inﬁrmitas
1688 5613 2107 5682 praedicatorum

521 5713 798 5772 appareat,
834 5721 934 5760 vos
983 5713 1164 5760 tamen
1217 5707 1351 5762 nihil
1392 5707 1576 5762 minus
1622 5707 1867 5774 habetis;
1897 5715 2112 5763 constat

2221 4523 2240 4558 ι
2284 4505 2592 4570 hominum,
2617 4519 2742 4574 quae
2769 4512 2900 4558 sunt
2925 4503 3188 4572 hominis,
3231 4503 3341 4560 nisi
3371 4505 3600 4575 spiritus
3632 4507 3836 4564 homi-

2221 4614 2238 4646 ε
2287 4595 2396 4660 nis,
2427 4593 2522 4665 qui
2570 4594 2628 4648 in
2650 4595 2770 4664 ipso
2795 4595 2916 4650 est?
2942 4593 3022 4650 Ita
3057 4603 3112 4651 et
3155 4611 3280 4666 qua:
3331 4595 3424 4650 Dei
3473 4607 3609 4652 sunt
3645 4615 3836 4656 nemo

2224 4705 2242 4740 ι
2287 4687 2564 4759 cognovit,
2591 4687 2700 4742 nisi
2726 4687 2966 4757 Spiritus
2987 4686 3105 4742 Dei.
3137 4685 3249 4744 Nos
3277 4700 3459 4744 autem
3503 4704 3616 4744 non
3653 4693 3840 4761 spiri-

2226 4799 2244 4831 ι
2285 4788 2404 4836 tum
2461 4779 2628 4850 hujus
2657 4779 2848 4836 mundi
2900 4780 3236 4850 accepimus,
3267 4781 3362 4835 sed
3394 4779 3666 4850 Spiritum
3727 4784 3840 4854 qui

2225 4891 2244 4924 ι
2289 4887 2358 4928 ex
2379 4872 2493 4928 Deo
2521 4880 2627 4940 est,
2652 4881 2714 4927 ut
2757 4872 3001 4928 sciamus
3041 4887 3166 4943 qua:
3193 4887 3223 4926 a
3265 4871 3376 4927 Deo
3421 4873 3626 4928 donata
3689 4886 3840 4930 sunt

2225 4983 2244 5018 ι
2289 4964 2470 5032 nobis,
2503 4979 2628 5034 quae
2653 4972 2710 5019 et
2743 4963 3044 5034 loquimur,
3081 4977 3190 5017 non
3239 4961 3296 5016 in
3333 4961 3512 5018 doctis
3553 4963 3840 5020 humanm

2225 5077 2244 5112 ι
2288 5057 2570 5128 sapientia:
2589 5057 2793 5123 verbis,
2823 5056 2920 5112 sed
2965 5057 3022 5111 in
3068 5055 3318 5111 doctrina
3345 5053 3606 5124 Spiritus,
3639 5056 3840 5126 spiri-

2223 5170 2242 5203 ι
2287 5149 2530 5206 tualibus
2564 5148 2874 5220 spiritualia
2893 5155 3294 5218 comparantes.
3329 5147 3598 5202 Animalis
3621 5157 3838 5204 autem

2223 5261 2244 5295 ι
2289 5242 2455 5296 homo
2481 5255 2593 5296 non
2649 5239 2882 5311 percipit
2926 5255 2991 5295 ea
3039 5253 3162 5310 quae
3207 5246 3336 5293 sunt
3381 5236 3622 5306 Spiritus
3669 5239 3838 5297 Dei:

2224 5354 2242 5386 ι
2290 5333 2520 5389 stultitia
2568 5332 2715 5388 enim
2752 5341 2837 5388 est
2861 5332 2962 5399 illi,
3007 5339 3062 5387 et
3094 5345 3204 5386 non
3245 5338 3426 5400 potest
3477 5329 3836 5402 intelligere,

2224 5444 2242 5476 ι
2289 5424 2418 5494 quia
2445 5424 2824 5496 ‘spiritualiter
2867 5420 3236 5478 examinatur.
3268 5416 3582 5490 Spiritualis
3617 5431 3840 5477 autem

2221 5537 2241 5570 ε
2283 5515 2496 5587 judicat
2523 5518 2710 5573 omnia
2757 5524 2812 5571 et
2839 5515 2957 5586 ipse
2986 5531 3017 5569 a
3067 5512 3286 5569 nemine
3327 5512 3631 5583 judicatur,
3667 5515 3844 5571 sicut

2224 5627 2241 5661 ι
2289 5609 2554 5679 scriptum
2579 5616 2702 5664 est:
2741 5627 2758 5659 ε
2804 5605 2942 5675 Quis
2980 5606 3128 5661 enim
3163 5605 3422 5675 cognovit
3443 5619 3674 5660 sensum
3707 5605 3842 5664 Do-

2224 5724 2242 5757 ι
2287 5704 2453 5770 mini,
2505 5711 2600 5758 aut
2653 5701 2780 5774 quis
2833 5709 3070 5776 instruat
3116 5697 3477 5770 eum?(lsai.
3536 5715 3645 5766 χι,
3719 5701 3836 5772 15;
