  <div class='ocr_page' id='page_1' title='image "/cluster/home/n/w/nwhite01/storage/ocr_20150623/153/hvd.32044015473812/072.png"; bbox 0 0 3978 6396; ppageno 0'>
   <div class='ocr_carea' id='block_1_1' title="bbox 147 318 248 375">
    <p class='ocr_par' dir='ltr' id='par_1_1' title="bbox 147 318 248 375">
     <span class='ocr_line' id='line_1_1' title="bbox 147 318 248 375; baseline -0.01 0"><span class='ocrx_word' id='word_1_1' title='bbox 147 318 248 375; x_wconf 74' lang='grc'><strong>155</strong></span> 
     </span>
    </p>
   </div>
   <div class='ocr_carea' id='block_1_2' title="bbox 781 301 2815 366">
    <p class='ocr_par' dir='ltr' id='par_1_2' title="bbox 781 301 2815 366">
     <span class='ocr_line' id='line_1_2' title="bbox 781 301 2815 366; baseline -0.003 0"><span class='ocrx_word' id='word_1_2' title='bbox 781 306 1151 366; x_wconf 82' lang='lat' dir='ltr'><strong>EXPOSITIO</strong></span> <span class='ocrx_word' id='word_1_3' title='bbox 1189 305 1256 362; x_wconf 84' lang='lat' dir='ltr'><strong>IN</strong></span> <span class='ocrx_word' id='word_1_4' title='bbox 1296 305 1681 362; x_wconf 84' lang='lat' dir='ltr'><strong>EPISTOLAS</strong></span> <span class='ocrx_word' id='word_1_5' title='bbox 1719 304 1948 364; x_wconf 75' lang='lat' dir='ltr'><strong>PAULI.</strong></span> <span class='ocrx_word' id='word_1_6' title='bbox 1989 335 2059 344; x_wconf 81' lang='lat'><strong>-</strong></span> <span class='ocrx_word' id='word_1_7' title='bbox 2098 305 2166 358; x_wconf 79' lang='lat' dir='ltr'><strong>IN</strong></span> <span class='ocrx_word' id='word_1_8' title='bbox 2206 303 2426 361; x_wconf 81' lang='lat' dir='ltr'><strong>EPIST.</strong></span> <span class='ocrx_word' id='word_1_9' title='bbox 2467 304 2490 359; x_wconf 80' lang='grc' dir='ltr'><strong>ι</strong></span> <span class='ocrx_word' id='word_1_10' title='bbox 2526 304 2619 359; x_wconf 81' lang='lat' dir='ltr'><strong>AD</strong></span> <span class='ocrx_word' id='word_1_11' title='bbox 2657 301 2815 362; x_wconf 70' lang='grc' dir='ltr'><strong>(ΞΟΠ.</strong></span> 
     </span>
    </p>
   </div>
   <div class='ocr_carea' id='block_1_3' title="bbox 3320 312 3425 368">
    <p class='ocr_par' dir='ltr' id='par_1_3' title="bbox 3320 312 3425 368">
     <span class='ocr_line' id='line_1_3' title="bbox 3320 312 3425 368; baseline 0 -1"><span class='ocrx_word' id='word_1_12' title='bbox 3320 312 3425 368; x_wconf 66' lang='grc'><strong>154</strong></span> 
     </span>
    </p>
   </div>
   <div class='ocr_carea' id='block_1_4' title="bbox 151 423 3424 501">
    <p class='ocr_par' dir='ltr' id='par_1_4' title="bbox 151 423 3424 501">
     <span class='ocr_line' id='line_1_4' title="bbox 151 423 3424 501; baseline 0.001 -15"><span class='ocrx_word' id='word_1_13' title='bbox 151 454 169 485; x_wconf 72' lang='grc' dir='ltr'><strong><em>ι</em></strong></span> <span class='ocrx_word' id='word_1_14' title='bbox 212 431 341 501; x_wconf 82' lang='lat' dir='ltr'><strong>Sap.</strong></span> <span class='ocrx_word' id='word_1_15' title='bbox 379 445 426 483; x_wconf 77' lang='lat' dir='ltr'><strong>ut</strong></span> <span class='ocrx_word' id='word_1_16' title='bbox 449 428 575 494; x_wconf 80' lang='lat' dir='ltr'><strong>,l5;</strong></span> <span class='ocrx_word' id='word_1_17' title='bbox 605 426 756 480; x_wconf 83' lang='lat' dir='ltr'><strong>Rom.</strong></span> <span class='ocrx_word' id='word_1_18' title='bbox 784 443 871 491; x_wconf 71' lang='grc' dir='ltr'><strong>χι,</strong></span> <span class='ocrx_word' id='word_1_19' title='bbox 904 427 1023 497; x_wconf 68' lang='grc'><strong>54.)</strong></span> <span class='ocrx_word' id='word_1_20' title='bbox 1095 444 1112 476; x_wconf 73' lang='grc' dir='ltr'><strong>ι</strong></span> <span class='ocrx_word' id='word_1_21' title='bbox 1150 423 1263 480; x_wconf 89' lang='lat' dir='ltr'><strong>Nos</strong></span> <span class='ocrx_word' id='word_1_22' title='bbox 1299 433 1480 480; x_wconf 85' lang='lat' dir='ltr'><strong>autem</strong></span> <span class='ocrx_word' id='word_1_23' title='bbox 1505 439 1728 480; x_wconf 86' lang='lat' dir='ltr'><strong>sensum</strong></span> <span class='ocrx_word' id='word_1_24' title='bbox 1762 429 1806 488; x_wconf 81' lang='grc' dir='ltr'><strong>Λ</strong></span> <span class='ocrx_word' id='word_1_25' title='bbox 1835 424 1972 478; x_wconf 88' lang='lat' dir='ltr'><strong>mini</strong></span> <span class='ocrx_word' id='word_1_26' title='bbox 2013 424 2120 479; x_wconf 84' lang='lat' dir='ltr'><strong>nisi</strong></span> <span class='ocrx_word' id='word_1_27' title='bbox 2177 425 2367 495; x_wconf 81' lang='lat' dir='ltr'><strong>paucis</strong></span> <span class='ocrx_word' id='word_1_28' title='bbox 2413 439 2511 496; x_wconf 85' lang='lat' dir='ltr'><strong>per</strong></span> <span class='ocrx_word' id='word_1_29' title='bbox 2550 423 2817 496; x_wconf 88' lang='lat' dir='ltr'><strong>Spiritum</strong></span> <span class='ocrx_word' id='word_1_30' title='bbox 2863 438 3112 484; x_wconf 70' lang='lat' dir='ltr'><strong>sanctum</strong></span> <span class='ocrx_word' id='word_1_31' title='bbox 3162 433 3424 488; x_wconf 88' lang='lat' dir='ltr'><strong>revelata.</strong></span> 
     </span>
    </p>
   </div>
   <div class='ocr_carea' id='block_1_5' title="bbox 149 521 802 580">
    <p class='ocr_par' dir='ltr' id='par_1_5' title="bbox 149 521 802 580">
     <span class='ocr_line' id='line_1_5' title="bbox 149 521 802 580; baseline -0.012 -1"><span class='ocrx_word' id='word_1_32' title='bbox 149 543 170 579; x_wconf 73' lang='grc' dir='ltr'>ι</span> <span class='ocrx_word' id='word_1_33' title='bbox 212 523 414 580; x_wconf 91' lang='lat' dir='ltr'><strong>Christi</strong></span> <span class='ocrx_word' id='word_1_34' title='bbox 445 521 733 576; x_wconf 84' lang='lat' dir='ltr'><strong>habemus.</strong></span> <span class='ocrx_word' id='word_1_35' title='bbox 783 538 802 570; x_wconf 76' lang='grc' dir='ltr'><strong><em>ι</em></strong></span> 
     </span>
    </p>
   </div>
   <div class='ocr_carea' id='block_1_6' title="bbox 775 622 1082 663">
    <p class='ocr_par' dir='ltr' id='par_1_6' title="bbox 775 622 1082 663">
     <span class='ocr_line' id='line_1_6' title="bbox 775 622 1082 663; baseline -0.013 0"><span class='ocrx_word' id='word_1_36' title='bbox 775 622 1082 663; x_wconf 62' lang='grc' dir='ltr'><strong>εςνοδιτιο.</strong></span> 
     </span>
    </p>
   </div>
   <div class='ocr_carea' id='block_1_7' title="bbox 211 693 1728 772">
    <p class='ocr_par' dir='ltr' id='par_1_7' title="bbox 211 693 1728 772">
     <span class='ocr_line' id='line_1_7' title="bbox 211 693 1728 772; baseline -0.008 -14"><span class='ocrx_word' id='word_1_37' title='bbox 211 702 332 758; x_wconf 63' lang='lat' dir='ltr'><strong>Divi</strong></span> <span class='ocrx_word' id='word_1_38' title='bbox 353 701 500 772; x_wconf 87' lang='lat' dir='ltr'><strong>quod</strong></span> <span class='ocrx_word' id='word_1_39' title='bbox 527 708 812 756; x_wconf 88' lang='lat' dir='ltr'><strong>vocatores</strong></span> <span class='ocrx_word' id='word_1_40' title='bbox 841 699 1011 754; x_wconf 79' lang='lat' dir='ltr'><strong>vestri</strong></span> <span class='ocrx_word' id='word_1_41' title='bbox 1046 697 1196 754; x_wconf 89' lang='lat' dir='ltr'><strong>stulti</strong></span> <span class='ocrx_word' id='word_1_42' title='bbox 1258 709 1313 752; x_wconf 88' lang='lat' dir='ltr'><strong>et</strong></span> <span class='ocrx_word' id='word_1_43' title='bbox 1343 693 1728 764; x_wconf 83' lang='lat' dir='ltr'><strong>contemptibi-</strong></span> 
     </span>
    </p>
   </div>
   <div class='ocr_carea' id='block_1_8' title="bbox 145 787 1730 860">
    <p class='ocr_par' dir='ltr' id='par_1_8' title="bbox 145 787 1730 860">
     <span class='ocr_line' id='line_1_8' title="bbox 145 787 1730 860; baseline -0.008 -10"><span class='ocrx_word' id='word_1_44' title='bbox 145 797 220 852; x_wconf 89' lang='lat' dir='ltr'><strong>les</strong></span> <span class='ocrx_word' id='word_1_45' title='bbox 240 794 503 849; x_wconf 82' lang='lat' dir='ltr'><strong>fuerunt:</strong></span> <span class='ocrx_word' id='word_1_46' title='bbox 534 800 589 846; x_wconf 86' lang='lat' dir='ltr'><strong>et</strong></span> <span class='ocrx_word' id='word_1_47' title='bbox 609 789 1074 860; x_wconf 85' lang='lat' dir='ltr'><strong>quemadmodum</strong></span> <span class='ocrx_word' id='word_1_48' title='bbox 1099 787 1201 855; x_wconf 92' lang='lat' dir='ltr'><strong>illi,</strong></span> <span class='ocrx_word' id='word_1_49' title='bbox 1234 787 1314 842; x_wconf 91' lang='lat' dir='ltr'><strong>sic</strong></span> <span class='ocrx_word' id='word_1_50' title='bbox 1343 803 1436 857; x_wconf 85' lang='lat' dir='ltr'><strong>ego</strong></span> <span class='ocrx_word' id='word_1_51' title='bbox 1469 788 1578 855; x_wconf 85' lang='lat' dir='ltr'><strong>ipse</strong></span> <span class='ocrx_word' id='word_1_52' title='bbox 1609 800 1730 837; x_wconf 86' lang='lat' dir='ltr'><strong>cum</strong></span> 
     </span>
    </p>
   </div>
   <div class='ocr_carea' id='block_1_9' title="bbox 146 875 1730 950">
    <p class='ocr_par' dir='ltr' id='par_1_9' title="bbox 146 875 1730 950">
     <span class='ocr_line' id='line_1_9' title="bbox 146 875 1730 950; baseline -0.009 -10"><span class='ocrx_word' id='word_1_53' title='bbox 146 888 391 941; x_wconf 70' lang='lat' dir='ltr'><strong>uenissem</strong></span> <span class='ocrx_word' id='word_1_54' title='bbox 423 884 492 936; x_wconf 88' lang='lat' dir='ltr'><strong>ad</strong></span> <span class='ocrx_word' id='word_1_55' title='bbox 508 898 619 946; x_wconf 80' lang='lat' dir='ltr'><strong>vos,</strong></span> <span class='ocrx_word' id='word_1_56' title='bbox 644 898 674 935; x_wconf 92' lang='grc' dir='ltr'><strong><em>ο</em></strong></span> <span class='ocrx_word' id='word_1_57' title='bbox 702 882 919 950; x_wconf 75' lang='lat' dir='ltr'><strong>fratres,</strong></span> <span class='ocrx_word' id='word_1_58' title='bbox 945 895 1050 932; x_wconf 89' lang='lat' dir='ltr'><strong>non</strong></span> <span class='ocrx_word' id='word_1_59' title='bbox 1077 880 1192 932; x_wconf 85' lang='lat' dir='ltr'><strong>veni</strong></span> <span class='ocrx_word' id='word_1_60' title='bbox 1228 893 1321 948; x_wconf 89' lang='lat' dir='ltr'><strong>per</strong></span> <span class='ocrx_word' id='word_1_61' title='bbox 1343 875 1730 930; x_wconf 76' lang='lat' dir='ltr'><strong>sublimitatem</strong></span> 
     </span>
    </p>
   </div>
   <div class='ocr_carea' id='block_1_10' title="bbox 145 967 1730 1042">
    <p class='ocr_par' dir='ltr' id='par_1_10' title="bbox 145 967 1730 1042">
     <span class='ocr_line' id='line_1_10' title="bbox 145 967 1730 1042; baseline -0.007 -10"><span class='ocrx_word' id='word_1_62' title='bbox 145 977 414 1042; x_wconf 73' lang='lat' dir='ltr'><strong>sermonis,</strong></span> <span class='ocrx_word' id='word_1_63' title='bbox 450 975 503 1030; x_wconf 89' lang='lat' dir='ltr'><strong>id</strong></span> <span class='ocrx_word' id='word_1_64' title='bbox 525 982 629 1040; x_wconf 88' lang='lat' dir='ltr'><strong>est,</strong></span> <span class='ocrx_word' id='word_1_65' title='bbox 659 974 918 1028; x_wconf 84' lang='lat' dir='ltr'><strong>laborans</strong></span> <span class='ocrx_word' id='word_1_66' title='bbox 973 971 1272 1026; x_wconf 89' lang='lat' dir='ltr'><strong>artiﬁciose</strong></span> <span class='ocrx_word' id='word_1_67' title='bbox 1320 969 1474 1039; x_wconf 82' lang='lat' dir='ltr'><strong>loqui</strong></span> <span class='ocrx_word' id='word_1_68' title='bbox 1503 986 1517 1022; x_wconf 90' lang='lat'><strong>:</strong></span> <span class='ocrx_word' id='word_1_69' title='bbox 1549 975 1604 1022; x_wconf 90' lang='lat' dir='ltr'><strong>et</strong></span> <span class='ocrx_word' id='word_1_70' title='bbox 1648 967 1730 1021; x_wconf 91' lang='lat' dir='ltr'><strong>uti</strong></span> 
     </span>
    </p>
   </div>
   <div class='ocr_carea' id='block_1_11' title="bbox 147 1058 1730 1138">
    <p class='ocr_par' dir='ltr' id='par_1_11' title="bbox 147 1058 1730 1138">
     <span class='ocr_line' id='line_1_11' title="bbox 147 1058 1730 1138; baseline -0.006 -16"><span class='ocrx_word' id='word_1_71' title='bbox 147 1065 394 1138; x_wconf 80' lang='lat' dir='ltr'><strong>gloriosis</strong></span> <span class='ocrx_word' id='word_1_72' title='bbox 445 1064 652 1132; x_wconf 62' lang='lat' dir='ltr'><strong>verbis,</strong></span> <span class='ocrx_word' id='word_1_73' title='bbox 683 1077 808 1118; x_wconf 89' lang='lat' dir='ltr'><strong>cum</strong></span> <span class='ocrx_word' id='word_1_74' title='bbox 862 1063 1055 1132; x_wconf 86' lang='lat' dir='ltr'><strong>utique</strong></span> <span class='ocrx_word' id='word_1_75' title='bbox 1094 1070 1318 1131; x_wconf 87' lang='lat' dir='ltr'><strong>propter</strong></span> <span class='ocrx_word' id='word_1_76' title='bbox 1355 1058 1730 1129; x_wconf 84' lang='lat' dir='ltr'><strong>insipientiam</strong></span> 
     </span>
    </p>
   </div>
   <div class='ocr_carea' id='block_1_12' title="bbox 145 1151 1728 1224">
    <p class='ocr_par' dir='ltr' id='par_1_12' title="bbox 145 1151 1728 1224">
     <span class='ocr_line' id='line_1_12' title="bbox 145 1151 1728 1224; baseline -0.006 -9"><span class='ocrx_word' id='word_1_77' title='bbox 145 1176 245 1216; x_wconf 89' lang='lat' dir='ltr'><strong>non</strong></span> <span class='ocrx_word' id='word_1_78' title='bbox 269 1156 491 1224; x_wconf 92' lang='lat' dir='ltr'><strong>dimisi;</strong></span> <span class='ocrx_word' id='word_1_79' title='bbox 510 1169 606 1211; x_wconf 85' lang='lat' dir='ltr'><strong>aut</strong></span> <span class='ocrx_word' id='word_1_80' title='bbox 620 1171 730 1210; x_wconf 89' lang='lat' dir='ltr'><strong>non</strong></span> <span class='ocrx_word' id='word_1_81' title='bbox 750 1154 872 1209; x_wconf 85' lang='lat' dir='ltr'><strong>veni</strong></span> <span class='ocrx_word' id='word_1_82' title='bbox 898 1169 996 1224; x_wconf 91' lang='lat' dir='ltr'><strong>per</strong></span> <span class='ocrx_word' id='word_1_83' title='bbox 1022 1153 1414 1208; x_wconf 82' lang='lat' dir='ltr'><strong>sublimitatem</strong></span> <span class='ocrx_word' id='word_1_84' title='bbox 1431 1151 1728 1221; x_wconf 66' lang='lat' dir='ltr'><strong>sapientiae,</strong></span> 
     </span>
    </p>
   </div>
   <div class='ocr_carea' id='block_1_13' title="bbox 143 1241 1726 1322">
    <p class='ocr_par' dir='ltr' id='par_1_13' title="bbox 143 1241 1726 1322">
     <span class='ocr_line' id='line_1_13' title="bbox 143 1241 1726 1322; baseline -0.007 -16"><span class='ocrx_word' id='word_1_85' title='bbox 143 1261 201 1306; x_wconf 88' lang='lat' dir='ltr'><strong>ut</strong></span> <span class='ocrx_word' id='word_1_86' title='bbox 240 1266 338 1322; x_wconf 88' lang='lat' dir='ltr'><strong>per</strong></span> <span class='ocrx_word' id='word_1_87' title='bbox 391 1248 734 1309; x_wconf 84' lang='lat' dir='ltr'><strong>mundanam</strong></span> <span class='ocrx_word' id='word_1_88' title='bbox 784 1244 1109 1314; x_wconf 84' lang='lat' dir='ltr'><strong>sapientiam</strong></span> <span class='ocrx_word' id='word_1_89' title='bbox 1138 1243 1296 1298; x_wconf 83' lang='lat' dir='ltr'><strong>vobis</strong></span> <span class='ocrx_word' id='word_1_90' title='bbox 1351 1241 1726 1313; x_wconf 63' lang='lat' dir='ltr'><strong>praedicarem.</strong></span> 
     </span>
    </p>
   </div>
   <div class='ocr_carea' id='block_1_14' title="bbox 147 1334 1732 1412">
    <p class='ocr_par' dir='ltr' id='par_1_14' title="bbox 147 1334 1732 1412">
     <span class='ocr_line' id='line_1_14' title="bbox 147 1334 1732 1412; baseline -0.007 -13"><span class='ocrx_word' id='word_1_91' title='bbox 147 1341 280 1399; x_wconf 76' lang='lat' dir='ltr'><strong>Sunt&#39;</strong></span> <span class='ocrx_word' id='word_1_92' title='bbox 305 1342 458 1398; x_wconf 89' lang='lat' dir='ltr'><strong>enim</strong></span> <span class='ocrx_word' id='word_1_93' title='bbox 500 1341 728 1412; x_wconf 89' lang='lat' dir='ltr'><strong>quidam</strong></span> <span class='ocrx_word' id='word_1_94' title='bbox 775 1337 869 1409; x_wconf 90' lang='lat' dir='ltr'><strong>qui</strong></span> <span class='ocrx_word' id='word_1_95' title='bbox 897 1338 1161 1394; x_wconf 88' lang='lat' dir='ltr'><strong>sublimes</strong></span> <span class='ocrx_word' id='word_1_96' title='bbox 1190 1334 1414 1408; x_wconf 86' lang='lat' dir='ltr'><strong>quidem</strong></span> <span class='ocrx_word' id='word_1_97' title='bbox 1448 1349 1732 1391; x_wconf 88' lang='lat' dir='ltr'><strong>sermones</strong></span> 
     </span>
    </p>
   </div>
   <div class='ocr_carea' id='block_1_15' title="bbox 146 1427 1731 1502">
    <p class='ocr_par' dir='ltr' id='par_1_15' title="bbox 146 1427 1731 1502">
     <span class='ocr_line' id='line_1_15' title="bbox 146 1427 1731 1502; baseline -0.005 -10"><span class='ocrx_word' id='word_1_98' title='bbox 146 1437 361 1502; x_wconf 84' lang='lat' dir='ltr'><strong>habent,</strong></span> <span class='ocrx_word' id='word_1_99' title='bbox 390 1450 500 1491; x_wconf 85' lang='lat' dir='ltr'><strong>nec</strong></span> <span class='ocrx_word' id='word_1_100' title='bbox 518 1443 704 1489; x_wconf 85' lang='lat' dir='ltr'><strong>tamen</strong></span> <span class='ocrx_word' id='word_1_101' title='bbox 730 1441 938 1488; x_wconf 90' lang='lat' dir='ltr'><strong>tantam</strong></span> <span class='ocrx_word' id='word_1_102' title='bbox 984 1431 1311 1501; x_wconf 88' lang='lat' dir='ltr'><strong>sapientiam</strong></span> <span class='ocrx_word' id='word_1_103' title='bbox 1337 1430 1493 1485; x_wconf 87' lang='lat' dir='ltr'><strong>artis.</strong></span> <span class='ocrx_word' id='word_1_104' title='bbox 1527 1427 1731 1484; x_wconf 90' lang='lat' dir='ltr'><strong>Iterum</strong></span> 
     </span>
    </p>
   </div>
   <div class='ocr_carea' id='block_1_16' title="bbox 146 1517 1733 1600">
    <p class='ocr_par' dir='ltr' id='par_1_16' title="bbox 146 1517 1733 1600">
     <span class='ocr_line' id='line_1_16' title="bbox 146 1517 1733 1600; baseline -0.005 -16"><span class='ocrx_word' id='word_1_105' title='bbox 146 1528 358 1600; x_wconf 87' lang='lat' dir='ltr'><strong>quidam</strong></span> <span class='ocrx_word' id='word_1_106' title='bbox 387 1517 872 1597; x_wconf 73' lang='lat' dir='ltr'><strong>sciunt&#39;praecepta</strong></span> <span class='ocrx_word' id='word_1_107' title='bbox 897 1523 1056 1591; x_wconf 88' lang='lat' dir='ltr'><strong>artis,</strong></span> <span class='ocrx_word' id='word_1_108' title='bbox 1097 1538 1208 1579; x_wconf 88' lang='lat' dir='ltr'><strong>non</strong></span> <span class='ocrx_word' id='word_1_109' title='bbox 1241 1532 1424 1578; x_wconf 88' lang='lat' dir='ltr'><strong>tamen</strong></span> <span class='ocrx_word' id='word_1_110' title='bbox 1466 1521 1603 1577; x_wconf 87' lang='lat' dir='ltr'><strong>satis</strong></span> <span class='ocrx_word' id='word_1_111' title='bbox 1632 1521 1733 1576; x_wconf 88' lang='lat' dir='ltr'><strong>ha-</strong></span> 
     </span>
    </p>
   </div>
   <div class='ocr_carea' id='block_1_17' title="bbox 145 1613 1732 1688">
    <p class='ocr_par' dir='ltr' id='par_1_17' title="bbox 145 1613 1732 1688">
     <span class='ocr_line' id='line_1_17' title="bbox 145 1613 1732 1688; baseline -0.005 -12"><span class='ocrx_word' id='word_1_112' title='bbox 145 1621 327 1676; x_wconf 87' lang='lat' dir='ltr'><strong>bentes</strong></span> <span class='ocrx_word' id='word_1_113' title='bbox 371 1620 592 1675; x_wconf 85' lang='lat' dir='ltr'><strong>artiﬁcii</strong></span> <span class='ocrx_word' id='word_1_114' title='bbox 625 1618 940 1674; x_wconf 89' lang='lat' dir='ltr'><strong>locutionis.</strong></span> <span class='ocrx_word' id='word_1_115' title='bbox 978 1616 1114 1688; x_wconf 84' lang='lat' dir='ltr'><strong>Ego,</strong></span> <span class='ocrx_word' id='word_1_116' title='bbox 1140 1616 1388 1687; x_wconf 91' lang='lat' dir='ltr'><strong>inquam,</strong></span> <span class='ocrx_word' id='word_1_117' title='bbox 1426 1629 1522 1685; x_wconf 88' lang='lat' dir='ltr'><strong>per</strong></span> <span class='ocrx_word' id='word_1_118' title='bbox 1557 1613 1732 1670; x_wconf 90' lang='lat' dir='ltr'><strong>subli-</strong></span> 
     </span>
    </p>
   </div>
   <div class='ocr_carea' id='block_1_18' title="bbox 149 1705 1732 1779">
    <p class='ocr_par' dir='ltr' id='par_1_18' title="bbox 149 1705 1732 1779">
     <span class='ocr_line' id='line_1_18' title="bbox 149 1705 1732 1779; baseline -0.006 -12"><span class='ocrx_word' id='word_1_119' title='bbox 149 1712 382 1767; x_wconf 80' lang='lat' dir='ltr'><strong>mitatem</strong></span> <span class='ocrx_word' id='word_1_120' title='bbox 433 1709 709 1765; x_wconf 86' lang='lat' dir='ltr'><strong>sermonis</strong></span> <span class='ocrx_word' id='word_1_121' title='bbox 737 1717 835 1763; x_wconf 90' lang='lat' dir='ltr'><strong>aut</strong></span> <span class='ocrx_word' id='word_1_122' title='bbox 883 1707 1164 1779; x_wconf 80' lang='lat' dir='ltr'><strong>sapientiae</strong></span> <span class='ocrx_word' id='word_1_123' title='bbox 1194 1721 1305 1762; x_wconf 90' lang='lat' dir='ltr'><strong>non</strong></span> <span class='ocrx_word' id='word_1_124' title='bbox 1357 1705 1482 1760; x_wconf 84' lang='lat' dir='ltr'><strong>veni</strong></span> <span class='ocrx_word' id='word_1_125' title='bbox 1523 1721 1732 1758; x_wconf 88' lang='lat' dir='ltr'><strong>annun-</strong></span> 
     </span>
    </p>
   </div>
   <div class='ocr_carea' id='block_1_19' title="bbox 151 1797 1731 1872">
    <p class='ocr_par' dir='ltr' id='par_1_19' title="bbox 151 1797 1731 1872">
     <span class='ocr_line' id='line_1_19' title="bbox 151 1797 1731 1872; baseline -0.003 -15"><span class='ocrx_word' id='word_1_126' title='bbox 151 1807 279 1858; x_wconf 86' lang='lat' dir='ltr'><strong>tians</strong></span> <span class='ocrx_word' id='word_1_127' title='bbox 321 1803 473 1857; x_wconf 69' lang='lat' dir='ltr'><strong>vobis</strong></span> <span class='ocrx_word' id='word_1_128' title='bbox 497 1801 813 1858; x_wconf 86' lang='lat' dir='ltr'><strong>Christum:</strong></span> <span class='ocrx_word' id='word_1_129' title='bbox 836 1810 891 1856; x_wconf 90' lang='lat' dir='ltr'><strong>et</strong></span> <span class='ocrx_word' id='word_1_130' title='bbox 912 1802 1020 1857; x_wconf 88' lang='lat' dir='ltr'><strong>hoc</strong></span> <span class='ocrx_word' id='word_1_131' title='bbox 1049 1813 1146 1872; x_wconf 84' lang='lat' dir='ltr'><strong>per</strong></span> <span class='ocrx_word' id='word_1_132' title='bbox 1171 1798 1571 1866; x_wconf 89' lang='lat' dir='ltr'><strong>testimonium,</strong></span> <span class='ocrx_word' id='word_1_133' title='bbox 1600 1797 1731 1869; x_wconf 91' lang='lat' dir='ltr'><strong>quia</strong></span> 
     </span>
    </p>
   </div>
   <div class='ocr_carea' id='block_1_20' title="bbox 149 1889 1732 1966">
    <p class='ocr_par' dir='ltr' id='par_1_20' title="bbox 149 1889 1732 1966">
     <span class='ocr_line' id='line_1_20' title="bbox 149 1889 1732 1966; baseline -0.004 -16"><span class='ocrx_word' id='word_1_134' title='bbox 149 1895 282 1966; x_wconf 86' lang='lat' dir='ltr'><strong>quod</strong></span> <span class='ocrx_word' id='word_1_135' title='bbox 310 1895 379 1950; x_wconf 89' lang='lat' dir='ltr'><strong>de</strong></span> <span class='ocrx_word' id='word_1_136' title='bbox 411 1892 642 1949; x_wconf 88' lang='lat' dir='ltr'><strong>Christo</strong></span> <span class='ocrx_word' id='word_1_137' title='bbox 687 1891 960 1960; x_wconf 88' lang='lat' dir='ltr'><strong>dicebam,</strong></span> <span class='ocrx_word' id='word_1_138' title='bbox 1005 1892 1089 1947; x_wconf 88' lang='lat' dir='ltr'><strong>sic</strong></span> <span class='ocrx_word' id='word_1_139' title='bbox 1116 1891 1469 1947; x_wconf 89' lang='lat' dir='ltr'><strong>testiﬁcatum</strong></span> <span class='ocrx_word' id='word_1_140' title='bbox 1513 1889 1569 1944; x_wconf 91' lang='lat' dir='ltr'><strong>in</strong></span> <span class='ocrx_word' id='word_1_141' title='bbox 1603 1905 1732 1961; x_wconf 88' lang='lat' dir='ltr'><strong>pro-</strong></span> 
     </span>
    </p>
   </div>
   <div class='ocr_carea' id='block_1_21' title="bbox 149 1982 1733 2056">
    <p class='ocr_par' dir='ltr' id='par_1_21' title="bbox 149 1982 1733 2056">
     <span class='ocr_line' id='line_1_21' title="bbox 149 1982 1733 2056; baseline -0.003 -16"><span class='ocrx_word' id='word_1_142' title='bbox 149 1987 314 2056; x_wconf 84' lang='lat' dir='ltr'><strong>phetis</strong></span> <span class='ocrx_word' id='word_1_143' title='bbox 336 1985 726 2041; x_wconf 89' lang='lat' dir='ltr'><strong>ostendebam.</strong></span> <span class='ocrx_word' id='word_1_144' title='bbox 758 1982 899 2038; x_wconf 84' lang='lat' dir='ltr'><strong>Vere</strong></span> <span class='ocrx_word' id='word_1_145' title='bbox 919 1999 1030 2038; x_wconf 90' lang='lat' dir='ltr'><strong>non</strong></span> <span class='ocrx_word' id='word_1_146' title='bbox 1077 1983 1132 2038; x_wconf 90' lang='lat' dir='ltr'><strong>in</strong></span> <span class='ocrx_word' id='word_1_147' title='bbox 1158 1983 1496 2038; x_wconf 83' lang='lat' dir='ltr'><strong>sublimitate</strong></span> <span class='ocrx_word' id='word_1_148' title='bbox 1519 1997 1733 2038; x_wconf 87' lang='lat' dir='ltr'><strong>sermo-</strong></span> 
     </span>
    </p>
   </div>
   <div class='ocr_carea' id='block_1_22' title="bbox 150 2073 1734 2147">
    <p class='ocr_par' dir='ltr' id='par_1_22' title="bbox 150 2073 1734 2147">
     <span class='ocr_line' id='line_1_22' title="bbox 150 2073 1734 2147; baseline -0.003 -16"><span class='ocrx_word' id='word_1_149' title='bbox 150 2077 225 2132; x_wconf 88' lang='lat' dir='ltr'><strong>nis</strong></span> <span class='ocrx_word' id='word_1_150' title='bbox 243 2085 335 2132; x_wconf 88' lang='lat' dir='ltr'><strong>aut</strong></span> <span class='ocrx_word' id='word_1_151' title='bbox 354 2076 648 2147; x_wconf 69' lang='lat' dir='ltr'><strong>sapientia:</strong></span> <span class='ocrx_word' id='word_1_152' title='bbox 677 2074 968 2146; x_wconf 63' lang='lat' dir='ltr'><strong>praedicavi</strong></span> <span class='ocrx_word' id='word_1_153' title='bbox 997 2093 1010 2129; x_wconf 91' lang='lat'>:</span> <span class='ocrx_word' id='word_1_154' title='bbox 1035 2074 1146 2145; x_wconf 73' lang='lat'><strong>92</strong></span> <span class='ocrx_word' id='word_1_155' title='bbox 1182 2090 1287 2128; x_wconf 89' lang='lat' dir='ltr'><strong>non</strong></span> <span class='ocrx_word' id='word_1_156' title='bbox 1313 2075 1454 2128; x_wconf 89' lang='lat' dir='ltr'><strong>enim</strong></span> <span class='ocrx_word' id='word_1_157' title='bbox 1486 2073 1734 2144; x_wconf 86' lang='lat' dir='ltr'><strong>judicavi</strong></span> 
     </span>
    </p>
   </div>
   <div class='ocr_carea' id='block_1_23' title="bbox 152 2164 1733 2237">
    <p class='ocr_par' dir='ltr' id='par_1_23' title="bbox 152 2164 1733 2237">
     <span class='ocr_line' id='line_1_23' title="bbox 152 2164 1733 2237; baseline 0 -18"><span class='ocrx_word' id='word_1_158' title='bbox 152 2184 222 2220; x_wconf 83' lang='lat' dir='ltr'><strong>me</strong></span> <span class='ocrx_word' id='word_1_159' title='bbox 249 2168 384 2221; x_wconf 84' lang='lat' dir='ltr'><strong>scire</strong></span> <span class='ocrx_word' id='word_1_160' title='bbox 410 2166 621 2237; x_wconf 82' lang='lat' dir='ltr'><strong>aliquid</strong></span> <span class='ocrx_word' id='word_1_161' title='bbox 654 2167 795 2220; x_wconf 84' lang='lat' dir='ltr'><strong>inter</strong></span> <span class='ocrx_word' id='word_1_162' title='bbox 813 2182 923 2233; x_wconf 80' lang='lat' dir='ltr'><strong>vos,</strong></span> <span class='ocrx_word' id='word_1_163' title='bbox 940 2181 1064 2222; x_wconf 90' lang='lat' dir='ltr'><strong>cum</strong></span> <span class='ocrx_word' id='word_1_164' title='bbox 1099 2165 1288 2234; x_wconf 81' lang='lat' dir='ltr'><strong>utique</strong></span> <span class='ocrx_word' id='word_1_165' title='bbox 1315 2164 1488 2219; x_wconf 91' lang='lat' dir='ltr'><strong>multa</strong></span> <span class='ocrx_word' id='word_1_166' title='bbox 1513 2164 1733 2232; x_wconf 84' lang='lat' dir='ltr'><strong>scirem,</strong></span> 
     </span>
    </p>
   </div>
   <div class='ocr_carea' id='block_1_24' title="bbox 153 2252 1735 2322">
    <p class='ocr_par' dir='ltr' id='par_1_24' title="bbox 153 2252 1735 2322">
     <span class='ocr_line' id='line_1_24' title="bbox 153 2252 1735 2322; baseline 0 -14"><span class='ocrx_word' id='word_1_167' title='bbox 153 2256 239 2308; x_wconf 84' lang='lat' dir='ltr'><strong>nisi</strong></span> <span class='ocrx_word' id='word_1_168' title='bbox 265 2255 544 2311; x_wconf 81' lang='lat' dir='ltr'><strong>Christum</strong></span> <span class='ocrx_word' id='word_1_169' title='bbox 571 2253 778 2322; x_wconf 73' lang='lat' dir='ltr'><strong>Iesum,</strong></span> <span class='ocrx_word' id='word_1_170' title='bbox 825 2263 876 2310; x_wconf 86' lang='lat' dir='ltr'><strong>et</strong></span> <span class='ocrx_word' id='word_1_171' title='bbox 910 2254 1048 2308; x_wconf 90' lang='lat' dir='ltr'><strong>hunc</strong></span> <span class='ocrx_word' id='word_1_172' title='bbox 1093 2252 1396 2310; x_wconf 87' lang='lat' dir='ltr'><strong>secundum</strong></span> <span class='ocrx_word' id='word_1_173' title='bbox 1443 2255 1735 2310; x_wconf 79' lang='lat' dir='ltr'><strong>stultitiam</strong></span> 
     </span>
    </p>
   </div>
   <div class='ocr_carea' id='block_1_25' title="bbox 156 2333 1734 2417">
    <p class='ocr_par' dir='ltr' id='par_1_25' title="bbox 156 2333 1734 2417">
     <span class='ocr_line' id='line_1_25' title="bbox 156 2333 1734 2417; baseline -0.002 -16"><span class='ocrx_word' id='word_1_174' title='bbox 156 2349 376 2417; x_wconf 80' lang='lat' dir='ltr'><strong>gentium</strong></span> <span class='ocrx_word' id='word_1_175' title='bbox 409 2357 471 2402; x_wconf 87' lang='lat' dir='ltr'><strong>et</strong></span> <span class='ocrx_word' id='word_1_176' title='bbox 501 2333 877 2402; x_wconf 84' lang='lat' dir='ltr'><strong>inﬁrmitatem</strong></span> <span class='ocrx_word' id='word_1_177' title='bbox 907 2345 1223 2401; x_wconf 71' lang='lat' dir='ltr'><strong>Iudaeorum</strong></span> <span class='ocrx_word' id='word_1_178' title='bbox 1251 2347 1589 2416; x_wconf 73' lang='lat' dir='ltr'><strong>cruciﬁxum.</strong></span> <span class='ocrx_word' id='word_1_179' title='bbox 1614 2343 1734 2398; x_wconf 87' lang='lat' dir='ltr'><strong>Non</strong></span> 
     </span>
    </p>
   </div>
   <div class='ocr_carea' id='block_1_26' title="bbox 155 2437 1736 2510">
    <p class='ocr_par' dir='ltr' id='par_1_26' title="bbox 155 2437 1736 2510">
     <span class='ocr_line' id='line_1_26' title="bbox 155 2437 1736 2510; baseline -0.001 -18"><span class='ocrx_word' id='word_1_180' title='bbox 155 2441 279 2495; x_wconf 86' lang='lat' dir='ltr'><strong>enim</strong></span> <span class='ocrx_word' id='word_1_181' title='bbox 303 2441 527 2510; x_wconf 72' lang='lat' dir='ltr'><strong>praetuli</strong></span> <span class='ocrx_word' id='word_1_182' title='bbox 575 2455 662 2495; x_wconf 91' lang='lat' dir='ltr'><strong>me</strong></span> <span class='ocrx_word' id='word_1_183' title='bbox 692 2440 817 2494; x_wconf 89' lang='lat' dir='ltr'><strong>aliis</strong></span> <span class='ocrx_word' id='word_1_184' title='bbox 845 2437 1296 2510; x_wconf 62' lang='lat' dir='ltr'><strong>praedicatoribus</strong></span> <span class='ocrx_word' id='word_1_185' title='bbox 1335 2453 1436 2508; x_wconf 91' lang='lat' dir='ltr'><strong>pro</strong></span> <span class='ocrx_word' id='word_1_186' title='bbox 1470 2437 1736 2508; x_wconf 86' lang='lat' dir='ltr'><strong>sapientia</strong></span> 
     </span>
    </p>
   </div>
   <div class='ocr_carea' id='block_1_27' title="bbox 157 2528 1737 2604">
    <p class='ocr_par' dir='ltr' id='par_1_27' title="bbox 157 2528 1737 2604">
     <span class='ocr_line' id='line_1_27' title="bbox 157 2528 1737 2604; baseline -0.001 -18"><span class='ocrx_word' id='word_1_187' title='bbox 157 2534 322 2588; x_wconf 87' lang='lat' dir='ltr'><strong>mundi</strong></span> <span class='ocrx_word' id='word_1_188' title='bbox 342 2549 520 2604; x_wconf 90' lang='lat' dir='ltr'><strong>quam</strong></span> <span class='ocrx_word' id='word_1_189' title='bbox 556 2533 886 2598; x_wconf 88' lang='lat' dir='ltr'><strong>habueram;</strong></span> <span class='ocrx_word' id='word_1_190' title='bbox 916 2531 1011 2586; x_wconf 91' lang='lat' dir='ltr'><strong>sed</strong></span> <span class='ocrx_word' id='word_1_191' title='bbox 1037 2531 1289 2586; x_wconf 87' lang='lat' dir='ltr'><strong>eamdem</strong></span> <span class='ocrx_word' id='word_1_192' title='bbox 1331 2529 1617 2584; x_wconf 82' lang='lat' dir='ltr'><strong>stultitiam</strong></span> <span class='ocrx_word' id='word_1_193' title='bbox 1636 2571 1650 2594; x_wconf 94' lang='lat'><strong>,</strong></span> <span class='ocrx_word' id='word_1_194' title='bbox 1682 2528 1737 2584; x_wconf 92' lang='lat' dir='ltr'><strong>id</strong></span> 
     </span>
    </p>
   </div>
   <div class='ocr_carea' id='block_1_28' title="bbox 158 2621 1733 2695">
    <p class='ocr_par' dir='ltr' id='par_1_28' title="bbox 158 2621 1733 2695">
     <span class='ocr_line' id='line_1_28' title="bbox 158 2621 1733 2695; baseline 0 -19"><span class='ocrx_word' id='word_1_195' title='bbox 158 2635 227 2678; x_wconf 80' lang='lat' dir='ltr'><strong>est</strong></span> <span class='ocrx_word' id='word_1_196' title='bbox 259 2641 480 2680; x_wconf 88' lang='lat' dir='ltr'><strong>crucem</strong></span> <span class='ocrx_word' id='word_1_197' title='bbox 509 2623 716 2680; x_wconf 86' lang='lat' dir='ltr'><strong>Christi</strong></span> <span class='ocrx_word' id='word_1_198' title='bbox 754 2622 1068 2695; x_wconf 68' lang='lat' dir='ltr'><strong>praedicavi,</strong></span> <span class='ocrx_word' id='word_1_199' title='bbox 1107 2621 1568 2693; x_wconf 89' lang='lat' dir='ltr'><strong>quemadmodum</strong></span> <span class='ocrx_word' id='word_1_200' title='bbox 1607 2621 1685 2675; x_wconf 91' lang='lat' dir='ltr'><strong>illi</strong></span> <span class='ocrx_word' id='word_1_201' title='bbox 1718 2638 1733 2676; x_wconf 89' lang='lat'><strong>:</strong></span> 
     </span>
    </p>
   </div>
   <div class='ocr_carea' id='block_1_29' title="bbox 161 2712 1734 2784">
    <p class='ocr_par' dir='ltr' id='par_1_29' title="bbox 161 2712 1734 2784">
     <span class='ocr_line' id='line_1_29' title="bbox 161 2712 1734 2784; baseline -0.004 -11"><span class='ocrx_word' id='word_1_202' title='bbox 161 2732 240 2784; x_wconf 79' lang='lat' dir='ltr'><strong>per</strong></span> <span class='ocrx_word' id='word_1_203' title='bbox 275 2716 674 2772; x_wconf 88' lang='lat' dir='ltr'><strong>sublimitatem</strong></span> <span class='ocrx_word' id='word_1_204' title='bbox 713 2715 990 2770; x_wconf 90' lang='lat' dir='ltr'><strong>sermonis</strong></span> <span class='ocrx_word' id='word_1_205' title='bbox 1023 2723 1076 2770; x_wconf 89' lang='lat' dir='ltr'><strong>et</strong></span> <span class='ocrx_word' id='word_1_206' title='bbox 1123 2713 1406 2784; x_wconf 69' lang='lat' dir='ltr'><strong>sapientia:</strong></span> <span class='ocrx_word' id='word_1_207' title='bbox 1452 2728 1558 2768; x_wconf 91' lang='lat' dir='ltr'><strong>non</strong></span> <span class='ocrx_word' id='word_1_208' title='bbox 1591 2712 1734 2778; x_wconf 87' lang='lat' dir='ltr'><strong>veni,</strong></span> 
     </span>
    </p>
   </div>
   <div class='ocr_carea' id='block_1_30' title="bbox 166 2805 1735 2879">
    <p class='ocr_par' dir='ltr' id='par_1_30' title="bbox 166 2805 1735 2879">
     <span class='ocr_line' id='line_1_30' title="bbox 166 2805 1735 2879; baseline -0.003 -17"><span class='ocrx_word' id='word_1_209' title='bbox 166 2824 250 2862; x_wconf 86' lang='lat' dir='ltr'><strong>nec</strong></span> <span class='ocrx_word' id='word_1_210' title='bbox 272 2810 430 2864; x_wconf 86' lang='lat' dir='ltr'><strong>etiam</strong></span> <span class='ocrx_word' id='word_1_211' title='bbox 470 2825 570 2879; x_wconf 84' lang='lat' dir='ltr'><strong>per</strong></span> <span class='ocrx_word' id='word_1_212' title='bbox 621 2808 983 2864; x_wconf 84' lang='lat' dir='ltr'><strong>reverentiam</strong></span> <span class='ocrx_word' id='word_1_213' title='bbox 1033 2821 1312 2878; x_wconf 63' lang='lat' dir='ltr'><strong>personae;</strong></span> <span class='ocrx_word' id='word_1_214' title='bbox 1377 2806 1472 2861; x_wconf 91' lang='lat' dir='ltr'><strong>sed</strong></span> <span class='ocrx_word' id='word_1_215' title='bbox 1523 2821 1616 2875; x_wconf 83' lang='lat' dir='ltr'><strong>ego</strong></span> <span class='ocrx_word' id='word_1_216' title='bbox 1655 2805 1735 2875; x_wconf 79' lang='lat' dir='ltr'><strong>fui</strong></span> 
     </span>
    </p>
   </div>
   <div class='ocr_carea' id='block_1_31' title="bbox 161 2897 1733 2971">
    <p class='ocr_par' dir='ltr' id='par_1_31' title="bbox 161 2897 1733 2971">
     <span class='ocr_line' id='line_1_31' title="bbox 161 2897 1733 2971; baseline 0 -19"><span class='ocrx_word' id='word_1_217' title='bbox 161 2901 281 2970; x_wconf 74' lang='lat' dir='ltr'><strong>apud</strong></span> <span class='ocrx_word' id='word_1_218' title='bbox 298 2918 380 2956; x_wconf 74' lang='lat' dir='ltr'><strong>eos</strong></span> <span class='ocrx_word' id='word_1_219' title='bbox 416 2901 479 2955; x_wconf 89' lang='lat' dir='ltr'><strong>in</strong></span> <span class='ocrx_word' id='word_1_220' title='bbox 507 2901 846 2970; x_wconf 77' lang='lat' dir='ltr'><strong>inﬁrmitate,</strong></span> <span class='ocrx_word' id='word_1_221' title='bbox 877 2900 930 2955; x_wconf 92' lang='lat' dir='ltr'><strong>id</strong></span> <span class='ocrx_word' id='word_1_222' title='bbox 953 2908 1040 2971; x_wconf 85' lang='lat' dir='ltr'><strong>est</strong></span> <span class='ocrx_word' id='word_1_223' title='bbox 1073 2900 1126 2954; x_wconf 92' lang='lat' dir='ltr'><strong>in</strong></span> <span class='ocrx_word' id='word_1_224' title='bbox 1155 2899 1328 2954; x_wconf 89' lang='lat' dir='ltr'><strong>multa</strong></span> <span class='ocrx_word' id='word_1_225' title='bbox 1362 2897 1733 2965; x_wconf 87' lang='lat' dir='ltr'><strong>tribulatione,</strong></span> 
     </span>
    </p>
   </div>
   <div class='ocr_carea' id='block_1_32' title="bbox 162 2988 1737 3063">
    <p class='ocr_par' dir='ltr' id='par_1_32' title="bbox 162 2988 1737 3063">
     <span class='ocr_line' id='line_1_32' title="bbox 162 2988 1737 3063; baseline 0 -19"><span class='ocrx_word' id='word_1_226' title='bbox 162 3002 207 3046; x_wconf 89' lang='lat' dir='ltr'><strong>et</strong></span> <span class='ocrx_word' id='word_1_227' title='bbox 226 3001 446 3063; x_wconf 83' lang='lat' dir='ltr'><strong>propter</strong></span> <span class='ocrx_word' id='word_1_228' title='bbox 487 2991 633 3047; x_wconf 88' lang='lat' dir='ltr'><strong>hanc</strong></span> <span class='ocrx_word' id='word_1_229' title='bbox 687 2991 1060 3051; x_wconf 79' lang='lat' dir='ltr'><strong>inﬁrmitatem</strong></span> <span class='ocrx_word' id='word_1_230' title='bbox 1105 2991 1184 3045; x_wconf 81' lang='lat' dir='ltr'><strong>fui</strong></span> <span class='ocrx_word' id='word_1_231' title='bbox 1223 2991 1280 3045; x_wconf 90' lang='lat' dir='ltr'><strong>in</strong></span> <span class='ocrx_word' id='word_1_232' title='bbox 1322 2990 1511 3045; x_wconf 87' lang='lat' dir='ltr'><strong>timore</strong></span> <span class='ocrx_word' id='word_1_233' title='bbox 1544 2988 1642 3046; x_wconf 90' lang='lat' dir='ltr'><strong>Dei</strong></span> <span class='ocrx_word' id='word_1_234' title='bbox 1682 2996 1737 3045; x_wconf 88' lang='lat' dir='ltr'><strong>et</strong></span> 
     </span>
    </p>
   </div>
   <div class='ocr_carea' id='block_1_33' title="bbox 164 3081 1730 3154">
    <p class='ocr_par' dir='ltr' id='par_1_33' title="bbox 164 3081 1730 3154">
     <span class='ocr_line' id='line_1_33' title="bbox 164 3081 1730 3154; baseline 0 -19"><span class='ocrx_word' id='word_1_235' title='bbox 164 3094 351 3139; x_wconf 80' lang='lat' dir='ltr'><strong>tremore</strong></span> <span class='ocrx_word' id='word_1_236' title='bbox 406 3083 684 3154; x_wconf 87' lang='lat' dir='ltr'><strong>corporis.</strong></span> <span class='ocrx_word' id='word_1_237' title='bbox 753 3081 819 3138; x_wconf 87' lang='lat' dir='ltr'><strong>Et</strong></span> <span class='ocrx_word' id='word_1_238' title='bbox 878 3083 1006 3139; x_wconf 85' lang='lat' dir='ltr'><strong>licet</strong></span> <span class='ocrx_word' id='word_1_239' title='bbox 1059 3083 1178 3139; x_wconf 67' lang='lat' dir='ltr'><strong>haec</strong></span> <span class='ocrx_word' id='word_1_240' title='bbox 1238 3081 1425 3138; x_wconf 88' lang='lat' dir='ltr'><strong>omnia</strong></span> <span class='ocrx_word' id='word_1_241' title='bbox 1486 3089 1730 3152; x_wconf 89' lang='lat' dir='ltr'><strong>paterer,</strong></span> 
     </span>
    </p>
   </div>
   <div class='ocr_carea' id='block_1_34' title="bbox 164 3172 1734 3246">
    <p class='ocr_par' dir='ltr' id='par_1_34' title="bbox 164 3172 1734 3246">
     <span class='ocr_line' id='line_1_34' title="bbox 164 3172 1734 3246; baseline -0.002 -17"><span class='ocrx_word' id='word_1_242' title='bbox 164 3184 310 3230; x_wconf 84' lang='lat' dir='ltr'><strong>tamen</strong></span> <span class='ocrx_word' id='word_1_243' title='bbox 353 3192 540 3231; x_wconf 82' lang='lat' dir='ltr'><strong>sermo</strong></span> <span class='ocrx_word' id='word_1_244' title='bbox 581 3191 724 3230; x_wconf 88' lang='lat' dir='ltr'><strong>meus</strong></span> <span class='ocrx_word' id='word_1_245' title='bbox 776 3189 940 3246; x_wconf 89' lang='lat' dir='ltr'><strong>quem</strong></span> <span class='ocrx_word' id='word_1_246' title='bbox 991 3175 1261 3230; x_wconf 87' lang='lat' dir='ltr'><strong>habebam</strong></span> <span class='ocrx_word' id='word_1_247' title='bbox 1316 3173 1370 3228; x_wconf 91' lang='lat' dir='ltr'><strong>in</strong></span> <span class='ocrx_word' id='word_1_248' title='bbox 1394 3172 1643 3244; x_wconf 86' lang='lat' dir='ltr'><strong>privatis,</strong></span> <span class='ocrx_word' id='word_1_249' title='bbox 1680 3180 1734 3226; x_wconf 92' lang='lat' dir='ltr'><strong>et</strong></span> 
     </span>
    </p>
   </div>
   <div class='ocr_carea' id='block_1_35' title="bbox 161 3265 1736 3340">
    <p class='ocr_par' dir='ltr' id='par_1_35' title="bbox 161 3265 1736 3340">
     <span class='ocr_line' id='line_1_35' title="bbox 161 3265 1736 3340; baseline -0.002 -20"><span class='ocrx_word' id='word_1_250' title='bbox 161 3269 460 3335; x_wconf 72' lang='lat' dir='ltr'><strong>pradicatio</strong></span> <span class='ocrx_word' id='word_1_251' title='bbox 487 3284 605 3322; x_wconf 86' lang='lat' dir='ltr'><strong>mea</strong></span> <span class='ocrx_word' id='word_1_252' title='bbox 657 3268 710 3323; x_wconf 91' lang='lat' dir='ltr'><strong>in</strong></span> <span class='ocrx_word' id='word_1_253' title='bbox 748 3267 968 3340; x_wconf 84' lang='lat' dir='ltr'><strong>publico</strong></span> <span class='ocrx_word' id='word_1_254' title='bbox 1011 3266 1198 3322; x_wconf 89' lang='lat' dir='ltr'><strong>habita</strong></span> <span class='ocrx_word' id='word_1_255' title='bbox 1229 3281 1336 3319; x_wconf 90' lang='lat' dir='ltr'><strong>non</strong></span> <span class='ocrx_word' id='word_1_256' title='bbox 1373 3265 1476 3336; x_wconf 84' lang='lat' dir='ltr'><strong>fuit</strong></span> <span class='ocrx_word' id='word_1_257' title='bbox 1518 3265 1575 3318; x_wconf 90' lang='lat' dir='ltr'><strong>in</strong></span> <span class='ocrx_word' id='word_1_258' title='bbox 1611 3281 1736 3334; x_wconf 69' lang='grc' dir='ltr'><strong>ριν-ι</strong></span> 
     </span>
    </p>
   </div>
   <div class='ocr_carea' id='block_1_36' title="bbox 160 3356 1734 3429">
    <p class='ocr_par' dir='ltr' id='par_1_36' title="bbox 160 3356 1734 3429">
     <span class='ocr_line' id='line_1_36' title="bbox 160 3356 1734 3429; baseline 0.001 -19"><span class='ocrx_word' id='word_1_259' title='bbox 160 3359 494 3414; x_wconf 80' lang='lat' dir='ltr'><strong>suasibitibus</strong></span> <span class='ocrx_word' id='word_1_260' title='bbox 544 3361 714 3414; x_wconf 80' lang='lat' dir='ltr'><strong>verbis</strong></span> <span class='ocrx_word' id='word_1_261' title='bbox 762 3360 1010 3414; x_wconf 73' lang='lat' dir='ltr'><strong>humana:</strong></span> <span class='ocrx_word' id='word_1_262' title='bbox 1050 3359 1348 3429; x_wconf 66' lang='lat' dir='ltr'><strong>sapientiae,</strong></span> <span class='ocrx_word' id='word_1_263' title='bbox 1395 3356 1451 3410; x_wconf 93' lang='lat' dir='ltr'><strong>id</strong></span> <span class='ocrx_word' id='word_1_264' title='bbox 1491 3367 1577 3412; x_wconf 81' lang='lat' dir='ltr'><strong>est</strong></span> <span class='ocrx_word' id='word_1_265' title='bbox 1623 3370 1734 3411; x_wconf 87' lang='lat' dir='ltr'><strong>non</strong></span> 
     </span>
    </p>
   </div>
   <div class='ocr_carea' id='block_1_37' title="bbox 157 3445 1736 3520">
    <p class='ocr_par' dir='ltr' id='par_1_37' title="bbox 157 3445 1736 3520">
     <span class='ocr_line' id='line_1_37' title="bbox 157 3445 1736 3520; baseline -0.001 -18"><span class='ocrx_word' id='word_1_266' title='bbox 157 3458 341 3504; x_wconf 85' lang='lat' dir='ltr'><strong>tantum</strong></span> <span class='ocrx_word' id='word_1_267' title='bbox 370 3449 568 3506; x_wconf 86' lang='lat' dir='ltr'><strong>studui</strong></span> <span class='ocrx_word' id='word_1_268' title='bbox 589 3450 838 3520; x_wconf 86' lang='lat' dir='ltr'><strong>apposite</strong></span> <span class='ocrx_word' id='word_1_269' title='bbox 857 3448 1009 3520; x_wconf 87' lang='lat' dir='ltr'><strong>loqui</strong></span> <span class='ocrx_word' id='word_1_270' title='bbox 1038 3449 1106 3504; x_wconf 88' lang='lat' dir='ltr'><strong>ad</strong></span> <span class='ocrx_word' id='word_1_271' title='bbox 1136 3447 1611 3520; x_wconf 87' lang='lat' dir='ltr'><strong>persuadendum;</strong></span> <span class='ocrx_word' id='word_1_272' title='bbox 1640 3445 1736 3501; x_wconf 84' lang='lat' dir='ltr'><strong>sed</strong></span> 
     </span>
    </p>
   </div>
   <div class='ocr_carea' id='block_1_38' title="bbox 156 3537 1735 3611">
    <p class='ocr_par' dir='ltr' id='par_1_38' title="bbox 156 3537 1735 3611">
     <span class='ocr_line' id='line_1_38' title="bbox 156 3537 1735 3611; baseline 0.002 -20"><span class='ocrx_word' id='word_1_273' title='bbox 156 3537 242 3593; x_wconf 82' lang='lat' dir='ltr'><strong>fuit</strong></span> <span class='ocrx_word' id='word_1_274' title='bbox 277 3541 602 3611; x_wconf 69' lang='lat' dir='ltr'><strong>praedicatio</strong></span> <span class='ocrx_word' id='word_1_275' title='bbox 646 3557 767 3596; x_wconf 84' lang='lat' dir='ltr'><strong>mea</strong></span> <span class='ocrx_word' id='word_1_276' title='bbox 794 3543 852 3595; x_wconf 92' lang='lat' dir='ltr'><strong>in</strong></span> <span class='ocrx_word' id='word_1_277' title='bbox 883 3541 1182 3595; x_wconf 84' lang='lat' dir='ltr'><strong>ostensione</strong></span> <span class='ocrx_word' id='word_1_278' title='bbox 1203 3541 1449 3610; x_wconf 82' lang='lat' dir='ltr'><strong>spiritus,</strong></span> <span class='ocrx_word' id='word_1_279' title='bbox 1483 3540 1536 3596; x_wconf 90' lang='lat' dir='ltr'><strong>id</strong></span> <span class='ocrx_word' id='word_1_280' title='bbox 1566 3546 1735 3596; x_wconf 88' lang='lat' dir='ltr'><strong>estut</strong></span> 
     </span>
    </p>
   </div>
   <div class='ocr_carea' id='block_1_39' title="bbox 156 3628 1732 3704">
    <p class='ocr_par' dir='ltr' id='par_1_39' title="bbox 156 3628 1732 3704">
     <span class='ocr_line' id='line_1_39' title="bbox 156 3628 1732 3704; baseline 0.001 -20"><span class='ocrx_word' id='word_1_281' title='bbox 156 3628 369 3700; x_wconf 88' lang='lat' dir='ltr'><strong>Spiritus</strong></span> <span class='ocrx_word' id='word_1_282' title='bbox 393 3642 630 3690; x_wconf 88' lang='lat' dir='ltr'><strong>sanctus</strong></span> <span class='ocrx_word' id='word_1_283' title='bbox 661 3634 1115 3704; x_wconf 79' lang='lat' dir='ltr'><strong>comprobaretur</strong></span> <span class='ocrx_word' id='word_1_284' title='bbox 1141 3633 1292 3704; x_wconf 90' lang='lat' dir='ltr'><strong>loqui</strong></span> <span class='ocrx_word' id='word_1_285' title='bbox 1317 3647 1412 3702; x_wconf 88' lang='lat' dir='ltr'><strong>per</strong></span> <span class='ocrx_word' id='word_1_286' title='bbox 1441 3647 1548 3687; x_wconf 90' lang='lat' dir='ltr'><strong>me.</strong></span> <span class='ocrx_word' id='word_1_287' title='bbox 1584 3631 1658 3685; x_wconf 85' lang='lat' dir='ltr'><strong>Et</strong></span> <span class='ocrx_word' id='word_1_288' title='bbox 1677 3631 1732 3686; x_wconf 92' lang='lat' dir='ltr'><strong>in</strong></span> 
     </span>
    </p>
   </div>
   <div class='ocr_carea' id='block_1_40' title="bbox 155 3723 1734 3792">
    <p class='ocr_par' dir='ltr' id='par_1_40' title="bbox 155 3723 1734 3792">
     <span class='ocr_line' id='line_1_40' title="bbox 155 3723 1734 3792; baseline 0.003 -17"><span class='ocrx_word' id='word_1_289' title='bbox 155 3726 456 3782; x_wconf 85' lang='lat' dir='ltr'><strong>ostensione</strong></span> <span class='ocrx_word' id='word_1_290' title='bbox 481 3726 716 3792; x_wconf 77' lang='lat' dir='ltr'><strong>virtutis,</strong></span> <span class='ocrx_word' id='word_1_291' title='bbox 747 3726 800 3780; x_wconf 92' lang='lat' dir='ltr'><strong>id</strong></span> <span class='ocrx_word' id='word_1_292' title='bbox 825 3734 910 3780; x_wconf 89' lang='lat' dir='ltr'><strong>est</strong></span> <span class='ocrx_word' id='word_1_293' title='bbox 932 3725 1326 3780; x_wconf 89' lang='lat' dir='ltr'><strong>miraculorum</strong></span> <span class='ocrx_word' id='word_1_294' title='bbox 1361 3723 1456 3780; x_wconf 91' lang='lat' dir='ltr'><strong>Dei</strong></span> <span class='ocrx_word' id='word_1_295' title='bbox 1485 3742 1499 3779; x_wconf 90' lang='lat'><strong>:</strong></span> <span class='ocrx_word' id='word_1_296' title='bbox 1531 3733 1586 3779; x_wconf 91' lang='lat' dir='ltr'><strong>et</strong></span> <span class='ocrx_word' id='word_1_297' title='bbox 1612 3724 1734 3779; x_wconf 89' lang='lat' dir='ltr'><strong>ideo</strong></span> 
     </span>
    </p>
   </div>
   <div class='ocr_carea' id='block_1_41' title="bbox 158 3813 1733 3886">
    <p class='ocr_par' dir='ltr' id='par_1_41' title="bbox 158 3813 1733 3886">
     <span class='ocr_line' id='line_1_41' title="bbox 158 3813 1733 3886; baseline 0.002 -21"><span class='ocrx_word' id='word_1_298' title='bbox 158 3813 199 3868; x_wconf 87' lang='lat' dir='ltr'><strong>in</strong></span> <span class='ocrx_word' id='word_1_299' title='bbox 217 3817 398 3886; x_wconf 78' lang='lat' dir='ltr'><strong>Spiritu</strong></span> <span class='ocrx_word' id='word_1_300' title='bbox 426 3825 485 3872; x_wconf 84' lang='lat' dir='ltr'><strong>et</strong></span> <span class='ocrx_word' id='word_1_301' title='bbox 513 3818 716 3873; x_wconf 91' lang='lat' dir='ltr'><strong>virtute</strong></span> <span class='ocrx_word' id='word_1_302' title='bbox 743 3815 839 3872; x_wconf 91' lang='lat' dir='ltr'><strong>Dei</strong></span> <span class='ocrx_word' id='word_1_303' title='bbox 876 3817 1078 3884; x_wconf 90' lang='lat' dir='ltr'><strong>solum,</strong></span> <span class='ocrx_word' id='word_1_304' title='bbox 1109 3827 1166 3869; x_wconf 88' lang='lat' dir='ltr'><strong>ut</strong></span> <span class='ocrx_word' id='word_1_305' title='bbox 1197 3817 1326 3886; x_wconf 80' lang='lat' dir='ltr'><strong>ﬁdes</strong></span> <span class='ocrx_word' id='word_1_306' title='bbox 1346 3824 1537 3882; x_wconf 81' lang='lat' dir='ltr'><strong>uestra,</strong></span> <span class='ocrx_word' id='word_1_307' title='bbox 1566 3831 1733 3885; x_wconf 89' lang='lat' dir='ltr'><strong>quam</strong></span> 
     </span>
    </p>
   </div>
   <div class='ocr_carea' id='block_1_42' title="bbox 156 3907 1733 3978">
    <p class='ocr_par' dir='ltr' id='par_1_42' title="bbox 156 3907 1733 3978">
     <span class='ocr_line' id='line_1_42' title="bbox 156 3907 1733 3978; baseline 0.003 -22"><span class='ocrx_word' id='word_1_308' title='bbox 156 3907 286 3962; x_wconf 87' lang='lat' dir='ltr'><strong>vobis</strong></span> <span class='ocrx_word' id='word_1_309' title='bbox 313 3908 656 3974; x_wconf 86' lang='lat' dir='ltr'><strong>ministravi,</strong></span> <span class='ocrx_word' id='word_1_310' title='bbox 694 3925 797 3962; x_wconf 89' lang='lat' dir='ltr'><strong>non</strong></span> <span class='ocrx_word' id='word_1_311' title='bbox 836 3909 908 3962; x_wconf 86' lang='lat' dir='ltr'><strong>sit</strong></span> <span class='ocrx_word' id='word_1_312' title='bbox 940 3908 997 3961; x_wconf 86' lang='lat' dir='ltr'><strong>in</strong></span> <span class='ocrx_word' id='word_1_313' title='bbox 1027 3908 1294 3978; x_wconf 86' lang='lat' dir='ltr'><strong>sapientia</strong></span> <span class='ocrx_word' id='word_1_314' title='bbox 1318 3907 1613 3974; x_wconf 85' lang='lat' dir='ltr'><strong>hominum,</strong></span> <span class='ocrx_word' id='word_1_315' title='bbox 1642 3908 1733 3962; x_wconf 87' lang='lat' dir='ltr'><strong>sed</strong></span> 
     </span>
    </p>
   </div>
   <div class='ocr_carea' id='block_1_43' title="bbox 156 3999 1730 4069">
    <p class='ocr_par' dir='ltr' id='par_1_43' title="bbox 156 3999 1730 4069">
     <span class='ocr_line' id='line_1_43' title="bbox 156 3999 1730 4069; baseline 0.001 -17"><span class='ocrx_word' id='word_1_316' title='bbox 156 4007 341 4055; x_wconf 85' lang='lat' dir='ltr'><strong>constet</strong></span> <span class='ocrx_word' id='word_1_317' title='bbox 369 4001 428 4054; x_wconf 87' lang='lat' dir='ltr'><strong>in</strong></span> <span class='ocrx_word' id='word_1_318' title='bbox 461 4001 654 4054; x_wconf 79' lang='lat' dir='ltr'><strong>virtute</strong></span> <span class='ocrx_word' id='word_1_319' title='bbox 681 3999 796 4055; x_wconf 93' lang='lat' dir='ltr'><strong>Dei.</strong></span> <span class='ocrx_word' id='word_1_320' title='bbox 840 3999 908 4054; x_wconf 86' lang='lat' dir='ltr'><strong>Et</strong></span> <span class='ocrx_word' id='word_1_321' title='bbox 930 3999 1057 4055; x_wconf 90' lang='lat' dir='ltr'><strong>licet</strong></span> <span class='ocrx_word' id='word_1_322' title='bbox 1087 3999 1224 4054; x_wconf 90' lang='lat' dir='ltr'><strong>nihil</strong></span> <span class='ocrx_word' id='word_1_323' title='bbox 1265 4014 1354 4054; x_wconf 91' lang='lat' dir='ltr'><strong>me</strong></span> <span class='ocrx_word' id='word_1_324' title='bbox 1374 3999 1730 4069; x_wconf 89' lang='lat' dir='ltr'><strong>judicaverim</strong></span> 
     </span>
    </p>
   </div>
   <div class='ocr_carea' id='block_1_44' title="bbox 155 4089 1733 4162">
    <p class='ocr_par' dir='ltr' id='par_1_44' title="bbox 155 4089 1733 4162">
     <span class='ocr_line' id='line_1_44' title="bbox 155 4089 1733 4162; baseline 0.003 -20"><span class='ocrx_word' id='word_1_325' title='bbox 155 4090 274 4146; x_wconf 87' lang='lat' dir='ltr'><strong>scire</strong></span> <span class='ocrx_word' id='word_1_326' title='bbox 297 4092 449 4162; x_wconf 88' lang='lat' dir='ltr'><strong>apud</strong></span> <span class='ocrx_word' id='word_1_327' title='bbox 478 4107 608 4159; x_wconf 89' lang='lat' dir='ltr'><strong>vos,</strong></span> <span class='ocrx_word' id='word_1_328' title='bbox 637 4099 817 4147; x_wconf 90' lang='lat' dir='ltr'><strong>tamen</strong></span> <span class='ocrx_word' id='word_1_329' title='bbox 855 4106 958 4146; x_wconf 92' lang='lat' dir='ltr'><strong>nos</strong></span> <span class='ocrx_word' id='word_1_330' title='bbox 987 4092 1303 4161; x_wconf 85' lang='lat' dir='ltr'><strong>sapientiam</strong></span> <span class='ocrx_word' id='word_1_331' title='bbox 1325 4089 1612 4161; x_wconf 87' lang='lat' dir='ltr'><strong>loquimur,</strong></span> <span class='ocrx_word' id='word_1_332' title='bbox 1637 4093 1733 4148; x_wconf 88' lang='lat' dir='ltr'><strong>sed</strong></span> 
     </span>
    </p>
   </div>
   <div class='ocr_carea' id='block_1_45' title="bbox 153 4180 1730 4254">
    <p class='ocr_par' dir='ltr' id='par_1_45' title="bbox 153 4180 1730 4254">
     <span class='ocr_line' id='line_1_45' title="bbox 153 4180 1730 4254; baseline 0.004 -23"><span class='ocrx_word' id='word_1_333' title='bbox 153 4180 273 4236; x_wconf 83' lang='lat' dir='ltr'><strong>inter</strong></span> <span class='ocrx_word' id='word_1_334' title='bbox 292 4185 579 4254; x_wconf 79' lang='lat' dir='ltr'><strong>perfectos,</strong></span> <span class='ocrx_word' id='word_1_335' title='bbox 625 4183 782 4238; x_wconf 83' lang='lat' dir='ltr'><strong>vobis</strong></span> <span class='ocrx_word' id='word_1_336' title='bbox 809 4193 990 4239; x_wconf 92' lang='lat' dir='ltr'><strong>autem</strong></span> <span class='ocrx_word' id='word_1_337' title='bbox 1030 4182 1159 4253; x_wconf 90' lang='lat' dir='ltr'><strong>quia</strong></span> <span class='ocrx_word' id='word_1_338' title='bbox 1210 4181 1512 4253; x_wconf 76' lang='lat' dir='ltr'><strong>imperfecti</strong></span> <span class='ocrx_word' id='word_1_339' title='bbox 1544 4183 1730 4253; x_wconf 88' lang='lat' dir='ltr'><strong>eratis,</strong></span> 
     </span>
    </p>
   </div>
   <div class='ocr_carea' id='block_1_46' title="bbox 154 4272 1730 4346">
    <p class='ocr_par' dir='ltr' id='par_1_46' title="bbox 154 4272 1730 4346">
     <span class='ocr_line' id='line_1_46' title="bbox 154 4272 1730 4346; baseline 0.006 -22"><span class='ocrx_word' id='word_1_340' title='bbox 154 4272 280 4344; x_wconf 87' lang='lat' dir='ltr'><strong>loqui</strong></span> <span class='ocrx_word' id='word_1_341' title='bbox 305 4291 417 4331; x_wconf 89' lang='lat' dir='ltr'><strong>non</strong></span> <span class='ocrx_word' id='word_1_342' title='bbox 446 4275 620 4345; x_wconf 79' lang='lat' dir='ltr'><strong>pomi.</strong></span> <span class='ocrx_word' id='word_1_343' title='bbox 644 4275 749 4331; x_wconf 90' lang='lat' dir='ltr'><strong>Sed</strong></span> <span class='ocrx_word' id='word_1_344' title='bbox 769 4276 898 4332; x_wconf 89' lang='lat' dir='ltr'><strong>licet</strong></span> <span class='ocrx_word' id='word_1_345' title='bbox 914 4291 1020 4331; x_wconf 91' lang='lat' dir='ltr'><strong>non</strong></span> <span class='ocrx_word' id='word_1_346' title='bbox 1037 4276 1388 4346; x_wconf 86' lang='lat' dir='ltr'><strong>loqueremur</strong></span> <span class='ocrx_word' id='word_1_347' title='bbox 1409 4292 1532 4332; x_wconf 90' lang='lat' dir='ltr'><strong>eam</strong></span> <span class='ocrx_word' id='word_1_348' title='bbox 1551 4278 1730 4344; x_wconf 88' lang='lat' dir='ltr'><strong>vobis,</strong></span> 
     </span>
    </p>
   </div>
   <div class='ocr_carea' id='block_1_47' title="bbox 154 4367 1730 4440">
    <p class='ocr_par' dir='ltr' id='par_1_47' title="bbox 154 4367 1730 4440">
     <span class='ocr_line' id='line_1_47' title="bbox 154 4367 1730 4440; baseline 0.004 -22"><span class='ocrx_word' id='word_1_349' title='bbox 154 4373 312 4422; x_wconf 84' lang='lat' dir='ltr'><strong>tamen</strong></span> <span class='ocrx_word' id='word_1_350' title='bbox 344 4367 623 4422; x_wconf 84' lang='lat' dir='ltr'><strong>habemus</strong></span> <span class='ocrx_word' id='word_1_351' title='bbox 664 4367 1010 4437; x_wconf 89' lang='lat' dir='ltr'><strong>sapientiam,</strong></span> <span class='ocrx_word' id='word_1_352' title='bbox 1041 4381 1144 4424; x_wconf 88' lang='lat' dir='ltr'><strong>nec</strong></span> <span class='ocrx_word' id='word_1_353' title='bbox 1169 4367 1445 4424; x_wconf 86' lang='lat' dir='ltr'><strong>carnalem</strong></span> <span class='ocrx_word' id='word_1_354' title='bbox 1494 4369 1588 4426; x_wconf 88' lang='lat' dir='ltr'><strong>sed</strong></span> <span class='ocrx_word' id='word_1_355' title='bbox 1615 4370 1730 4440; x_wconf 88' lang='lat' dir='ltr'><strong>spi-</strong></span> 
     </span>
    </p>
   </div>
   <div class='ocr_carea' id='block_1_48' title="bbox 151 4458 1730 4531">
    <p class='ocr_par' dir='ltr' id='par_1_48' title="bbox 151 4458 1730 4531">
     <span class='ocr_line' id='line_1_48' title="bbox 151 4458 1730 4531; baseline 0.004 -22"><span class='ocrx_word' id='word_1_356' title='bbox 151 4459 406 4527; x_wconf 88' lang='lat' dir='ltr'><strong>ritualem,</strong></span> <span class='ocrx_word' id='word_1_357' title='bbox 440 4475 565 4531; x_wconf 67' lang='lat' dir='ltr'><strong>qum</strong></span> <span class='ocrx_word' id='word_1_358' title='bbox 593 4459 753 4530; x_wconf 85' lang='lat' dir='ltr'><strong>longe</strong></span> <span class='ocrx_word' id='word_1_359' title='bbox 783 4458 1001 4530; x_wconf 79' lang='lat' dir='ltr'><strong>dignior</strong></span> <span class='ocrx_word' id='word_1_360' title='bbox 1027 4467 1111 4514; x_wconf 88' lang='lat' dir='ltr'><strong>est</strong></span> <span class='ocrx_word' id='word_1_361' title='bbox 1137 4459 1344 4514; x_wconf 88' lang='lat' dir='ltr'><strong>carnali</strong></span> <span class='ocrx_word' id='word_1_362' title='bbox 1371 4459 1458 4515; x_wconf 93' lang='lat' dir='ltr'><strong>cui</strong></span> <span class='ocrx_word' id='word_1_363' title='bbox 1485 4461 1730 4516; x_wconf 63' lang='lat' dir='ltr'><strong>adhaere-</strong></span> 
     </span>
    </p>
   </div>
   <div class='ocr_carea' id='block_1_49' title="bbox 151 4544 1730 4622">
    <p class='ocr_par' dir='ltr' id='par_1_49' title="bbox 151 4544 1730 4622">
     <span class='ocr_line' id='line_1_49' title="bbox 151 4544 1730 4622; baseline 0.004 -20"><span class='ocrx_word' id='word_1_364' title='bbox 151 4550 224 4604; x_wconf 90' lang='lat' dir='ltr'><strong>lis.</strong></span> <span class='ocrx_word' id='word_1_365' title='bbox 253 4551 410 4618; x_wconf 87' lang='lat' dir='ltr'><strong>Quod</strong></span> <span class='ocrx_word' id='word_1_366' title='bbox 431 4552 516 4608; x_wconf 88' lang='lat' dir='ltr'><strong>sic</strong></span> <span class='ocrx_word' id='word_1_367' title='bbox 545 4551 622 4606; x_wconf 88' lang='lat' dir='ltr'><strong>ait</strong></span> <span class='ocrx_word' id='word_1_368' title='bbox 649 4567 666 4607; x_wconf 91' lang='lat'><strong>:</strong></span> <span class='ocrx_word' id='word_1_369' title='bbox 712 4549 1046 4619; x_wconf 88' lang='lat' dir='ltr'><strong>Sapientiam</strong></span> <span class='ocrx_word' id='word_1_370' title='bbox 1069 4551 1283 4622; x_wconf 85' lang='lat' dir='ltr'><strong>quidem</strong></span> <span class='ocrx_word' id='word_1_371' title='bbox 1313 4551 1602 4618; x_wconf 89' lang='lat' dir='ltr'><strong>habemus,</strong></span> <span class='ocrx_word' id='word_1_372' title='bbox 1634 4544 1730 4608; x_wconf 79' lang='lat' dir='ltr'><strong>sed</strong></span> 
     </span>
    </p>
   </div>
   <div class='ocr_carea' id='block_1_50' title="bbox 149 4641 1726 4713">
    <p class='ocr_par' dir='ltr' id='par_1_50' title="bbox 149 4641 1726 4713">
     <span class='ocr_line' id='line_1_50' title="bbox 149 4641 1726 4713; baseline 0.004 -20"><span class='ocrx_word' id='word_1_373' title='bbox 149 4658 234 4695; x_wconf 83' lang='lat' dir='ltr'><strong>non</strong></span> <span class='ocrx_word' id='word_1_374' title='bbox 272 4659 394 4699; x_wconf 88' lang='lat' dir='ltr'><strong>eam</strong></span> <span class='ocrx_word' id='word_1_375' title='bbox 447 4658 572 4713; x_wconf 76' lang='lat' dir='ltr'><strong>qua:</strong></span> <span class='ocrx_word' id='word_1_376' title='bbox 619 4642 690 4698; x_wconf 90' lang='lat' dir='ltr'><strong>sit</strong></span> <span class='ocrx_word' id='word_1_377' title='bbox 731 4641 888 4712; x_wconf 88' lang='lat' dir='ltr'><strong>hujus</strong></span> <span class='ocrx_word' id='word_1_378' title='bbox 912 4642 1118 4709; x_wconf 71' lang='lat' dir='ltr'><strong>saeculi,</strong></span> <span class='ocrx_word' id='word_1_379' title='bbox 1181 4643 1235 4698; x_wconf 91' lang='lat' dir='ltr'><strong>id</strong></span> <span class='ocrx_word' id='word_1_380' title='bbox 1285 4651 1370 4700; x_wconf 89' lang='lat' dir='ltr'><strong>est</strong></span> <span class='ocrx_word' id='word_1_381' title='bbox 1403 4643 1726 4700; x_wconf 88' lang='lat' dir='ltr'><strong>carnalium.</strong></span> 
     </span>
    </p>
   </div>
   <div class='ocr_carea' id='block_1_51' title="bbox 153 4731 1731 4806">
    <p class='ocr_par' dir='ltr' id='par_1_51' title="bbox 153 4731 1731 4806">
     <span class='ocr_line' id='line_1_51' title="bbox 153 4731 1731 4806; baseline 0.005 -22"><span class='ocrx_word' id='word_1_382' title='bbox 153 4731 314 4805; x_wconf 81' lang='lat' dir='ltr'><strong>Neque</strong></span> <span class='ocrx_word' id='word_1_383' title='bbox 339 4737 516 4792; x_wconf 90' lang='lat' dir='ltr'><strong>etiam</strong></span> <span class='ocrx_word' id='word_1_384' title='bbox 542 4749 662 4789; x_wconf 89' lang='lat' dir='ltr'><strong>eam</strong></span> <span class='ocrx_word' id='word_1_385' title='bbox 693 4749 817 4806; x_wconf 73' lang='lat' dir='ltr'><strong>quae</strong></span> <span class='ocrx_word' id='word_1_386' title='bbox 844 4734 916 4792; x_wconf 89' lang='lat' dir='ltr'><strong>sit</strong></span> <span class='ocrx_word' id='word_1_387' title='bbox 942 4735 1244 4806; x_wconf 88' lang='lat' dir='ltr'><strong>principum</strong></span> <span class='ocrx_word' id='word_1_388' title='bbox 1269 4735 1425 4806; x_wconf 87' lang='lat' dir='ltr'><strong>hujus</strong></span> <span class='ocrx_word' id='word_1_389' title='bbox 1446 4737 1650 4804; x_wconf 77' lang='lat' dir='ltr'><strong>swculi,</strong></span> <span class='ocrx_word' id='word_1_390' title='bbox 1677 4737 1731 4792; x_wconf 89' lang='lat' dir='ltr'><strong>id</strong></span> 
     </span>
    </p>
   </div>
   <div class='ocr_carea' id='block_1_52' title="bbox 149 4815 1727 4899">
    <p class='ocr_par' dir='ltr' id='par_1_52' title="bbox 149 4815 1727 4899">
     <span class='ocr_line' id='line_1_52' title="bbox 149 4815 1727 4899; baseline 0.003 -19"><span class='ocrx_word' id='word_1_391' title='bbox 149 4837 218 4880; x_wconf 83' lang='lat' dir='ltr'><strong>est</strong></span> <span class='ocrx_word' id='word_1_392' title='bbox 249 4829 332 4882; x_wconf 88' lang='lat' dir='ltr'><strong>vel</strong></span> <span class='ocrx_word' id='word_1_393' title='bbox 360 4828 845 4899; x_wconf 87' lang='lat' dir='ltr'><strong>philosophorum,</strong></span> <span class='ocrx_word' id='word_1_394' title='bbox 890 4815 979 4884; x_wconf 88' lang='lat' dir='ltr'><strong>vel</strong></span> <span class='ocrx_word' id='word_1_395' title='bbox 1007 4828 1370 4899; x_wconf 81' lang='lat' dir='ltr'><strong>malignorum</strong></span> <span class='ocrx_word' id='word_1_396' title='bbox 1413 4829 1727 4899; x_wconf 85' lang='lat' dir='ltr'><strong>spirituum,</strong></span> 
     </span>
    </p>
   </div>
   <div class='ocr_carea' id='block_1_53' title="bbox 151 4917 1731 4997">
    <p class='ocr_par' dir='ltr' id='par_1_53' title="bbox 151 4917 1731 4997">
     <span class='ocr_line' id='line_1_53' title="bbox 151 4917 1731 4997; baseline 0.004 -27"><span class='ocrx_word' id='word_1_397' title='bbox 151 4917 228 4984; x_wconf 90' lang='lat' dir='ltr'><strong>qui</strong></span> <span class='ocrx_word' id='word_1_398' title='bbox 266 4920 656 4997; x_wconf 85' lang='lat' dir='ltr'><strong>principantur</strong></span> <span class='ocrx_word' id='word_1_399' title='bbox 696 4919 1012 4976; x_wconf 90' lang='lat' dir='ltr'><strong>hominibus</strong></span> <span class='ocrx_word' id='word_1_400' title='bbox 1061 4919 1274 4986; x_wconf 90' lang='lat' dir='ltr'><strong>mundi,</strong></span> <span class='ocrx_word' id='word_1_401' title='bbox 1323 4921 1414 4990; x_wconf 86' lang='lat' dir='ltr'><strong>qui</strong></span> <span class='ocrx_word' id='word_1_402' title='bbox 1456 4920 1731 4992; x_wconf 84' lang='lat' dir='ltr'><strong>principes</strong></span> 
     </span>
    </p>
   </div>
   <div class='ocr_carea' id='block_1_54' title="bbox 150 5009 1730 5078">
    <p class='ocr_par' dir='ltr' id='par_1_54' title="bbox 150 5009 1730 5078">
     <span class='ocr_line' id='line_1_54' title="bbox 150 5009 1730 5078; baseline 0.004 -18"><span class='ocrx_word' id='word_1_403' title='bbox 150 5009 504 5078; x_wconf 77' lang='lat' dir='ltr'><strong>destruantur,</strong></span> <span class='ocrx_word' id='word_1_404' title='bbox 544 5020 601 5067; x_wconf 92' lang='lat' dir='ltr'><strong>et</strong></span> <span class='ocrx_word' id='word_1_405' title='bbox 628 5009 931 5067; x_wconf 88' lang='lat' dir='ltr'><strong>secundum</strong></span> <span class='ocrx_word' id='word_1_406' title='bbox 973 5011 1283 5068; x_wconf 89' lang='lat' dir='ltr'><strong>doctrinam</strong></span> <span class='ocrx_word' id='word_1_407' title='bbox 1336 5021 1390 5066; x_wconf 92' lang='lat' dir='ltr'><strong>et</strong></span> <span class='ocrx_word' id='word_1_408' title='bbox 1429 5013 1730 5068; x_wconf 86' lang='lat' dir='ltr'><strong>secundum</strong></span> 
     </span>
    </p>
   </div>
   <div class='ocr_carea' id='block_1_55' title="bbox 150 5099 1731 5174">
    <p class='ocr_par' dir='ltr' id='par_1_55' title="bbox 150 5099 1731 5174">
     <span class='ocr_line' id='line_1_55' title="bbox 150 5099 1731 5174; baseline 0.001 -18"><span class='ocrx_word' id='word_1_409' title='bbox 150 5099 242 5156; x_wconf 86' lang='lat' dir='ltr'><strong>hoc</strong></span> <span class='ocrx_word' id='word_1_410' title='bbox 266 5103 421 5174; x_wconf 90' lang='lat' dir='ltr'><strong>quod</strong></span> <span class='ocrx_word' id='word_1_411' title='bbox 441 5113 666 5174; x_wconf 88' lang='lat' dir='ltr'><strong>propter</strong></span> <span class='ocrx_word' id='word_1_412' title='bbox 691 5102 888 5159; x_wconf 86' lang='lat' dir='ltr'><strong>falsam</strong></span> <span class='ocrx_word' id='word_1_413' title='bbox 914 5104 1222 5160; x_wconf 90' lang='lat' dir='ltr'><strong>doctrinam</strong></span> <span class='ocrx_word' id='word_1_414' title='bbox 1249 5103 1598 5159; x_wconf 89' lang='lat' dir='ltr'><strong>damnantur.</strong></span> <span class='ocrx_word' id='word_1_415' title='bbox 1627 5102 1731 5158; x_wconf 92' lang='lat' dir='ltr'><strong>Sa-</strong></span> 
     </span>
    </p>
   </div>
   <div class='ocr_carea' id='block_1_56' title="bbox 149 5191 1732 5268">
    <p class='ocr_par' dir='ltr' id='par_1_56' title="bbox 149 5191 1732 5268">
     <span class='ocr_line' id='line_1_56' title="bbox 149 5191 1732 5268; baseline 0.003 -21"><span class='ocrx_word' id='word_1_416' title='bbox 149 5191 396 5260; x_wconf 84' lang='lat' dir='ltr'><strong>pientiam</strong></span> <span class='ocrx_word' id='word_1_417' title='bbox 415 5195 583 5265; x_wconf 88' lang='lat' dir='ltr'><strong>hujus</strong></span> <span class='ocrx_word' id='word_1_418' title='bbox 611 5196 799 5251; x_wconf 64' lang='lat' dir='ltr'><strong>saeculi</strong></span> <span class='ocrx_word' id='word_1_419' title='bbox 812 5211 921 5251; x_wconf 90' lang='lat' dir='ltr'><strong>non</strong></span> <span class='ocrx_word' id='word_1_420' title='bbox 934 5196 1234 5267; x_wconf 90' lang='lat' dir='ltr'><strong>loquimur,</strong></span> <span class='ocrx_word' id='word_1_421' title='bbox 1258 5197 1348 5250; x_wconf 89' lang='lat' dir='ltr'><strong>sed</strong></span> <span class='ocrx_word' id='word_1_422' title='bbox 1361 5195 1629 5268; x_wconf 88' lang='lat' dir='ltr'><strong>loquimur</strong></span> <span class='ocrx_word' id='word_1_423' title='bbox 1643 5214 1732 5251; x_wconf 87' lang='lat' dir='ltr'><strong>sa-</strong></span> 
     </span>
    </p>
   </div>
   <div class='ocr_carea' id='block_1_57' title="bbox 149 5285 1731 5358">
    <p class='ocr_par' dir='ltr' id='par_1_57' title="bbox 149 5285 1731 5358">
     <span class='ocr_line' id='line_1_57' title="bbox 149 5285 1731 5358; baseline 0.006 -23"><span class='ocrx_word' id='word_1_424' title='bbox 149 5285 394 5350; x_wconf 84' lang='lat' dir='ltr'><strong>pientiam</strong></span> <span class='ocrx_word' id='word_1_425' title='bbox 420 5286 540 5354; x_wconf 88' lang='lat' dir='ltr'><strong>Dei,</strong></span> <span class='ocrx_word' id='word_1_426' title='bbox 561 5288 884 5343; x_wconf 78' lang='lat' dir='ltr'><strong>existentem</strong></span> <span class='ocrx_word' id='word_1_427' title='bbox 900 5289 956 5342; x_wconf 91' lang='lat' dir='ltr'><strong>in</strong></span> <span class='ocrx_word' id='word_1_428' title='bbox 970 5289 1240 5358; x_wconf 85' lang='lat' dir='ltr'><strong>mysterio.</strong></span> <span class='ocrx_word' id='word_1_429' title='bbox 1275 5287 1610 5358; x_wconf 86' lang='lat' dir='ltr'><strong>Sapientiam</strong></span> <span class='ocrx_word' id='word_1_430' title='bbox 1636 5289 1731 5344; x_wconf 88' lang='lat' dir='ltr'><strong>Dei</strong></span> 
     </span>
    </p>
   </div>
   <div class='ocr_carea' id='block_1_58' title="bbox 149 5373 1730 5452">
    <p class='ocr_par' dir='ltr' id='par_1_58' title="bbox 149 5373 1730 5452">
     <span class='ocr_line' id='line_1_58' title="bbox 149 5373 1730 5452; baseline 0.005 -22"><span class='ocrx_word' id='word_1_431' title='bbox 149 5373 228 5432; x_wconf 85' lang='lat' dir='ltr'><strong>hic</strong></span> <span class='ocrx_word' id='word_1_432' title='bbox 244 5391 410 5434; x_wconf 85' lang='lat' dir='ltr'><strong>vocat</strong></span> <span class='ocrx_word' id='word_1_433' title='bbox 431 5379 561 5435; x_wconf 93' lang='lat' dir='ltr'><strong>illud</strong></span> <span class='ocrx_word' id='word_1_434' title='bbox 582 5381 895 5447; x_wconf 90' lang='lat' dir='ltr'><strong>consilium,</strong></span> <span class='ocrx_word' id='word_1_435' title='bbox 909 5397 1018 5452; x_wconf 89' lang='lat' dir='ltr'><strong>quo</strong></span> <span class='ocrx_word' id='word_1_436' title='bbox 1031 5381 1176 5437; x_wconf 87' lang='lat' dir='ltr'><strong>Deus</strong></span> <span class='ocrx_word' id='word_1_437' title='bbox 1191 5397 1286 5452; x_wconf 88' lang='lat' dir='ltr'><strong>per</strong></span> <span class='ocrx_word' id='word_1_438' title='bbox 1297 5383 1730 5439; x_wconf 89' lang='lat' dir='ltr'><strong>incarnationem</strong></span> 
     </span>
    </p>
   </div>
   <div class='ocr_carea' id='block_1_59' title="bbox 149 5462 1732 5545">
    <p class='ocr_par' dir='ltr' id='par_1_59' title="bbox 149 5462 1732 5545">
     <span class='ocr_line' id='line_1_59' title="bbox 149 5462 1732 5545; baseline 0.008 -27"><span class='ocrx_word' id='word_1_439' title='bbox 149 5463 256 5521; x_wconf 84' lang='lat' dir='ltr'><strong>Filii</strong></span> <span class='ocrx_word' id='word_1_440' title='bbox 293 5471 604 5527; x_wconf 89' lang='lat' dir='ltr'><strong>humanum</strong></span> <span class='ocrx_word' id='word_1_441' title='bbox 642 5489 815 5545; x_wconf 87' lang='lat' dir='ltr'><strong>genus</strong></span> <span class='ocrx_word' id='word_1_442' title='bbox 843 5474 1054 5529; x_wconf 88' lang='lat' dir='ltr'><strong>salvare</strong></span> <span class='ocrx_word' id='word_1_443' title='bbox 1073 5475 1366 5544; x_wconf 90' lang='lat' dir='ltr'><strong>disposuit.</strong></span> <span class='ocrx_word' id='word_1_444' title='bbox 1397 5462 1732 5545; x_wconf 83' lang='lat' dir='ltr'><strong>Sapientiam</strong></span> 
     </span>
    </p>
   </div>
   <div class='ocr_carea' id='block_1_60' title="bbox 149 5556 1736 5636">
    <p class='ocr_par' dir='ltr' id='par_1_60' title="bbox 149 5556 1736 5636">
     <span class='ocr_line' id='line_1_60' title="bbox 149 5556 1736 5636; baseline 0.006 -24"><span class='ocrx_word' id='word_1_445' title='bbox 149 5556 843 5632; x_wconf 83' lang='lat' dir='ltr'><strong>hancloquimurlatentem</strong></span> <span class='ocrx_word' id='word_1_446' title='bbox 868 5566 1151 5636; x_wconf 86' lang='lat' dir='ltr'><strong>mysterio;</strong></span> <span class='ocrx_word' id='word_1_447' title='bbox 1169 5581 1271 5621; x_wconf 90' lang='lat' dir='ltr'><strong>nec</strong></span> <span class='ocrx_word' id='word_1_448' title='bbox 1294 5566 1390 5633; x_wconf 90' lang='lat' dir='ltr'><strong>ita,</strong></span> <span class='ocrx_word' id='word_1_449' title='bbox 1419 5574 1481 5621; x_wconf 92' lang='lat' dir='ltr'><strong>ut</strong></span> <span class='ocrx_word' id='word_1_450' title='bbox 1504 5567 1736 5636; x_wconf 88' lang='lat' dir='ltr'><strong>quicun-</strong></span> 
     </span>
    </p>
   </div>
   <div class='ocr_carea' id='block_1_61' title="bbox 149 5654 1732 5730">
    <p class='ocr_par' dir='ltr' id='par_1_61' title="bbox 149 5654 1732 5730">
     <span class='ocr_line' id='line_1_61' title="bbox 149 5654 1732 5730; baseline 0.006 -26"><span class='ocrx_word' id='word_1_451' title='bbox 149 5663 244 5718; x_wconf 88' lang='lat' dir='ltr'><strong>que</strong></span> <span class='ocrx_word' id='word_1_452' title='bbox 269 5654 490 5722; x_wconf 88' lang='lat' dir='ltr'><strong>possint</strong></span> <span class='ocrx_word' id='word_1_453' title='bbox 506 5671 628 5712; x_wconf 90' lang='lat' dir='ltr'><strong>eam</strong></span> <span class='ocrx_word' id='word_1_454' title='bbox 658 5657 1114 5723; x_wconf 88' lang='lat' dir='ltr'><strong>animadvertere,</strong></span> <span class='ocrx_word' id='word_1_455' title='bbox 1133 5667 1195 5713; x_wconf 92' lang='lat' dir='ltr'><strong>ut</strong></span> <span class='ocrx_word' id='word_1_456' title='bbox 1211 5659 1534 5730; x_wconf 86' lang='lat' dir='ltr'><strong>mysterium</strong></span> <span class='ocrx_word' id='word_1_457' title='bbox 1554 5659 1732 5729; x_wconf 42' lang='lat' dir='ltr'><strong>bapti‘</strong></span> 
     </span>
    </p>
   </div>
   <div class='ocr_carea' id='block_1_62' title="bbox 152 5741 1731 5818">
    <p class='ocr_par' dir='ltr' id='par_1_62' title="bbox 152 5741 1731 5818">
     <span class='ocr_line' id='line_1_62' title="bbox 152 5741 1731 5818; baseline 0.005 -23"><span class='ocrx_word' id='word_1_458' title='bbox 152 5741 244 5795; x_wconf 77' lang='lat' dir='ltr'><strong>smi</strong></span> <span class='ocrx_word' id='word_1_459' title='bbox 269 5752 327 5798; x_wconf 87' lang='lat' dir='ltr'><strong>et</strong></span> <span class='ocrx_word' id='word_1_460' title='bbox 364 5747 614 5816; x_wconf 56' lang='lat' dir='ltr'><strong>quaedam</strong></span> <span class='ocrx_word' id='word_1_461' title='bbox 647 5748 780 5813; x_wconf 90' lang='lat' dir='ltr'><strong>alia,</strong></span> <span class='ocrx_word' id='word_1_462' title='bbox 814 5747 905 5802; x_wconf 85' lang='lat' dir='ltr'><strong>sed</strong></span> <span class='ocrx_word' id='word_1_463' title='bbox 933 5763 1051 5818; x_wconf 67' lang='lat' dir='ltr'><strong>quae</strong></span> <span class='ocrx_word' id='word_1_464' title='bbox 1079 5746 1390 5802; x_wconf 81' lang='lat' dir='ltr'><strong>abscondita</strong></span> <span class='ocrx_word' id='word_1_465' title='bbox 1414 5757 1525 5816; x_wconf 86' lang='lat' dir='ltr'><strong>est,</strong></span> <span class='ocrx_word' id='word_1_466' title='bbox 1553 5758 1608 5803; x_wconf 87' lang='lat' dir='ltr'><strong>et</strong></span> <span class='ocrx_word' id='word_1_467' title='bbox 1636 5764 1731 5803; x_wconf 87' lang='lat' dir='ltr'><strong>ue-</strong></span> 
     </span>
    </p>
   </div>
   <div class='ocr_carea' id='block_1_63' title="bbox 1831 512 3420 593">
    <p class='ocr_par' dir='ltr' id='par_1_63' title="bbox 1831 512 3420 593">
     <span class='ocr_line' id='line_1_63' title="bbox 1831 512 3420 593; baseline 0.009 -26"><span class='ocrx_word' id='word_1_468' title='bbox 1831 512 2005 578; x_wconf 82' lang='lat' dir='ltr'><strong>Quam</strong></span> <span class='ocrx_word' id='word_1_469' title='bbox 2042 515 2367 584; x_wconf 86' lang='lat' dir='ltr'><strong>sapientiam</strong></span> <span class='ocrx_word' id='word_1_470' title='bbox 2401 515 2542 570; x_wconf 85' lang='lat' dir='ltr'><strong>Deus</strong></span> <span class='ocrx_word' id='word_1_471' title='bbox 2589 519 2985 588; x_wconf 66' lang='lat' dir='ltr'><strong>praedestinavit</strong></span> <span class='ocrx_word' id='word_1_472' title='bbox 3026 531 3149 576; x_wconf 88' lang='lat' dir='ltr'><strong>ante</strong></span> <span class='ocrx_word' id='word_1_473' title='bbox 3199 528 3420 593; x_wconf 75' lang='lat' dir='ltr'><strong>swcula,</strong></span> 
     </span>
    </p>
   </div>
   <div class='ocr_carea' id='block_1_64' title="bbox 1829 604 3424 685">
    <p class='ocr_par' dir='ltr' id='par_1_64' title="bbox 1829 604 3424 685">
     <span class='ocr_line' id='line_1_64' title="bbox 1829 604 3424 685; baseline 0.009 -25"><span class='ocrx_word' id='word_1_474' title='bbox 1829 605 1884 660; x_wconf 88' lang='lat' dir='ltr'><strong>id</strong></span> <span class='ocrx_word' id='word_1_475' title='bbox 1906 615 1990 661; x_wconf 85' lang='lat' dir='ltr'><strong>est</strong></span> <span class='ocrx_word' id='word_1_476' title='bbox 2021 604 2164 661; x_wconf 88' lang='lat' dir='ltr'><strong>Deus</strong></span> <span class='ocrx_word' id='word_1_477' title='bbox 2184 608 2254 662; x_wconf 91' lang='lat' dir='ltr'><strong>ab</strong></span> <span class='ocrx_word' id='word_1_478' title='bbox 2283 619 2488 663; x_wconf 63' lang='lat' dir='ltr'><strong>aeterno</strong></span> <span class='ocrx_word' id='word_1_479' title='bbox 2533 609 2615 664; x_wconf 91' lang='lat' dir='ltr'><strong>sic</strong></span> <span class='ocrx_word' id='word_1_480' title='bbox 2659 610 2898 666; x_wconf 82' lang='lat' dir='ltr'><strong>futuram</strong></span> <span class='ocrx_word' id='word_1_481' title='bbox 2933 615 3337 685; x_wconf 63' lang='lat' dir='ltr'><strong>praeordinavit,</strong></span> <span class='ocrx_word' id='word_1_482' title='bbox 3363 622 3424 674; x_wconf 88' lang='lat' dir='ltr'><strong>in</strong></span> 
     </span>
    </p>
   </div>
   <div class='ocr_carea' id='block_1_65' title="bbox 1830 693 3428 770">
    <p class='ocr_par' dir='ltr' id='par_1_65' title="bbox 1830 693 3428 770">
     <span class='ocr_line' id='line_1_65' title="bbox 1830 693 3428 770; baseline 0.012 -25"><span class='ocrx_word' id='word_1_483' title='bbox 1830 693 2058 765; x_wconf 83' lang='lat' dir='ltr'><strong>gloriam</strong></span> <span class='ocrx_word' id='word_1_484' title='bbox 2081 704 2316 749; x_wconf 87' lang='lat' dir='ltr'><strong>nostram</strong></span> <span class='ocrx_word' id='word_1_485' title='bbox 2339 738 2353 764; x_wconf 94' lang='lat'><strong>,</strong></span> <span class='ocrx_word' id='word_1_486' title='bbox 2398 697 2451 751; x_wconf 90' lang='lat' dir='ltr'><strong>id</strong></span> <span class='ocrx_word' id='word_1_487' title='bbox 2477 707 2563 753; x_wconf 89' lang='lat' dir='ltr'><strong>est</strong></span> <span class='ocrx_word' id='word_1_488' title='bbox 2584 700 2830 754; x_wconf 91' lang='lat' dir='ltr'><strong>omnium</strong></span> <span class='ocrx_word' id='word_1_489' title='bbox 2859 702 3120 770; x_wconf 89' lang='lat' dir='ltr'><strong>ﬁdelium,</strong></span> <span class='ocrx_word' id='word_1_490' title='bbox 3146 714 3208 760; x_wconf 94' lang='lat' dir='ltr'><strong>ut</strong></span> <span class='ocrx_word' id='word_1_491' title='bbox 3229 722 3428 765; x_wconf 85' lang='lat' dir='ltr'><strong>omnes</strong></span> 
     </span>
    </p>
   </div>
   <div class='ocr_carea' id='block_1_66' title="bbox 1829 786 3425 863">
    <p class='ocr_par' dir='ltr' id='par_1_66' title="bbox 1829 786 3425 863">
     <span class='ocr_line' id='line_1_66' title="bbox 1829 786 3425 863; baseline 0.01 -24"><span class='ocrx_word' id='word_1_492' title='bbox 1829 801 1928 856; x_wconf 90' lang='lat' dir='ltr'><strong>per</strong></span> <span class='ocrx_word' id='word_1_493' title='bbox 1976 786 2120 841; x_wconf 90' lang='lat' dir='ltr'><strong>hanc</strong></span> <span class='ocrx_word' id='word_1_494' title='bbox 2174 787 2478 842; x_wconf 88' lang='lat' dir='ltr'><strong>habeamus</strong></span> <span class='ocrx_word' id='word_1_495' title='bbox 2522 800 2783 846; x_wconf 63' lang='lat' dir='ltr'><strong>arternam</strong></span> <span class='ocrx_word' id='word_1_496' title='bbox 2839 794 3088 863; x_wconf 81' lang='lat' dir='ltr'><strong>gloriam.</strong></span> <span class='ocrx_word' id='word_1_497' title='bbox 3129 795 3225 852; x_wconf 69' lang='lat' dir='ltr'><strong>Vel</strong></span> <span class='ocrx_word' id='word_1_498' title='bbox 3257 798 3330 854; x_wconf 90' lang='lat' dir='ltr'><strong>ita</strong></span> <span class='ocrx_word' id='word_1_499' title='bbox 3366 800 3425 854; x_wconf 81' lang='lat' dir='ltr'><strong>in</strong></span> 
     </span>
    </p>
   </div>
   <div class='ocr_carea' id='block_1_67' title="bbox 1830 875 3426 955">
    <p class='ocr_par' dir='ltr' id='par_1_67' title="bbox 1830 875 3426 955">
     <span class='ocr_line' id='line_1_67' title="bbox 1830 875 3426 955; baseline 0.011 -27"><span class='ocrx_word' id='word_1_500' title='bbox 1830 875 2058 945; x_wconf 84' lang='lat' dir='ltr'><strong>gloriam</strong></span> <span class='ocrx_word' id='word_1_501' title='bbox 2083 887 2348 944; x_wconf 88' lang='lat' dir='ltr'><strong>nostram,</strong></span> <span class='ocrx_word' id='word_1_502' title='bbox 2371 879 2423 932; x_wconf 88' lang='lat' dir='ltr'><strong>id</strong></span> <span class='ocrx_word' id='word_1_503' title='bbox 2453 887 2539 934; x_wconf 90' lang='lat' dir='ltr'><strong>est</strong></span> <span class='ocrx_word' id='word_1_504' title='bbox 2565 882 3003 950; x_wconf 68' lang='lat' dir='ltr'><strong>praedicatorum,</strong></span> <span class='ocrx_word' id='word_1_505' title='bbox 3022 887 3114 955; x_wconf 91' lang='lat' dir='ltr'><strong>qui</strong></span> <span class='ocrx_word' id='word_1_506' title='bbox 3141 889 3426 944; x_wconf 89' lang='lat' dir='ltr'><strong>ministra-</strong></span> 
     </span>
    </p>
   </div>
   <div class='ocr_carea' id='block_1_68' title="bbox 1830 967 3425 1046">
    <p class='ocr_par' dir='ltr' id='par_1_68' title="bbox 1830 967 3425 1046">
     <span class='ocr_line' id='line_1_68' title="bbox 1830 967 3425 1046; baseline 0.009 -25"><span class='ocrx_word' id='word_1_507' title='bbox 1830 983 1956 1022; x_wconf 89' lang='lat' dir='ltr'><strong>mus</strong></span> <span class='ocrx_word' id='word_1_508' title='bbox 1981 967 2125 1023; x_wconf 87' lang='lat' dir='ltr'><strong>hanc</strong></span> <span class='ocrx_word' id='word_1_509' title='bbox 2149 969 2492 1038; x_wconf 83' lang='lat' dir='ltr'><strong>sapientiam.</strong></span> <span class='ocrx_word' id='word_1_510' title='bbox 2519 971 2867 1029; x_wconf 86' lang='lat' dir='ltr'><strong>Conveniens</strong></span> <span class='ocrx_word' id='word_1_511' title='bbox 2897 977 3119 1046; x_wconf 88' lang='lat' dir='ltr'><strong>quidem</strong></span> <span class='ocrx_word' id='word_1_512' title='bbox 3173 979 3278 1034; x_wconf 81' lang='lat' dir='ltr'><strong>fuit</strong></span> <span class='ocrx_word' id='word_1_513' title='bbox 3297 1023 3311 1046; x_wconf 87' lang='lat'><strong>,</strong></span> <span class='ocrx_word' id='word_1_514' title='bbox 3364 991 3425 1037; x_wconf 92' lang='lat' dir='ltr'><strong>ut</strong></span> 
     </span>
    </p>
   </div>
   <div class='ocr_carea' id='block_1_69' title="bbox 1831 1057 3424 1134">
    <p class='ocr_par' dir='ltr' id='par_1_69' title="bbox 1831 1057 3424 1134">
     <span class='ocr_line' id='line_1_69' title="bbox 1831 1057 3424 1134; baseline 0.011 -23"><span class='ocrx_word' id='word_1_515' title='bbox 1831 1072 1935 1112; x_wconf 91' lang='lat' dir='ltr'><strong>nos</strong></span> <span class='ocrx_word' id='word_1_516' title='bbox 1955 1057 2051 1126; x_wconf 93' lang='lat' dir='ltr'><strong>qui</strong></span> <span class='ocrx_word' id='word_1_517' title='bbox 2084 1057 2463 1116; x_wconf 73' lang='lat' dir='ltr'><strong>ministramus</strong></span> <span class='ocrx_word' id='word_1_518' title='bbox 2495 1062 2640 1130; x_wconf 87' lang='lat' dir='ltr'><strong>aliis,</strong></span> <span class='ocrx_word' id='word_1_519' title='bbox 2666 1065 2946 1134; x_wconf 88' lang='lat' dir='ltr'><strong>copiosius</strong></span> <span class='ocrx_word' id='word_1_520' title='bbox 2968 1068 3091 1124; x_wconf 90' lang='lat' dir='ltr'><strong>aliis</strong></span> <span class='ocrx_word' id='word_1_521' title='bbox 3113 1069 3180 1124; x_wconf 92' lang='lat' dir='ltr'><strong>de</strong></span> <span class='ocrx_word' id='word_1_522' title='bbox 3202 1071 3305 1126; x_wconf 90' lang='lat' dir='ltr'><strong>hac</strong></span> <span class='ocrx_word' id='word_1_523' title='bbox 3329 1089 3424 1128; x_wconf 83' lang='lat' dir='ltr'><strong>sa-</strong></span> 
     </span>
    </p>
   </div>
   <div class='ocr_carea' id='block_1_70' title="bbox 1830 1148 3423 1230">
    <p class='ocr_par' dir='ltr' id='par_1_70' title="bbox 1830 1148 3423 1230">
     <span class='ocr_line' id='line_1_70' title="bbox 1830 1148 3423 1230; baseline 0.009 -28"><span class='ocrx_word' id='word_1_524' title='bbox 1830 1148 2036 1218; x_wconf 85' lang='lat' dir='ltr'><strong>pientia</strong></span> <span class='ocrx_word' id='word_1_525' title='bbox 2065 1150 2521 1222; x_wconf 81' lang='lat' dir='ltr'><strong>intelligeremus;</strong></span> <span class='ocrx_word' id='word_1_526' title='bbox 2552 1155 2680 1223; x_wconf 88' lang='lat' dir='ltr'><strong>quia</strong></span> <span class='ocrx_word' id='word_1_527' title='bbox 2703 1156 3021 1225; x_wconf 86' lang='lat' dir='ltr'><strong>sapientium</strong></span> <span class='ocrx_word' id='word_1_528' title='bbox 3045 1174 3193 1213; x_wconf 88' lang='lat' dir='ltr'><strong>nemo</strong></span> <span class='ocrx_word' id='word_1_529' title='bbox 3218 1162 3423 1230; x_wconf 82' lang='lat' dir='ltr'><strong>princi-</strong></span> 
     </span>
    </p>
   </div>
   <div class='ocr_carea' id='block_1_71' title="bbox 1830 1240 3502 1316">
    <p class='ocr_par' dir='ltr' id='par_1_71' title="bbox 1830 1240 3502 1316">
     <span class='ocr_line' id='line_1_71' title="bbox 1830 1240 3502 1316; baseline 0.01 -24"><span class='ocrx_word' id='word_1_530' title='bbox 1830 1256 1956 1310; x_wconf 89' lang='lat' dir='ltr'><strong>pum</strong></span> <span class='ocrx_word' id='word_1_531' title='bbox 1986 1240 2144 1311; x_wconf 84' lang='lat' dir='ltr'><strong>hujus</strong></span> <span class='ocrx_word' id='word_1_532' title='bbox 2186 1241 2391 1309; x_wconf 71' lang='lat' dir='ltr'><strong>sazculi,</strong></span> <span class='ocrx_word' id='word_1_533' title='bbox 2423 1243 2475 1296; x_wconf 88' lang='lat' dir='ltr'><strong>id</strong></span> <span class='ocrx_word' id='word_1_534' title='bbox 2501 1254 2585 1298; x_wconf 89' lang='lat' dir='ltr'><strong>est</strong></span> <span class='ocrx_word' id='word_1_535' title='bbox 2613 1245 3063 1316; x_wconf 89' lang='lat' dir='ltr'><strong>philosophorum</strong></span> <span class='ocrx_word' id='word_1_536' title='bbox 3101 1250 3185 1304; x_wconf 91' lang='lat' dir='ltr'><strong>vel</strong></span> <span class='ocrx_word' id='word_1_537' title='bbox 3215 1251 3426 1308; x_wconf 66' lang='lat' dir='ltr'><strong>daemo-</strong></span> <span class='ocrx_word' id='word_1_538' title='bbox 3500 1274 3502 1277; x_wconf 51' lang='grc' dir='ltr'><strong>ν</strong></span> 
     </span>
    </p>
   </div>
   <div class='ocr_carea' id='block_1_72' title="bbox 1832 1333 3422 1412">
    <p class='ocr_par' dir='ltr' id='par_1_72' title="bbox 1832 1333 3422 1412">
     <span class='ocr_line' id='line_1_72' title="bbox 1832 1333 3422 1412; baseline 0.008 -26"><span class='ocrx_word' id='word_1_539' title='bbox 1832 1348 1964 1387; x_wconf 89' lang='lat' dir='ltr'><strong>num</strong></span> <span class='ocrx_word' id='word_1_540' title='bbox 2012 1334 2272 1404; x_wconf 83' lang='lat' dir='ltr'><strong>cognouit.</strong></span> <span class='ocrx_word' id='word_1_541' title='bbox 2306 1333 2448 1389; x_wconf 87' lang='lat' dir='ltr'><strong>Vere</strong></span> <span class='ocrx_word' id='word_1_542' title='bbox 2499 1335 2773 1406; x_wconf 87' lang='lat' dir='ltr'><strong>principes</strong></span> <span class='ocrx_word' id='word_1_543' title='bbox 2817 1354 2927 1394; x_wconf 91' lang='lat' dir='ltr'><strong>non</strong></span> <span class='ocrx_word' id='word_1_544' title='bbox 2981 1353 3355 1412; x_wconf 88' lang='lat' dir='ltr'><strong>cognoverunt</strong></span> <span class='ocrx_word' id='word_1_545' title='bbox 3406 1360 3422 1399; x_wconf 89' lang='lat'><strong>:</strong></span> 
     </span>
    </p>
   </div>
   <div class='ocr_carea' id='block_1_73' title="bbox 1834 1427 3424 1503">
    <p class='ocr_par' dir='ltr' id='par_1_73' title="bbox 1834 1427 3424 1503">
     <span class='ocr_line' id='line_1_73' title="bbox 1834 1427 3424 1503; baseline 0.008 -25"><span class='ocrx_word' id='word_1_546' title='bbox 1834 1441 1961 1479; x_wconf 88' lang='lat' dir='ltr'><strong>nam</strong></span> <span class='ocrx_word' id='word_1_547' title='bbox 2003 1427 2050 1480; x_wconf 87' lang='lat' dir='ltr'><strong>si</strong></span> <span class='ocrx_word' id='word_1_548' title='bbox 2099 1427 2492 1498; x_wconf 76' lang='lat' dir='ltr'><strong>coquovissent,</strong></span> <span class='ocrx_word' id='word_1_549' title='bbox 2539 1445 2806 1501; x_wconf 87' lang='lat' dir='ltr'><strong>nunquam</strong></span> <span class='ocrx_word' id='word_1_550' title='bbox 2840 1434 3251 1503; x_wconf 62' lang='lat' dir='ltr'><strong>cruci/inissent,</strong></span> <span class='ocrx_word' id='word_1_551' title='bbox 3300 1438 3424 1491; x_wconf 88' lang='lat' dir='ltr'><strong>dia—</strong></span> 
     </span>
    </p>
   </div>
   <div class='ocr_carea' id='block_1_74' title="bbox 1832 1516 3428 1591">
    <p class='ocr_par' dir='ltr' id='par_1_74' title="bbox 1832 1516 3428 1591">
     <span class='ocr_line' id='line_1_74' title="bbox 1832 1516 3428 1591; baseline 0.006 -19"><span class='ocrx_word' id='word_1_552' title='bbox 1832 1516 1943 1572; x_wconf 87' lang='lat' dir='ltr'><strong>boli</strong></span> <span class='ocrx_word' id='word_1_553' title='bbox 1973 1517 2069 1588; x_wconf 89' lang='lat' dir='ltr'><strong>qui</strong></span> <span class='ocrx_word' id='word_1_554' title='bbox 2101 1518 2206 1573; x_wconf 88' lang='lat' dir='ltr'><strong>hoc</strong></span> <span class='ocrx_word' id='word_1_555' title='bbox 2248 1527 2553 1588; x_wconf 89' lang='lat' dir='ltr'><strong>posuerunt</strong></span> <span class='ocrx_word' id='word_1_556' title='bbox 2602 1521 2658 1574; x_wconf 87' lang='lat' dir='ltr'><strong>in</strong></span> <span class='ocrx_word' id='word_1_557' title='bbox 2712 1536 2809 1577; x_wconf 91' lang='lat' dir='ltr'><strong>cor</strong></span> <span class='ocrx_word' id='word_1_558' title='bbox 2851 1519 3033 1591; x_wconf 67' lang='lat' dir='ltr'><strong>Iudae,</strong></span> <span class='ocrx_word' id='word_1_559' title='bbox 3087 1537 3148 1580; x_wconf 87' lang='lat' dir='ltr'><strong>ut</strong></span> <span class='ocrx_word' id='word_1_560' title='bbox 3187 1526 3428 1582; x_wconf 84' lang='lat' dir='ltr'><strong>traderet</strong></span> 
     </span>
    </p>
   </div>
   <div class='ocr_carea' id='block_1_75' title="bbox 1833 1609 3427 1686">
    <p class='ocr_par' dir='ltr' id='par_1_75' title="bbox 1833 1609 3427 1686">
     <span class='ocr_line' id='line_1_75' title="bbox 1833 1609 3427 1686; baseline 0.006 -24"><span class='ocrx_word' id='word_1_561' title='bbox 1833 1623 1990 1676; x_wconf 91' lang='lat' dir='ltr'><strong>eum,</strong></span> <span class='ocrx_word' id='word_1_562' title='bbox 2026 1610 2112 1664; x_wconf 85' lang='lat' dir='ltr'><strong>vel</strong></span> <span class='ocrx_word' id='word_1_563' title='bbox 2154 1609 2208 1665; x_wconf 90' lang='lat' dir='ltr'><strong>in</strong></span> <span class='ocrx_word' id='word_1_564' title='bbox 2240 1611 2406 1665; x_wconf 88' lang='lat' dir='ltr'><strong>corda</strong></span> <span class='ocrx_word' id='word_1_565' title='bbox 2439 1610 2777 1678; x_wconf 61' lang='lat' dir='ltr'><strong>Iudaeorum,</strong></span> <span class='ocrx_word' id='word_1_566' title='bbox 2811 1621 2874 1668; x_wconf 91' lang='lat' dir='ltr'><strong>ut</strong></span> <span class='ocrx_word' id='word_1_567' title='bbox 2902 1613 3286 1686; x_wconf 87' lang='lat' dir='ltr'><strong>crucitigerent</strong></span> <span class='ocrx_word' id='word_1_568' title='bbox 3337 1616 3427 1671; x_wconf 84' lang='lat' dir='ltr'><strong>Je-</strong></span> 
     </span>
    </p>
   </div>
   <div class='ocr_carea' id='block_1_76' title="bbox 1835 1697 3428 1777">
    <p class='ocr_par' dir='ltr' id='par_1_76' title="bbox 1835 1697 3428 1777">
     <span class='ocr_line' id='line_1_76' title="bbox 1835 1697 3428 1777; baseline 0.006 -25"><span class='ocrx_word' id='word_1_569' title='bbox 1835 1713 1981 1753; x_wconf 88' lang='lat' dir='ltr'><strong>sum.</strong></span> <span class='ocrx_word' id='word_1_570' title='bbox 2002 1697 2292 1769; x_wconf 84' lang='lat' dir='ltr'><strong>Nunquam</strong></span> <span class='ocrx_word' id='word_1_571' title='bbox 2322 1701 2513 1771; x_wconf 87' lang='lat' dir='ltr'><strong>utique</strong></span> <span class='ocrx_word' id='word_1_572' title='bbox 2543 1702 2963 1771; x_wconf 83' lang='lat' dir='ltr'><strong>cruciﬁxissent,</strong></span> <span class='ocrx_word' id='word_1_573' title='bbox 2979 1720 3142 1774; x_wconf 90' lang='lat' dir='ltr'><strong>quem</strong></span> <span class='ocrx_word' id='word_1_574' title='bbox 3164 1722 3260 1777; x_wconf 86' lang='lat' dir='ltr'><strong>per</strong></span> <span class='ocrx_word' id='word_1_575' title='bbox 3285 1707 3428 1762; x_wconf 89' lang='lat' dir='ltr'><strong>hanc</strong></span> 
     </span>
    </p>
   </div>
   <div class='ocr_carea' id='block_1_77' title="bbox 1763 1784 3423 1865">
    <p class='ocr_par' dir='ltr' id='par_1_77' title="bbox 1763 1784 3423 1865">
     <span class='ocr_line' id='line_1_77' title="bbox 1763 1784 3423 1865; baseline 0.007 -25"><span class='ocrx_word' id='word_1_576' title='bbox 1763 1784 1807 1840; x_wconf 87' lang='lat' dir='ltr'><strong>B</strong></span> <span class='ocrx_word' id='word_1_577' title='bbox 1832 1789 2245 1846; x_wconf 78' lang='lat' dir='ltr'><strong>cruciﬁxionem</strong></span> <span class='ocrx_word' id='word_1_578' title='bbox 2289 1791 2495 1848; x_wconf 78' lang='lat' dir='ltr'><strong>scirent</strong></span> <span class='ocrx_word' id='word_1_579' title='bbox 2525 1809 2654 1858; x_wconf 80' lang='lat' dir='ltr'><strong>esse</strong></span> <span class='ocrx_word' id='word_1_580' title='bbox 2687 1793 2971 1857; x_wconf 84' lang='lat' dir='ltr'><strong>Dominum</strong></span> <span class='ocrx_word' id='word_1_581' title='bbox 2995 1793 3201 1865; x_wconf 67' lang='lat' dir='ltr'><strong>gloriae.</strong></span> <span class='ocrx_word' id='word_1_582' title='bbox 3236 1789 3294 1850; x_wconf 92' lang='lat' dir='ltr'><strong>Si</strong></span> <span class='ocrx_word' id='word_1_583' title='bbox 3323 1811 3423 1851; x_wconf 84' lang='lat' dir='ltr'><strong>co-</strong></span> 
     </span>
    </p>
   </div>
   <div class='ocr_carea' id='block_1_78' title="bbox 1833 1883 3426 1958">
    <p class='ocr_par' dir='ltr' id='par_1_78' title="bbox 1833 1883 3426 1958">
     <span class='ocr_line' id='line_1_78' title="bbox 1833 1883 3426 1958; baseline 0.006 -23"><span class='ocrx_word' id='word_1_584' title='bbox 1833 1883 2190 1952; x_wconf 86' lang='lat' dir='ltr'><strong>gnovissent,</strong></span> <span class='ocrx_word' id='word_1_585' title='bbox 2236 1898 2345 1938; x_wconf 88' lang='lat' dir='ltr'><strong>non</strong></span> <span class='ocrx_word' id='word_1_586' title='bbox 2379 1883 2801 1940; x_wconf 70' lang='lat' dir='ltr'><strong>cruciﬁxisseut.</strong></span> <span class='ocrx_word' id='word_1_587' title='bbox 2846 1884 2953 1941; x_wconf 86' lang='lat' dir='ltr'><strong>Sed</strong></span> <span class='ocrx_word' id='word_1_588' title='bbox 2999 1902 3109 1941; x_wconf 92' lang='lat' dir='ltr'><strong>non</strong></span> <span class='ocrx_word' id='word_1_589' title='bbox 3149 1901 3426 1958; x_wconf 83' lang='lat' dir='ltr'><strong>cognove-</strong></span> 
     </span>
    </p>
   </div>
   <div class='ocr_carea' id='block_1_79' title="bbox 1833 1968 3426 2048">
    <p class='ocr_par' dir='ltr' id='par_1_79' title="bbox 1833 1968 3426 2048">
     <span class='ocr_line' id='line_1_79' title="bbox 1833 1968 3426 2048; baseline 0.006 -22"><span class='ocrx_word' id='word_1_590' title='bbox 1833 1982 1963 2028; x_wconf 91' lang='lat' dir='ltr'><strong>runt</strong></span> <span class='ocrx_word' id='word_1_591' title='bbox 1990 2014 2006 2040; x_wconf 93' lang='lat'><strong>,</strong></span> <span class='ocrx_word' id='word_1_592' title='bbox 2042 1974 2186 2034; x_wconf 89' lang='lat' dir='ltr'><strong>sicut</strong></span> <span class='ocrx_word' id='word_1_593' title='bbox 2228 1975 2494 2044; x_wconf 90' lang='lat' dir='ltr'><strong>scriptum</strong></span> <span class='ocrx_word' id='word_1_594' title='bbox 2543 1985 2628 2031; x_wconf 89' lang='lat' dir='ltr'><strong>est</strong></span> <span class='ocrx_word' id='word_1_595' title='bbox 2684 1977 2736 2030; x_wconf 89' lang='lat' dir='ltr'><strong>in</strong></span> <span class='ocrx_word' id='word_1_596' title='bbox 2781 1976 2946 2032; x_wconf 89' lang='lat' dir='ltr'><strong>Isaia.</strong></span> <span class='ocrx_word' id='word_1_597' title='bbox 2993 1976 3144 2044; x_wconf 82' lang='lat' dir='ltr'><strong>Hoc,</strong></span> <span class='ocrx_word' id='word_1_598' title='bbox 3174 1968 3426 2048; x_wconf 70' lang='lat' dir='ltr'><strong>inquam,</strong></span> 
     </span>
    </p>
   </div>
   <div class='ocr_carea' id='block_1_80' title="bbox 1835 2063 3425 2138">
    <p class='ocr_par' dir='ltr' id='par_1_80' title="bbox 1835 2063 3425 2138">
     <span class='ocr_line' id='line_1_80' title="bbox 1835 2063 3425 2138; baseline 0.003 -20"><span class='ocrx_word' id='word_1_599' title='bbox 1835 2063 2100 2133; x_wconf 88' lang='lat' dir='ltr'><strong>scriptum</strong></span> <span class='ocrx_word' id='word_1_600' title='bbox 2150 2071 2273 2129; x_wconf 90' lang='lat' dir='ltr'><strong>est,</strong></span> <span class='ocrx_word' id='word_1_601' title='bbox 2321 2065 2462 2134; x_wconf 87' lang='lat' dir='ltr'><strong>quod</strong></span> <span class='ocrx_word' id='word_1_602' title='bbox 2498 2064 2684 2118; x_wconf 78' lang='lat' dir='ltr'><strong>oculus</strong></span> <span class='ocrx_word' id='word_1_603' title='bbox 2729 2082 2834 2119; x_wconf 89' lang='lat' dir='ltr'><strong>non</strong></span> <span class='ocrx_word' id='word_1_604' title='bbox 2874 2067 3005 2120; x_wconf 84' lang='lat' dir='ltr'><strong>vidit</strong></span> <span class='ocrx_word' id='word_1_605' title='bbox 3069 2067 3228 2138; x_wconf 89' lang='lat' dir='ltr'><strong>(Isai.</strong></span> <span class='ocrx_word' id='word_1_606' title='bbox 3276 2085 3425 2136; x_wconf 79' lang='lat' dir='ltr'><strong>LXIV,</strong></span> 
     </span>
    </p>
   </div>
   <div class='ocr_carea' id='block_1_81' title="bbox 1835 2152 3429 2224">
    <p class='ocr_par' dir='ltr' id='par_1_81' title="bbox 1835 2152 3429 2224">
     <span class='ocr_line' id='line_1_81' title="bbox 1835 2152 3429 2224; baseline 0.004 -16"><span class='ocrx_word' id='word_1_607' title='bbox 1835 2154 1912 2224; x_wconf 74' lang='grc'><strong>4).</strong></span> <span class='ocrx_word' id='word_1_608' title='bbox 1961 2152 2098 2208; x_wconf 88' lang='lat' dir='ltr'><strong>Illud</strong></span> <span class='ocrx_word' id='word_1_609' title='bbox 2145 2155 2292 2224; x_wconf 91' lang='lat' dir='ltr'><strong>quod</strong></span> <span class='ocrx_word' id='word_1_610' title='bbox 2333 2155 2400 2210; x_wconf 90' lang='lat' dir='ltr'><strong>de</strong></span> <span class='ocrx_word' id='word_1_611' title='bbox 2430 2155 2611 2210; x_wconf 88' lang='lat' dir='ltr'><strong>littera</strong></span> <span class='ocrx_word' id='word_1_612' title='bbox 2641 2155 2794 2210; x_wconf 82' lang='lat' dir='ltr'><strong>Pauli</strong></span> <span class='ocrx_word' id='word_1_613' title='bbox 2830 2167 2933 2224; x_wconf 91' lang='lat' dir='ltr'><strong>est,</strong></span> <span class='ocrx_word' id='word_1_614' title='bbox 2962 2165 3018 2212; x_wconf 89' lang='lat' dir='ltr'><strong>et</strong></span> <span class='ocrx_word' id='word_1_615' title='bbox 3041 2173 3151 2212; x_wconf 90' lang='lat' dir='ltr'><strong>non</strong></span> <span class='ocrx_word' id='word_1_616' title='bbox 3173 2156 3327 2213; x_wconf 78' lang='lat' dir='ltr'><strong>Isaia:</strong></span> <span class='ocrx_word' id='word_1_617' title='bbox 3345 2159 3429 2214; x_wconf 86' lang='lat' dir='ltr'><strong>sic</strong></span> 
     </span>
    </p>
   </div>
   <div class='ocr_carea' id='block_1_82' title="bbox 1835 2242 3428 2319">
    <p class='ocr_par' dir='ltr' id='par_1_82' title="bbox 1835 2242 3428 2319">
     <span class='ocr_line' id='line_1_82' title="bbox 1835 2242 3428 2319; baseline 0.004 -21"><span class='ocrx_word' id='word_1_618' title='bbox 1835 2243 2101 2299; x_wconf 89' lang='lat' dir='ltr'><strong>dicentis:</strong></span> <span class='ocrx_word' id='word_1_619' title='bbox 2132 2242 2352 2311; x_wconf 82' lang='lat' dir='ltr'><strong>Oculus,</strong></span> <span class='ocrx_word' id='word_1_620' title='bbox 2386 2245 2440 2300; x_wconf 90' lang='lat' dir='ltr'><strong>id</strong></span> <span class='ocrx_word' id='word_1_621' title='bbox 2463 2254 2547 2300; x_wconf 91' lang='lat' dir='ltr'><strong>est</strong></span> <span class='ocrx_word' id='word_1_622' title='bbox 2573 2247 2846 2302; x_wconf 88' lang='lat' dir='ltr'><strong>sensualis</strong></span> <span class='ocrx_word' id='word_1_623' title='bbox 2873 2248 3062 2314; x_wconf 89' lang='lat' dir='ltr'><strong>homo,</strong></span> <span class='ocrx_word' id='word_1_624' title='bbox 3095 2263 3204 2303; x_wconf 90' lang='lat' dir='ltr'><strong>non</strong></span> <span class='ocrx_word' id='word_1_625' title='bbox 3235 2264 3333 2319; x_wconf 90' lang='lat' dir='ltr'><strong>per</strong></span> <span class='ocrx_word' id='word_1_626' title='bbox 3367 2265 3428 2305; x_wconf 84' lang='lat' dir='ltr'><strong>se</strong></span> 
     </span>
    </p>
   </div>
   <div class='ocr_carea' id='block_1_83' title="bbox 1835 2335 3430 2408">
    <p class='ocr_par' dir='ltr' id='par_1_83' title="bbox 1835 2335 3430 2408">
     <span class='ocr_line' id='line_1_83' title="bbox 1835 2335 3430 2408; baseline 0.003 -19"><span class='ocrx_word' id='word_1_627' title='bbox 1835 2335 1999 2402; x_wconf 88' lang='lat' dir='ltr'><strong>vidit;</strong></span> <span class='ocrx_word' id='word_1_628' title='bbox 2028 2344 2080 2388; x_wconf 91' lang='lat' dir='ltr'><strong>et</strong></span> <span class='ocrx_word' id='word_1_629' title='bbox 2111 2336 2284 2403; x_wconf 88' lang='lat' dir='ltr'><strong>auris,</strong></span> <span class='ocrx_word' id='word_1_630' title='bbox 2314 2337 2369 2391; x_wconf 93' lang='lat' dir='ltr'><strong>id</strong></span> <span class='ocrx_word' id='word_1_631' title='bbox 2397 2346 2481 2392; x_wconf 86' lang='lat' dir='ltr'><strong>est</strong></span> <span class='ocrx_word' id='word_1_632' title='bbox 2517 2337 2658 2392; x_wconf 89' lang='lat' dir='ltr'><strong>idem</strong></span> <span class='ocrx_word' id='word_1_633' title='bbox 2703 2338 2978 2394; x_wconf 88' lang='lat' dir='ltr'><strong>sensualis</strong></span> <span class='ocrx_word' id='word_1_634' title='bbox 3026 2339 3172 2408; x_wconf 88' lang='lat' dir='ltr'><strong>quod</strong></span> <span class='ocrx_word' id='word_1_635' title='bbox 3226 2354 3324 2408; x_wconf 88' lang='lat' dir='ltr'><strong>per</strong></span> <span class='ocrx_word' id='word_1_636' title='bbox 3367 2355 3430 2394; x_wconf 86' lang='lat' dir='ltr'><strong>se</strong></span> 
     </span>
    </p>
   </div>
   <div class='ocr_carea' id='block_1_84' title="bbox 1836 2427 3428 2500">
    <p class='ocr_par' dir='ltr' id='par_1_84' title="bbox 1836 2427 3428 2500">
     <span class='ocr_line' id='line_1_84' title="bbox 1836 2427 3428 2500; baseline 0.002 -18"><span class='ocrx_word' id='word_1_637' title='bbox 1836 2427 2139 2500; x_wconf 90' lang='lat' dir='ltr'><strong>intelligere</strong></span> <span class='ocrx_word' id='word_1_638' title='bbox 2164 2444 2275 2484; x_wconf 90' lang='lat' dir='ltr'><strong>non</strong></span> <span class='ocrx_word' id='word_1_639' title='bbox 2309 2431 2514 2500; x_wconf 89' lang='lat' dir='ltr'><strong>potuit,</strong></span> <span class='ocrx_word' id='word_1_640' title='bbox 2559 2431 2630 2485; x_wconf 90' lang='lat' dir='ltr'><strong>ab</strong></span> <span class='ocrx_word' id='word_1_641' title='bbox 2660 2430 2768 2486; x_wconf 90' lang='lat' dir='ltr'><strong>alio</strong></span> <span class='ocrx_word' id='word_1_642' title='bbox 2795 2431 3025 2486; x_wconf 81' lang='lat' dir='ltr'><strong>docente</strong></span> <span class='ocrx_word' id='word_1_643' title='bbox 3060 2447 3163 2484; x_wconf 81' lang='lat' dir='ltr'><strong>non</strong></span> <span class='ocrx_word' id='word_1_644' title='bbox 3192 2432 3428 2496; x_wconf 80' lang='lat' dir='ltr'><strong>audivit;</strong></span> 
     </span>
    </p>
   </div>
   <div class='ocr_carea' id='block_1_85' title="bbox 1836 2521 3428 2592">
    <p class='ocr_par' dir='ltr' id='par_1_85' title="bbox 1836 2521 3428 2592">
     <span class='ocr_line' id='line_1_85' title="bbox 1836 2521 3428 2592; baseline 0.003 -18"><span class='ocrx_word' id='word_1_645' title='bbox 1836 2537 1928 2578; x_wconf 87' lang='lat' dir='ltr'><strong>nec</strong></span> <span class='ocrx_word' id='word_1_646' title='bbox 1955 2522 2114 2575; x_wconf 87' lang='lat' dir='ltr'><strong>etiam</strong></span> <span class='ocrx_word' id='word_1_647' title='bbox 2147 2521 2202 2574; x_wconf 90' lang='lat' dir='ltr'><strong>in</strong></span> <span class='ocrx_word' id='word_1_648' title='bbox 2233 2537 2352 2588; x_wconf 89' lang='lat' dir='ltr'><strong>cor,</strong></span> <span class='ocrx_word' id='word_1_649' title='bbox 2380 2521 2432 2576; x_wconf 93' lang='lat' dir='ltr'><strong>id</strong></span> <span class='ocrx_word' id='word_1_650' title='bbox 2454 2530 2539 2578; x_wconf 89' lang='lat' dir='ltr'><strong>est</strong></span> <span class='ocrx_word' id='word_1_651' title='bbox 2577 2522 2632 2576; x_wconf 92' lang='lat' dir='ltr'><strong>in</strong></span> <span class='ocrx_word' id='word_1_652' title='bbox 2665 2522 2840 2592; x_wconf 87' lang='lat' dir='ltr'><strong>ipsam</strong></span> <span class='ocrx_word' id='word_1_653' title='bbox 2871 2523 3140 2578; x_wconf 90' lang='lat' dir='ltr'><strong>rationem</strong></span> <span class='ocrx_word' id='word_1_654' title='bbox 3165 2523 3428 2588; x_wconf 87' lang='lat' dir='ltr'><strong>hominis,</strong></span> 
     </span>
    </p>
   </div>
   <div class='ocr_carea' id='block_1_86' title="bbox 1837 2611 3429 2685">
    <p class='ocr_par' dir='ltr' id='par_1_86' title="bbox 1837 2611 3429 2685">
     <span class='ocr_line' id='line_1_86' title="bbox 1837 2611 3429 2685; baseline 0.001 -19"><span class='ocrx_word' id='word_1_655' title='bbox 1837 2611 1889 2666; x_wconf 87' lang='lat' dir='ltr'><strong>id</strong></span> <span class='ocrx_word' id='word_1_656' title='bbox 1914 2621 2000 2668; x_wconf 88' lang='lat' dir='ltr'><strong>est</strong></span> <span class='ocrx_word' id='word_1_657' title='bbox 2042 2611 2357 2667; x_wconf 88' lang='lat' dir='ltr'><strong>humaniter</strong></span> <span class='ocrx_word' id='word_1_658' title='bbox 2382 2612 2642 2683; x_wconf 87' lang='lat' dir='ltr'><strong>sapientis</strong></span> <span class='ocrx_word' id='word_1_659' title='bbox 2670 2655 2686 2680; x_wconf 98' lang='lat'><strong>,</strong></span> <span class='ocrx_word' id='word_1_660' title='bbox 2727 2614 2998 2678; x_wconf 87' lang='lat' dir='ltr'><strong>ascendit;</strong></span> <span class='ocrx_word' id='word_1_661' title='bbox 3026 2614 3156 2685; x_wconf 90' lang='lat' dir='ltr'><strong>quia</strong></span> <span class='ocrx_word' id='word_1_662' title='bbox 3190 2615 3236 2669; x_wconf 90' lang='lat' dir='ltr'><strong>si</strong></span> <span class='ocrx_word' id='word_1_663' title='bbox 3262 2615 3429 2668; x_wconf 88' lang='lat' dir='ltr'><strong>homo</strong></span> 
     </span>
    </p>
   </div>
   <div class='ocr_carea' id='block_1_87' title="bbox 1836 2702 3432 2776">
    <p class='ocr_par' dir='ltr' id='par_1_87' title="bbox 1836 2702 3432 2776">
     <span class='ocr_line' id='line_1_87' title="bbox 1836 2702 3432 2776; baseline 0 -18"><span class='ocrx_word' id='word_1_664' title='bbox 1836 2703 2181 2774; x_wconf 79' lang='lat' dir='ltr'><strong>intelligeret,</strong></span> <span class='ocrx_word' id='word_1_665' title='bbox 2231 2712 2364 2759; x_wconf 90' lang='lat' dir='ltr'><strong>tunc</strong></span> <span class='ocrx_word' id='word_1_666' title='bbox 2411 2705 2601 2774; x_wconf 90' lang='lat' dir='ltr'><strong>utique</strong></span> <span class='ocrx_word' id='word_1_667' title='bbox 2633 2705 2779 2775; x_wconf 92' lang='lat' dir='ltr'><strong>quod</strong></span> <span class='ocrx_word' id='word_1_668' title='bbox 2825 2721 2933 2760; x_wconf 89' lang='lat' dir='ltr'><strong>non</strong></span> <span class='ocrx_word' id='word_1_669' title='bbox 2980 2706 3289 2776; x_wconf 86' lang='lat' dir='ltr'><strong>intelligens</strong></span> <span class='ocrx_word' id='word_1_670' title='bbox 3322 2702 3432 2759; x_wconf 82' lang='lat' dir='ltr'><strong>vile</strong></span> 
     </span>
    </p>
   </div>
   <div class='ocr_carea' id='block_1_88' title="bbox 1835 2795 3424 2868">
    <p class='ocr_par' dir='ltr' id='par_1_88' title="bbox 1835 2795 3424 2868">
     <span class='ocr_line' id='line_1_88' title="bbox 1835 2795 3424 2868; baseline 0.001 -18"><span class='ocrx_word' id='word_1_671' title='bbox 1835 2795 2012 2850; x_wconf 88' lang='lat' dir='ltr'><strong>credit</strong></span> <span class='ocrx_word' id='word_1_672' title='bbox 2033 2836 2049 2862; x_wconf 94' lang='lat'><strong>,</strong></span> <span class='ocrx_word' id='word_1_673' title='bbox 2085 2795 2408 2851; x_wconf 88' lang='lat' dir='ltr'><strong>ascenderet</strong></span> <span class='ocrx_word' id='word_1_674' title='bbox 2440 2795 2495 2850; x_wconf 91' lang='lat' dir='ltr'><strong>in</strong></span> <span class='ocrx_word' id='word_1_675' title='bbox 2519 2810 2608 2863; x_wconf 89' lang='lat' dir='ltr'><strong>eo,</strong></span> <span class='ocrx_word' id='word_1_676' title='bbox 2629 2805 2683 2851; x_wconf 91' lang='lat' dir='ltr'><strong>et</strong></span> <span class='ocrx_word' id='word_1_677' title='bbox 2714 2812 2972 2868; x_wconf 86' lang='lat' dir='ltr'><strong>magnum</strong></span> <span class='ocrx_word' id='word_1_678' title='bbox 3002 2812 3127 2853; x_wconf 88' lang='lat' dir='ltr'><strong>esse</strong></span> <span class='ocrx_word' id='word_1_679' title='bbox 3158 2798 3424 2852; x_wconf 77' lang='lat' dir='ltr'><strong>crederet.</strong></span> 
     </span>
    </p>
   </div>
   <div class='ocr_carea' id='block_1_89' title="bbox 1835 2885 3432 2959">
    <p class='ocr_par' dir='ltr' id='par_1_89' title="bbox 1835 2885 3432 2959">
     <span class='ocr_line' id='line_1_89' title="bbox 1835 2885 3432 2959; baseline 0.002 -19"><span class='ocrx_word' id='word_1_680' title='bbox 1835 2885 1990 2955; x_wconf 70' lang='lat' dir='ltr'><strong>llaec,</strong></span> <span class='ocrx_word' id='word_1_681' title='bbox 2023 2887 2284 2957; x_wconf 88' lang='lat' dir='ltr'><strong>inquam,</strong></span> <span class='ocrx_word' id='word_1_682' title='bbox 2328 2903 2432 2942; x_wconf 90' lang='lat' dir='ltr'><strong>nec</strong></span> <span class='ocrx_word' id='word_1_683' title='bbox 2473 2888 2609 2942; x_wconf 89' lang='lat' dir='ltr'><strong>vidit</strong></span> <span class='ocrx_word' id='word_1_684' title='bbox 2649 2903 2750 2943; x_wconf 93' lang='lat' dir='ltr'><strong>nec</strong></span> <span class='ocrx_word' id='word_1_685' title='bbox 2793 2889 3000 2943; x_wconf 87' lang='lat' dir='ltr'><strong>audivit</strong></span> <span class='ocrx_word' id='word_1_686' title='bbox 3039 2903 3193 2959; x_wconf 65' lang='lat' dir='ltr'><strong>quae,</strong></span> <span class='ocrx_word' id='word_1_687' title='bbox 3243 2889 3295 2942; x_wconf 84' lang='lat' dir='ltr'><strong>id</strong></span> <span class='ocrx_word' id='word_1_688' title='bbox 3343 2896 3432 2943; x_wconf 90' lang='lat' dir='ltr'><strong>est</strong></span> 
     </span>
    </p>
   </div>
   <div class='ocr_carea' id='block_1_90' title="bbox 1834 2978 3430 3051">
    <p class='ocr_par' dir='ltr' id='par_1_90' title="bbox 1834 2978 3430 3051">
     <span class='ocr_line' id='line_1_90' title="bbox 1834 2978 3430 3051; baseline 0.001 -20"><span class='ocrx_word' id='word_1_689' title='bbox 1834 2987 2036 3050; x_wconf 83' lang='lat' dir='ltr'><strong>quanta</strong></span> <span class='ocrx_word' id='word_1_690' title='bbox 2065 2988 2122 3034; x_wconf 90' lang='lat' dir='ltr'><strong>et</strong></span> <span class='ocrx_word' id='word_1_691' title='bbox 2146 2994 2310 3049; x_wconf 89' lang='lat' dir='ltr'><strong>quam</strong></span> <span class='ocrx_word' id='word_1_692' title='bbox 2341 2979 2505 3051; x_wconf 83' lang='lat' dir='ltr'><strong>digna</strong></span> <span class='ocrx_word' id='word_1_693' title='bbox 2531 2978 2674 3033; x_wconf 86' lang='lat' dir='ltr'><strong>Deus</strong></span> <span class='ocrx_word' id='word_1_694' title='bbox 2705 2980 3030 3050; x_wconf 71' lang='lat' dir='ltr'><strong>prmpararit</strong></span> <span class='ocrx_word' id='word_1_695' title='bbox 3060 2980 3142 3033; x_wconf 89' lang='lat' dir='ltr'><strong>his</strong></span> <span class='ocrx_word' id='word_1_696' title='bbox 3183 2981 3274 3049; x_wconf 88' lang='lat' dir='ltr'><strong>qui</strong></span> <span class='ocrx_word' id='word_1_697' title='bbox 3299 2979 3430 3032; x_wconf 83' lang='lat' dir='ltr'><strong>dili-</strong></span> 
     </span>
    </p>
   </div>
   <div class='ocr_carea' id='block_1_91' title="bbox 1836 3058 3424 3141">
    <p class='ocr_par' dir='ltr' id='par_1_91' title="bbox 1836 3058 3424 3141">
     <span class='ocr_line' id='line_1_91' title="bbox 1836 3058 3424 3141; baseline 0.001 -20"><span class='ocrx_word' id='word_1_698' title='bbox 1836 3077 1963 3140; x_wconf 83' lang='lat' dir='ltr'><strong>gunt</strong></span> <span class='ocrx_word' id='word_1_699' title='bbox 1997 3085 2138 3123; x_wconf 89' lang='lat' dir='ltr'><strong>eum.</strong></span> <span class='ocrx_word' id='word_1_700' title='bbox 2163 3058 2266 3124; x_wconf 74' lang='lat' dir='ltr'><strong>Vel</strong></span> <span class='ocrx_word' id='word_1_701' title='bbox 2302 3067 2435 3122; x_wconf 89' lang='lat' dir='ltr'><strong>illud</strong></span> <span class='ocrx_word' id='word_1_702' title='bbox 2465 3069 2612 3138; x_wconf 92' lang='lat' dir='ltr'><strong>quod</strong></span> <span class='ocrx_word' id='word_1_703' title='bbox 2648 3083 2846 3123; x_wconf 89' lang='lat' dir='ltr'><strong>nomen</strong></span> <span class='ocrx_word' id='word_1_704' title='bbox 2882 3083 3004 3124; x_wconf 91' lang='lat' dir='ltr'><strong>esse</strong></span> <span class='ocrx_word' id='word_1_705' title='bbox 3059 3069 3272 3141; x_wconf 77' lang='lat' dir='ltr'><strong>legatur</strong></span> <span class='ocrx_word' id='word_1_706' title='bbox 3322 3068 3424 3124; x_wconf 90' lang='lat' dir='ltr'><strong>sic.</strong></span> 
     </span>
    </p>
   </div>
   <div class='ocr_carea' id='block_1_92' title="bbox 1839 3158 3425 3230">
    <p class='ocr_par' dir='ltr' id='par_1_92' title="bbox 1839 3158 3425 3230">
     <span class='ocr_line' id='line_1_92' title="bbox 1839 3158 3425 3230; baseline -0.002 -15"><span class='ocrx_word' id='word_1_707' title='bbox 1839 3159 2116 3230; x_wconf 81' lang='lat' dir='ltr'><strong>Scriptum</strong></span> <span class='ocrx_word' id='word_1_708' title='bbox 2137 3168 2223 3214; x_wconf 87' lang='lat' dir='ltr'><strong>est</strong></span> <span class='ocrx_word' id='word_1_709' title='bbox 2249 3159 2368 3226; x_wconf 90' lang='lat' dir='ltr'><strong>hic,</strong></span> <span class='ocrx_word' id='word_1_710' title='bbox 2392 3159 2523 3230; x_wconf 83' lang='lat' dir='ltr'><strong>quia</strong></span> <span class='ocrx_word' id='word_1_711' title='bbox 2546 3158 2675 3214; x_wconf 88' lang='lat' dir='ltr'><strong>illud</strong></span> <span class='ocrx_word' id='word_1_712' title='bbox 2705 3159 2852 3229; x_wconf 86' lang='lat' dir='ltr'><strong>quod</strong></span> <span class='ocrx_word' id='word_1_713' title='bbox 2894 3159 3078 3214; x_wconf 84' lang='lat' dir='ltr'><strong>oculus</strong></span> <span class='ocrx_word' id='word_1_714' title='bbox 3129 3175 3232 3212; x_wconf 86' lang='lat' dir='ltr'><strong>non</strong></span> <span class='ocrx_word' id='word_1_715' title='bbox 3263 3159 3425 3227; x_wconf 82' lang='lat' dir='ltr'><strong>vidit,</strong></span> 
     </span>
    </p>
   </div>
   <div class='ocr_carea' id='block_1_93' title="bbox 1836 3251 3426 3325">
    <p class='ocr_par' dir='ltr' id='par_1_93' title="bbox 1836 3251 3426 3325">
     <span class='ocr_line' id='line_1_93' title="bbox 1836 3251 3426 3325; baseline 0.001 -19"><span class='ocrx_word' id='word_1_716' title='bbox 1836 3261 1890 3306; x_wconf 90' lang='lat' dir='ltr'><strong>et</strong></span> <span class='ocrx_word' id='word_1_717' title='bbox 1923 3261 2120 3306; x_wconf 60' lang='lat' dir='ltr'><strong>caetera</strong></span> <span class='ocrx_word' id='word_1_718' title='bbox 2172 3269 2185 3306; x_wconf 90' lang='lat'><strong>:</strong></span> <span class='ocrx_word' id='word_1_719' title='bbox 2230 3260 2317 3307; x_wconf 88' lang='lat' dir='ltr'><strong>cst</strong></span> <span class='ocrx_word' id='word_1_720' title='bbox 2347 3251 2439 3307; x_wconf 90' lang='lat' dir='ltr'><strong>illa</strong></span> <span class='ocrx_word' id='word_1_721' title='bbox 2467 3268 2586 3322; x_wconf 69' lang='lat' dir='ltr'><strong>quae</strong></span> <span class='ocrx_word' id='word_1_722' title='bbox 2615 3253 2939 3322; x_wconf 69' lang='lat' dir='ltr'><strong>prieparavit</strong></span> <span class='ocrx_word' id='word_1_723' title='bbox 2970 3252 3111 3307; x_wconf 88' lang='lat' dir='ltr'><strong>Deus</strong></span> <span class='ocrx_word' id='word_1_724' title='bbox 3150 3253 3426 3325; x_wconf 82' lang='lat' dir='ltr'><strong>diligenti-</strong></span> 
     </span>
    </p>
   </div>
   <div class='ocr_carea' id='block_1_94' title="bbox 1836 3338 2810 3406">
    <p class='ocr_par' dir='ltr' id='par_1_94' title="bbox 1836 3338 2810 3406">
     <span class='ocr_line' id='line_1_94' title="bbox 1836 3338 2810 3406; baseline 0.003 -10"><span class='ocrx_word' id='word_1_725' title='bbox 1836 3342 1932 3397; x_wconf 84' lang='lat' dir='ltr'><strong>bus</strong></span> <span class='ocrx_word' id='word_1_726' title='bbox 1961 3360 2036 3397; x_wconf 84' lang='lat' dir='ltr'><strong>se.</strong></span> <span class='ocrx_word' id='word_1_727' title='bbox 2060 3338 2128 3398; x_wconf 84' lang='lat' dir='ltr'><strong>Et</strong></span> <span class='ocrx_word' id='word_1_728' title='bbox 2157 3351 2242 3398; x_wconf 87' lang='lat' dir='ltr'><strong>est</strong></span> <span class='ocrx_word' id='word_1_729' title='bbox 2263 3343 2401 3400; x_wconf 88' lang='lat' dir='ltr'><strong>satis</strong></span> <span class='ocrx_word' id='word_1_730' title='bbox 2421 3344 2566 3406; x_wconf 85' lang='lat' dir='ltr'><strong>bona</strong></span> <span class='ocrx_word' id='word_1_731' title='bbox 2597 3345 2810 3400; x_wconf 87' lang='lat' dir='ltr'><strong>relatio.</strong></span> 
     </span>
    </p>
   </div>
   <div class='ocr_carea' id='block_1_95' title="bbox 1907 3432 3428 3506">
    <p class='ocr_par' dir='ltr' id='par_1_95' title="bbox 1907 3432 3428 3506">
     <span class='ocr_line' id='line_1_95' title="bbox 1907 3432 3428 3506; baseline 0.005 -19"><span class='ocrx_word' id='word_1_732' title='bbox 1907 3432 2123 3490; x_wconf 87' lang='lat' dir='ltr'><strong>Diceret</strong></span> <span class='ocrx_word' id='word_1_733' title='bbox 2143 3435 2344 3506; x_wconf 88' lang='lat' dir='ltr'><strong>aliquis</strong></span> <span class='ocrx_word' id='word_1_734' title='bbox 2366 3454 2379 3492; x_wconf 89' lang='lat'><strong>:</strong></span> <span class='ocrx_word' id='word_1_735' title='bbox 2407 3434 2464 3490; x_wconf 90' lang='lat' dir='ltr'><strong>Si</strong></span> <span class='ocrx_word' id='word_1_736' title='bbox 2487 3435 2541 3490; x_wconf 92' lang='lat' dir='ltr'><strong>iu</strong></span> <span class='ocrx_word' id='word_1_737' title='bbox 2565 3451 2664 3491; x_wconf 89' lang='lat' dir='ltr'><strong>cor</strong></span> <span class='ocrx_word' id='word_1_738' title='bbox 2683 3435 2924 3493; x_wconf 87' lang='lat' dir='ltr'><strong>hominis</strong></span> <span class='ocrx_word' id='word_1_739' title='bbox 2945 3437 3054 3492; x_wconf 91' lang='lat' dir='ltr'><strong>hoc</strong></span> <span class='ocrx_word' id='word_1_740' title='bbox 3083 3452 3194 3492; x_wconf 86' lang='lat' dir='ltr'><strong>non</strong></span> <span class='ocrx_word' id='word_1_741' title='bbox 3230 3453 3428 3494; x_wconf 76' lang='lat' dir='ltr'><strong>asren-</strong></span> 
     </span>
    </p>
   </div>
   <div class='ocr_carea' id='block_1_96' title="bbox 1834 3523 3532 3600">
    <p class='ocr_par' dir='ltr' id='par_1_96' title="bbox 1834 3523 3532 3600">
     <span class='ocr_line' id='line_1_96' title="bbox 1834 3523 3532 3600; baseline 0.004 -20"><span class='ocrx_word' id='word_1_742' title='bbox 1834 3525 1934 3593; x_wconf 87' lang='lat' dir='ltr'><strong>dit,</strong></span> <span class='ocrx_word' id='word_1_743' title='bbox 1959 3525 2238 3597; x_wconf 91' lang='lat' dir='ltr'><strong>quomodo</strong></span> <span class='ocrx_word' id='word_1_744' title='bbox 2267 3542 2399 3600; x_wconf 83' lang='lat' dir='ltr'><strong>ergo</strong></span> <span class='ocrx_word' id='word_1_745' title='bbox 2424 3537 2481 3584; x_wconf 90' lang='lat' dir='ltr'><strong>tu</strong></span> <span class='ocrx_word' id='word_1_746' title='bbox 2517 3527 2695 3584; x_wconf 82' lang='lat' dir='ltr'><strong>nosti?</strong></span> <span class='ocrx_word' id='word_1_747' title='bbox 2731 3523 2810 3582; x_wconf 80' lang='lat' dir='ltr'><strong>Ad</strong></span> <span class='ocrx_word' id='word_1_748' title='bbox 2839 3529 2942 3584; x_wconf 88' lang='lat' dir='ltr'><strong>hoc</strong></span> <span class='ocrx_word' id='word_1_749' title='bbox 2980 3527 3184 3584; x_wconf 88' lang='lat' dir='ltr'><strong>Paulus</strong></span> <span class='ocrx_word' id='word_1_750' title='bbox 3213 3547 3226 3584; x_wconf 89' lang='lat'><strong>:</strong></span> <span class='ocrx_word' id='word_1_751' title='bbox 3254 3528 3428 3586; x_wconf 82' lang='lat' dir='ltr'><strong>Nemo</strong></span> <span class='ocrx_word' id='word_1_752' title='bbox 3527 3525 3532 3530; x_wconf 77' lang='grc'><em>’</em></span> 
     </span>
    </p>
   </div>
   <div class='ocr_carea' id='block_1_97' title="bbox 1834 3615 3428 3690">
    <p class='ocr_par' dir='ltr' id='par_1_97' title="bbox 1834 3615 3428 3690">
     <span class='ocr_line' id='line_1_97' title="bbox 1834 3615 3428 3690; baseline 0.004 -21"><span class='ocrx_word' id='word_1_753' title='bbox 1834 3615 2056 3686; x_wconf 88' lang='lat' dir='ltr'><strong>quidem</strong></span> <span class='ocrx_word' id='word_1_754' title='bbox 2077 3615 2242 3686; x_wconf 88' lang='lat' dir='ltr'><strong>hujus</strong></span> <span class='ocrx_word' id='word_1_755' title='bbox 2262 3618 2715 3689; x_wconf 60' lang='lat' dir='ltr'><strong>sarculicognovit</strong></span> <span class='ocrx_word' id='word_1_756' title='bbox 2730 3636 2744 3685; x_wconf 92' lang='lat'><strong>;</strong></span> <span class='ocrx_word' id='word_1_757' title='bbox 2759 3618 2850 3672; x_wconf 87' lang='lat' dir='ltr'><strong>sed</strong></span> <span class='ocrx_word' id='word_1_758' title='bbox 2869 3619 3018 3672; x_wconf 85' lang='lat' dir='ltr'><strong>nobis</strong></span> <span class='ocrx_word' id='word_1_759' title='bbox 3032 3620 3125 3689; x_wconf 91' lang='lat' dir='ltr'><strong>qui</strong></span> <span class='ocrx_word' id='word_1_760' title='bbox 3144 3619 3258 3690; x_wconf 88' lang='lat' dir='ltr'><strong>jam</strong></span> <span class='ocrx_word' id='word_1_761' title='bbox 3272 3637 3428 3674; x_wconf 88' lang='lat' dir='ltr'><strong>mun-</strong></span> 
     </span>
    </p>
   </div>
   <div class='ocr_carea' id='block_1_98' title="bbox 1833 3708 3422 3782">
    <p class='ocr_par' dir='ltr' id='par_1_98' title="bbox 1833 3708 3422 3782">
     <span class='ocr_line' id='line_1_98' title="bbox 1833 3708 3422 3782; baseline 0.005 -20"><span class='ocrx_word' id='word_1_762' title='bbox 1833 3708 1963 3762; x_wconf 87' lang='lat' dir='ltr'><strong>dqu</strong></span> <span class='ocrx_word' id='word_1_763' title='bbox 1989 3708 2266 3774; x_wconf 83' lang='lat' dir='ltr'><strong>exuimus,</strong></span> <span class='ocrx_word' id='word_1_764' title='bbox 2290 3709 2533 3764; x_wconf 75' lang='lat' dir='ltr'><strong>reuelauit</strong></span> <span class='ocrx_word' id='word_1_765' title='bbox 2554 3712 2656 3766; x_wconf 88' lang='lat' dir='ltr'><strong>hoc</strong></span> <span class='ocrx_word' id='word_1_766' title='bbox 2686 3710 2822 3765; x_wconf 88' lang='lat' dir='ltr'><strong>Deus</strong></span> <span class='ocrx_word' id='word_1_767' title='bbox 2844 3727 2937 3780; x_wconf 88' lang='lat' dir='ltr'><strong>per</strong></span> <span class='ocrx_word' id='word_1_768' title='bbox 2963 3710 3223 3782; x_wconf 82' lang='lat' dir='ltr'><strong>Spiritum</strong></span> <span class='ocrx_word' id='word_1_769' title='bbox 3245 3730 3422 3770; x_wconf 80' lang='lat' dir='ltr'><strong>suum.</strong></span> 
     </span>
    </p>
   </div>
   <div class='ocr_carea' id='block_1_99' title="bbox 1837 3800 3428 3876">
    <p class='ocr_par' dir='ltr' id='par_1_99' title="bbox 1837 3800 3428 3876">
     <span class='ocr_line' id='line_1_99' title="bbox 1837 3800 3428 3876; baseline 0.006 -23"><span class='ocrx_word' id='word_1_770' title='bbox 1837 3800 2074 3870; x_wconf 83' lang='lat' dir='ltr'><strong>Spiritus</strong></span> <span class='ocrx_word' id='word_1_771' title='bbox 2094 3803 2240 3856; x_wconf 88' lang='lat' dir='ltr'><strong>enim</strong></span> <span class='ocrx_word' id='word_1_772' title='bbox 2261 3802 2356 3858; x_wconf 91' lang='lat' dir='ltr'><strong>Dei</strong></span> <span class='ocrx_word' id='word_1_773' title='bbox 2379 3803 2584 3870; x_wconf 90' lang='lat' dir='ltr'><strong>docuit,</strong></span> <span class='ocrx_word' id='word_1_774' title='bbox 2598 3804 2653 3858; x_wconf 94' lang='lat' dir='ltr'><strong>in</strong></span> <span class='ocrx_word' id='word_1_775' title='bbox 2667 3819 2779 3874; x_wconf 91' lang='lat' dir='ltr'><strong>quo</strong></span> <span class='ocrx_word' id='word_1_776' title='bbox 2795 3805 3034 3859; x_wconf 87' lang='lat' dir='ltr'><strong>humana</strong></span> <span class='ocrx_word' id='word_1_777' title='bbox 3057 3805 3324 3874; x_wconf 86' lang='lat' dir='ltr'><strong>sapientia</strong></span> <span class='ocrx_word' id='word_1_778' title='bbox 3336 3823 3428 3876; x_wconf 81' lang='lat' dir='ltr'><strong>pe-</strong></span> 
     </span>
    </p>
   </div>
   <div class='ocr_carea' id='block_1_100' title="bbox 1835 3891 3420 3966">
    <p class='ocr_par' dir='ltr' id='par_1_100' title="bbox 1835 3891 3420 3966">
     <span class='ocr_line' id='line_1_100' title="bbox 1835 3891 3420 3966; baseline 0.006 -23"><span class='ocrx_word' id='word_1_779' title='bbox 1835 3892 1984 3947; x_wconf 89' lang='lat' dir='ltr'><strong>nitus</strong></span> <span class='ocrx_word' id='word_1_780' title='bbox 1999 3892 2198 3946; x_wconf 90' lang='lat' dir='ltr'><strong>deﬁcit.</strong></span> <span class='ocrx_word' id='word_1_781' title='bbox 2219 3891 2564 3948; x_wconf 88' lang='lat' dir='ltr'><strong>Credendum</strong></span> <span class='ocrx_word' id='word_1_782' title='bbox 2585 3903 2669 3948; x_wconf 89' lang='lat' dir='ltr'><strong>est</strong></span> <span class='ocrx_word' id='word_1_783' title='bbox 2689 3894 2876 3964; x_wconf 90' lang='lat' dir='ltr'><strong>utique</strong></span> <span class='ocrx_word' id='word_1_784' title='bbox 2889 3895 3034 3965; x_wconf 85' lang='lat' dir='ltr'><strong>quod</strong></span> <span class='ocrx_word' id='word_1_785' title='bbox 3047 3911 3144 3966; x_wconf 90' lang='lat' dir='ltr'><strong>per</strong></span> <span class='ocrx_word' id='word_1_786' title='bbox 3159 3896 3420 3966; x_wconf 88' lang='lat' dir='ltr'><strong>Spiritum</strong></span> 
     </span>
    </p>
   </div>
   <div class='ocr_carea' id='block_1_101' title="bbox 1832 3984 3422 4058">
    <p class='ocr_par' dir='ltr' id='par_1_101' title="bbox 1832 3984 3422 4058">
     <span class='ocr_line' id='line_1_101' title="bbox 1832 3984 3422 4058; baseline 0.004 -19"><span class='ocrx_word' id='word_1_787' title='bbox 1832 3984 1941 4056; x_wconf 76' lang='lat'><strong>93</strong></span> <span class='ocrx_word' id='word_1_788' title='bbox 1968 3999 2131 4040; x_wconf 90' lang='lat' dir='ltr'><strong>suum</strong></span> <span class='ocrx_word' id='word_1_789' title='bbox 2154 3986 2477 4042; x_wconf 80' lang='lat' dir='ltr'><strong>revelaverit</strong></span> <span class='ocrx_word' id='word_1_790' title='bbox 2499 3987 2656 4042; x_wconf 87' lang='lat' dir='ltr'><strong>nobis</strong></span> <span class='ocrx_word' id='word_1_791' title='bbox 2683 3985 2828 4042; x_wconf 86' lang='lat' dir='ltr'><strong>Deus</strong></span> <span class='ocrx_word' id='word_1_792' title='bbox 2852 4006 2865 4042; x_wconf 90' lang='lat'><strong>:</strong></span> <span class='ocrx_word' id='word_1_793' title='bbox 2895 3987 3038 4041; x_wconf 87' lang='lat' dir='ltr'><strong>Nam</strong></span> <span class='ocrx_word' id='word_1_794' title='bbox 3064 3986 3298 4058; x_wconf 81' lang='lat' dir='ltr'><strong>Spiritus</strong></span> <span class='ocrx_word' id='word_1_795' title='bbox 3321 3990 3422 4045; x_wconf 83' lang='lat' dir='ltr'><strong>Dei</strong></span> 
     </span>
    </p>
   </div>
   <div class='ocr_carea' id='block_1_102' title="bbox 1833 4077 3420 4150">
    <p class='ocr_par' dir='ltr' id='par_1_102' title="bbox 1833 4077 3420 4150">
     <span class='ocr_line' id='line_1_102' title="bbox 1833 4077 3420 4150; baseline 0.005 -22"><span class='ocrx_word' id='word_1_796' title='bbox 1833 4085 2108 4130; x_wconf 84' lang='lat' dir='ltr'><strong>scrutatur</strong></span> <span class='ocrx_word' id='word_1_797' title='bbox 2129 4077 2329 4143; x_wconf 89' lang='lat' dir='ltr'><strong>omnia,</strong></span> <span class='ocrx_word' id='word_1_798' title='bbox 2369 4091 2479 4130; x_wconf 91' lang='lat' dir='ltr'><strong>non</strong></span> <span class='ocrx_word' id='word_1_799' title='bbox 2521 4078 2666 4148; x_wconf 88' lang='lat' dir='ltr'><strong>quod</strong></span> <span class='ocrx_word' id='word_1_800' title='bbox 2710 4077 2826 4148; x_wconf 90' lang='lat' dir='ltr'><strong>ipse</strong></span> <span class='ocrx_word' id='word_1_801' title='bbox 2866 4078 3114 4149; x_wconf 89' lang='lat' dir='ltr'><strong>ignotum</strong></span> <span class='ocrx_word' id='word_1_802' title='bbox 3156 4080 3288 4150; x_wconf 88' lang='lat' dir='ltr'><strong>quid</strong></span> <span class='ocrx_word' id='word_1_803' title='bbox 3317 4081 3420 4137; x_wconf 91' lang='lat' dir='ltr'><strong>ha-</strong></span> 
     </span>
    </p>
   </div>
   <div class='ocr_carea' id='block_1_103' title="bbox 1834 4166 3424 4244">
    <p class='ocr_par' dir='ltr' id='par_1_103' title="bbox 1834 4166 3424 4244">
     <span class='ocr_line' id='line_1_103' title="bbox 1834 4166 3424 4244; baseline 0.003 -21"><span class='ocrx_word' id='word_1_804' title='bbox 1834 4167 1979 4233; x_wconf 87' lang='lat' dir='ltr'><strong>heat,</strong></span> <span class='ocrx_word' id='word_1_805' title='bbox 2004 4183 2177 4239; x_wconf 89' lang='lat' dir='ltr'><strong>quare</strong></span> <span class='ocrx_word' id='word_1_806' title='bbox 2203 4183 2329 4222; x_wconf 91' lang='lat' dir='ltr'><strong>eum</strong></span> <span class='ocrx_word' id='word_1_807' title='bbox 2373 4166 2610 4224; x_wconf 78' lang='lat' dir='ltr'><strong>s&#39;crutari</strong></span> <span class='ocrx_word' id='word_1_808' title='bbox 2652 4177 2921 4239; x_wconf 89' lang='lat' dir='ltr'><strong>oporteat,</strong></span> <span class='ocrx_word' id='word_1_809' title='bbox 2953 4171 3048 4227; x_wconf 89' lang='lat' dir='ltr'><strong>sed</strong></span> <span class='ocrx_word' id='word_1_810' title='bbox 3083 4172 3211 4242; x_wconf 92' lang='lat' dir='ltr'><strong>quia</strong></span> <span class='ocrx_word' id='word_1_811' title='bbox 3247 4174 3424 4244; x_wconf 87' lang='lat' dir='ltr'><strong>aperit</strong></span> 
     </span>
    </p>
   </div>
   <div class='ocr_carea' id='block_1_104' title="bbox 1833 4262 3419 4332">
    <p class='ocr_par' dir='ltr' id='par_1_104' title="bbox 1833 4262 3419 4332">
     <span class='ocr_line' id='line_1_104' title="bbox 1833 4262 3419 4332; baseline 0.003 -16"><span class='ocrx_word' id='word_1_812' title='bbox 1833 4262 1993 4318; x_wconf 88' lang='lat' dir='ltr'><strong>nobis</strong></span> <span class='ocrx_word' id='word_1_813' title='bbox 2039 4262 2223 4318; x_wconf 89' lang='lat' dir='ltr'><strong>omnia</strong></span> <span class='ocrx_word' id='word_1_814' title='bbox 2257 4277 2382 4332; x_wconf 61' lang='lat' dir='ltr'><strong>quae</strong></span> <span class='ocrx_word' id='word_1_815' title='bbox 2419 4262 2659 4317; x_wconf 82' lang='lat' dir='ltr'><strong>maximo</strong></span> <span class='ocrx_word' id='word_1_816' title='bbox 2703 4263 2972 4318; x_wconf 84' lang='lat' dir='ltr'><strong>scrutinio</strong></span> <span class='ocrx_word' id='word_1_817' title='bbox 3015 4271 3145 4319; x_wconf 90' lang='lat' dir='ltr'><strong>sunt</strong></span> <span class='ocrx_word' id='word_1_818' title='bbox 3188 4264 3419 4321; x_wconf 86' lang='lat' dir='ltr'><strong>investi-</strong></span> 
     </span>
    </p>
   </div>
   <div class='ocr_carea' id='block_1_105' title="bbox 1833 4353 3423 4424">
    <p class='ocr_par' dir='ltr' id='par_1_105' title="bbox 1833 4353 3423 4424">
     <span class='ocr_line' id='line_1_105' title="bbox 1833 4353 3423 4424; baseline 0.003 -16"><span class='ocrx_word' id='word_1_819' title='bbox 1833 4355 2034 4424; x_wconf 82' lang='lat' dir='ltr'><strong>ganda.</strong></span> <span class='ocrx_word' id='word_1_820' title='bbox 2068 4353 2256 4424; x_wconf 86' lang='lat' dir='ltr'><strong>Aperit</strong></span> <span class='ocrx_word' id='word_1_821' title='bbox 2283 4354 2449 4409; x_wconf 90' lang='lat' dir='ltr'><strong>etiam</strong></span> <span class='ocrx_word' id='word_1_822' title='bbox 2493 4353 2654 4409; x_wconf 89' lang='lat' dir='ltr'><strong>nobis</strong></span> <span class='ocrx_word' id='word_1_823' title='bbox 2677 4354 2944 4424; x_wconf 80' lang='lat' dir='ltr'><strong>profunda</strong></span> <span class='ocrx_word' id='word_1_824' title='bbox 2973 4354 3094 4423; x_wconf 89' lang='lat' dir='ltr'><strong>Dei,</strong></span> <span class='ocrx_word' id='word_1_825' title='bbox 3130 4356 3184 4412; x_wconf 90' lang='lat' dir='ltr'><strong>id</strong></span> <span class='ocrx_word' id='word_1_826' title='bbox 3227 4367 3312 4413; x_wconf 90' lang='lat' dir='ltr'><strong>est</strong></span> <span class='ocrx_word' id='word_1_827' title='bbox 3337 4359 3423 4412; x_wconf 79' lang='lat' dir='ltr'><strong>a|~</strong></span> 
     </span>
    </p>
   </div>
   <div class='ocr_carea' id='block_1_106' title="bbox 1835 4446 3422 4520">
    <p class='ocr_par' dir='ltr' id='par_1_106' title="bbox 1835 4446 3422 4520">
     <span class='ocr_line' id='line_1_106' title="bbox 1835 4446 3422 4520; baseline -0.001 -18"><span class='ocrx_word' id='word_1_828' title='bbox 1835 4449 1974 4503; x_wconf 90' lang='lat' dir='ltr'><strong>tiora</strong></span> <span class='ocrx_word' id='word_1_829' title='bbox 2004 4456 2060 4503; x_wconf 89' lang='lat' dir='ltr'><strong>et</strong></span> <span class='ocrx_word' id='word_1_830' title='bbox 2095 4446 2396 4506; x_wconf 86' lang='lat' dir='ltr'><strong>occultiora</strong></span> <span class='ocrx_word' id='word_1_831' title='bbox 2427 4447 2680 4504; x_wconf 70' lang='lat' dir='ltr'><strong>essentia:</strong></span> <span class='ocrx_word' id='word_1_832' title='bbox 2709 4447 2829 4514; x_wconf 92' lang='lat' dir='ltr'><strong>Dei,</strong></span> <span class='ocrx_word' id='word_1_833' title='bbox 2868 4457 2928 4502; x_wconf 90' lang='lat' dir='ltr'><strong>ut</strong></span> <span class='ocrx_word' id='word_1_834' title='bbox 2963 4448 3096 4502; x_wconf 90' lang='lat' dir='ltr'><strong>illud</strong></span> <span class='ocrx_word' id='word_1_835' title='bbox 3145 4450 3422 4520; x_wconf 81' lang='lat' dir='ltr'><strong>quomodo</strong></span> 
     </span>
    </p>
   </div>
   <div class='ocr_carea' id='block_1_107' title="bbox 1836 4539 3420 4607">
    <p class='ocr_par' dir='ltr' id='par_1_107' title="bbox 1836 4539 3420 4607">
     <span class='ocr_line' id='line_1_107' title="bbox 1836 4539 3420 4607; baseline 0.002 -13"><span class='ocrx_word' id='word_1_836' title='bbox 1836 4540 2080 4596; x_wconf 86' lang='lat' dir='ltr'><strong>Trinitas</strong></span> <span class='ocrx_word' id='word_1_837' title='bbox 2127 4541 2183 4595; x_wconf 91' lang='lat' dir='ltr'><strong>in</strong></span> <span class='ocrx_word' id='word_1_838' title='bbox 2235 4540 2470 4607; x_wconf 85' lang='lat' dir='ltr'><strong>unitate,</strong></span> <span class='ocrx_word' id='word_1_839' title='bbox 2519 4539 2700 4595; x_wconf 90' lang='lat' dir='ltr'><strong>unitas</strong></span> <span class='ocrx_word' id='word_1_840' title='bbox 2747 4540 2802 4594; x_wconf 91' lang='lat' dir='ltr'><strong>in</strong></span> <span class='ocrx_word' id='word_1_841' title='bbox 2851 4540 3118 4596; x_wconf 87' lang='lat' dir='ltr'><strong>Triuitate</strong></span> <span class='ocrx_word' id='word_1_842' title='bbox 3167 4550 3420 4604; x_wconf 85' lang='lat' dir='ltr'><strong>maneat;</strong></span> 
     </span>
    </p>
   </div>
   <div class='ocr_carea' id='block_1_108' title="bbox 1836 4632 3424 4704">
    <p class='ocr_par' dir='ltr' id='par_1_108' title="bbox 1836 4632 3424 4704">
     <span class='ocr_line' id='line_1_108' title="bbox 1836 4632 3424 4704; baseline 0.001 -18"><span class='ocrx_word' id='word_1_843' title='bbox 1836 4634 2029 4704; x_wconf 88' lang='lat' dir='ltr'><strong>prohat</strong></span> <span class='ocrx_word' id='word_1_844' title='bbox 2053 4634 2200 4704; x_wconf 91' lang='lat' dir='ltr'><strong>quod</strong></span> <span class='ocrx_word' id='word_1_845' title='bbox 2229 4633 2367 4688; x_wconf 76' lang='lat' dir='ltr'><strong>dixit</strong></span> <span class='ocrx_word' id='word_1_846' title='bbox 2395 4648 2427 4688; x_wconf 90' lang='lat' dir='ltr'><strong>a</strong></span> <span class='ocrx_word' id='word_1_847' title='bbox 2447 4632 2649 4687; x_wconf 88' lang='lat' dir='ltr'><strong>minori</strong></span> <span class='ocrx_word' id='word_1_848' title='bbox 2674 4640 2728 4687; x_wconf 91' lang='lat' dir='ltr'><strong>et</strong></span> <span class='ocrx_word' id='word_1_849' title='bbox 2751 4648 2780 4686; x_wconf 90' lang='lat' dir='ltr'><strong>a</strong></span> <span class='ocrx_word' id='word_1_850' title='bbox 2811 4633 2976 4688; x_wconf 90' lang='lat' dir='ltr'><strong>simili</strong></span> <span class='ocrx_word' id='word_1_851' title='bbox 3009 4633 3082 4688; x_wconf 92' lang='lat' dir='ltr'><strong>ita</strong></span> <span class='ocrx_word' id='word_1_852' title='bbox 3105 4632 3273 4689; x_wconf 77' lang='lat' dir='ltr'><strong>:Vere</strong></span> <span class='ocrx_word' id='word_1_853' title='bbox 3298 4632 3424 4704; x_wconf 92' lang='lat' dir='ltr'><strong>Spi-</strong></span> 
     </span>
    </p>
   </div>
   <div class='ocr_carea' id='block_1_109' title="bbox 1837 4721 3420 4793">
    <p class='ocr_par' dir='ltr' id='par_1_109' title="bbox 1837 4721 3420 4793">
     <span class='ocr_line' id='line_1_109' title="bbox 1837 4721 3420 4793; baseline -0.001 -15"><span class='ocrx_word' id='word_1_854' title='bbox 1837 4725 1978 4779; x_wconf 90' lang='lat' dir='ltr'><strong>ritus</strong></span> <span class='ocrx_word' id='word_1_855' title='bbox 2011 4722 2108 4778; x_wconf 92' lang='lat' dir='ltr'><strong>Dei</strong></span> <span class='ocrx_word' id='word_1_856' title='bbox 2144 4731 2354 4778; x_wconf 88' lang='lat' dir='ltr'><strong>tantum</strong></span> <span class='ocrx_word' id='word_1_857' title='bbox 2395 4721 2630 4778; x_wconf 88' lang='lat' dir='ltr'><strong>scrutari</strong></span> <span class='ocrx_word' id='word_1_858' title='bbox 2666 4731 2938 4792; x_wconf 88' lang='lat' dir='ltr'><strong>potestea</strong></span> <span class='ocrx_word' id='word_1_859' title='bbox 2985 4739 3108 4793; x_wconf 71' lang='lat' dir='ltr'><strong>qua:</strong></span> <span class='ocrx_word' id='word_1_860' title='bbox 3148 4731 3275 4778; x_wconf 88' lang='lat' dir='ltr'><strong>sunt</strong></span> <span class='ocrx_word' id='word_1_861' title='bbox 3303 4722 3420 4776; x_wconf 89' lang='lat' dir='ltr'><strong>Dei.</strong></span> 
     </span>
    </p>
   </div>
   <div class='ocr_carea' id='block_1_110' title="bbox 1837 4816 3422 4887">
    <p class='ocr_par' dir='ltr' id='par_1_110' title="bbox 1837 4816 3422 4887">
     <span class='ocr_line' id='line_1_110' title="bbox 1837 4816 3422 4887; baseline 0 -17"><span class='ocrx_word' id='word_1_862' title='bbox 1837 4817 1972 4872; x_wconf 85' lang='lat' dir='ltr'><strong>Nam</strong></span> <span class='ocrx_word' id='word_1_863' title='bbox 2001 4818 2225 4887; x_wconf 82' lang='lat' dir='ltr'><strong>spiritus</strong></span> <span class='ocrx_word' id='word_1_864' title='bbox 2265 4817 2493 4871; x_wconf 84' lang='lat' dir='ltr'><strong>hominis</strong></span> <span class='ocrx_word' id='word_1_865' title='bbox 2539 4824 2751 4871; x_wconf 87' lang='lat' dir='ltr'><strong>tantum</strong></span> <span class='ocrx_word' id='word_1_866' title='bbox 2794 4816 2933 4868; x_wconf 86' lang='lat' dir='ltr'><strong>norit</strong></span> <span class='ocrx_word' id='word_1_867' title='bbox 2968 4831 3028 4868; x_wconf 88' lang='lat' dir='ltr'><strong>ea</strong></span> <span class='ocrx_word' id='word_1_868' title='bbox 3070 4831 3190 4886; x_wconf 73' lang='lat' dir='ltr'><strong>qua:</strong></span> <span class='ocrx_word' id='word_1_869' title='bbox 3218 4816 3273 4868; x_wconf 89' lang='lat' dir='ltr'><strong>in</strong></span> <span class='ocrx_word' id='word_1_870' title='bbox 3307 4817 3422 4886; x_wconf 83' lang='lat' dir='ltr'><strong>ipso</strong></span> 
     </span>
    </p>
   </div>
   <div class='ocr_carea' id='block_1_111' title="bbox 1837 4907 3422 4978">
    <p class='ocr_par' dir='ltr' id='par_1_111' title="bbox 1837 4907 3422 4978">
     <span class='ocr_line' id='line_1_111' title="bbox 1837 4907 3422 4978; baseline 0.001 -14"><span class='ocrx_word' id='word_1_871' title='bbox 1837 4911 2046 4965; x_wconf 88' lang='lat' dir='ltr'><strong>homine</strong></span> <span class='ocrx_word' id='word_1_872' title='bbox 2071 4919 2226 4973; x_wconf 86' lang='lat' dir='ltr'><strong>sunt;</strong></span> <span class='ocrx_word' id='word_1_873' title='bbox 2257 4917 2317 4965; x_wconf 90' lang='lat' dir='ltr'><strong>et-</strong></span> <span class='ocrx_word' id='word_1_874' title='bbox 2341 4910 2386 4965; x_wconf 89' lang='lat' dir='ltr'><strong>si</strong></span> <span class='ocrx_word' id='word_1_875' title='bbox 2435 4909 2588 4966; x_wconf 87' lang='lat' dir='ltr'><strong>solus</strong></span> <span class='ocrx_word' id='word_1_876' title='bbox 2615 4907 2842 4978; x_wconf 91' lang='lat' dir='ltr'><strong>spiritus</strong></span> <span class='ocrx_word' id='word_1_877' title='bbox 2872 4908 3110 4964; x_wconf 90' lang='lat' dir='ltr'><strong>hominis</strong></span> <span class='ocrx_word' id='word_1_878' title='bbox 3148 4909 3301 4964; x_wconf 89' lang='lat' dir='ltr'><strong>novit</strong></span> <span class='ocrx_word' id='word_1_879' title='bbox 3357 4927 3422 4965; x_wconf 77' lang='lat' dir='ltr'><strong>ea</strong></span> 
     </span>
    </p>
   </div>
   <div class='ocr_carea' id='block_1_112' title="bbox 1834 4998 3423 5073">
    <p class='ocr_par' dir='ltr' id='par_1_112' title="bbox 1834 4998 3423 5073">
     <span class='ocr_line' id='line_1_112' title="bbox 1834 4998 3423 5073; baseline -0.003 -14"><span class='ocrx_word' id='word_1_880' title='bbox 1834 5018 1957 5073; x_wconf 70' lang='lat' dir='ltr'><strong>quae</strong></span> <span class='ocrx_word' id='word_1_881' title='bbox 1985 5011 2114 5058; x_wconf 89' lang='lat' dir='ltr'><strong>sunt</strong></span> <span class='ocrx_word' id='word_1_882' title='bbox 2135 5002 2256 5072; x_wconf 87' lang='lat' dir='ltr'><strong>ejus</strong></span> <span class='ocrx_word' id='word_1_883' title='bbox 2283 5000 2544 5066; x_wconf 89' lang='lat' dir='ltr'><strong>hominis,</strong></span> <span class='ocrx_word' id='word_1_884' title='bbox 2577 5015 2674 5069; x_wconf 89' lang='lat' dir='ltr'><strong>per</strong></span> <span class='ocrx_word' id='word_1_885' title='bbox 2701 4998 2880 5055; x_wconf 89' lang='lat' dir='ltr'><strong>simile</strong></span> <span class='ocrx_word' id='word_1_886' title='bbox 2911 5008 2965 5054; x_wconf 91' lang='lat' dir='ltr'><strong>ct</strong></span> <span class='ocrx_word' id='word_1_887' title='bbox 3001 5015 3034 5054; x_wconf 91' lang='lat' dir='ltr'><strong>a</strong></span> <span class='ocrx_word' id='word_1_888' title='bbox 3065 5002 3258 5072; x_wconf 88' lang='lat' dir='ltr'><strong>majori</strong></span> <span class='ocrx_word' id='word_1_889' title='bbox 3285 5018 3423 5058; x_wconf 77' lang='lat' dir='ltr'><strong>con—</strong></span> 
     </span>
    </p>
   </div>
   <div class='ocr_carea' id='block_1_113' title="bbox 1833 5091 3426 5174">
    <p class='ocr_par' dir='ltr' id='par_1_113' title="bbox 1833 5091 3426 5174">
     <span class='ocr_line' id='line_1_113' title="bbox 1833 5091 3426 5174; baseline 0 -24"><span class='ocrx_word' id='word_1_890' title='bbox 1833 5103 1964 5162; x_wconf 89' lang='lat' dir='ltr'><strong>stat,</strong></span> <span class='ocrx_word' id='word_1_891' title='bbox 1998 5095 2145 5166; x_wconf 84' lang='lat' dir='ltr'><strong>quod</strong></span> <span class='ocrx_word' id='word_1_892' title='bbox 2177 5093 2414 5174; x_wconf 74' lang='lat' dir='ltr'><strong>Spiritus</strong></span> <span class='ocrx_word' id='word_1_893' title='bbox 2444 5091 2538 5148; x_wconf 92' lang='lat' dir='ltr'><strong>Dei</strong></span> <span class='ocrx_word' id='word_1_894' title='bbox 2569 5091 2722 5148; x_wconf 89' lang='lat' dir='ltr'><strong>solus</strong></span> <span class='ocrx_word' id='word_1_895' title='bbox 2755 5099 3032 5148; x_wconf 87' lang='lat' dir='ltr'><strong>scrutetur</strong></span> <span class='ocrx_word' id='word_1_896' title='bbox 3057 5108 3124 5149; x_wconf 88' lang='lat' dir='ltr'><strong>ea</strong></span> <span class='ocrx_word' id='word_1_897' title='bbox 3152 5110 3274 5167; x_wconf 73' lang='lat' dir='ltr'><strong>qua:</strong></span> <span class='ocrx_word' id='word_1_898' title='bbox 3295 5104 3426 5151; x_wconf 87' lang='lat' dir='ltr'><strong>sunt</strong></span> 
     </span>
    </p>
   </div>
   <div class='ocr_carea' id='block_1_114' title="bbox 1835 5184 3426 5259">
    <p class='ocr_par' dir='ltr' id='par_1_114' title="bbox 1835 5184 3426 5259">
     <span class='ocr_line' id='line_1_114' title="bbox 1835 5184 3426 5259; baseline 0.001 -17"><span class='ocrx_word' id='word_1_899' title='bbox 1835 5187 1950 5244; x_wconf 90' lang='lat' dir='ltr'><strong>Dei.</strong></span> <span class='ocrx_word' id='word_1_900' title='bbox 1979 5187 2137 5255; x_wconf 84' lang='lat' dir='ltr'><strong>Quod</strong></span> <span class='ocrx_word' id='word_1_901' title='bbox 2166 5187 2247 5243; x_wconf 90' lang='lat' dir='ltr'><strong>sic</strong></span> <span class='ocrx_word' id='word_1_902' title='bbox 2275 5187 2352 5242; x_wconf 90' lang='lat' dir='ltr'><strong>ait</strong></span> <span class='ocrx_word' id='word_1_903' title='bbox 2379 5204 2396 5241; x_wconf 85' lang='lat'><strong>:</strong></span> <span class='ocrx_word' id='word_1_904' title='bbox 2432 5185 2692 5256; x_wconf 90' lang='lat' dir='ltr'><strong>Spiritus,</strong></span> <span class='ocrx_word' id='word_1_905' title='bbox 2716 5184 2964 5257; x_wconf 86' lang='lat' dir='ltr'><strong>inquam,</strong></span> <span class='ocrx_word' id='word_1_906' title='bbox 2985 5195 3262 5243; x_wconf 87' lang='lat' dir='ltr'><strong>scrutatur</strong></span> <span class='ocrx_word' id='word_1_907' title='bbox 3297 5204 3426 5259; x_wconf 90' lang='lat' dir='ltr'><strong>pro-</strong></span> 
     </span>
    </p>
   </div>
   <div class='ocr_carea' id='block_1_115' title="bbox 1836 5277 3426 5351">
    <p class='ocr_par' dir='ltr' id='par_1_115' title="bbox 1836 5277 3426 5351">
     <span class='ocr_line' id='line_1_115' title="bbox 1836 5277 3426 5351; baseline -0.002 -14"><span class='ocrx_word' id='word_1_908' title='bbox 1836 5281 2004 5338; x_wconf 83' lang='lat' dir='ltr'><strong>funda</strong></span> <span class='ocrx_word' id='word_1_909' title='bbox 2032 5280 2148 5336; x_wconf 92' lang='lat' dir='ltr'><strong>Dei.</strong></span> <span class='ocrx_word' id='word_1_910' title='bbox 2179 5277 2314 5334; x_wconf 88' lang='lat' dir='ltr'><strong>Nam</strong></span> <span class='ocrx_word' id='word_1_911' title='bbox 2344 5278 2470 5350; x_wconf 89' lang='lat' dir='ltr'><strong>quis</strong></span> <span class='ocrx_word' id='word_1_912' title='bbox 2495 5279 2779 5334; x_wconf 89' lang='lat' dir='ltr'><strong>hominum</strong></span> <span class='ocrx_word' id='word_1_913' title='bbox 2812 5280 2998 5334; x_wconf 90' lang='lat' dir='ltr'><strong>scitea</strong></span> <span class='ocrx_word' id='word_1_914' title='bbox 3021 5296 3144 5351; x_wconf 71' lang='lat' dir='ltr'><strong>qua:</strong></span> <span class='ocrx_word' id='word_1_915' title='bbox 3164 5290 3296 5336; x_wconf 90' lang='lat' dir='ltr'><strong>sunt</strong></span> <span class='ocrx_word' id='word_1_916' title='bbox 3323 5282 3426 5335; x_wconf 83' lang='lat' dir='ltr'><strong>ho-</strong></span> 
     </span>
    </p>
   </div>
   <div class='ocr_carea' id='block_1_116' title="bbox 1835 5369 3426 5442">
    <p class='ocr_par' dir='ltr' id='par_1_116' title="bbox 1835 5369 3426 5442">
     <span class='ocr_line' id='line_1_116' title="bbox 1835 5369 3426 5442; baseline -0.001 -13"><span class='ocrx_word' id='word_1_917' title='bbox 1835 5374 2004 5429; x_wconf 90' lang='lat' dir='ltr'><strong>minis</strong></span> <span class='ocrx_word' id='word_1_918' title='bbox 2023 5372 2270 5432; x_wconf 86' lang='lat' dir='ltr'><strong>alterius.</strong></span> <span class='ocrx_word' id='word_1_919' title='bbox 2295 5373 2399 5426; x_wconf 90' lang='lat' dir='ltr'><strong>uisi</strong></span> <span class='ocrx_word' id='word_1_920' title='bbox 2430 5371 2656 5442; x_wconf 84' lang='lat' dir='ltr'><strong>spiritus</strong></span> <span class='ocrx_word' id='word_1_921' title='bbox 2685 5369 2930 5440; x_wconf 81' lang='lat' dir='ltr'><strong>ejusdem</strong></span> <span class='ocrx_word' id='word_1_922' title='bbox 2959 5370 3197 5426; x_wconf 90' lang='lat' dir='ltr'><strong>hominis</strong></span> <span class='ocrx_word' id='word_1_923' title='bbox 3221 5371 3314 5442; x_wconf 90' lang='lat' dir='ltr'><strong>qui</strong></span> <span class='ocrx_word' id='word_1_924' title='bbox 3339 5380 3426 5427; x_wconf 88' lang='lat' dir='ltr'><strong>cst</strong></span> 
     </span>
    </p>
   </div>
   <div class='ocr_carea' id='block_1_117' title="bbox 1835 5463 3426 5537">
    <p class='ocr_par' dir='ltr' id='par_1_117' title="bbox 1835 5463 3426 5537">
     <span class='ocr_line' id='line_1_117' title="bbox 1835 5463 3426 5537; baseline -0.003 -15"><span class='ocrx_word' id='word_1_925' title='bbox 1835 5467 1890 5522; x_wconf 90' lang='lat' dir='ltr'><strong>in</strong></span> <span class='ocrx_word' id='word_1_926' title='bbox 1914 5466 2066 5537; x_wconf 88' lang='lat' dir='ltr'><strong>ipso?</strong></span> <span class='ocrx_word' id='word_1_927' title='bbox 2083 5465 2255 5521; x_wconf 86' lang='lat' dir='ltr'><strong>Nemo</strong></span> <span class='ocrx_word' id='word_1_928' title='bbox 2274 5466 2482 5536; x_wconf 89' lang='lat' dir='ltr'><strong>utique.</strong></span> <span class='ocrx_word' id='word_1_929' title='bbox 2508 5463 2574 5518; x_wconf 85' lang='lat' dir='ltr'><strong>Et</strong></span> <span class='ocrx_word' id='word_1_930' title='bbox 2593 5463 3035 5534; x_wconf 82' lang='lat' dir='ltr'><strong>quandoquidem</strong></span> <span class='ocrx_word' id='word_1_931' title='bbox 3052 5478 3213 5517; x_wconf 89' lang='lat' dir='ltr'><strong>nemo</strong></span> <span class='ocrx_word' id='word_1_932' title='bbox 3226 5478 3426 5533; x_wconf 77' lang='lat' dir='ltr'><strong>cogno-</strong></span> 
     </span>
    </p>
   </div>
   <div class='ocr_carea' id='block_1_118' title="bbox 1836 5553 3420 5629">
    <p class='ocr_par' dir='ltr' id='par_1_118' title="bbox 1836 5553 3420 5629">
     <span class='ocr_line' id='line_1_118' title="bbox 1836 5553 3420 5629; baseline -0.005 -14"><span class='ocrx_word' id='word_1_933' title='bbox 1836 5560 1941 5615; x_wconf 90' lang='lat' dir='ltr'><strong>scit</strong></span> <span class='ocrx_word' id='word_1_934' title='bbox 1952 5574 2074 5629; x_wconf 65' lang='lat' dir='ltr'><strong>quae</strong></span> <span class='ocrx_word' id='word_1_935' title='bbox 2089 5557 2491 5619; x_wconf 85' lang='lat' dir='ltr'><strong>suntbomiuis,</strong></span> <span class='ocrx_word' id='word_1_936' title='bbox 2512 5556 2617 5611; x_wconf 84' lang='lat' dir='ltr'><strong>nisi</strong></span> <span class='ocrx_word' id='word_1_937' title='bbox 2637 5555 2862 5625; x_wconf 89' lang='lat' dir='ltr'><strong>spiritus</strong></span> <span class='ocrx_word' id='word_1_938' title='bbox 2873 5553 3115 5626; x_wconf 88' lang='lat' dir='ltr'><strong>ejusdem</strong></span> <span class='ocrx_word' id='word_1_939' title='bbox 3133 5572 3147 5621; x_wconf 93' lang='lat'><strong>;</strong></span> <span class='ocrx_word' id='word_1_940' title='bbox 3164 5554 3235 5627; x_wconf 77' lang='lat' dir='ltr'><strong>ita</strong></span> <span class='ocrx_word' id='word_1_941' title='bbox 3255 5553 3420 5608; x_wconf 89' lang='lat' dir='ltr'><strong>simili</strong></span> 
     </span>
    </p>
   </div>
   <div class='ocr_carea' id='block_1_119' title="bbox 1836 5643 3420 5722">
    <p class='ocr_par' dir='ltr' id='par_1_119' title="bbox 1836 5643 3420 5722">
     <span class='ocr_line' id='line_1_119' title="bbox 1836 5643 3420 5722; baseline -0.005 -14"><span class='ocrx_word' id='word_1_942' title='bbox 1836 5652 2068 5718; x_wconf 82' lang='lat' dir='ltr'><strong>ratione,</strong></span> <span class='ocrx_word' id='word_1_943' title='bbox 2081 5659 2136 5706; x_wconf 90' lang='lat' dir='ltr'><strong>et</strong></span> <span class='ocrx_word' id='word_1_944' title='bbox 2145 5668 2205 5705; x_wconf 87' lang='lat' dir='ltr'><strong>ea</strong></span> <span class='ocrx_word' id='word_1_945' title='bbox 2220 5668 2339 5722; x_wconf 71' lang='lat' dir='ltr'><strong>qum</strong></span> <span class='ocrx_word' id='word_1_946' title='bbox 2361 5649 2454 5704; x_wconf 89' lang='lat' dir='ltr'><strong>Dei</strong></span> <span class='ocrx_word' id='word_1_947' title='bbox 2479 5658 2623 5714; x_wconf 88' lang='lat' dir='ltr'><strong>sunt,</strong></span> <span class='ocrx_word' id='word_1_948' title='bbox 2643 5664 2793 5702; x_wconf 89' lang='lat' dir='ltr'><strong>nemo</strong></span> <span class='ocrx_word' id='word_1_949' title='bbox 2806 5647 3044 5718; x_wconf 83' lang='lat' dir='ltr'><strong>cognovit</strong></span> <span class='ocrx_word' id='word_1_950' title='bbox 3066 5645 3170 5722; x_wconf 78' lang='lat' dir='ltr'><strong>nisi</strong></span> <span class='ocrx_word' id='word_1_951' title='bbox 3184 5643 3420 5714; x_wconf 84' lang='lat' dir='ltr'><strong>Spiritus</strong></span> 
     </span>
    </p>
   </div>
   <div class='ocr_carea' id='block_1_120' title="bbox 1836 5735 3422 5814">
    <p class='ocr_par' dir='ltr' id='par_1_120' title="bbox 1836 5735 3422 5814">
     <span class='ocr_line' id='line_1_120' title="bbox 1836 5735 3422 5814; baseline -0.004 -15"><span class='ocrx_word' id='word_1_952' title='bbox 1836 5744 1956 5814; x_wconf 87' lang='lat' dir='ltr'><strong>Dei,</strong></span> <span class='ocrx_word' id='word_1_953' title='bbox 1983 5743 2077 5814; x_wconf 90' lang='lat' dir='ltr'><strong>qui</strong></span> <span class='ocrx_word' id='word_1_954' title='bbox 2100 5743 2260 5799; x_wconf 87' lang='lat' dir='ltr'><strong>nobis</strong></span> <span class='ocrx_word' id='word_1_955' title='bbox 2283 5741 2541 5798; x_wconf 85' lang='lat' dir='ltr'><strong>revelavit</strong></span> <span class='ocrx_word' id='word_1_956' title='bbox 2562 5739 2888 5809; x_wconf 85' lang='lat' dir='ltr'><strong>sapientiam</strong></span> <span class='ocrx_word' id='word_1_957' title='bbox 2910 5737 3024 5794; x_wconf 89' lang='lat' dir='ltr'><strong>Dei.</strong></span> <span class='ocrx_word' id='word_1_958' title='bbox 3051 5735 3422 5808; x_wconf 68' lang='lat' dir='ltr'><strong>Dixerat-qui-</strong></span> 
     </span>
    </p>
   </div>
  </div>
