4018 6288
548 258 653 361 es

1088 295 1167 355 ss
1191 278 1536 359 hannonis
1575 296 2218 359 cmruusunonuu
2261 294 2749 354 lNSTlTUTORlS
2786 294 2938 353 ore.
2980 294 3164 353 usus
3199 293 3264 353 ιι.

3707 298 3808 355 156

543 416 668 473 dem
682 415 854 471 Deum
871 415 1145 471 revelasse
1158 416 1259 470 sibi
1277 434 1373 487 per
1389 412 2128 487 Spir’itum;sednondumdi-
2156 428 2200 484 Α
2234 429 2253 463 ι
2297 423 2410 466 ιυιη
2446 412 2630 467 dedit.
2660 411 2847 483 Itaque
2887 426 3063 481 neque
3106 411 3202 482 qui
3231 411 3439 480 plantat
3464 418 3551 467 est
3580 412 3809 482 aliquid,

542 516 700 564 xerat
726 523 824 563 eos
852 507 1130 578 accepisse
1162 504 1428 577 Spiritum
1461 508 1637 572 illum,
1667 507 1734 559 de
1755 519 1865 575 qtto
1895 503 2128 573 subjun-

542 600 622 671 git
649 620 661 654 :
686 597 856 654 Nobis
878 613 988 653 non
1018 606 1229 653 tantum
1270 597 1527 654 revelavlt
1546 612 1642 667 per
1674 595 1937 666 Spiritum
1965 611 2126 650 suum

543 690 709 757 Deus,
737 690 833 745 sed
874 690 1039 744 etiam
1070 707 1163 744 nos
1206 689 1501 760 accepimus
1535 689 1784 759 spirirum
1831 704 1933 741 non
1971 687 2128 757 hujus

544 782 751 847 mundi,
777 781 867 834 sed
889 779 1153 851 Spiritum
1173 781 1266 850 qui
1297 789 1373 833 est
1396 796 1461 833 ea:
1482 778 1610 845 Deo,
1637 788 1693 833 ut
1725 794 1820 848 per
1848 790 1973 833 e‘um
2008 776 2132 848 Spi-

2190 530 2195 536 -
2235 524 2253 554 ί
2292 519 2466 574 neque
2493 504 2589 574 qui
2618 503 2785 575 rigat;
2817 503 2913 559 sed
2943 502 3036 573 qui
3064 502 3463 558 incrementum
3492 502 3609 568 dat,
3643 502 3829 558 Deus.‘

2235 617 2253 647 ι
2291 595 2394 663 Qui
2421 604 2600 651 autem
2623 596 2831 666 plantat
2853 604 2906 650 et
2930 594 3028 665 qui
3059 594 3225 666 rigat,
3254 610 3424 649 unum
3454 602 3602 649 sunt.
3626 589 3815 649 Unus-

2236 704 2254 737 ‹
2290 687 2523 756 quisque
2564 691 2744 740 autem
2773 686 3049 756 propriam
3090 683 3393 739 mercedem
3429 683 3690 754 accipiet,
3725 699 3815 740 se-

2237 798 2261 829 ι
2293 779 2533 834 cundum
2580 792 2742 832 suum
2774 779 3037 832 laborem.
3067 776 3163 831 Dei
3194 776 3341 831 enim
3371 792 3563 831 sumus
3598 775 3816 847 adjuto-

539 872 712 928 ritum
741 872 975 925 sciamus
1002 869 1258 943 mysteria
1283 869 1395 934 Dei,
1418 884 1535 939 qua:
1561 884 1658 939 per
1679 867 1907 941 gratiam
1930 869 2132 922 donata
2235 890 2256 922 ι
2296 885 2415 937 res;
2462 868 2557 925 Dei
2608 868 2941 940 agricultura
2984 868 3148 934 estis;
3194 867 3291 923 Dei
3337 867 3625 923 aediﬁcatio
3660 867 3814 923 estis.

542 971 670 1017 sunt
701 960 848 1016 nobis
874 980 906 1015 a
937 962 1068 1029 Deo,
1096 976 1214 1030 qua:
1236 959 1401 1013 etiam
1430 958 1698 1030 loquimur
1720 968 1772 1015 et
1807 959 2129 1014 manifesta-

545 1071 700 1121 mus,
745 1071 846 1109 non
886 1055 940 1107 in
985 1054 1154 1106 doctis
1191 1051 1359 1106 verbis
1409 1052 1655 1107 humana:
1702 1053 1975 1123 sapientia:
2021 1053 2135 1107 hm-

540 1146 748 1212 rendo;
781 1146 874 1200 sed
897 1144 1174 1214 loquimur
1202 1144 1322 1199 hmo
1340 1144 1396 1197 in
1416 1144 1661 1199 doctrina
1692 1139 1945 1214 Spiritus,
1976 1143 2030 1197 id
2051 1150 2136 1198 est

544 1238 847 1292 secundum
870 1235 1017 1304 quod
1040 1235 1209 1289 dictat
1225 1233 1465 1304 Spiritus
1488 1242 1732 1301 sanctus,
1756 1246 1809 1289 et
1829 1235 1987 1289 docet
2008 1248 2130 1288 nos.

546 1318 659 1381 Nec
681 1325 1102 1395 quibuscunque
1137 1323 1418 1393 loquimur
1440 1312 1564 1378 haec
1586 1324 1866 1396 mysteria,
1896 1323 1990 1378 sed
2020 1330 2138 1377 tan-

539 1426 658 1471 tum
688 1415 1083 1484 spiritualibus,
1113 1431 1216 1471 nos
1237 1416 1360 1471 dico
1381 1424 1765 1486 comparantes,
1789 1416 1842 1470 id
1871 1423 1955 1471 est
1978 1430 2136 1486 aequo

546 1507 799 1560 examine
826 1506 1479 1578 trutinantesppiritualia
1494 1506 1898 1578 spiritualibus;
1931 1507 2061 1576 quia
2089 1505 2138 1564 si

545 1598 892 1668 spiritualem
917 1598 1224 1654 auditorem
1253 1598 1539 1665 habemus,
1572 1598 1876 1668 spiritualia
1902 1598 2004 1669 ipsi
2040 1598 2139 1654 da-

545 1706 703 1755 mus;
737 1678 1121 1757 si'carnalem,
1151 1691 1463 1746 reticemus.
1491 1687 1807 1760 Spiritualis
1831 1689 2137 1760 spiritual’ia

2239 980 2257 1012 ι
2298 958 2611 1015 Secundum
2654 959 2885 1031 gratiam
2918 959 3011 1013 Dei
3048 974 3172 1029 quae
3195 957 3319 1013 data
3349 967 3434 1014 est
3455 958 3612 1026 mihi,
3639 969 3702 1014 ut
3731 975 3821 1015 sa-

2239 1072 2258 1104 ι
2295 1054 2450 1124 piens
2470 1052 2802 1108 architectus
2823 1050 3235 1108 fundamentum
3259 1050 3444 1122 posui;
3469 1051 3610 1108 alius
3634 1061 3820 1107 autem

2242 1167 2259 1200 ι
2305 1146 2721 1218 supemdiﬁcat.
2780 1143 3176 1215 Unusquisque
3213 1152 3394 1199 autem
3450 1143 3635 1199 videat
3676 1158 3822 1213 quo-

2242 1241 2460 1295 tmodo
2509 1237 2922 1309 super-aediﬁcet.
2978 1236 3418 1292 Fundamentum
3473 1237 3620 1291 enim
3675 1235 3823 1313 aliud

2243 1353 2261 1385 ι
2302 1348 2463 1388 nemo
2496 1340 2675 1403 potest
2702 1344 2924 1402 ponere,
2950 1336 3149 1400 praeter
3174 1328 3229 1384 id
3266 1329 3411 1400 quod
3445 1329 3688 1400 positum
3719 1338 3822 1394 est,

2245 1444 2263 1476 ‹
2301 1423 2448 1494 quod
2473 1433 2557 1479 est
2574 1422 2831 1478 Christus
2851 1420 3031 1476 Jesus.
3064 1419 3124 1474 Si
3148 1418 3275 1490 quis
3315 1427 3495 1474 autem
3523 1419 3829 1489 superadi-

2240 1534 2263 1567 ι
2304 1513 2428 1570 frcat
2451 1528 2615 1584 supra
2641 1512 3060 1567 fundamentum
3095 1512 3222 1578 hoc,
3264 1524 3481 1576 aurum,
3511 1518 3825 1581 argentum,

2246 1627 2264 1657 ι
2302 1605 2510 1676 lapides
2535 1605 2828 1676 pretiosos,
2872 1604 3040 1674 ligna,
3070 1602 3277 1669 fenum,
3310 1603 3588 1673 stipulam,
3633 1601 3830 1658 unius-

2247 1718 2264 1749 ι
2305 1698 2572 1767 cujusque
2599 1712 2738 1767 opus
2761 1695 3113 1751 manifestum
3136 1694 3258 1750 erit.
3285 1693 3410 1749 Dies
3435 1694 3583 1749 enim
3606 1692 3829 1749 Domini

540 1781 805 1851 percipit;
852 1780 948 1838 sed
988 1781 1154 1837 homo
1202 1782 1453 1836 animalis
1487 1782 1581 1852 qui
1631 1783 1983 1838 sensualilate
2022 1781 2137 1838 80h
2170 1784 2215 1845 Β
2250 1809 2269 1843 α
2307 1789 2623 1856 declarabit,
2654 1788 2783 1859 quia
2821 1788 2877 1843 in
2912 1787 3036 1858 igne
3076 1785 3443 1842 revelabitur:
3483 1794 3538 1840 et
3568 1786 3830 1841 uniuscu-

546 1873 715 1945 viget,
746 1882 805 1927 ut
842 1873 990 1937 aliud
1037 1870 1262 1939 animal,
1301 1888 1413 1929 non
1450 1874 1700 1941 ratione,
1747 1874 1855 1941 hic,
1888 1874 2136 1945 inquam,

546 1980 649 2017 non
674 1965 898 2034 percipit
917 1981 980 2018 ea
1007 1978 1126 2036 quea
1149 1972 1272 2018 sunt
1295 1961 1531 2035 Spiritus
1558 1962 1677 2018 Dei.
1706 1963 2001 2035 Propterea
2030 1978 2139 2019 non

544 2052 794 2122 percipit,
825 2054 952 2122 quia
980 2050 1219 2107 stultitia
1256 2061 1333 2107 est
1359 2052 1463 2119 illi,
1492 2051 1546 2108 id
1576 2061 1662 2109 est
1685 2054 1814 2124 quia
1848 2053 1994 2124 quod
2029 2052 2141 2124 spi-

544 2141 684 2196 ritus
710 2140 870 2197 docet
898 2143 1128 2198 stultum
1154 2151 1367 2214 reputat
1398 2143 1685 2200 adharens
1714 2144 2054 2212 carnalitati;
2087 2154 2143 2199 et

543 2235 680 2304 quia
716 2235 945 2290 stultitia
979 2246 1065 2292 est
1100 2234 1340 2303 illi,ide0
1365 2252 1469 2292 non
1498 2226 1987 2308 potest'intclligere
2018 2250 2143 2307 qua:

547 2335 678 2384 sunt
711 2325 952 2397 Spiritus
985 2328 1100 2384 Dei.
1136 2328 1618 2400 Animalis’utique
1640 2344 1748 2384 non
1779 2336 1959 2400 potest
1983 2329 2143 2384 intel-

544 2416 734 2488 ligere,
761 2420 889 2489 quia
916 2420 1278 2487 nominatur,
1310 2420 1363 2475 id
1399 2431 1484 2477 est
1512 2422 1905 2492 comprobatur
1929 2422 2143 2477 anima-

546 2507 674 2566 litas
702 2510 845 2580 ejus,
875 2521 930 2566 et
959 2512 1026 2567 de
1060 2511 1340 2583 impietate
1370 2500 1470 2569 Sua
1500 2513 1846 2569 convincitur
1879 2514 2140 2584 spiritua-

546 2596 688 2668 liter,
714 2601 769 2656 id
791 2594 877 2658 est
896 2618 992 2673 per
1015 2603 1321 2673 spiritualia
1345 2602 1437 2658 illa
1463 2619 1586 2673 qua:
1613 2604 1714 2674 ipsi
1744 2603 2141 2661 conceduntur.

552 2691 695 2765 Deus
718 2694 862 2747 extim
898 2693 1228 2764 quihusdam
1260 2694 1355 2750 dat
1399 2694 1667 2764 quasdam
1695 2693 1919 2766 gratias,
1952 2695 2145 2751 sciens

547 2800 646 2840 eos
670 2799 770 2856 pro
803 2796 956 2841 certo
989 2786 1179 2858 gratiae
1206 2803 1315 2842 non
1343 2795 1770 2857 cooperaturos;
1804 2774 1900 2842 sed
1929 2786 2037 2843 hoc
2059 2786 2143 2842 fa.

551 2876 628 2931 cit
662 2886 722 2931 ut
760 2876 1054 2932 manifesta
1098 2877 1170 2932 sit
1198 2878 1492 2948 impiorum
1524 2878 1674 2948 justa
1703 2877 2004 2934 damnatio.
2034 2877 2144 2934 ‘Vel

550 2967 628 3023 ita
677 2977 737 3023 ut
764 2969 1134 3039 impersonale
1173 2970 1266 3037 sit,
1301 2971 1668 3027 examinatur.
1708 2971 1976 3026 Animalis
2022 2970 2146 3028 ideo

555 3056 725 3114 homo
755 3059 1133 3130 non‘percipit
1172 3075 1235 3115 ea
1262 3074 1386 3130 quas
1420 3069 1548 3115 sunt
1574 3061 1829 3131 spiritus;
1856 3060 1985 3131 quia
2013 3074 2136 3117 exa-

556 3149 823 3216 minator,
852 3123 1015 3204 id-est
1038 3123 1099 3204 tit
1122 3123 1455 3205 examinatio
1477 3159 1533 3205 et
1569 3123 1891 3221 approbata-
1909 3147 2148 3222 cognitio
2171 3123 2218 3186 ο

552 3251 746 3291 eorum
773 3237 1128 3306 spiritualiter
1148 3238 1403 3294 vivendo.
1431 3236 1497 3294 Hi
1522 3247 1704 3294 autem
1733 3239 1828 3310 qui
1856 3239 2146 3295 carnaliter

552 3328 768 3395 vivunt,
795 3329 1096 3400 intelligere
1120 3340 1419 3401 nequeunt.
1450 3330 1718 3387 Animalis
1748 3347 1859 3387 non
1884 3332 2144 3403 percipit;

554 3421 655 3477 sed
703 3421 1005 3493 spiritualis
1041 3423 1256 3493 judicat
1283 3420 1505 3491 omnia,
1556 3422 1611 3479 id
1640 3432 1728 3480 est
1762 3423 2027 3480 discernit
2053 3424 2150 3480 eli-

560 3512 743 3583 gendo
790 3513 955 3581 bona,
989 3515 1331 3584 reprobando
1374 3516 1538 3576 mala.
1584 3515 1654 3570 Et
1697 3517 1808 3587 ipse
1846 3516 2148 3587 spiritualis

554 3604 844 3674 judicatur
873 3623 904 3660 a
945 3608 1150 3661 nemine
1193 3606 1437 3662 animali.
1474 3606 1729 3663 Carnalis
1772 3608 1920 3664 enim
1961 3608 2151 3679 nequit

550 3696 990 3753 animadvertere
1012 3714 1262 3765 causam,
1294 3714 1465 3770 quare
1495 3698 1798 3770 spiritualis
1832 3699 1937 3755 hoc
1963 3699 2147 3771 eligat,

546 3789 782 3844 alterum
830 3789 1066 3861 rejiciat.
1114 3790 1254 3846 Vere
1296 3791 1598 3862 spiritualis
1644 3806 1755 3846 non
1795 3791 2074 3861 judicatur
2116 3807 2148 3846 a

547 3882 779 3938 carnali.
841 3881 979 3938 Nam
1046 3884 1348 3954 spiritualis
1414 3884 1580 3939 habet
1639 3898 1862 3939 sensum
1909 3881 2147 3950 Christi,

546 3989 717 4043 quem
774 3975 1015 4030 carnalis
1065 3990 1397 4047 cognoswre
1442 3976 1653 4046 nequit.
1699 3973 1854 4042 Quod
1902 3975 1979 4031 ita
2028 3976 2146 4032 ait:

2247 1900 2264 1931 ι
2302 1880 2504 1949 jusque
2551 1894 2692 1948 opus
2734 1875 2897 1950 quale
2940 1876 3031 1942 sit,
3078 1875 3222 1947 ignis
3255 1874 3525 1944 probabit.
3571 1873 3632 1928 Si
3671 1874 3830 1943 cujus

2247 1991 2265 2022 ι
2309 1984 2446 2040 opus
2481 1968 2746 2024 manserit
2800 1966 2946 2037 quod
2992 1964 3467 2036 superaediﬂcavit,
3514 1964 3830 2020 mercedem

2249 2088 2265 2119 ι
2310 2065 2559 2136 accipiet.
2604 2061 2662 2119 Si
2701 2063 2861 2134 cujus
2889 2078 3028 2134 opus
3068 2063 3285 2131 arserit,
3311 2062 3707 2118 detrimentum
3738 2078 3834 2133 pa-

2248 2180 2266 2211 I
2309 2161 2514 2214 tictur:
2557 2158 2673 2229 ipse
2711 2167 2895 2212 autem
2932 2157 3121 2213 salvus
3161 2157 3285 2224 erit,
3336 2159 3414 2213 sic
3455 2166 3642 2214 tamen
3674 2158 3832 2229 quasi

2248 2270 2268 2302 ι
2306 2266 2400 2322 per
2442 2251 2640 2322 ignem.
2676 2248 2912 2306 Nescitis
2955 2250 3106 2321 quia.
3135 2249 3396 2320 templum
3438 2247 3535 2304 Dei
3576 2251 3742 2315 estis,
3782 2257 3835 2305 et

2250 2364 2267 2395 ι
2309 2342 2546 2413 Spiritus
2582 2342 2678 2397 Dei
2706 2341 2917 2397 habitat
2938 2342 2995 2397 in
3016 2341 3206 2396 vobis?
3236 2339 3297 2396 Si
3320 2341 3447 2411 quis
3482 2349 3669 2397 autem
3699 2349 3835 2396 tem-

2250 2455 2267 2485 ι
2306 2435 2456 2505 plum
2484 2432 2578 2489 Dei
2600 2434 2906 2499 violaverit,
2931 2432 3208 2504 disperdet
3230 2431 3381 2488 illum
3414 2433 3578 2488 Deus.
3611 2453 3632 2484 ι
3670 2430 3833 2487 Tem-

2251 2545 2269 2578 ‹
2306 2527 2458 2599 plum
2486 2525 2633 2581 enim
2679 2525 2773 2581 Dei
2819 2534 3070 2583 sanctum
3107 2534 3212 2592 est,
3253 2524 3400 2596 quod
3435 2525 3570 2580 estis
3598 2541 3706 2580 vos
3741 2522 3836 2594 (Il

2250 2638 2269 2670 ε
2306 2618 2431 2673 Cor.
2464 2618 2676 2689 νι,16).
2714 2638 2732 2671 ι
2762 2615 2934 2674 Nemo
2958 2633 3058 2673 vos
3087 2617 3331 2673 seducat.
3366 2616 3424 2672 Si
3458 2617 3584 2688 quis
3619 2615 3838 2671 videtur

2251 2728 2271 2762 ι
2310 2709 2455 2766 inter
2482 2725 2581 2767 vos
2617 2710 2837 2781 sapiens
2864 2726 2987 2766 esse
3012 2710 3069 2765 in
3096 2709 3202 2766 hoc
3243 2709 3467 2775 seculo,
3510 2709 3719 2764 stultus
3746 2706 3840 2762 ﬁat

2247 2821 2272 2855 ι
2313 2812 2375 2858 ιιι
2402 2802 2474 2859 sit
2493 2804 2733 2874 sapiens.
2767 2800 3046 2873 Sapientia
3082 2801 3229 2857 enim
3266 2800 3429 2871 hujus
3471 2799 3663 2855 mundi
3703 2799 3838 2853 stuls

2251 2915 2271 2950 ι
2317 2896 2434 2952 titia
2461 2904 2545 2952 est
2575 2896 2717 2967 apud
2746 2895 2938 2951 Deum.
2972 2893 3248 2965 Scriptum
3276 2902 3358 2949 est
3386 2892 3535 2947 enim
3569 2911 3581 2946 :
3622 2911 3641 2944 ι
3669 2890 3839 2946 Com-

2248 3004 2274 3040 τ
2315 2984 2653 3057 prehendam
2699 2985 2974 3056 sapientes
3014 2985 3070 3039 in
3109 2984 3317 3039 astutia
3357 2998 3547 3037 eorum
3598 2979 3752 3053 (Job.
3784 2996 3837 3048 ν,

2247 3096 2274 3130 π
2319 3076 2431 3148 15).
2465 3095 2485 3129 ι
2525 3074 2593 3132 Et
2634 3076 2873 3133 iterum:
2911 3095 2929 3127 ι
2960 3072 3230 3130 Dominus
3275 3073 3428 3129 novit
3474 3071 3842 3144 cogitationes

2255 3186 2274 3222 ι
2313 3168 2664 3239 sapientium,
2685 3169 2947 3240 quoniam
2968 3182 3123 3223 vanae
3146 3174 3277 3223 sunt
3299 3164 3472 3234 (Psal.
3495 3180 3648 3230 xcm,
3673 3163 3791 3234 Η).
3816 3182 3834 3215 ι

2254 3281 2273 3315 ς
2310 3256 2484 3317 Nemo
2522 3262 2707 3332 itaque
2732 3260 2996 3333 glorietur
3018 3259 3075 3313 in
3097 3258 3434 3314 hominibus.
3465 3253 3663 3311 Omnia
3692 3254 3839 3309 enim

2254 3371 2273 3407 ι
2306 3362 2492 3410 vestra
2518 3361 2666 3420 sunt,
2688 3352 2805 3408 sive
2825 3350 3048 3417 Paulus,
3073 3349 3189 3406 sive
3209 3348 3423 3419 Apollo,
3453 3345 3569 3403 siie
3596 3346 3840 3416 Cephas,

2255 3466 2274 3498 ι
2312 3448 2427 3503 sive
2452 3444 2715 3513 mundus,
2741 3445 2857 3500 sive
2878 3442 3010 3511 vita,
3036 3440 3150 3499 sive
3177 3456 3350 3508 mors,
3378 3440 3496 3497 sive
3523 3439 3841 3510 praesentia,

2255 3556 2275 3590 ι
2312 3537 2425 3592 sive
2457 3535 2661 3592 futura.
2697 3534 2894 3591 Omnia
2927 3534 3073 3590 enim
3101 3542 3285 3589 vestra
3319 3541 3447 3589 sunt
3473 3550 3486 3587 :
3516 3545 3619 3588 vos
3651 3540 3841 3587 autem

2255 3645 2274 3679 ι
2314 3623 2551 3695 Christi;
2576 3624 2832 3682 Christus
2857 3634 3039 3680 autem
3073 3623 3191 3680 Dei.
3220 3641 3243 3677 ι
3394 3610 3399 3615 ’

2886 3730 3195 3772 EXPOSITIO.

2321 3808 2472 3866 Licet
2493 3809 2691 3866 fratres
2715 3808 3026 3881 spirituales
3053 3807 3248 3876 simus,
3264 3807 3405 3863 sicut
3426 3815 3717 3862 ostensum
3739 3815 3841 3870 est,

2249 3910 2303 3957 et
2327 3902 2631 3973 spiritualia
2658 3901 2974 3966 doceamus,
3004 3909 3186 3955 tamen
3212 3916 3327 3970 ego,
3360 3899 3574 3969 fratres,
3608 3914 3718 3951 non
3746 3914 3843 3968 po-

2252 3995 2329 4048 tui
2360 3994 2500 4049 vobis
2530 3993 2673 4065 loqui
2701 3994 2855 4064 quasi
2883 3991 3278 4062 spiritualibus,
3309 3990 3400 4045 sed
3419 3991 3573 4062 quasi
3602 3988 3846 4044 carnali-

550 4062 685 4156 Ωαίδ
740 4065 995 4121 animalis
1042 4068 1281 4137 εοϐηουίε
1335 4084 1567 4134 “mum,
1606 4067 1659 4122 id
1702 4077 1788 4122 εει
1821 4068 2151 4138 sapientiam
2252 4086 2346 4141 bus
2378 4062 2746 4142 locutus'sum
2775 4104 2788 4140 :
2817 4093 2872 4141 et
2898 4083 3027 4156 quia
3055 4084 3305 4140 carnales
3330 4083 3519 4148 eratis,
3544 4082 3665 4136 dedi
3695 4083 3845 4136 vobis

561 4155 803 4224 Domini,
834 4166 896 4213 ut
937 4160 1150 4214 noverit
1178 4159 1575 4231 dispositiones
1604 4158 1744 4230 ejus.
1774 4159 1884 4214 Aut
1918 4159 2035 4230 quis
2064 4157 2145 4213 in-

2252 4184 2507 4247 tanquam
2535 4176 2770 4247 parvulis
2808 4156 2863 4229 in
2909 4155 3141 4243 Christo,
3181 4174 3235 4231 id
3271 4182 3357 4230 est
3391 4174 3591 4230 teneris
3632 4174 3691 4229 in
3740 4174 3848 4230 ﬁde

549 4255 733 4302 σίνηαι
754 4266 872 4303 eum
901 4250 1033 4320 quid
1057 4250 1367 4306 faciendum
1391 4250 1497 4322 ipsi
1522 4251 1622 4318 sit.
1652 4249 1785 4321 quid
1804 4265 1917 4305 non
1947 4249 2153 4307 facien-
2249 4269 2453 4325 Christi
2471 4269 2554 4322 lac
2568 4277 2769 4339 potum.
2793 4266 3272 4339 Perlacsigniﬁcat
3285 4267 3624 4322 dulcedinem
3638 4265 3850 4323 doctria

548 4342 720 4397 dum?
744 4343 1013 4400 Animalis
1036 4344 1228 4415 utique
1251 4358 1475 4399 sensum
1503 4343 1717 4398 Domini
1740 4357 1851 4398 non
1874 4343 2149 4414 cognovit,

550 4430 643 4488 sed
657 4449 750 4486 nos
761 4448 857 4503 per
870 4432 1122 4505 spiritum
1138 4448 1303 4506 quem
1316 4434 1650 4504 accepimus,
1668 4433 1920 4487 habemus
1942 4448 2152 4487 sensum

544 4521 789 4590 Christi;
810 4532 867 4580 et
896 4524 1019 4581 ideo
1040 4541 1069 4580 a
1088 4526 1307 4581 nemine
1336 4524 1549 4580 carnali
1573 4538 1872 4596 possumus
1892 4523 2148 4596 iudicari.

1167 4634 1400 4692 CAPUT
1438 4635 1527 4692 Ill.

628 4746 651 4778 I
682 4726 749 4781 Et
771 4743 872 4799 ego
902 4728 1121 4796 fratres,
1151 4744 1259 4783 non
1309 4728 1465 4800 potui
1489 4727 1644 4785 vobis
1672 4726 1825 4798 loqui
1847 4727 2010 4799 quasi
2034 4727 2148 4799 spi-

554 4833 580 4867 ι
612 4816 926 4883 ritualibus,
969 4819 1065 4874 sed
1102 4817 1263 4890 quasi
1311 4819 1648 4874 carnalibus.
1688 4815 1976 4890 Tanquam
2023 4833 2152 4889 par-

557 4923 581 4956 ι
616 4907 761 4962 vulis
782 4906 838 4961 in
862 4906 1108 4977 Christo,
1136 4909 1221 4965 lac
1242 4909 1398 4965 vobis
1419 4917 1609 4981 potum
1638 4909 1782 4977 dedi,
1810 4922 1920 4964 non
1942 4904 2146 4965 escam.

558 5015 581 5049 ς
616 4994 875 5055 Nondum
923 5000 1071 5057 enim
1122 5000 1407 5071 poteratis,
1451 5002 1547 5057 sed
1597 5016 1700 5057 nec
1736 5016 1887 5059 nunc
1929 4999 2153 5072 quidem

558 5105 584 5139 1
625 5091 875 5159 potestis.
925 5091 1122 5147 Adhuc
1159 5093 1305 5147 enim
1344 5093 1593 5148 carnales
1633 5093 1785 5149 estis.
1818 5089 1957 5148 Cum
2004 5093 2154 5148 enim

558 5198 582 5232 ς
616 5181 688 5236 sit
729 5180 872 5237 inter
905 5200 1004 5241 vos
1038 5184 1189 5239 zelus
1237 5192 1292 5238 et
1337 5184 1634 5250 contentio,
1677 5199 1862 5240 nonne
1905 5185 2155 5241 carnales

563 5288 583 5322 I
622 5270 775 5340 estis,
798 5280 854 5329 et
875 5275 1175 5329 secundum
1199 5273 1475 5329 hominem
1498 5273 1825 5331 ambulatis?
1840 5273 1981 5331 Cum
2006 5275 2153 5331 enim

564 5380 590 5414 ι
634 5364 761 5435 quis
795 5364 965 5432 dicat,
993 5363 1110 5435 Ego
1149 5365 1372 5434 quidem
1403 5381 1525 5421 sum
1557 5363 1738 5431 Pauli;
1785 5366 1925 5422 alius
1971 5375 2154 5421 autem

560 5472 584 5506 ι
623 5472 722 5528 ego
750 5457 969 5527 Apollo,
1006 5471 1189 5510 nonne
1223 5455 1478 5511 homines
1512 5455 1689 5510 estis?
1718 5454 1859 5522 Quid
1883 5458 2047 5529 igitur
2072 5467 2158 5514 est

564 5564 589 5599 ‹
624 5548 856 5619 Apollo?
882 5548 1025 5615 Quid
1054 5561 1187 5600 vero
1214 5544 1454 5601 Paulus?
1488 5544 1723 5602 Ministri
1753 5546 1873 5618 ejus
1920 5550 2009 5604 cui
2037 5565 2157 5604 cre-

562 5658 586 5692 ι
624 5638 864 5697 didistis.
920 5639 989 5694 Et
1028 5637 1337 5706 unicuique
1368 5637 1512 5693 sicut
1548 5636 1816 5696 Dominus
1851 5639 1963 5712 94
1988 5640 2152 5695 dedit.

563 5748 590 5781 1
628 5729 743 5803 Ego
780 5726 1048 5802 plantavi,
1082 5728 1277 5796 Apollo
1300 5726 1500 5798 rigavit
1527 5746 1540 5783 :
1569 5726 1663 5783 sed
1688 5726 1830 5786 Deus
1850 5731 2151 5789 incremen-

2253 4376 2366 4427 nai;
2386 4376 2483 4432 per
2500 4370 2711 4431 potum,
2729 4360 3066 4417 facilitatem.
3085 4358 3216 4414 Dedi
3230 4359 3387 4414 vobis
3406 4359 3513 4427 lac,
3527 4375 3629 4413 non
3642 4376 3846 4427 escam,

2254 4454 2308 4509 id
2327 4461 2411 4510 est
2426 4453 2570 4507 illam
2590 4452 2894 4509 doctrinam
2907 4451 2963 4506 in
2988 4452 3335 4523 simplicitate
3345 4459 3523 4507 vestra
3537 4452 3849 4518 ruminare,

2258 4562 2382 4618 qua:
2420 4546 2603 4617 potius
2630 4553 2748 4600 erat
2774 4543 3035 4600 facilitate
3060 4543 3370 4611 nutrienda,
3404 4558 3569 4614 quam
3611 4542 3852 4599 difﬁcul-

2258 4647 2368 4694 tate
2393 4636 2708 4709 premenda.
2743 4635 2871 4693 Ideo
2894 4634 3199 4708 spiritualia
3230 4650 3340 4691 non
3375 4636 3520 4702 dedi,
3551 4635 3684 4706 quia
3714 4652 3851 4691 non-

2257 4731 2383 4785 dum
2409 4747 2592 4801 capere
2626 4730 2880 4801 poteratis
2903 4771 2918 4795 ,
2965 4728 3055 4783 sed
3112 4727 3331 4783 necdum
3360 4728 3570 4799 quidem
3598 4729 3849 4799 potestis,

2255 4823 2383 4879 licet
2399 4823 2467 4879 de
2490 4822 2646 4881 novis
2664 4820 2981 4877 doctoribus
2997 4820 3161 4877 modo
3180 4818 3506 4892 gloriemini.
3536 4817 3676 4874 Vere
3706 4835 3855 4893 non-

2258 4916 2389 4971 dum
2429 4914 2680 4987 potestis.
2727 4912 2872 4968 Nam
2914 4912 3088 4967 adhuc
3131 4912 3371 4968 carnales
3419 4912 3566 4966 estis.
3607 4910 3675 4966 Et
3720 4924 3855 4967 vere

2261 5007 2529 5063 carnales.
2578 5004 2721 5061 Nam
2749 5022 2868 5059 cum
2895 5005 3059 5061 modo
3095 5005 3167 5059 sit
3195 5005 3334 5060 inter
3366 5019 3454 5058 vos
3478 5002 3641 5070 zelus,
3677 5003 3735 5058 id
3767 5010 3858 5059 est

2263 5098 2468 5155 invidia
2495 5098 2685 5165 animi,
2713 5106 2767 5152 et
2801 5099 3065 5153 contentio
3091 5098 3147 5153 in
3173 5097 3375 5164 verbis,
3404 5111 3573 5151 nonne
3602 5096 3855 5150 carnales

2256 5189 2423 5244 estis!
2447 5197 2498 5242 et
2525 5203 2709 5244 nonne
2730 5188 3018 5242 ambulatis
3044 5188 3330 5243 secundum
3360 5188 3645 5253 hominem,
3677 5187 3732 5243 id
3766 5197 3856 5243 est

2259 5279 2563 5336 secundum
2620 5280 2895 5335 carnalem
2945 5280 3253 5336 doctrinam
3304 5295 3499 5335 eorum
3556 5281 3854 5336 hominum

2258 5384 2399 5438 quos
2444 5369 2777 5440 sequimini?
2822 5368 2959 5425 Vere
3002 5370 3251 5425 carnales
3277 5370 3410 5426 estis
3447 5368 3503 5426 et
3541 5373 3855 5427 secundum

2252 5458 2542 5513 hominem
2568 5459 2897 5526 ambulatis;
2940 5459 3067 5529 quia
3105 5476 3225 5513 cum
3266 5459 3462 5531 aliquis
3486 5470 3732 5518 vestrum
3758 5463 3855 5516 di-

2264 5558 2387 5604 cat:
2417 5548 2530 5620 Ego
2559 5551 2773 5621 quidem
2796 5565 2916 5605 sum
2938 5548 3132 5616 Pauli;
3159 5551 3298 5606 alius
3323 5563 3499 5607 autem
3528 5553 3676 5609 dicat
3701 5573 3715 5609 :
3736 5553 3856 5626 Ego

2265 5655 2382 5694 sum
2411 5639 2641 5709 Apollo:
2670 5652 2838 5695 nonne
2884 5640 3119 5696 homines
3147 5644 3296 5708 estis,
3335 5644 3393 5699 id
3424 5652 3510 5701 est
3539 5661 3728 5702 nonne
3760 5662 3857 5702 se.

2262 5729 2505 5785 cundum
2545 5730 2823 5786 hominem
2847 5730 3073 5802 sapitis?
3099 5730 3239 5799 Quia
3268 5733 3450 5791 dicitis
3478 5754 3496 5788 ι
3523 5743 3625 5807 ego
3672 5734 3853 5803 Pauli,
