3978 6432
159 426 256 485 {57

785 420 1147 481 EXPOSITIO
1184 421 1252 479 lN
1288 419 1668 478 EPISTOLAS
1701 418 1929 476 psum.
1965 452 2034 460 —
2072 418 2137 475 lN
2178 392 2396 476 EPIS’l‘.
2435 418 2457 474 ι
2494 417 2586 474 so
2623 416 2781 476 con.

3285 422 3387 480 {38

152 556 245 613 ego
273 537 501 608 Apollo:
531 537 724 608 ﬁgitur
742 536 906 593 dicite
935 537 1071 592 mihi
1097 537 1229 609 quid
1255 546 1340 593 est
1366 535 1724 608 Apollo.quid
1748 545 1798 603 Α
1826 530 2021 606 posui;
2067 535 2162 591 sed
2198 534 2342 590 alius
2364 533 2523 605 cujus
2548 543 2632 591 est
2651 534 2923 592 aediﬁcare
2950 551 3113 608 super
3136 539 3245 596 hoc
3271 540 3390 598 fun-

151 645 270 686 vero
313 628 542 695 Paulus,
580 637 637 683 et
669 628 799 699 quid
838 643 935 685 eos
973 628 1223 685 conferre
1256 620 1439 699 vobis
1463 626 1719 684 creditis?

152 721 252 775 lloc
272 736 402 776 vere
442 719 510 775 de
536 720 618 775 eis
647 720 849 776 sentire
875 719 1123 790 potestis,
1154 721 1282 792 quia
1324 718 1557 774 ministri
1586 727 1722 777 sunt

150 814 269 882 ejus,
306 812 399 866 cui
438 827 536 867 vos
572 811 894 866 credidistis.
939 810 1009 866 Et
1052 812 1189 867 nihil
1235 812 1383 867 aliud
1424 812 1572 880 sunt,
1614 811 1721 867 nisi

153 904 279 976 quod
323 920 397 959 ex
437 912 707 976 praecepto
747 903 843 959 Dei
886 904 1202 959 ministrant
1242 903 1398 958 vobis
1459 916 1581 973 qua)
1623 900 1720 956 Dei

161 1003 285 1062 sunt,
311 995 449 1052 licet
486 996 705 1051 diverso
731 996 916 1051 modo.
948 994 1087 1062 Quia
1116 995 1256 1049 sicut
1291 993 1546 1048 Dominus
1575 993 1737 1049 dedit.

162 1088 423 1158 unicuique
445 1095 718 1154 nostrum,
755 1088 824 1143 ad
850 1103 977 1142 eum
1006 1088 1230 1142 modum
1259 1103 1350 1157 ego
1380 1085 1638 1156 plantavi,
1666 1085 1720 1141 id

154 1187 223 1233 est
256 1176 654 1247 evangelaavi,
682 1184 737 1232 et
761 1177 829 1232 ad
859 1176 1021 1232 fidem
1050 1191 1148 1231 vos
1171 1175 1343 1245 traxi;
1374 1174 1565 1246 Apollo
1591 1189 1721 1230 vero

151 1271 362 1341 rigavit,
389 1270 443 1324 id
473 1277 559 1325 est
585 1269 901 1340 baptizavit,
923 1284 1022 1325 vos
1039 1268 1153 1340 jam
1172 1283 1271 1338 per
1297 1282 1386 1323 me
1407 1267 1718 1335 credentes;

147 1359 238 1415 sed
259 1359 404 1413 Deus
432 1359 583 1414 solus
610 1360 756 1413 dedit
782 1360 1159 1414 incrementum
1182 1359 1454 1414 bonorum
1475 1373 1572 1429 per
1595 1356 1721 1428 Spi-

146 1453 308 1506 ritum
340 1468 522 1507 suum.
546 1450 807 1523 Sequitur
823 1451 1199 1522 metaphoram
1213 1452 1467 1522 plantatze
1486 1449 1721 1516 arboris,

152 1558 309 1613 quam
357 1542 501 1598 alius
529 1542 689 1615 rigat,
717 1543 859 1598 alius
888 1544 1114 1614 plantat,
1148 1552 1203 1599 et
1233 1541 1367 1615 [cui]
1398 1541 1541 1598 Deus
1571 1543 1723 1598 solus

150 1632 543 1687 incrementum
570 1634 681 1688 dat.
716 1631 781 1688 Et
816 1634 944 1705 quia
975 1634 1147 1690 solius
1181 1631 1278 1689 Dei
1306 1642 1391 1689 est
1419 1633 1724 1689 incremen-

153 1732 254 1777 tum
275 1724 412 1779 dare
433 1765 451 1792 ,
480 1725 660 1796 itaque
703 1742 864 1798 neque
893 1725 987 1780 ille
1018 1728 1108 1797 qui
1134 1724 1345 1797 plantat
1382 1734 1460 1779 est
1493 1723 1720 1793 aliquid,

149 1826 401 1885 quantum
427 1817 499 1872 ad
521 1817 728 1873 donum
752 1812 896 1885 ﬁdei,
921 1834 1084 1889 neque
1111 1818 1202 1872 ille
1219 1818 1308 1888 qui
1331 1819 1491 1888 rigat,
1518 1819 1722 1888 aliquid

146 1918 218 1965 est
243 1910 295 1963 in
339 1909 688 1966 remittendis
715 1911 973 1980 peccatis,
997 1885 1095 1966 sed
1136 1885 1276 1965 Deus
1309 1885 1482 1965 totum
1522 1885 1723 1981 est—qui
1757 1885 1797 1942 η

147 2000 283 2055 solus
306 2000 406 2054 dat
432 2001 812 2054 incrementum
839 2000 986 2067 ﬁdei,
1015 2009 1071 2056 et
1099 2001 1379 2072 sequentis
1400 2001 1650 2071 justitite.

204 2089 424 2155 Dig-cret
477 2090 863 2147 adversarius:
920 2090 1073 2147 Licet
1129 2092 1367 2147 ministri
1425 2092 1536 2147 sint
1591 2092 1721 2159 Dei,

148 2191 307 2236 umcn
363 2183 574 2237 diversi
618 2192 745 2238 sunt
799 2183 856 2238 in
916 2184 1168 2250 meritis,
1211 2193 1269 2240 et
1312 2179 1505 2240 merita
1559 2192 1724 2240 credo

154 2273 334 2342 aliquid
397 2273 651 2329 conferre
706 2275 863 2330 mihi.
931 2275 1135 2330 Contra
1179 2277 1284 2332 hoc
1331 2275 1583 2332 Paulus:
1635 2277 1724 2331 Li-

151 2375 216 2417 rel
262 2365 413 2420 alter
463 2365 707 2437 dignior,
755 2368 895 2422 alter
958 2369 1172 2434 minus,
1230 2377 1412 2423 tamen
1466 2369 1575 2440 95
1633 2372 1722 2441 qui

147 2456 333 2517 plantat
379 2468 435 2513 et
485 2459 580 2529 qui
656 2460 797 2531 rigat
851 2477 1015 2514 unum
1073 2470 1128 2515 et
1183 2459 1551 2517 indili‘crcntes
1599 2472 1721 2515 sunt

148 2561 192 2598 ιιι
233 2548 699 2617 administrando,
741 2552 1086 2608 solummodo
1127 2551 1332 2607 donum
1386 2551 1482 2608 Dei
1510 2553 1726 2625 dispen-

147 2647 280 2706 sant,
309 2641 457 2711 quod
490 2657 596 2697 nec
622 2644 812 2714 augeri
853 2652 1053 2714 potest,
1082 2659 1183 2699 nec
1204 2643 1398 2721 minui,
1426 2644 1585 2700 bonis
1606 2661 1723 2700 ma-

151 2728 281 2784 lisve
306 2733 513 2810 meritis
540 2749 759 2812 eorum.
792 2734 944 2792 Licet
966 2736 1061 2807 qui
1110 2737 1317 2808 plantat
1342 2744 1399 2791 et
1443 2737 1538 2808 qui
1583 2738 1723 2810 rigat

155 2821 510 2882 indill’erentes
536 2828 678 2894 sint,
698 2829 772 2883 .in
798 2845 864 2885 eo
888 2830 1036 2900 quod
1074 2830 1315 2887 ministri
1345 2840 1475 2887 sunt
1494 2831 1720 2898 Christi,

151 2914 204 2969 in
226 2931 289 2973 eo
318 2926 494 2974 tamen
518 2920 798 2989 differunt,
811 2914 959 2992 quod
980 2923 1335 2994 unusquisque
1357 2924 1579 2993 accipiet
1600 2941 1723 2994 pro-

153 3009 307 3075 frium
338 3013 665 3080 mercedem,
694 3006 1065 3069 mensuratam
1110 3014 1215 3069 sibi
1243 3014 1528 3070 secundum
1569 3032 1723 3069 suum

165 3092 381 3170 laborem,
410 3103 472 3158 id
494 3112 583 3159 est
604 3118 705 3175 pro
729 3105 892 3161 modo
913 3121 1024 3179 quo
1046 3106 1098 3160 in
1121 3121 1286 3178 opere
1310 3105 1406 3162 Dei
1434 3106 1719 3163 laboravit.

1819 626 2156 692 damentum,
2172 625 2352 681 videat
2376 626 2509 697 quid
2529 626 2939 698 supersedilicet.
2967 626 3122 685 Alius
3139 630 3287 686 enim
3310 639 3391 687 est

1820 718 1915 790 qui
1939 719 2169 775 aediﬁcat
2193 734 2357 791 super
2375 720 2481 775 hoc
2500 717 2944 789 fundamentum;
2970 721 3131 793 quasi
3148 723 3355 781 diceret

1821 809 1979 877 Quod
1998 802 2188 866 meum
2210 810 2313 867 fuit
2322 807 2754 880 fundamentum,
2769 813 2958 884 posui;
2989 814 3136 885 quod
3151 824 3392 873 vestrum

1819 896 1931 969 est,
1963 901 2139 958 videte
2171 896 2400 958 ut'bene
2440 900 2901 974 supermdiﬁcetis.
2939 903 3033 962 llle
3053 906 3391 977 superaedili-

1821 1009 1950 1051 care
1977 992 2198 1062 dicitur,
2229 994 2325 1065 qui
2345 994 2431 1050 vel
2454 994 2684 1051 virtutes
2711 996 2962 1064 mdilicat,
2995 997 3082 1053 vel
3109 998 3155 1053 si
3181 1007 3391 1069 peccat,

1821 1098 1932 1139 non
1957 1083 2032 1139 ita
2052 1092 2235 1139 tamen
2268 1093 2331 1139 ut
2358 1083 2772 1142 fundamentum
2798 1087 3047 1144 destruat
3078 1106 3093 1144 :
3122 1090 3269 1160 quod
3293 1090 3393 1146 de-

1823 1174 2182 1247 struiturrper
2218 1175 2546 1244 criminalia,
2569 1177 2674 1232 nisi
2698 1192 2796 1248 per
2817 1189 2998 1249 aptam
3020 1180 3394 1250 paenitentiam

1822 1270 2123 1325 deleantur.
2168 1268 2480 1325 Destruitur
2502 1270 2667 1325 etiam
2702 1286 2801 1341 per
2836 1272 3101 1339 venialia,
3126 1288 3251 1345 quae
3287 1290 3396 1329 non

1822 1362 2000 1417 solum
2028 1376 2096 1417 ex
2125 1360 2453 1417 necessitate
2507 1361 2794 1429 habemus,
2823 1378 2946 1417 cum
3003 1363 3168 1421 etiam
3209 1364 3397 1434 justus

1830 1471 1849 1504 ι
1890 1453 2091 1523 septies
2113 1452 2274 1507 cadat
2302 1452 2359 1506 in
2386 1451 2476 1507 die
2524 1451 2707 1523 (Prov.
2734 1469 2886 1520 xxiv,
2918 1453 3028 1524 l6).
3077 1452 3182 1510 Sed
3208 1470 3305 1526 per
3333 1470 3397 1511 ea

1821 1544 2222 1615 venialia,quae
2245 1559 2313 1599 ex
2354 1534 2652 1612 voluntate,
2694 1543 3170 1613 etimpoenitentes
3218 1546 3273 1599 in
3317 1544 3398 1600 eis

1823 1636 2216 1692 consentiendo
2239 1626 2600 1691 admittimus.
2637 1633 2751 1707 Ego
2779 1634 3001 1706 quidem
3041 1632 3266 1706 provide
3296 1651 3396 1707 po-

1824 1728 1910 1784 sui
1931 1725 2366 1783 fundamentum.
2390 1724 2579 1781 Videat
2600 1736 2777 1781 autem
2798 1727 3153 1799 unusquisque
3173 1737 3399 1781 vestrum

1823 1817 2083 1888 quomodo
2110 1816 2336 1887 tediﬁcet
2368 1833 2525 1887 super
2549 1815 2646 1870 hoc
2668 1817 3072 1887 fundamentum
3114 1833 3133 1870 :
3176 1817 3402 1873 arbitrio

1825 1910 1972 1964 enim
1996 1917 2183 1965 vestro
2201 1908 2316 1980 jam
2351 1923 2450 1980 per
2477 1919 2755 1980 acceptam
2803 1910 3037 1980 gratiam
3092 1908 3402 1966 confortato

1826 1999 2155 2071 relinquitur
2183 2001 2290 2057 hoc
2311 2016 2471 2072 opus.

1894 2089 2205 2147 Notandum
2243 2102 2329 2148 est
2364 2092 2512 2163 quod
2550 2093 2987 2163 superaedilicare
3035 2095 3296 2151 dicuntur
3343 2096 3401 2151 hi

1824 2185 2003 2240 solum
2029 2226 2044 2251 ,
2099 2199 2335 2255 quorum
2376 2184 2550 2255 culpis
2593 2200 2703 2240 non
2746 2186 3052 2242 destruitur
3084 2187 3403 2244 fundamen-

1824 2286 1960 2331 tum.
1979 2256 2092 2343 IQui
2127 2268 2275 2331 enim
2307 2276 2559 2344 destruit,
2587 2270 2771 2347 potius
2810 2268 3039 2334 dicenda
3066 2288 3152 2335 est
3184 2266 3401 2336 eversio

1823 2365 2074 2437 peccati,
2110 2360 2277 2437 quam
2321 2358 2793 2437 supertedilicatio.
2852 2362 3159 2424 Videndum
3212 2369 3404 2439 utique

1822 2465 1907 2514 est
1940 2456 2095 2514 vobis
2122 2458 2191 2514 de
2215 2456 2757 2528 supersedificatione,
2784 2473 2853 2515 ne
2879 2460 3142 2515 varietur.
3173 2457 3310 2516 Nam
3336 2460 3405 2517 de

1824 2548 2181 2605 fundamento
2215 2564 2443 2606 securos
2497 2565 2596 2606 vos
2646 2550 2838 2619 reddo,
2895 2551 3025 2622 quia
3071 2568 3241 2607 unum
3297 2563 3402 2609 est.

1827 2638 1995 2695 Nemo
2055 2640 2198 2695 enim
2263 2642 2433 2711 potest
2493 2640 2718 2716 fundare
2780 2642 2930 2696 aliud
3003 2643 3404 2714 fundamentum

1818 2729 1969 2807 quod
2010 2730 2083 2785 sit
2124 2740 2320 2802 prwter
2369 2731 2426 2784 id
2472 2732 2612 2803 quod
2659 2733 2893 2803 positum
2930 2743 3009 2789 est
3051 2749 3083 2790 a
3128 2750 3237 2802 me,
3266 2735 3404 2807 quod

1824 2816 2238 2879 fundamentum
2264 2866 2280 2890 ,
2322 2818 2375 2879 id
2423 2835 2508 2880 est
2532 2816 2695 2894 ﬁdes,
2723 2835 2802 2881 est
2837 2825 3081 2883 Christus
3106 2827 3284 2884 Iesus.
3313 2827 3405 2883 Fi-

1823 2914 1920 2970 des
1944 2915 2091 2969 enim
2119 2923 2212 2970 tua
2239 2914 2307 2971 de
2333 2905 2556 2972 Christo
2591 2915 2767 2988 (juxta
2802 2912 3192 2989 Augustinum)
3242 2916 3406 2974 Chriu

1823 3015 1943 3062 stus
1992 3015 2078 3062 est
2122 3007 2177 3062 in
2225 3008 2390 3063 corde
2435 3016 2552 3063 tuo.
2599 3006 2660 3063 Si
2696 3008 2831 3080 quid
2861 3008 3007 3063 enim
3033 3010 3179 3065 aliud
3207 3018 3406 3081 praeter

1823 3098 1985 3153 fidem
2013 3098 2255 3169 ponitur,
2283 3100 2499 3155 eversio
2519 3098 2894 3167 fundamenti,
2923 3115 3032 3155 non
3075 3098 3403 3156 fundamen-

168 3186 270 3246 Plus
288 3196 429 3250 eriim
462 3196 514 3250 ei
542 3195 792 3263 debetur,
821 3198 917 3268 qui
939 3198 1062 3268 plus
1086 3192 1427 3255 ιηρῑ-θιυι-,Ει
1449 3196 1552 3255 hoc
1578 3200 1719 3256 bene
1745 3225 1790 3286 Ο
1828 3198 1944 3245 tum
1970 3198 2074 3275 est.
2117 3186 2557 3247 Fundamentum
2585 3190 2805 3262 quidem
2835 3207 3008 3247 unum
3032 3200 3145 3261 est,
3170 3202 3233 3249 et
3253 3193 3403 3250 aliud

162 3282 220 3336 ad
239 3283 616 3341 intentionem.
666 3286 769 3343 Ubi
796 3289 945 3343 enim
980 3290 1220 3346 ostendit
1265 3306 1325 3347 se
1376 3291 1552 3362 magis
1596 3291 1718 3345 aliis

152 3372 198 3428 in
218 3376 312 3431 ﬁde
329 3377 750 3435 Corinthiorum
776 3383 1097 3450 promereri,
1121 3391 1176 3437 et
1201 3383 1269 3439 de
1291 3399 1350 3439 se
1375 3380 1719 3454 gloriandum

145 3481 245 3521 non
267 3484 391 3525 esse
417 3470 676 3540 subditis,
706 3473 840 3529 dicit
893 3492 905 3528 :
946 3473 1131 3545 Longe
1164 3475 1349 3529 minus
1387 3474 1443 3529 in
1491 3474 1579 3531 his
1622 3476 1752 3545 qui,

144 3560 326 3615 minus
356 3571 639 3619 merentur
662 3566 1037 3637 gloriandum,
1082 3575 1139 3621 et
1172 3566 1309 3621 nihil
1348 3564 1564 3636 penitus
1598 3581 1721 3622 esse

143 3651 398 3705 ostendit.
432 3652 787 3712 Revertamur
813 3658 882 3712 ad
916 3658 1176 3712 litteram.
1222 3655 1362 3713 Vere
1414 3658 1719 3714 secundum

143 3744 417 3814 proprium
459 3745 703 3802 laborem
731 3750 960 3821 accipiet
1001 3750 1303 3805 mercedem
1357 3769 1371 3804 :
1424 3765 1527 3805 nos
1573 3751 1720 3806 enim

151 3834 197 3887 in
229 3837 384 3893 vobis
411 3836 590 3894 Deum
629 3840 754 3910 plus
787 3842 909 3897 aliis
939 3841 1282 3912 adjuvimus,
1324 3851 1380 3896 et
1428 3841 1551 3897 ideo
1596 3843 1720 3913 plus

155 3923 251 3981 aliis
269 3930 776 3999 remunerabimur,
801 3931 947 4003 quod
976 3933 1049 3988 ita
1079 3933 1157 3988 ait
1196 3951 1209 3986 :
1256 3931 1369 3989 Nos
1393 3949 1574 3987 sumus
1615 3933 1719 3987 ad-

160 4012 317 4077 jutores
341 4018 482 4086 Dei,
513 4019 567 4073 id
602 4029 687 4075 est
724 4021 994 4092 Operarii;
1023 4031 1077 4078 et
1104 4030 1165 4078 ut
1189 4022 1332 4077 servi
1357 4022 1719 4079 ministrando

163 4108 413 4178 Pm'eptis
445 4107 668 4165 Domini
699 4111 1010 4180 adjuvimus
1036 4111 1207 4167 Deum
1244 4113 1298 4167 in
1327 4113 1504 4181 vobis,
1551 4114 1718 4169 mini-

157 4201 348 4257 strando
373 4202 542 4257 fidem
570 4204 693 4273 ejus
728 4204 873 4260 sicut
913 4205 1031 4276 ipse
1070 4205 1229 4261 nobis
1261 4204 1550 4276 disposuit.
1581 4204 1720 4263 Vere

150 4285 292 4347 Deum
312 4293 639 4364 adjuvimus
665 4295 718 4350 in
734 4297 911 4353 vobis.
944 4296 1087 4351 Nam
1116 4312 1221 4353 vos.
1237 4298 1364 4351 estis
1388 4298 1720 4369 agricultura

146 4376 243 4446 Dei,
266 4384 315 4440 id
344 4394 440 4441 est
460 4387 647 4442 cultus
669 4386 808 4460 agri,
844 4405 876 4445 a
909 4391 1111 4461 quibus
1133 4382 1247 4461 jam
1277 4390 1566 4447 eradicataa
1592 4401 1721 4447 sunt

141 4475 294 4542 spinae
328 4488 715 4550 peccatorum.
759 4479 927 4549 Estis,
958 4483 1214 4553 inquam,
1247 4483 1580 4555 agricultura
1622 4499 1720 4554 per

1820 3296 1942 3336 esse
1976 3280 2188 3352 nequit,
2234 3281 2329 3337 sed
2375 3281 2930 3352 supersedilicationes
2978 3292 3108 3339 sunt
3142 3283 3401 3354 diversae;

1820 3372 1949 3443 quia
1977 3373 2118 3429 alius
2143 3388 2374 3442 aurum,
2406 3384 2501 3429 aut
2525 3381 2811 3446 argentum
2834 3415 2851 3442 ,
2905 3374 3069 3430 alius.
3088 3372 3275 3431 fenum
3322 3378 3407 3433 vel

1822 3463 2077 3535 stipulam
2126 3463 2545 3535 superzedilicat.
2575 3464 2733 3532 Quod
2766 3466 2843 3521 ita
2873 3467 2950 3522 ait
2987 3485 3000 3521 :
3042 3466 3103 3521 Si
3142 3469 3260 3538 quis
3302 3486 3405 3523 au-

1822 3564 1925 3610 tem
1958 3556 2348 3627 superwdiﬁcat
2387 3574 2551 3627 supra
2579 3556 2676 3611 hoc
2722 3557 3126 3627 fundamentum
3151 3602 3166 3627 ,
3219 3560 3273 3615 id
3322 3570 3407 3616 est

1820 3646 2004 3715 fidem,
2034 3662 2245 3716 aurum,
2273 3650 2549 3722 argentum
2569 3691 2583 3715 ,
2609 3650 2814 3720 lapides
2834 3652 3089 3721 pretiosos
3122 3666 3141 3705 :
3166 3667 3262 3723 per
3290 3653 3407 3709 haec

1825 3741 1950 3808 tria,
1982 3741 2236 3807 virtutes,
2269 3741 2364 3795 sed
2403 3741 2654 3796 discreta:
2678 3739 3071 3812 intelliguntur.
3114 3740 3207 3796 Vel
3235 3741 3428 3814 ligna,.

1821 3830 2030 3902 fenum,
2063 3830 2338 3903 stipulam,
2376 3846 2472 3901 per
2512 3831 2628 3886 hzec
2672 3830 2775 3886 tria
2811 3830 3047 3886 discreta
3078 3833 3243 3899 mala,
3282 3849 3406 3904 qua:

1818 3930 2006 3978 tamen
2050 3920 2468 3978 fundamentum
2519 3936 2632 3976 non
2671 3921 2992 3988 destruant,
3036 3922 3401 3992 accipiuntur.

1819 4012 1949 4072 Haec
1966 4024 2150 4094 autem
2173 4014 2361 4070 omnia
2381 4029 2480 4085 per
2498 4014 2680 4085 ignem
2711 4014 2880 4085 (sicut
2895 4014 3145 4085 proxime
3170 4014 3403 4087 subjun-

1820 4107 1931 4179 get)
1962 4107 2360 4178 probabuntur.
2393 4105 2497 4163 Per
2522 4122 2720 4163 aurum
2766 4106 3004 4180 perfecta
3044 4108 3256 4179 justitia
3277 4152 3292 4178 ,
3344 4119 3406 4167 ut

1819 4215 2016 4256 eorum
2039 4199 2176 4255 nihil
2206 4200 2425 4272 penitus
2460 4199 2806 4272 purgandum
2847 4200 2938 4267 sit,
2973 4200 3068 4272 qui
3092 4201 3281 4272 tuique
3309 4216 3406 4273 per

1820 4294 2003 4364 ignem
2030 4292 2316 4350 transituri
2344 4300 2502 4360 sunt;
2529 4307 2640 4348 non
2685 4302 2746 4347 ut
2786 4291 2862 4347 ibi
2896 4293 3078 4364 aliqua
3111 4293 3406 4350 acerbitate

1820 4384 2186 4450 detineantur,
2218 4384 2315 4441 sed
2340 4383 2484 4440 sicut
2501 4384 2859 4455 purissimum
2888 4400 3085 4441 aurum
3108 4385 3220 4459 igni
3242 4386 3403 4443 adhi-

1819 4477 2018 4546 bitum,
2045 4478 2159 4550 96
2184 4492 2295 4532 non
2325 4476 2503 4533 solum
2529 4478 2741 4534 nullum
2767 4480 2971 4550 patitur
2993 4478 3402 4546 detrimentum,

136 4567 463 4626 ablationem
514 4573 809 4640 malorum,
863 4584 914 4629 et
966 4577 1093 4630 estis
1138 4577 1428 4646 wdiﬁcatio
1470 4576 1590 4645 Dei,
1622 4593 1721 4648 per
1749 4567 1798 4628 D
1824 4570 1918 4626 sed
1946 4586 2042 4643 per
2066 4566 2171 4626 hoc
2197 4569 2393 4641 majori
2434 4570 2614 4628 nitore
2642 4572 2706 4626 lit
2758 4571 3132 4642 splendidius,
3169 4572 3251 4628 sic
3280 4588 3403 4643 per-

134 4660 462 4725 positionem
485 4664 772 4731 virtutum,
788 4667 916 4737 quia
941 4684 1107 4739 super
1131 4667 1292 4725 fidem
1313 4679 1551 4726 vestram
1574 4669 1720 4726 Deus

129 4747 231 4816 jam
261 4750 412 4809 alias
441 4755 680 4811 virtutes
708 4757 1013 4813 :edilicavit.
1047 4757 1114 4814 Et
1143 4760 1296 4830 quod
1324 4761 1458 4818 estis
1490 4762 1721 4833 agricul-

130 4846 240 4895 tura
271 4854 329 4897 et
380 4844 676 4901 aedificatio
723 4845 856 4916 Dei,
908 4849 1015 4905 hoc
1035 4859 1120 4906 est
1149 4866 1247 4921 per
1268 4865 1375 4906 me.
1427 4851 1542 4924 Ego
1568 4854 1715 4909 enim

131 4932 269 4993 posui
310 4932 759 5003 fundamentum,
794 4937 847 4992 id
870 4948 954 4994 est
981 4938 1142 4994 ﬁdem
1179 4956 1343 5010 super
1384 4958 1551 5012 quam
1591 4941 1718 4999 fun-

129 5017 321 5079 dantur
357 5024 490 5080 alim
520 5027 773 5084 virtutes.
798 5029 965 5086 Posui
997 5032 1185 5102 utique
1212 5043 1271 5088 ut
1296 5034 1635 5104 architectus,
1662 5037 1713 5092 id

131 5127 197 5167 est
246 5116 519 5188 princeps
543 5119 690 5188 tecti,
725 5122 855 5191 quia
900 5133 954 5178 et
993 5124 1039 5179 si
1086 5124 1223 5180 alios
1271 5126 1614 5197 coadjutores
1659 5129 1714 5184 in

137 5206 271 5262 vobis
305 5208 519 5275 habui,
552 5225 654 5282 ego
702 5220 884 5269 tamen
913 5215 1170 5287 princeps
1206 5216 1279 5272 ibi
1313 5217 1411 5273 lui.
1462 5219 1728 5287 Archite:

132 5306 237 5353 ctus
267 5298 407 5355 dico
431 5302 668 5370 sapiens,
719 5304 772 5359 id
818 5314 903 5361 est
927 5323 1053 5363 cum
1081 5308 1410 5367 discretione
1456 5312 1713 5385 singulis,

126 5392 260 5476 quod
297 5394 601 5464 capacitati
628 5413 819 5452 eorum
847 5396 1095 5456 suliicere
1115 5411 1346 5473 poterat,
1374 5403 1710 5476 impertiens.

125 5474 231 5537 Hoc
269 5493 466 5540 autem
527 5486 630 5543 feci
679 5491 963 5545 secundum
1015 5496 1246 5563 gratiam
1282 5495 1382 5550 Dei
1425 5474 1714 5557 :vfundare

124 5576 262 5632 enim
296 5596 417 5636 vos
440 5581 495 5634 in
529 5580 631 5636 ﬁde
660 5598 768 5637 non
797 5599 1046 5654 possem,
1085 5586 1194 5642 nisi
1233 5599 1554 5659 operaretur
1590 5608 1710 5648 me-

123 5678 242 5721 cum
277 5669 464 5740 gratia
501 5668 618 5737 Dei,
652 5671 719 5725 ad
749 5689 915 5742 quam
975 5675 1279 5732 habendam
1316 5694 1425 5734 non
1471 5682 1710 5751 praemisi

126 5759 431 5825 meritum,
472 5762 566 5817 sed
597 5780 714 5833 qua:
738 5780 803 5819 ex
833 5765 1206 5824 misericordia
1250 5769 1384 5824 datu
1429 5780 1505 5825 est
1555 5773 1706 5827 mihi.

124 5846 233 5920 Ego
275 5854 435 5924 quod
471 5856 538 5909 ad
580 5872 667 5912 me
710 5859 1005 5927 pertinuit,
1044 5876 1237 5917 sanum
1292 5862 1707 5920 fundamentum

452 5947 726 6011 ΡΑτιιοι..
760 5952 969 6013 CLlll.

1821 4661 1990 4730 fecti,
2035 4662 2178 4735 ignis
2244 4664 2434 4734 utique
2490 4663 2768 4720 laesionem
2815 4679 2927 4719 non
2980 4664 3243 4730 sentiunt,
3306 4664 3400 4718 sed

1820 4742 2216 4826 probabiliores
2260 4755 2502 4827 agilitate
2533 4756 2794 4810 virtutum
2836 4756 2909 4811 ab
2950 4755 3059 4810 hoc
3088 4754 3215 4824 igne
3242 4753 3401 4810 facil-

1820 4847 1952 4903 lime
1988 4856 2295 4919 emergunt.
2350 4846 2458 4903 Per
2512 4857 2795 4918 argentum
2843 4845 3220 4918 signiﬁcantur
3242 4846 3400 4917 justi,

1819 4939 1878 4994 in
1908 4928 2109 5009 quibus
2126 4926 2311 4995 tamen
2347 4939 2530 5008 aliqua
2557 4938 2695 4993 levia
2728 4937 3011 5008 purganda
3060 4945 3223 5006 sunt;
3270 4938 3401 5009 quia

1820 5032 1969 5088 velut
1997 5026 2284 5103 argentum
2318 5031 2373 5084 in
2404 5031 2528 5101 igne
2569 5030 2811 5099 positum
2857 5029 3207 5095 decoloratur
3247 5048 3261 5086 :
3306 5030 3402 5101 qui

1822 5122 1974 5179 color
2039 5130 2158 5177 arte
2217 5121 2444 5177 artiﬁcis
2504 5130 2630 5191 post
2663 5121 2843 5193 ignem
2900 5120 3175 5189 redditur;
3212 5121 3296 5178 sic
3323 5120 3399 5176 illi

1820 5215 2001 5289 ignem
2042 5215 2261 5286 quidem
2297 5214 2593 5286 patientur,
2650 5214 2746 5272 sed
2800 5214 2992 5273 leviter
3014 5258 3031 5285 ,
3087 5215 3218 5287 quia
3259 5216 3399 5273 levia

1819 5308 2233 5365 commiserunt.
2271 5306 2377 5365 Per
2403 5307 2612 5380 lapides
2637 5309 2908 5381 pretiosos
2928 5310 3217 5382 signantur
3237 5308 3395 5380 justi,

1822 5400 1951 5457 licet
2003 5409 2322 5472 premantur
2365 5400 2574 5473 aliquot
2615 5402 2953 5471 venialibus;
2991 5403 3167 5475 magis
3213 5411 3395 5458 tamen

1822 5494 2169 5549 adhaeserunt
2207 5493 2470 5565 iustitiae,
2518 5503 2575 5551 et
2606 5495 2728 5553 ideo
2769 5497 3042 5568 patientur
3091 5496 3308 5568 quidem
3340 5495 3394 5549 in

1822 5587 1945 5661 igne
1982 5576 2158 5660 magis
2193 5587 2282 5646 his
2329 5589 2636 5661 praedictis;
2678 5591 3139 5661 quemadmodum
3188 5588 3396 5659 lapides

1820 5681 2045 5752 pretiosi
2070 5682 2193 5752 plus
2222 5682 2536 5737 detrimenti
2571 5697 2669 5753 per
2709 5682 2888 5754 ignem
2915 5682 3186 5746 sentiunt,
3226 5695 3393 5750 quam

1812 5781 2123 5845 argentum.
2160 5774 2449 5830 Pluraliter
2474 5774 2596 5831 ideo
2617 5775 2822 5844 lapides
2849 5774 3015 5840 dixit;
3056 5772 3186 5845 quia
3211 5771 3395 5828 in-hoc

1817 5866 1988 5936 gradu
2014 5866 2213 5922 diversi
2244 5875 2424 5934 erunt,
2459 5875 2515 5922 et
2542 5866 2841 5923 secundum
2882 5866 3249 5922 diversitatem
3275 5881 3393 5921 me-

3040 5962 3078 6022 5
