3978 6398
665 351 766 410 159

1192 349 1246 404 S.
1289 346 1636 404 BRUNONIS
1671 341 2314 403 CARTHUSIANORUM
2364 341 2852 402 INSTITUTORIS
2889 342 3038 398 OPP.
3077 343 3260 400 PARS
3300 343 3364 398 Il.
3415 389 3418 394 .
3790 347 3865 406 uo

662 472 896 528 ritorum
919 467 1172 524 sentient.
1206 465 1310 520 Per
1331 466 1447 520 htec
1476 465 1600 531 tria,
1635 478 1808 534 genus
1842 460 2238 533 perfectorum:
2277 463 2317 518 Α
2346 469 2452 514 tem
2496 460 2770 515 violaverit
2823 461 3074 532 templum
3119 461 3257 528 Dei,
3309 462 3656 545 disperdetur.
3705 461 3795 520 Sed
3825 478 3868 522 ut

664 575 764 634 per
811 559 917 616 tria
949 574 1070 630 qua:
1095 565 1420 628 sequuntur,
1451 555 1734 627 signantur
1761 551 2084 624 imperfecti.
2137 549 2242 606 Per

664 654 814 725 ligna
855 649 1201 722 accipiuntur
1239 649 1295 703 hi
1335 647 1428 718 qui
1473 647 1526 700 in
1576 646 1781 701 mundo
1813 645 2032 716 quidem
2061 658 2240 698 rema-

671 754 821 802 nent.
857 742 1087 808 Uxores,
1117 741 1260 796 ﬁlios
1310 748 1365 796 et
1411 736 1789 810 possessiones
1830 737 2059 803 habent;
2105 749 2245 806 quos

667 850 900 909 pensare
941 841 1189 905 Oportet,
1231 846 1353 902 qum
1387 830 1576 886 uxoris
1604 839 1762 898 sunt,
1789 837 1844 884 et
1876 827 2114 883 ﬁliorum
2137 869 2154 894 ,
2192 837 2247 880 et

671 928 797 984 ideo
838 926 1136 998 plurimum
1169 923 1436 978 laborare.
1468 919 1581 978 Nec
1605 919 1948 976 orationibus
1991 918 2247 975 Ecclesiae

670 1031 893 1093 propter
919 1019 1025 1074 hoc
1049 1015 1325 1088 quomodo
1350 1013 1631 1079 deberent,
1680 1021 1911 1083 possunt
1961 1011 2244 1067 interesse.

673 1108 738 1163 lli
765 1117 984 1172 tamen,
1027 1104 1154 1176 quia
1195 1117 1306 1158 non
1330 1101 1412 1158 sic
1433 1101 1668 1172 diligunt
1699 1099 1985 1166 mundum,
2015 1109 2076 1155 ut
2121 1113 2246 1154 eum

671 1197 784 1254 Deo
826 1201 1174 1268 praeponam,
1219 1193 1580 1248 salvabuntur
1620 1191 1840 1262 quidem
1861 1232 1876 1256 ,
1923 1189 2020 1246 sed
2065 1197 2247 1244 tamen

673 1292 764 1347 diu
797 1305 892 1362 per
919 1275 1100 1360 ignem
1145 1287 1485 1359 punientur;
1533 1283 1997 1356 quemadmodum
2041 1283 2247 1355 lignum

672 1385 832 1454 longa
863 1375 1093 1438 materia
1133 1389 1216 1436 est
1244 1379 1418 1452 ignis,
1457 1387 1510 1434 et
1552 1377 1726 1433 multo
1763 1376 1940 1448 spatio
1971 1377 2249 1433 comburi-

669 1483 780 1532 tur.
813 1473 919 1530 Per
946 1473 1134 1531 fenum
1168 1473 1457 1544 signantur
1501 1469 1610 1538 illi,
1641 1470 1737 1542 qui
1779 1469 2098 1540 aliquandiu
2127 1468 2250 1539 qui-

669 1566 796 1623 dem
822 1566 1138 1637 aﬂliguntur
1178 1578 1274 1634 per
1317 1563 1495 1633 ignem
1516 1602 1532 1629 ,
1573 1561 1668 1618 sed
1694 1561 1842 1616 velut
1876 1559 2083 1627 fenum,
2107 1560 2254 1632 quod

674 1659 788 1714 cito
816 1658 874 1712 in
901 1657 1026 1728 igne
1053 1654 1257 1722 deﬁcit,
1289 1654 1398 1709 cito
1421 1652 1671 1710 evadent.
1705 1651 1808 1708 Per
1829 1651 2086 1724 stipulam
2124 1668 2254 1708 vero

674 1764 800 1821 qua
827 1757 1049 1820 propter
1071 1746 1379 1802 ariditatem
1422 1745 1586 1802 citius
1632 1743 1756 1800 feno
1788 1745 2148 1810 comburitur,
2179 1745 2256 1800 si-

677 1849 912 1914 gnantur
927 1839 1006 1908 hi,
1023 1855 1256 1912 quorum
1273 1854 1434 1911 plena
1455 1837 1838 1911 compendiosa
1862 1838 1966 1894 erit
1993 1838 2048 1893 in
2075 1846 2258 1893 trans-

677 1936 755 1992 itu
782 1935 944 2006 ignis.

749 2026 808 2082 Si
835 2025 961 2096 quis
985 2032 1168 2080 autem
1202 2021 1436 2080 aediﬁcat
1460 2022 1577 2079 haec
1600 2023 1683 2078 vel
1712 2023 1830 2079 haec
1850 2065 1866 2089 ,
1914 2039 2044 2094 opus
2070 2024 2258 2078 unius-

674 2117 958 2190 cujusque,
995 2131 1091 2172 seu
1120 2115 1191 2172 sit
1225 2130 1444 2182 aurum,
1471 2129 1570 2170 seu
1603 2114 1834 2186 lignum,
1865 2115 1950 2170 vel
1971 2115 2260 2186 quodcun-

571 2265 577 2270 ,
675 2223 786 2282 que
838 2207 1009 2275 aliud,
1059 2205 1408 2277 manifestum
1447 2205 1568 2260 erit.
1621 2204 1690 2262 Et
1730 2206 1838 2262 hoc
1866 2207 2080 2277 probat.
2117 2205 2262 2261 Nam

676 2300 790 2355 dies
833 2298 1048 2354 Domini
1089 2296 1384 2352 declarabit
1413 2295 1522 2354 hoc
1547 2311 1705 2368 opus.
1741 2296 1898 2354 Diem
1919 2297 2138 2355 Domini
2161 2314 2260 2354 vo-

680 2399 772 2447 cat
809 2390 880 2446 ab
917 2390 1053 2446 hora
1091 2388 1471 2446 dissolutionis
1511 2389 1948 2468 uniuscujusque
1975 2406 2150 2463 usque
2184 2392 2252 2447 ad

677 2479 969 2550 judicium.
999 2477 1078 2534 Ex
1107 2493 1218 2549 quo
1246 2479 1392 2534 enim
1425 2478 1609 2534 anima
1634 2488 1921 2551 separatur
1943 2496 1974 2535 a
2001 2495 2258 2552 corpore,

683 2569 802 2627 dies
838 2569 1056 2626 Domini
1086 2579 1171 2626 est
1203 2570 1259 2624 in
1288 2585 1385 2637 eo,
1427 2570 1556 2641 quia
1587 2569 1725 2626 nihil
1750 2569 1866 2642 jam
1907 2571 2122 2642 operari
2164 2586 2263 2642 po-

681 2670 787 2718 test
825 2672 1022 2733 praeter
1044 2661 1382 2718 voluntatem
1420 2660 1552 2730 Dei;
1605 2661 1701 2719 sed
1746 2662 1879 2720 dum
1921 2663 2086 2720 homo
2130 2663 2264 2720 vivit

682 2753 802 2810 dies
835 2753 1076 2810 hominis
1103 2763 1214 2823 est,
1241 2763 1298 2810 et
1327 2769 1437 2810 non
1470 2752 1596 2822 Dei;
1633 2754 1764 2826 quia
1803 2765 2062 2826 operatur
2095 2756 2262 2812 homo

689 2847 838 2918 quod
871 2845 974 2902 sibi
1007 2847 1219 2918 placet,
1248 2845 1456 2902 bonum
1517 2850 1602 2903 vel
1635 2847 1870 2916 malum,
1903 2863 1972 2904 ex
2014 2848 2264 2906 libertate

685 2938 920 2994 arbitrii.
957 2936 1098 2994 Vere
1121 2937 1240 2994 dies
1275 2936 1491 2994 Domini
1532 2939 1850 2996 declarabit.
1889 2938 2036 2995 Nam
2057 2943 2112 2996 in
2143 2943 2262 3014 igne

681 3031 1015 3098 revelabitur,
1045 3031 1099 3087 id
1121 3041 1206 3087 est
1222 3032 1400 3104 palam
1423 3031 1536 3100 ﬁet,
1567 3047 1706 3104 opus
1735 3033 1878 3106 ejus.
1902 3031 2060 3091 Hunc
2080 3034 2261 3106 ignan

2345 561 2678 625 compungat
2723 569 2840 620 eos,
2893 554 3181 626 praemittit
3222 553 3693 625 interrogationem
3744 557 3867 622 hanc,

2344 645 2533 702 dicens
2577 664 2591 700 :
2636 645 2719 700 An
2759 647 2974 702 nescitis
3015 647 3143 718 quia
3190 664 3282 702 vos
3329 646 3459 701 estis
3498 647 3732 717 templum
3769 648 3868 710 Dei;

2348 737 2494 794 Deus
2543 747 2725 794 autem
2777 739 3084 794 sanctiﬁcat
3131 755 3232 795 vos
3284 747 3347 794 ut
3424 738 3546 794 sitis
3609 738 3706 794 sibi
3763 750 3868 795 tem-

2348 831 2519 902 plum.
2587 829 2658 885 Et
2712 831 2786 887 ita
2843 831 2968 886 dico
3027 827 3334 902 templum,
3393 829 3539 902 quod
3571 831 3772 900 spiritus
3803 830 3871 885 Dei

2345 923 2455 995 97
2477 923 2627 979 omni
2649 919 2968 978 assiduitate
2997 921 3199 977 habitat
3227 923 3283 976 in
3320 922 3484 976 vobis.
3518 921 3576 976 Si
3602 922 3718 993 quis
3735 932 3872 978 autem

2349 1014 2632 1071 violaverit
2661 1029 2722 1070 se
2759 1013 3020 1084 templum
3065 1012 3181 1079 Dei,
3233 1013 3571 1068 destruendo
3607 1013 3872 1070 fundamen-

2350 1113 2463 1160 tum
2491 1103 2636 1171 ﬁdei,
2657 1103 2742 1159 vel
2771 1105 2824 1159 in
2849 1119 2908 1160 se
2929 1118 3026 1174 per
3045 1103 3379 1170 criminalla,
3399 1104 3482 1158 vel
3512 1103 3565 1158 in
3593 1105 3874 1160 auditoribus

2349 1194 2595 1251 docendo
2637 1193 2795 1262 falsa,
2822 1195 2976 1250 illum
3006 1194 3196 1265 utique
3217 1193 3501 1265 disperdct
3526 1193 3666 1250 Deus
3689 1195 3736 1249 in
3755 1204 3873 1264 aeter-

2352 1303 2484 1343 num
2533 1288 2834 1344 interitum.
2864 1286 2932 1343 Et
2959 1287 3156 1342 merito
3179 1287 3274 1358 qui
3319 1287 3511 1352 violat,
3563 1285 3870 1358 disperdetur.
3913 1301 3915 1324 ι

2304 1385 2309 1390 ’
2356 1378 2769 1450 Ναηιιιεηιριωη
2796 1377 2894 1434 Dei
2920 1388 3162 1434 sanctum
3183 1389 3284 1445 est,
3313 1388 3370 1435 et
3393 1379 3588 1434 violari
3617 1394 3716 1433 non
3741 1379 3871 1438 debet.

2351 1472 2491 1544 quod
2527 1470 2776 1542 templum
2812 1487 2902 1526 vos
2933 1471 3082 1525 estis.
3105 1469 3173 1525 Et
3200 1469 3333 1540 quia
3357 1469 3617 1540 templum
3645 1465 3730 1522 Dei
3755 1467 3870 1522 estis:

2353 1572 2638 1636 propterea
2690 1563 2869 1620 videte
2897 1579 2966 1619 ne
2999 1562 3198 1634 aliquis
3236 1560 3724 1633 pseudodoctornm
3758 1559 3872 1614 sedu-

2354 1665 2444 1713 cat
2468 1670 2569 1712 vos
2600 1670 2697 1727 per
2724 1653 2919 1711 falsam
2969 1653 3301 1720 doctrinam,
3352 1653 3439 1708 vel
3482 1667 3640 1708 nemo
3680 1659 3870 1706 nostrum
3913 1683 3915 1690 ι

2358 1747 2586 1804 seducat
2639 1747 2882 1818 seipsum
2937 1745 3274 1802 destruendo
3334 1743 3734 1801 fundamentum
3771 1741 3869 1796 ﬁdei.

2362 1837 2551 1905 Nemo,
2596 1838 2853 1910 inquam,
2882 1838 3102 1892 seducat
3145 1853 3235 1902 se;
3286 1836 3380 1891 sed
3443 1835 3490 1890 si
3545 1834 3659 1906 quis
3707 1845 3873 1888 manens

2265 1969 2270 1973 -
2357 1931 2496 1984 inter
2514 1945 2603 1984 vos
2637 1928 2845 1984 videtur
2856 1927 2960 1984 sibi
2982 1943 3093 1982 esse
3116 1928 3330 1998 sapiens
3349 1927 3407 1981 in
3428 1925 3526 1980 hoc
3553 1923 3747 1990 sarculo,
3765 1922 3870 1977 idest

2357 2023 2426 2080 de
2467 2022 2720 2080 saeculari
2766 2021 3030 2086 scientia.
3083 2021 3182 2092 ﬁat
3207 2019 3432 2088 stultus,
3465 2018 3520 2075 id
3570 2025 3651 2072 est
3675 2013 3869 2070 eredatet

2358 2116 2684 2173 conﬁteatur
2713 2129 2774 2172 se
2805 2129 2929 2171 esse
2973 2113 3227 2180 stultum,
3259 2122 3322 2169 ut
3367 2111 3449 2168 sic
3498 2115 3750 2166 mereatur
3787 2117 3867 2158 esse

2358 2224 2485 2266 vere
2523 2208 2745 2280 sapiens
2774 2226 2788 2262 :
2821 2190 2946 2262 vere
2985 2220 3210 2262 necesse
3260 2212 3349 2260 est
3386 2217 3517 2260 eum
3553 2199 3753 2257 stultum
3788 2193 3867 2249 ﬁeri

2361 2309 2423 2357 ut
2449 2301 2544 2356 ﬁat
2573 2300 2810 2370 sapiens.
2843 2295 2979 2353 Nam
3011 2296 3282 2368 sapientia
3309 2294 3470 2366 hujus
3504 2290 3682 2347 mundi
3702 2285 3863 2344 stultitia

2359 2401 2437 2448 est
2481 2392 2624 2464 apud
2680 2390 2867 2446 Deum.
2907 2389 2972 2444 Et
3027 2403 3152 2444 vere
3183 2387 3536 2445 stultitiae-st
3565 2382 3696 2456 apud
3727 2377 3856 2434 Deum.

2360 2482 2497 2540 Nam
2529 2484 2792 2554 scriptum
2817 2490 2903 2538 est
2925 2483 2980 2536 in
3013 2480 3118 2537 Job
3152 2481 3221 2537 de
3253 2479 3534 2536 mundana
3565 2471 3786 2546 sapientia
3809 2466 3863 2523 sic

2359 2578 2621 2649 loquente
2659 2575 2770 2632 Deo
2797 2595 2811 2630 :
2836 2572 3110 2646 Sapientes
3133 2573 3324 2628 mundi
3363 2585 3465 2644 ego
3495 2561 3866 2638 comprehendant.

2361 2671 2418 2726 id
2445 2679 2531 2726 est
2563 2667 2887 2726 concludam
2909 2668 2965 2722 in
2987 2667 3104 2738 ipsa
3133 2666 3341 2720 astutia
3363 2678 3545 2720 eorum
3573 2657 3684 2732 (Job
3708 2671 3752 2718 τ.
3793 2650 3865 2716 l5).

2362 2763 2418 2820 id
2445 2771 2531 2818 est
2561 2761 2618 2818 in
2643 2760 2782 2817 eoin
2811 2775 2922 2831 quo
2953 2774 3014 2815 se
3041 2758 3216 2831 magis
3250 2765 3466 2814 astutos
3495 2750 3867 2821 intelligununec

2363 2853 2618 2911 resistere
2657 2859 2932 2924 poterunt.
2978 2848 3046 2905 Et
3090 2849 3297 2904 iterum
3343 2847 3413 2904 de
3452 2841 3636 2900 mundi
3670 2831 3865 2908 sapientia

2365 2942 2621 3000 scribitur
2695 2941 2751 2996 in
2806 2939 3020 3012 psalmo
3055 2937 3354 2994 :Dominus
3411 2935 3549 2990 novit
3603 2928 3865 3000 cogitationis

2367 3033 2438 3107 (Ρ
2441 3021 2552 3089 δαίς.
2575 3048 2728 3098 XCIII.
2749 3029 2842 3104 Η)
2875 3030 3225 3102 sapientium.
3251 3027 3459 3085 Nostra
3483 3019 3743 3080 translatio
3759 3013 3868 3107 habt!

684 3125 1006 3182 continuum
1039 3123 1173 3180 dicit
1213 3101 1356 3180 sicut
1391 3124 1557 3180 diem.
1590 3101 1649 3180 ln
1693 3101 1868 3182 morte
1904 3126 2053 3183 enim
2075 3101 2258 3183 h'omi'
2285 3146 2334 3210 ρ
2367 3101 2660 3194 hominum,
2692 3101 2870 3204 idoest
2904 3121 3220 3178 humaniter
3255 3117 3608 3210 sapientium.
3640 3111 3738 3210 Hoc
3767 3101 3868 3210 ηξιεξξ

687 3215 774 3272 nis
815 3213 1042 3288 paratus
1083 3223 1170 3272 est
1209 3215 1462 3272 diabolus
1513 3231 1638 3272 cum
1678 3216 1803 3289 igne
1853 3226 1909 3274 et
1965 3219 2263 3276 tortoribus

686 3307 828 3363 suis.
865 3307 934 3364 Et
953 3309 1000 3365 si
1029 3308 1160 3380 quid
1188 3309 1534 3381 purgandum
1557 3317 1662 3376 est,
1693 3319 1888 3382 purgat
1908 3324 2008 3381 per
2045 3311 2264 3367 adhibi-

685 3402 802 3448 tum
847 3394 1050 3466 ignem.
1084 3392 1143 3448 Si
1175 3409 1306 3450 vero
1336 3393 1472 3448 nihil
1511 3394 1852 3465 purgationis
1887 3403 1972 3451 est
2004 3411 2144 3466 opus
2182 3396 2266 3467 (ut

685 3483 743 3539 in
789 3484 949 3540 beato
976 3484 1232 3555 Martino)
1276 3485 1393 3556 ipsa
1423 3485 1610 3540 evasio
1635 3485 1779 3556 ignis
1816 3486 2020 3542 revelat
2047 3487 2264 3542 bonita-

685 3586 797 3633 tem
834 3576 919 3631 sui
961 3577 1177 3647 operis,
1225 3585 1284 3632 ut
1328 3577 1383 3631 in
1409 3591 1476 3632 eo
1503 3593 1666 3650 qpem
1696 3585 1916 3648 torquet
1952 3593 2062 3632 non
2095 3577 2266 3636 fuisse

689 3668 897 3739 aliquid
925 3669 1126 3726 sordis.
1161 3667 1269 3724 Sed
1313 3668 1444 3739 quia
1479 3668 1722 3724 nondum
1751 3669 1912 3739 plane
1951 3679 2129 3739 potest
2162 3671 2267 3726 hoc

689 3763 884 3830 videri,
911 3762 966 3818 in
989 3762 1113 3834 igne
1131 3761 1448 3833 purgatorio
1479 3759 1714 3834 singulis
1731 3760 2072 3832 singulorum
2100 3777 2263 3832 opera

687 3853 1240 3912 revelabuntur.Vere
1263 3871 1394 3926 opus
1425 3853 1680 3926 cujusque
1702 3852 2018 3909 revelabitur
2045 3853 2100 3909 in
2124 3855 2262 3926 igne.

683 3947 822 4004 Nam
858 3949 1000 4021 ignis
1023 3949 1112 4004 ille
1137 3948 1419 4020 probabit,
1446 3948 1606 4020 quale
1637 3948 1712 4006 sit
1738 3963 1878 4020 opus
1909 3947 2266 4019 uniuscujus-

683 4059 810 4114 que,
835 4058 932 4098 seu
957 4042 1028 4098 sit
1049 4058 1268 4110 aurum,
1297 4057 1392 4098 seu
1422 4043 1746 4115 lignum,vel
1773 4042 2141 4114 quodcunque
2170 4041 2262 4099 sit.

689 4131 830 4187 Vere
859 4129 1001 4204 ignis
1028 4131 1282 4202 probabit
1309 4131 1649 4204 singulorum
1678 4147 1836 4203 opus.
1899 4131 2037 4189 Nam
2085 4141 2169 4190 est
2211 4143 2267 4190 et

687 4223 895 4278 bonum
929 4236 1069 4292 opus
1139 4230 1195 4276 ct
1241 4222 1476 4288 malum;
1527 4222 1732 4278 bonum
1762 4225 1971 4296 utique.
2031 4223 2091 4280 Si
2125 4227 2266 4280 enim

683 4330 814 4385 opus
853 4313 1116 4384 alicujus,
1163 4313 1302 4384 quod
1342 4313 1627 4384 cediﬁcavit
1658 4330 1824 4386 super
1850 4316 2263 4374 fundamentum

686 4405 941 4460 manserit
993 4405 1223 4461 illaesum
1251 4446 1267 4471 ,
1327 4405 1418 4461 hic
1462 4405 1650 4477 utique
1711 4409 1936 4479 accipiet
1979 4409 2265 4464 mercedem

687 4495 1108 4566 supertedilicati
1161 4496 1312 4551 boni.
1357 4495 1559 4552 Malum
1619 4513 1758 4568 opus
1809 4499 2060 4570 probabit
2098 4501 2262 4574 ignis.
2299 4529 2343 4584 Ι)

688 4586 826 4643 Nam
861 4589 909 4642 si
949 4605 1080 4659 opus
1119 4587 1350 4658 alicujus
1387 4589 1607 4657 arserit,
1649 4589 1702 4645 id
1732 4599 1815 4646 est
1861 4592 2054 4649 ardere
2102 4609 2266 4665 posse

689 4678 970 4733 inventum
1015 4677 1212 4744 fuerit,
1266 4687 1324 4733 ut
1350 4678 1586 4746 lignum,
1636 4677 1858 4748 fenum,
1894 4682 2135 4754 stipula,
2175 4685 2265 4740 hic

686 4768 876 4840 utique
901 4769 1138 4840 patietur
1159 4767 1532 4822 detrimentum
1559 4777 1612 4824 et
1651 4767 1918 4842 adligetur
1940 4787 2038 4842 per
2057 4773 2265 4830 violen-

685 4863 821 4917 tiam
849 4863 1010 4934 ignis.
1053 4860 1159 4918 Sed
1188 4861 1316 4918 licet
1362 4861 1601 4932 patiatur
1639 4861 2056 4933 detrimentum,
2089 4873 2264 4922 tamen

687 4954 799 5024 ipse
837 4953 1013 5008 salvus
1043 4954 1164 5009 erit.
1215 4951 1306 5009 Sic
1347 4961 1528 5008 tamen
1565 4952 1689 5008 dico
1713 4953 1950 5022 salvum,
1978 4955 2137 5026 quasi
2168 4973 2264 5027 per

688 5043 869 5116 ignem
895 5045 1271 5102 transiturum.
1329 5043 1490 5101 Prius
1533 5045 1680 5101 enim
1717 5045 1865 5116 quod
1913 5047 2073 5104 dulce
2113 5063 2268 5104 com—

693 5136 908 5192 mittere
960 5135 1098 5206 fuit,
1157 5137 1336 5209 puniri
1412 5147 1626 5208 oportet
1685 5153 1781 5209 per
1845 5141 2265 5196 amaritudinem

690 5228 856 5300 ignis.
1284 5275 1296 5291 ,

762 5321 1153 5378 Determinavit
1208 5322 1372 5378 modo
1422 5323 1782 5380 discretioncs
1831 5339 2090 5396 operum,
2140 5343 2265 5396 quae

693 5430 804 5470 non
841 5413 1132 5470 destruunt
1167 5413 1584 5470 fundamentum
1608 5455 1624 5480 ,
1675 5415 1864 5470 dicens
1906 5430 2099 5472 omnes
2149 5417 2260 5472 sal-

689 5506 930 5574 vandos,
981 5505 1076 5576 qui
1125 5505 1257 5561 illud
1289 5520 1398 5560 non
1430 5505 1719 5562 destruunt
1758 5524 1771 5560 :
1805 5522 1954 5564 nunc
1981 5507 2264 5580 subjungit

689 5599 757 5655 de
785 5598 1044 5670 operibus
1075 5598 1196 5667 his,
1227 5613 1349 5669 qua:
1378 5597 1669 5654 destruunt
1709 5597 2158 5667 fundamentum,
2185 5609 2264 5656 -et

690 5691 1062 5748 thesaurizant
1110 5701 1374 5748 aeternum
1418 5691 1730 5759 interitum,
1776 5689 1967 5747 dicens
2013 5691 2120 5748 :Si
2145 5693 2261 5763 quis

691 5797 801 5840 non
833 5785 1062 5842 destruit
1097 5783 1531 5851 fundamentum,
1565 5784 1896 5850 salvabitur';
1939 5783 1984 5838 si
2009 5783 2132 5854 quis
2161 5799 2260 5839 au-

2379 3219 2448 3276 de
2485 3219 2595 3275 illis
2615 3193 2866 3290 quoniam
2886 3231 3034 3272 vante
3057 3223 3200 3270 sunt.
3225 3207 3670 3282 Quandoquidem
3695 3193 3869 3256 hominis

2366 3310 2652 3384 sapientia
2697 3309 2961 3380 probatur
3005 3321 3130 3363 esse
3203 3304 3442 3362 stultitia
3485 3319 3498 3355 ε
3554 3299 3721 3365 itaque

2364 3377 2607 3463 vestrum
2631 3377 2865 3460 ulterius
2886 3401 3143 3473 glorietur
3171 3399 3229 3453 in
3252 3393 3569 3457 hominibus,
3591 3385 3641 3442 id
3667 3392 3743 3480 est
3761 3377 3864 3480 initis

2365 3498 2682 3556 doctoribus
2697 3539 2712 3563 ,
2733 3496 2802 3552 de
2821 3495 3026 3566 quibus
3054 3501 3280 3564 propter
3304 3493 3594 3547 humanam
3620 3476 3868 3548 sapientiam

2367 3589 2697 3662 gloriamini.
2725 3587 2926 3642 Probat
2948 3601 3058 3642 non
3082 3599 3204 3641 esse
3238 3579 3582 3656 gloriandum
3603 3572 3653 3628 in
3673 3569 3869 3662 bisqui",1

2366 3661 2496 3750 quia
2545 3678 2689 3734 servi
2724 3691 2918 3732 eorum
2966 3683 3116 3741 sunt,
3152 3675 3248 3745 qui
3301 3674 3383 3730 eis
3428 3661 3864 3751 praedicant???

2367 3747 2484 3844 ipse
2504 3769 2668 3826 idem.
2695 3769 2772 3826 De
2792 3783 2851 3824 re
2881 3775 3064 3824 autem
3089 3766 3340 3822 inferiori
3377 3764 3460 3820 vel
3491 3753 3671 3832 aequali
3700 3747 3867 3846 sio-Ilii?|

2369 3833 2480 3919 non
2523 3861 2668 3928 licet,
2697 3860 2794 3917 sed
2831 3857 3180 3916 solummodo
3218 3857 3289 3913 de
3328 3852 3523 3926 majori
3545 3833 3868 3928 summm?»

2367 3954 2498 4027 quia
2513 3953 2560 4010 si
2585 3921 2844 4009 de'Paulo
2865 3958 2920 4006 et
2944 3949 3128 4020 Cepha
3150 3964 3260 4004 non
3282 3957 3369 4005 est
3387 3921 3725 4019 gloriandum,
3744 3921 3871 4027 multo

2369 4019 2553 4122 minus
2580 4046 2648 4102 de
2685 4044 2794 4099 illis
2831 4019 3165 4108 carnalibus,
3201 4056 3346 4111 quos
3392 4041 3600 4094 constat
3623 4019 3869 4122 longe

2681 4133 2821 4191 istis.
2841 4130 2997 4188 Unde
3031 4130 3107 4186 ait
3140 4099 3164 4185 ε’
3180 4099 3303 4186 Non
3327 4135 3412 4185 est
3431 4116 3740 4198 gloriandum

2369 4229 2422 4282 in
2447 4225 2792 4282 hominibus:
2813 4239 2937 4276 nam
2953 4223 3133 4277 omnia
3160 4229 3334 4275 vestra
3360 4195 3502 4282 sunt,
3519 4211 3569 4268 id
3588 4215 3662 4266 est
3680 4195 3870 4282 semul”

2369 4279 2872 4389 vestrmdeputata;
2903 4315 3008 4370 sive
3033 4314 3196 4369 etiam
3241 4312 3314 4368 sit
3343 4279 3570 4372 Paulus,
3589 4299 3683 4356 sive
3704 4279 3871 4389 Apolliv

2368 4413 2474 4468 sive
2501 4387 2667 4482 caput
2694 4424 2884 4466 eorum
2922 4407 3156 4478 Cephas,
3190 4405 3241 4461 id
3275 4397 3610 4462 est'PetI'IIS’
3645 4389 3739 4482 δίοξ

2369 4467 2468 4557 dus
2494 4467 2675 4557 vester
2720 4510 2805 4555 est
2850 4467 3062 4554 :servit
3096 4467 3244 4553 enim
3305 4493 3486 4558 vobis;
3523 4483 3621 4543 etsi

2373 4593 2702 4660 necessaria,
2729 4599 2784 4646 et
2812 4591 2860 4646 si
2890 4605 3083 4660 aspera
3114 4586 3373 4660 quaelibet
3398 4581 3466 4640 ad
3494 4575 3732 4636 meritum
3749 4565 3870 4660 justi:

2369 4688 2459 4743 tiae
2496 4643 2702 4742 vestra;
2739 4643 3096 4750 inferat,‘sive
3126 4643 3250 4735 ivita
3281 4687 3463 4735 vestra
3486 4678 3586 4728 est.
3617 4661 3738 4718 Nam
3761 4643 3870 4750 “ille

2369 4778 2513 4834 male
2541 4777 2676 4833 actis
2697 4747 3092 4847 poeniteamini,
3114 4780 3169 4828 et
3189 4779 3313 4842 post
3334 4771 3470 4826 bene
3493 4754 3692 4847 asend‘l
3711 4747 3864 4847 ΡΝἮ

2372 4867 2618 4933 reamini,
2660 4835 2902 4937 praesens
2930 4865 3041 4920 vita
3084 4861 3403 4920 conceditur
3441 4851 3612 4916 vobis.
3649 4843 3744 4898 ³ίῑ⁹⁶

2373 4968 2555 5016 vestra
2607 4925 2708 5014 est.
2762 4955 2906 5012 Utile
2949 4956 3096 5011 enim
3137 4962 3224 5010 est
3273 4943 3523 5022 amplecti
3567 4925 3871 5022 mortem

2375 5049 2618 5113 Christo,
2660 5047 2706 5102 si
2740 5061 2800 5102 se
2826 5046 3140 5117 ingesserit;
3167 5045 3274 5099 sive
3300 5013 3872 5117 ργωεεηεὲαβίυιλξξίίξξτξ

2363 5142 2537 5203 bona,
2581 5140 2664 5194 vel
2720 5105 3114 5193 mala.UVestra
3149 5105 3448 5191 sunt-vere
3499 5127 3611 5181 haec
3633 5105 3870 5203 puellula]:

2375 5247 2498 5288 nam
2556 5231 2732 5284 omnia
2785 5239 2956 5283 vestra
3001 5236 3154 5293 sunt,
3216 5243 3304 5280 vos
3363 5230 3534 5294 autem
3591 5192 3872 5294 εοίυξξδωίῖίξῗ

2372 5321 2575 5378 Christi
2603 5322 2760 5389 estis,
2795 5321 2848 5376 in
2875 5337 2986 5392 quo
3016 5319 3136 5376 solo
3175 5315 3394 5390 gloriari
3427 5285 3873 5413 debetis):

2367 5377 2543 5468 autem
2583 5422 2669 5469 est
2692 5377 2810 5478 Dei,
2837 5377 2946 5466 [ιδῃ
2981 5410 3127 5482 quod
3176 5377 3428 5464 Ehristus
3453 5399 3521 5455 ab
3620 5377 3800 5488 (ξίίῖέῗι

2368 5505 2708 5571 substantia,
2740 5503 2835 5559 sed
2873 5465 3016 5572 quiaj
3043 5516 3142 5572 per
3186 5499 3508 5594 mediantem
3534 5465 3871 5594 (51]ῐίῗῖῗὲΔῖ

2367 5557 3406 5692 etiam;.a_s...;._c.,;h..,__cqpm
3434 5557 3868 5692 gemit;

2368 5687 2817 5782 Barjonatﬁlius
2857 5663 3114 5782 columba:
3167 5685 3385 5782 dicit-un
3433 5663 3847 5782 Οιξίξ-ἷῗῗέἰῖιζ

2371 5745 2570 5839 nomen
2621 5780 2836 5850 Cephas
2889 5778 3118 5834 mutavit
3173 5776 3224 5833 ei
3279 5775 3450 5835 Deus,
3494 5770 3549 5818 et
3572 5745 3758 5808 V003”
