3978 6414
665 405 773 460 “5

1227 401 1284 458 ὃ.
1323 399 1670 456 BRUNONIS
1703 395 2343 456 CARTHUSIANORUM
2385 395 2867 454 lNSTlTUTORlS
2903 398 3052 454 OPP.
3094 397 3274 455 PARS
3307 400 3371 454 ll.
3767 405 3837 460 ill

655 518 736 574 Ne
767 517 1026 574 inﬂeinini
1051 519 1435 588 dico,agentes
1459 516 1606 587 quod
1630 529 1814 584 supra.
1853 513 2129 583 Scriptum
2155 519 2242 566 est
2266 516 2314 574 Α
2342 512 2624 570 novissimi
2649 529 2871 569 sumus:
2899 529 3024 568 nam
3039 515 3294 570 destinati
3321 515 3516 582 morti;
3541 529 3656 569 nam
3676 527 3838 585 specta-

659 614 944 684 superius,
985 621 1046 668 ut
1069 628 1162 682 qui
1199 611 1480 682 gloriatur,
1513 623 1621 664 non
1665 607 1720 661 in
1748 606 1942 661 merito
1975 604 2234 670 hominis,

659 707 756 762 sed
777 707 833 760 in
860 705 1091 759 Dunino
1117 704 1405 775 glorietur;
1433 715 1542 756 non
1563 699 1726 756 debes
1768 699 1948 753 inﬂari
1977 699 2238 753 adversus

659 800 938 854 alterum:
992 797 1118 867 quis
1163 795 1310 851 enim
1355 803 1440 850 est
1483 795 1576 863 qui
1607 801 1660 846 te
1697 791 1962 847 discernit
2007 791 2078 845 ab
2108 789 2236 856 alio,

659 892 842 946 sciens
867 891 1062 946 merita
1101 887 1480 959 singulorum?
1529 885 1741 940 Stultus
1773 886 1962 954 utique
1991 892 2095 949 est,
2145 883 2240 953 qui

659 993 712 1038 te
735 985 1044 1038 discernere
1085 979 1381 1051 praesumit.
1420 977 1622 1034 lterum
1675 992 1788 1040 non
1827 976 1994 1031 debes
2024 974 2236 1040 inﬂari;

657 1076 788 1146 quia
829 1075 958 1145 quid
997 1073 1154 1126 habes
1186 1081 1238 1126 tu
1270 1071 1338 1126 ab
1386 1071 1479 1126 illo
1505 1071 1732 1126 doctore
1757 1074 1824 1124 de
1850 1083 1962 1138 quo
1990 1067 2240 1138 gloriaris

659 1164 798 1236 quod
835 1179 940 1216 non
979 1162 1226 1231 accepisti
1275 1177 1306 1214 a
1341 1161 1468 1214 me?
1515 1159 1689 1231 Magis
1719 1159 1906 1229 utique
1939 1173 1972 1213 a
2021 1173 2110 1212 me
2144 1171 2238 1212 ac-

655 1257 870 1327 cepisti,
901 1255 1028 1325 quia
1057 1253 1241 1318 ﬁdem,
1271 1269 1438 1322 quam
1472 1253 1542 1306 ab
1575 1252 1690 1306 illo.
1715 1249 1914 1306 lterum
1936 1265 2046 1304 non
2073 1249 2240 1305 debes

658 1349 866 1414 inﬂari;
897 1347 1030 1417 quia
1053 1346 1100 1399 si
1121 1345 1374 1414 accepisti
1399 1359 1429 1398 a
1465 1359 1574 1406 me,
1609 1343 1736 1413 quid
1759 1342 1824 1398 de
1848 1341 1955 1396 alio
1987 1341 2239 1412 gloriaris

655 1441 810 1511 quasi
839 1455 944 1494 non
975 1437 1238 1508 acceperis
1262 1451 1291 1490 a
1317 1451 1404 1490 me
1433 1434 1580 1505 quod
1607 1433 1828 1489 abillo?
1857 1433 2032 1504 magis
2053 1432 2240 1502 utique

655 1550 684 1588 a
721 1549 832 1588 me.
879 1531 978 1586 Vel
1012 1530 1168 1585 aliter
1199 1548 1212 1582 :
1243 1525 1362 1582 Noli
1395 1527 1594 1592 inﬂari,
1621 1526 1750 1597 quia
1793 1525 1918 1596 quis
1951 1532 2036 1580 est
2067 1525 2160 1594 qui
2189 1532 2240 1578 te

655 1624 926 1680 discernit
951 1639 982 1677 a
1013 1635 1196 1676 massa
1225 1620 1563 1690 perditorum
1593 1619 1650 1672 in
1691 1617 1884 1684 Adam,
1917 1626 1977 1672 ut
2001 1615 2164 1671 faciat
2189 1623 2240 1670 te

658 1731 757 1772 vas
797 1717 854 1770 in
907 1715 1172 1769 honorem
1211 1711 1318 1767 nisi
1376 1711 1522 1766 Deus
1567 1710 1756 1766 solus?
1809 1708 1980 1764 Nemo
2027 1709 2238 1777 utique,

659 1809 860 1864 iterum
899 1823 966 1862 ne
995 1805 1236 1872 inﬂeris;
1269 1805 1398 1876 quia
1425 1805 1556 1875 quid
1597 1803 1765 1859 habes
1807 1811 1865 1858 tu
1887 1803 2018 1858 boni
2043 1802 2113 1857 ab
2141 1801 2240 1856 ali-

657 1913 792 1970 quo,
829 1899 976 1968 quod
1023 1913 1131 1952 non
1169 1897 1426 1967 accepisti
1469 1913 1500 1952 a
1543 1895 1686 1951 Deo?
1732 1895 1874 1951 Deus
1913 1895 2082 1949 totius
2113 1894 2240 1948 boni

657 2001 742 2046 est
773 1990 1018 2060 largitor.
1071 1988 1272 2044 lterum
1317 2003 1424 2044 non
1461 1989 1626 2044 debes
1669 1987 1877 2052 inﬂari;
1921 1987 2052 2057 quia
2093 1985 2138 2040 si
2185 1995 2240 2041 tu

653 2083 916 2153 accepisti
953 2081 1162 2152 aliquid
1189 2097 1222 2136 a
1255 2079 1384 2147 Deo,
1433 2081 1566 2151 quid
1605 2079 1857 2151 gloriaris
1879 2079 2025 2145 inde,
2069 2078 2243 2134 ascri-

657 2173 794 2227 bens
831 2173 936 2226 hoc
963 2170 1160 2226 merito
1185 2171 1444 2236 hominis,
1475 2170 1634 2240 quasi
1659 2185 1770 2225 non
1811 2168 2087 2239 acceperis
2109 2168 2242 2223 illud

657 2279 690 2318 a
719 2263 868 2318 Deo?
895 2263 1029 2318 Dico
1055 2279 1124 2318 ne
1145 2261 1480 2334 gloriemini,
1511 2263 1609 2318 sed
1631 2263 1774 2318 male
1801 2262 1958 2328 dico;
1991 2261 2119 2332 quia
2143 2277 2244 2318 vos

659 2355 856 2410 merito
879 2355 1090 2410 debetis
1111 2355 1334 2426 gloriari
1369 2373 1382 2409 :
1420 2354 1540 2424 jam
1565 2355 1713 2410 enim
1742 2355 1872 2408 estis
1906 2357 2160 2423 saturati,
2191 2355 2242 2410 id

657 2453 744 2500 est
765 2445 900 2500 satis
931 2445 1145 2500 habetis
1171 2445 1317 2500 bona
1345 2445 1402 2499 in
1427 2445 1584 2500 vobis
1605 2463 1620 2511 ;
1633 2445 1752 2514 jam
1773 2445 1940 2500 etiam
1963 2446 2095 2515 facti
2114 2448 2242 2500 estis

659 2537 876 2602 diuites,
941 2537 1206 2592 habentes
1256 2537 1404 2608 quod
1459 2535 1716 2593 dividatis
1765 2537 2025 2609 singulis;
2080 2539 2242 2593 etiam

659 2629 914 2700 regnatis,
973 2628 1026 2684 id
1075 2637 1160 2684 est
1187 2643 1287 2684 vos
1329 2628 1480 2698 ipsos
1510 2629 1648 2685 bene
1671 2630 1857 2700 regitis
1893 2630 2012 2686 sine
2059 2630 2238 2686 nobis.

659 2718 788 2776 Haec
820 2721 1004 2775 omnia
1035 2720 1260 2786 ironice,
1299 2721 1394 2776 sed
1419 2715 1616 2776 amodo
1641 2722 1808 2777 serio.
1847 2721 2098 2792 Regnatis
2119 2723 2242 2778 dico

657 2813 732 2884 (et
757 2812 966 2866 utinam
992 2812 1046 2866 in
1075 2811 1302 2866 veritate
1323 2811 1591 2882 regnetis).
1641 2809 1757 2867 Hoc
1777 2811 1925 2868 enim
1963 2825 2239 2882 cuperem,

658 2911 722 2958 ut
744 2903 1010 2976 regimine
1053 2913 1248 2958 nostro
1277 2919 1388 2958 non
1421 2903 1772 2974 indigeretis;
1815 2903 1888 2958 ita
1915 2903 2154 2974 regnetis
2181 2914 2240 2957 ut

655 3005 706 3051 et
737 3013 832 3050 nos
867 3011 1138 3067 regnemus
1169 2995 1455 3062 vobiscum,
1513 2995 1566 3050 id
1608 3004 1693 3050 est
1743 3005 1804 3050 ut
1855 3009 1954 3051 vos
1989 2996 2044 3049 in
2073 3009 2242 3067 regno

653 3088 754 3144 illo
785 3087 1050 3159 dignitate
1085 3087 1210 3142 vitae
1256 3101 1358 3142 nos
1390 3087 1788 3158 praecederetis.
1839 3087 2052 3142 Mallem
2095 3096 2240 3142 certe

2341 606 2524 660 culum
2550 606 2773 661 mundo.
2819 605 2885 661 Et
2913 615 3106 662 cetera
3131 607 3384 662 similiter
3419 615 3752 678 exportantur,
3777 613 3840 665 sed

2339 699 2564 754 ironice.
2600 697 2710 756 Nos
2739 699 2910 767 stulti,
2940 715 3039 756 vos
3079 699 3404 769 prudentes;
3435 717 3534 755 vos
3565 699 3735 767 fortes,
3773 718 3842 757 uos

2338 791 2571 858 debiles;
2619 792 2710 846 hic
2758 791 2948 847 eadem
2995 791 3190 846 ironia.
3241 790 3356 846 Nec
3407 792 3577 847 solum
3619 793 3842 861 [immissa

2339 883 2480 938 mala
2503 884 2759 954 patimur,
2787 885 2882 940 sed
2903 901 2934 939 a
2964 885 3232 955 principio
3265 885 3654 954 pradicationis
3692 895 3844 940 nostra

2339 993 2502 1046 usque
2522 977 2578 1030 in
2605 977 2738 1030 hanc
2769 977 2973 1042 horam,
2999 986 3048 1030 et
3075 977 3336 1042 esurimus
3358 985 3408 1031 et
3435 978 3669 1040 sitimus;
3693 987 3735 1030 et
3753 979 3842 1030 nudi

2338 1084 2542 1134 sumus,
2571 1077 2621 1122 et
2647 1067 2880 1137 colaphis
2915 1067 3190 1134 credimur,
3225 1077 3278 1122 et
3313 1067 3582 1122 instabiles
3613 1085 3784 1134 sumus,
3801 1069 3845 1122 de

2338 1160 2460 1214 loco
2490 1159 2555 1214 ad
2577 1159 2757 1214 locum
2785 1158 2983 1230 fugati;
3017 1168 3070 1212 et
3105 1157 3410 1214 laboramus
3437 1168 3690 1228 operantes
3715 1159 3842 1212 mani-

2339 1251 2434 1305 bus
2479 1251 2696 1318 nostris,
2738 1251 2880 1306 unde
2921 1251 3126 1306 victum
3169 1251 3494 1306 habeamus.
3541 1249 3846 1304 Maledicimsr

2339 1344 2408 1398 ab
2441 1343 2642 1414 impiis,
2667 1351 2718 1396 et
2746 1358 2848 1398 nos
2865 1343 3216 1396 benedicimus
3237 1342 3382 1398 illos.
3400 1341 3643 1396 Patimur
3663 1358 3844 1411 perseca-

2341 1437 2553 1502 tionem,
2583 1436 2741 1507 ιοο
2757 1446 2806 1490 et
2819 1437 3134 1492 sustinemus
3161 1436 3434 1491 alacriter.
3458 1435 3842 1506 Blasphemamur,

2337 1539 2387 1583 et
2409 1511 2739 1583 obsecramus
2763 1528 2978 1608 impios,
3007 1543 3075 1582 ne
3095 1527 3495 1597 blasphement,
3523 1527 3602 1582 vel
3627 1525 3784 1591 Deum,
3807 1537 3844 1580 ut

2339 1620 2588 1692 ignoscat
2621 1620 3144 1690 blasphemantibus.
3177 1617 3245 1672 Et
3273 1619 3410 1674 adeo
3453 1620 3673 1674 saeviunt
3690 1618 3736 1671 in
3761 1631 3842 1680 nos,

2339 1711 2478 1782 quod
2505 1712 2636 1782 facti
2657 1727 2840 1765 sumus
2877 1719 3127 1782 tanquam
3151 1719 3502 1782 purgamenta
3522 1708 3666 1778 hujus
3695 1709 3839 1761 mundi.

2343 1803 2568 1860 Videtur
2587 1803 2734 1858 enim
2764 1803 2872 1858 illis
2893 1803 3038 1874 quod
3063 1804 3304 1858 mundus
3327 1803 3394 1858 de
3435 1802 3588 1857 nobis
3617 1801 3840 1872 polluatur,

2341 1903 2397 1948 et
2423 1909 2545 1964 per.
2565 1893 2844 1949 interitum
2895 1903 3144 1948 nostrum
3194 1903 3479 1965 purgetur.
3527 1892 3668 1948 Facti
3707 1905 3840 1946 sumus

2343 1987 2534 2056 utique
2560 1986 2872 2056 peripsema,
2905 1985 2958 2040 id
2987 1994 3071 2040 est
3091 1986 3345 2056 purgatio
3371 1986 3627 2048 omnium;
3645 1982 3747 2054 quia
3765 1981 3838 2050 jam

2342 2093 2534 2134 omnes
2567 2086 2928 2148 purgarentur
2957 2076 3004 2132 si
3035 2092 3146 2132 non
3195 2093 3466 2144 essemus,
3517 2076 3606 2132 sed
3641 2075 3698 2130 de
3731 2073 3840 2128 nobis

2343 2169 2682 2239 polluuntur.
2716 2168 3032 2239 Peripsema
3078 2168 3286 2224 dicitur
3319 2175 3702 2240 purgamentum
3725 2165 3835 2235 poni.

2343 2260 2430 2315 vel
2465 2275 2654 2330 spuma
2693 2259 2822 2329 ferri
2851 2258 3153 2314 secundum
3179 2258 3573 2325 Ambrosium;
3614 2255 3724 2312 tales
3749 2253 3831 2308 lacti

2293 2401 2296 2404 .
2343 2367 2538 2408 sumus
2559 2366 2591 2405 a
2613 2350 2884 2421 principio
2907 2350 3098 2405 mundi
3135 2366 3303 2421 usque
3330 2351 3520 2404 adhuc.

2413 2442 2555 2510 Quia
2589 2455 2780 2512 aspere
2809 2441 3026 2496 locutus
3058 2439 3238 2496 fuerat
3273 2441 3592 2506 Corinthiis,
3621 2435 3758 2506 incipit
3771 2433 3822 2486 eis

2343 2538 2540 2592 iterum
2579 2533 2836 2598 blandiri,
2863 2531 3052 2588 dicens
3077 2549 3092 2587 :
3133 2531 3290 2588 Licet
3321 2532 3526 2588 ironice
3557 2527 3746 2584 dixerim
3765 2537 3828 2574 tos

2341 2626 2659 2697 prudentes,
2695 2621 2864 2677 fortes
2909 2630 2962 2676 et
2993 2621 3224 2688 nobiles,
3277 2633 3458 2678 tamen
3484 2635 3582 2674 non
3609 2616 3746 2672 scribo
3763 2613 3832 2664 lurt

2342 2727 2402 2773 ut
2426 2717 2748 2789 confundam
2777 2735 2885 2786 vos,
2915 2727 2970 2774 et
3001 2717 3334 2772 erubescere
3361 2713 3582 2778 faciam;
3609 2709 3687 2764 sed
3712 2717 3832 2759 πωπω

2341 2827 2450 2877 uos,
2481 2827 2628 2866 nunc
2663 2811 2876 2877 blande,
2903 2825 3049 2866 nunc
3073 2823 3290 2879 aspere,
3319 2816 3376 2860 ut
3406 2821 3552 2860 meos
3583 2797 3834 2856 charissima

2337 2903 2504 2972 ﬁlios.
2570 2901 2710 2956 Vere
2764 2902 2942 2972 ﬁlios,
2989 2916 3114 2954 nam
3134 2900 3181 2953 si
3230 2899 3472 2953 habeatis
3517 2896 3675 2948 decem
3717 2885 3834 2940 millia

2342 2981 2772 3066 ptudagogoi'um,
2821 2995 2874 3049 id
2915 3002 3001 3050 est
3026 2991 3422 3064 magistrorum
3468 2987 3638 3058 (etiam
3667 2978 3835 3036 fidelium

2343 3089 2402 3142 in
2428 3085 2684 3158 Christo),
2706 3098 2880 3142 tamen
2909 3101 3013 3140 non
3041 3083 3257 3140 habetis
3288 3081 3480 3137 multos
3499 3087 3676 3150 patres,
3699 3083 3832 3128 St't‘llll-

655 3193 756 3234 vos
784 3177 997 3248 praeire,
1039 3187 1092 3233 ct
1135 3176 1222 3232 me
1249 3177 1428 3248 sequi,
1469 3192 1638 3248 quam
1667 3193 1966 3245 converso;
2015 3179 2143 3248 quia
2172 3178 2240 3234 de
2267 3203 2313 3265 ρ
2345 3180 2475 3235 dum
2519 3180 2679 3234 tidem
2705 3195 2718 3231 :
2747 3193 2876 3235 vere
2905 3195 3014 3234 non
3053 3177 3278 3244 multos,
3307 3190 3434 3231 nam
3471 3187 3554 3228 me
3577 3169 3742 3226 solum.
3765 3159 3834 3265 ξθο

655 3284 746 3324 me
768 3268 968 3324 certior
997 3283 1120 3324 sum
1149 3283 1315 3339 quam
1338 3269 1406 3324 de
1425 3269 1600 3326 vobis.
1626 3269 1828 3324 lterum
1855 3270 2097 3326 ironice:
2131 3269 2242 3326 Vos
2274 3255 2313 3265 “
2338 3277 2483 3332 enim
2533 3277 2686 3348 genui
2743 3292 2830 3330 vos
2867 3275 2922 3328 in
2967 3273 3178 3329 Christo
3227 3270 3396 3337 Iesu,
3445 3285 3532 3340 per
3577 3255 3834 3348 Ευαηθεξπη

657 3358 848 3428 utique
889 3358 1158 3428 regnatis,
1201 3373 1302 3414 nos
1331 3358 1584 3426 minime;
1629 3359 1758 3429 quia
1805 3369 1931 3430 puto
1961 3359 2100 3430 quod
2145 3377 2246 3416 vos

656 3446 912 3516 equidem
948 3446 1191 3516 putatis:
1237 3447 1344 3502 hoc
1383 3447 1594 3502 scilicet
1633 3449 1780 3518 quod
1825 3449 1967 3503 Deus
2015 3453 2242 3506 ostendit

659 3553 754 3592 nos
781 3527 1112 3604 novissimos,
1135 3537 1189 3592 id
1215 3547 1298 3594 est
1326 3537 1626 3594 deteriores
1653 3549 1708 3594 et
1737 3541 2244 3614 nullius-dignitatis

661 3630 960 3701 apostolos.
1001 3628 1114 3686 Nos
1137 3629 1262 3685 dico
1285 3639 1540 3701 tanquam
1559 3631 1854 3686 destinatos
1873 3634 2054 3700 morti,
2079 3634 2134 3689 id
2160 3643 2244 3690 est

659 3721 790 3792 quia
815 3721 952 3778 adeo
977 3721 1273 3792 aﬂligimur
1295 3735 1397 3792 pro
1425 3722 1666 3792 Christo,
1701 3733 1762 3780 ut
1787 3725 2138 3782 solummodo
2174 3727 2243 3782 ad

660 3821 896 3868 mortem
917 3814 1034 3870 nati
1069 3813 1354 3870 videamur
1382 3833 1396 3868 :
1443 3825 1728 3886 propterea
1755 3819 1912 3873 vobis
1937 3817 1994 3872 in
2036 3819 2243 3874 mundo

663 3902 1000 3974 ﬂorentibus,
1059 3907 1394 3977 contemptui
1445 3923 1659 3964 sumus.
1719 3907 1846 3966 ldeo
1892 3911 2058 3966 etiam
2113 3911 2244 3982 quia

659 3997 1015 4066 spectaculum
1042 3997 1176 4068 facti
1215 4015 1400 4053 sumus
1441 3999 1571 4056 huic
1617 4003 1849 4056 mundo:
1913 4004 2245 4060 conveniunt

654 4087 802 4150 enim
823 4103 1015 4148 omnes
1041 4090 1109 4146 ad
1139 4093 1550 4162 oppressionem
1575 4096 1782 4160 nostri,
1803 4103 1858 4150 et
1881 4095 2026 4149 mala
2053 4101 2242 4150 nostra

656 4179 822 4236 ludus
837 4189 924 4237 est
950 4195 1163 4236 eor-um.
1199 4181 1339 4238 Huic
1369 4184 1566 4238 mundo
1595 4185 1718 4242 dico
1747 4205 1760 4240 :
1809 4201 1936 4241 nam
1965 4195 2016 4240 et
2044 4185 2243 4256 angelis

659 4273 844 4340 malis,
883 4274 982 4345 qui
1022 4276 1262 4347 gaudent
1307 4277 1377 4333 de
1407 4277 1698 4335 alllictione
1724 4281 1919 4346 nostri,
1965 4290 2016 4334 et
2070 4281 2243 4334 homi-

659 4363 835 4416 nibus.
893 4361 962 4416 Et
1015 4363 1136 4418 ideo
1189 4379 1292 4420 nos
1349 4375 1670 4436 reputamur
1717 4368 1902 4434 stulti;
1964 4368 2057 4423 sed
2103 4369 2244 4424 hanc

657 4455 946 4511 stultitiam
969 4456 1176 4510 bonum
1194 4465 1341 4512 esset
1355 4459 1584 4526 imitari;
1607 4461 1735 4530 quia
1746 4470 1958 4531 propter
1974 4461 2246 4516 Christum

2333 3735 2509 3788 simus
2537 3741 2587 3787 et
2609 3731 2782 3803 ﬁdelis
2807 3733 2862 3785 in
2895 3730 3142 3796 Domino,
3173 3739 3230 3782 et
3257 3729 3390 3783 huic
3416 3717 3712 3795 acquiescit?-

2343 3343 2552 3422 meum:
2569 3365 2636 3422 Et
2663 3366 2884 3436 quando
2909 3364 3127 3436 quidem
3157 3377 3260 3434 ego
3307 3371 3476 3432 pater,
3507 3370 3596 3412 vos
3623 3350 3718 3443 ﬁlii.
3743 3343 3831 3443 Erl"

2345 3475 2470 3531 rogo
2493 3473 2602 3526 vos,
2627 3458 2841 3528 fratres,
2863 3465 3026 3510 estote
3060 3455 3162 3508 mei
3184 3453 3499 3515 imitatores,
3523 3457 3578 3502 ut
3602 3441 3682 3498 ﬁlii
3703 3441 3828 3531 pallii-

2347 3525 2474 3605 ideo
2500 3525 2646 3606 enim
2699 3549 2830 3620 quia
2861 3547 2957 3602 lilii
3004 3547 3160 3613 estis,
3207 3553 3265 3599 et
3313 3553 3372 3600 ut
3413 3542 3682 3598 imitatores
3715 3525 3834 3624 sitis:

2343 3643 2466 3695 misi
2493 3641 2561 3694 ad
2603 3657 2690 3694 vos
2723 3639 3084 3703 Timotheum,
3126 3637 3216 3708 qui
3253 3647 3336 3690 est
3369 3635 3513 3706 ﬁlius
3547 3641 3668 3682 meus
3687 3621 3837 3712 charis:

2347 3735 2509 3756 4...---
2545 3741 2587 3756 ,ι
2617 3731 2782 3756 ‘34-“-
2809 3733 2862 3756 ι..
2903 3730 3122 3756 n-_.:....
3175 3739 3224 3756 η»
3257 3729 3390 3756 L..:-
3417 3707 3712 3756 ..λη-υἷοιυιῖιρ-
3741 3705 3829 3756 Μίεε

3741 3719 3829 3758 MlS!

2343 3825 2468 3881 ideo
2495 3834 2556 3880 ut
2577 3825 2649 3878 sit
2671 3825 2762 3895 qui
2787 3839 2875 3877 uos
2903 3821 3348 3890 commonefaciat
3369 3820 3482 3873 vias
3515 3825 3648 3872 nicas,
3665 3809 3712 3856 ut
3727 3797 3836 3895 sicut

2339 3933 2464 3989 ego,
2489 3917 2572 3972 sic
2599 3924 2654 3971 et
2679 3931 2796 3982 vos,
2821 3915 2876 3968 in
2899 3912 3050 3968 omni
3068 3911 3280 3982 justitia
3315 3907 3623 3965 ambuletis:
3659 3905 3746 3966 qua
3763 3897 3840 3990 viae

2343 4019 2468 4066 sunt
2489 4009 2825 4076 insistendaa,
2853 4009 2981 4079 quia
3015 4015 3146 4062 sunt
3163 4009 3220 4060 in
3245 4006 3461 4062 Christo
3489 4001 3624 4060 Iesu,
3649 3999 3692 4047 et
3709 3993 3840 4041 omnis

2341 4103 2584 4160 Ecclesia
2639 4101 2888 4172 sequitur
2941 4115 3056 4155 eas.
3112 4097 3272 4165 Quod
3323 4100 3396 4154 ita
3453 4096 3561 4151 ait:
3601 4083 3839 4180 Sicut'f‘go

2343 4197 2513 4252 doceo
2541 4194 2765 4264 ubique,
2791 4207 2892 4248 nec
2915 4191 3117 4262 passim
3151 4191 3206 4245 in
3232 4191 3401 4261 agris,
3443 4185 3533 4243 sed
3557 4183 3606 4236 in
3628 4163 3839 4264 omni

2343 4289 2528 4344 clesia.
2597 4255 2698 4342 Per
2747 4255 3306 4340 hunc-Timotheum
3366 4255 3560 4338 dicitur
3617 4255 3840 4336 Aposwl"s

2343 4380 2562 4436 misisse
2583 4381 2724 4434 hanc
2751 4377 3048 4448 Epistolam
3071 4375 3378 4430 Corinthiis
3408 4392 3420 4427 :
3458 4372 3658 4448 locutus
3678 4361 3746 4448 c§l

2343 4465 2532 4536 perius
2558 4463 2626 4519 de
2646 4439 3077 4534 hami-latoribus
3106 4459 3235 4524 illis,
3282 4467 3338 4513 et
3378 4455 3507 4512 satis
3531 4439 3841 4536 ρι-οιιεινίιξιοξι

657 4565 752 4606 nos
807 4547 980 4614 stulti,
1024 4565 1112 4602 vos
1161 4559 1338 4604 autem
1379 4523 1659 4620 prudentes
1708 4523 1764 4606 in
1800 4523 2056 4608 Christo:
2095 4553 2241 4623 quod
2273 4567 2320 4625 υ
2343 4523 2516 4610 unum
2542 4523 2936 4626 praeferendum
2977 4565 3098 4607 esse
3127 4523 3304 4604 alteri.
3345 4547 3605 4603 Causatus
3633 4541 3705 4626 est
3728 4523 3840 4626 etiam

657 4631 846 4710 utique
877 4655 977 4695 nec
1006 4640 1159 4708 estis,
1207 4657 1308 4696 nec
1347 4657 1470 4698 esse
1499 4643 1728 4700 debetis.
1783 4643 1896 4699 Nos
1937 4646 2140 4716 inﬁrmi
2188 4655 2243 4698 et

656 4731 957 4787 imbecilles
991 4732 1216 4800 mundo,
1269 4749 1357 4788 uos
1388 4743 1566 4788 autem
1615 4736 1776 4805 fortes
1821 4749 1870 4790 et
1905 4737 1973 4792 de
2000 4737 2239 4807 potentia

655 4823 846 4878 mundi
867 4823 1186 4894 gloriantes.
1235 4824 1335 4880 Vos
1365 4825 1584 4892 nobiles,
1627 4845 1718 4882 nos
1757 4839 1934 4883 autem
1961 4828 2236 4899 ignobiles.

657 4909 756 4966 Vel
820 4913 998 4980 aliter,
1058 4928 1115 4970 ut
1169 4917 1290 4972 sine
1345 4915 1521 4972 ironia
1585 4919 1842 4990 legatur:
1877 4917 2082 4974 Vellem
2138 4933 2240 4973 nos

657 5015 888 5072 regnare
919 5006 1224 5064 vobiscum.
1269 5007 1406 5065 Nam
1459 5020 1642 5067 certus
1679 5027 1804 5067 sum
1857 5012 2004 5081 quod
2051 5025 2238 5067 revera

655 5095 1007 5164 regnabimus
1031 5115 1044 5152 :
1081 5109 1212 5168 puto
1237 5101 1407 5168 enim,
1432 5112 1486 5158 et
1515 5105 1618 5160 hoc
1643 5105 1834 5176 utique
1859 5103 2076 5160 confido
2093 5103 2240 5174 quod

660 5182 806 5240 Deus
825 5187 1064 5242 ostendit
1095 5205 1196 5245 nos
1219 5193 1548 5250 novissimos
1571 5197 1872 5266 apostolos,
1897 5195 1949 5252 id
1971 5204 2056 5252 est
2082 5195 2238 5251 simi-

660 5275 740 5330 les
781 5276 1117 5362 novissimis,
1170 5282 1224 5337 id
1271 5293 1358 5338 est
1405 5283 1592 5342 Enoch
1631 5295 1688 5343 et
1727 5287 1884 5355 Elim;
1925 5288 2054 5359 quia
2091 5295 2239 5342 tanta

657 5366 898 5437 patimur
947 5369 1110 5426 modo
1165 5372 1222 5426 in
1269 5375 1539 5447 principio
1586 5377 1866 5446 Ecclesiae,
1917 5387 2122 5450 quanta
2161 5379 2238 5434 illi

657 5459 874 5528 passuri
899 5469 1030 5516 sunt
1049 5463 1119 5518 ab
1139 5463 1480 5522 Antichristo
1513 5469 1570 5524 in
1591 5469 1718 5526 line.
1749 5469 1902 5528 Unde
1923 5472 2067 5528 idem
2091 5471 2236 5527 Pau-

584 5605 590 5616 ,
657 5551 746 5608 lus
773 5551 852 5608 ait
879 5571 893 5606 :
917 5573 936 5604 ι
960 5550 1071 5609 Nos
1093 5571 1288 5613 sumus
1311 5558 1364 5612 in
1389 5575 1534 5629 quos
1557 5563 1694 5619 lines
1720 5565 2048 5622 saeculorum
2078 5566 2240 5622 deve-

659 5653 860 5699 nerunt
887 5644 940 5716 (I
963 5643 1088 5702 Cor.
1109 5663 1166 5714 ιε..
1191 5649 1302 5720 Η).
1329 5669 1347 5702 ι
1365 5649 1547 5717 Quare
1573 5655 1738 5710 etiam
1771 5655 1914 5712 Nero
1949 5658 2130 5715 dictus
2156 5667 2241 5714 est

657 5734 1055 5806 Antichristus,
1107 5740 1238 5810 quia
1288 5743 1752 5814 quemadmodum
1801 5748 1902 5804 iste
1955 5748 2140 5806 Enoch
2188 5761 2242 5805 ct

659 5823 854 5896 Etiam,
885 5831 964 5886 sic
1002 5831 1091 5888 ille
1125 5831 1347 5890 Petrum
1392 5844 1448 5892 et
1494 5834 1726 5893 Paulum
1757 5837 2047 5898 interfecit.
2103 5838 2240 5894 Vere

2347 4645 2470 4701 illos
2493 4615 2561 4700 de
2594 4643 2868 4699 mundana
2890 4641 3176 4712 sapientia,
3207 4640 3354 4709 quod
3385 4633 3559 4691 nimia:
3578 4622 3731 4683 laudis
3745 4615 3843 4712 esstl

2347 4737 2489 4807 apud
2517 4737 2658 4803 illos,
2681 4737 2822 4792 etde
2851 4743 3166 4804 contemptu
3191 4747 3323 4798 suo;
3351 4743 3494 4786 nunc
3520 4731 3686 4778 autem
3703 4705 3840 4807 transl!

2345 4803 2412 4884 ad
2471 4827 2601 4883 illud
2627 4871 2642 4894 ,
2687 4827 2754 4884 de
2799 4803 3132 4882 fornicatore
3177 4825 3446 4897 quodam,
3493 4815 3581 4888 qui
3623 4803 3836 4865 nove":am

2345 4939 2502 4978 suam
2547 4924 2778 4978 duxerat
2820 4937 3086 4976 uxorem:
3123 4937 3287 4993 quem
3334 4916 3438 4990 ipsi
3470 4926 3566 4967 nec
3602 4921 3630 4959 a

2347 5017 2510 5072 nionc
2549 5014 2806 5071 Ecclesiae
2855 4987 3224 5084 sejunxerant,
3257 4987 3448 5068 nee—de
3471 5005 3675 5075 peccato
3711 4987 3844 5041 [ruris

2345 5107 2758 5173 condoluerant,
2781 5105 2878 5162 sed
2903 5083 3086 5176 potius
3117 5105 3442 5160 inﬂabantur
3477 5093 3593 5150 inde
3619 5083 3844 5183 dicen-itii

2345 5198 2498 5266 Quod
2531 5199 2578 5254 si
2609 5215 2638 5252 a
2681 5199 2828 5253 bono
2853 5173 3162 5268 baptizatus
3185 5205 3352 5262 esset,
3385 5193 3650 5256 nunquam
3689 5173 3733 5225 in

2345 5261 2455 5348 tam
2493 5291 2697 5362 peccati
2743 5261 2956 5346 foveam
3001 5299 3204 5356 rueret,
3247 5273 3680 5360 quemadmodllm

2347 5385 2520 5452 rebat,
2551 5385 2606 5440 in
2636 5383 2838 5455 quibus
2867 5401 2936 5439 ne
2969 5383 3220 5438 similiter
3247 5380 3544 5453 peccarent,
3578 5351 3845 5480 ορὲιῖιιᾚ

2337 5447 2552 5548 iustitia
2581 5447 2957 5546 baptizatoris.
2991 5474 3198 5531 Littera
3233 5447 3312 5530 sic
3329 5447 3846 5570 jungitur

2343 5533 2526 5624 licitus
2553 5567 2622 5622 de
2647 5567 2804 5622 vobis
2829 5577 2890 5621 ut
2919 5573 3074 5638 pater
3110 5565 3178 5621 de
3211 5565 3355 5630 ﬁliis,
3391 5543 3644 5666 mil-mna:

2343 5659 2658 5726 motheum;
2701 5657 2796 5714 sed
2821 5625 3038 5728 quidam
3061 5657 3126 5710 de
3151 5657 3298 5710 vobis
3341 5656 3458 5706 sunt
3482 5625 3822 5748 inﬂatii‘ﬁgtlﬁz

2345 5762 2490 5808 tasse
2529 5759 2749 5822 propter
2801 5751 3115 5821 superbiam
3153 5764 3317 5804 suam
3359 5755 3464 5797 non
3490 5743 3604 5790 cum

2345 5843 2468 5896 ideo
2510 5803 2575 5898 dre
2613 5803 2986 5912 sruperbialhic
3017 5842 3331 5914 tangiteos,
3363 5841 3421 5890 ut
3459 5831 3508 5883 iu
3535 5810 3668 5876 omni
3699 5803 3838 5857 ll“““'
