3978 6422
122 455 220 508 HS

759 451 1126 508 EXPOSITIO
1162 451 1229 506 lN
1269 449 1650 506 EPIS'I‘OLAS
1685 449 1913 505 PAULI.
1954 480 2023 489 —
2060 447 2127 503 ΙΝ
2165 447 2382 508 EPIST.
2425 448 2446 502 1
2485 448 2576 503 AD
2615 446 2774 504 COR.

3260 449 3369 504 146

119 572 265 624 litate
307 567 559 621 inveniat
584 581 679 622 eos
701 567 950 624 obedisse
981 565 1286 621 Timotheo.
1311 555 1488 620 lnilati
1512 555 1701 634 utique
1726 582 1775 626 Α
1809 582 1828 615 ι
1864 562 2023 618 idolis
2051 562 2314 629 serviens,
2347 571 2440 617 aut
2472 563 2792 628 maledicus,
2823 571 2914 618 aut
2961 561 3232 628 ebriosus,
3279 575 3376 618 aut

117 661 244 715 estis
267 679 280 712 :
312 659 404 713 sic
433 667 685 729 tanquam
708 673 810 730 ego
836 674 940 712 non
968 659 1070 712 sim
1095 667 1342 713 venturus
1363 657 1433 712 ad
1462 673 1571 724 vos,
1594 671 1698 712 nec

121 751 412 806 adventum
457 764 639 803 meum
684 749 1028 815 reveremini,
1077 763 1239 819 quem
1282 749 1468 819 utique
1519 748 1696 803 vereri

121 857 212 897 vos
233 849 478 911 oportet,
496 840 603 896 nisi
623 854 722 895 vos
739 840 886 910 ipsos
911 840 1276 896 correxeritis.
1307 839 1564 896 Fortasse
1585 855 1697 895 cre-

129 934 244 990 ditis
290 947 387 988 me
427 948 541 986 non
579 940 891 999 venturum,
937 932 1067 1003 quia
1105 933 1269 987 modo
1318 932 1476 987 mitto
1512 931 1699 986 Timo-

138 1026 332 1088 theutn;
372 1021 476 1078 sed
501 1022 694 1077 scitote
722 1023 850 1092 quia
899 1021 1004 1076 cito
1050 1024 1255 1078 veniam
1283 1022 1352 1075 ad
1377 1037 1507 1076 vos:
1551 1022 1699 1092 quod

135 1126 292 1170 tamen
324 1114 480 1185 juris
508 1128 617 1168 non
639 1123 744 1178 est,
769 1123 825 1169 et
847 1114 967 1169 ideo
993 1114 1317 1181 determino,
1348 1115 1396 1168 si
1440 1113 1698 1168 Dominus

127 1207 356 1273 soluerit,
377 1206 542 1275 cujus
571 1206 834 1262 voluntati
863 1207 1136 1263 contraire
1165 1221 1275 1261 non
1301 1207 1444 1262 licet.
1475 1204 1698 1261 Veniam

122 1296 306 1366 utique
341 1304 394 1350 et
434 1305 568 1350 tunc
597 1280 928 1367 cognoscam,
971 1296 1024 1351 id
1067 1304 1152 1352 est
1190 1295 1502 1366 approbabo
1544 1295 1700 1366 juxta

122 1389 291 1444 illud:
343 1409 362 1440 ι
392 1387 557 1442 Novit
603 1387 869 1443 Dominus
902 1389 996 1457 qui
1034 1396 1164 1442 sunt
1197 1387 1318 1458 ejus
1343 1385 1431 1456 (ΙΙ
1463 1384 1598 1440 Τὶιη.
1636 1399 1697 1452 ιι,

123 1480 230 1549 l9).
269 1499 287 1532 ι
322 1479 669 1549 Cognoscam
709 1480 897 1549 utique
926 1494 1035 1535 non
1063 1495 1354 1533 sermonem
1392 1494 1594 1545 eorum,
1644 1477 1700 1532 id

123 1581 201 1627 est
238 1587 347 1626 non
401 1571 771 1626 curialitatcm
819 1579 874 1626 et
927 1571 1214 1626 artiﬁcium
1258 1571 1562 1637 sermonis,
1609 1570 1701 1626 cui

130 1665 396 1719 adhaerent
440 1665 497 1718 hi
545 1665 635 1734 qui
665 1679 763 1734 per
809 1663 1122 1733 hujusmodi
1165 1678 1479 1719 sermonem
1522 1663 1712 1732 inﬂati-

131 1766 269 1819 sunt;
297 1757 391 1810 sed
451 1771 780 1828 cognoscam
811 1765 866 1812 et
905 1757 1138 1812 laudabo
1167 1757 1222 1811 in
1249 1757 1406 1813 vobis
1431 1758 1696 1822 virtutem,

127 1848 176 1901 id
196 1857 275 1903 est
303 1848 702 1916 humilitatem,
737 1849 1078 1919 patientiam,
1111 1859 1215 1905 etc.
1261 1847 1386 1905 Haec
1405 1849 1551 1904 enim
1581 1849 1699 1906 lau-

1803 673 1822 706 s
1852 669 2058 724 rapax:
2090 670 2214 710 cum
2243 655 2556 725 hujusmodi
2589 671 2689 711 nec
2730 655 2911 711 cibum
2951 670 3187 712 sumere.
3221 655 3364 723 Quid

1802 764 1820 796 ι
1857 743 2001 799 enim
2033 741 2169 798 mihi
2192 753 2277 799 est
2295 743 2422 816 [non
2459 745 2612 799 habet
2641 745 2746 818 est]
2769 746 2835 801 de
2866 745 2951 801 his
2977 746 3070 817 qui
3093 745 3227 802 foris
3247 755 3377 801 sunt

1804 857 1822 887 ‹
1853 835 2140 906 judicare?
2168 833 2360 891 Nonne
2389 837 2455 893 de
2478 837 2564 893 his
2591 839 2684 908 qui
2722 839 2870 894 intus
2892 847 3022 894 sunt
3046 855 3144 895 vos
3166 840 3378 910 judica-

1804 946 1821 977 ι
1851 927 1954 982 tis?
1975 925 2114 982 Nam
2141 942 2238 983 eos
2280 928 2374 998 qui
2406 926 2540 983 foris
2575 937 2704 984 sunt
2754 929 2900 986 Deus
2926 931 3214 1001 judicabit.
3258 931 3376 986 Au-

1807 1038 1824 1069 ι
1857 1019 1992 1074 ferte
2018 1018 2224 1074 malum
2253 1034 2318 1072 ex
2351 1019 2506 1074 vobis
2529 1019 2682 1090 ipsis.
2728 1040 2746 1071 ι
2848 1057 2872 1096 ε

2009 1127 2014 1132 ’
2439 1127 2736 1166 Εχροειτιο.

1869 1199 2068 1271 Utique
2091 1201 2416 1257 veniendum
2440 1210 2524 1257 est
2569 1203 2636 1257 ad
2683 1220 2782 1259 vos
2830 1207 2883 1259 in
2912 1207 3084 1276 virga,
3117 1207 3378 1277 quoniam

1799 1294 2021 1346 auditur
2065 1295 2206 1348 inter
2259 1309 2348 1350 vos
2389 1309 2512 1350 esse
2564 1295 2865 1364 fornicatio.
2911 1298 3144 1352 Auditur
3190 1300 3380 1370 utique

1799 1384 2032 1450 omnino,
2071 1383 2124 1438 id
2173 1391 2257 1439 est
2297 1384 2600 1439 secundum
2631 1384 2915 1442 infamiam
2945 1389 3190 1443 omnium
3246 1409 3257 1442 :
3312 1393 3382 1446 do

1799 1490 1929 1545 quo,
1962 1475 2089 1546 quia
2116 1490 2310 1531 omnes
2359 1474 2629 1531 infamant
2653 1491 2753 1533 vos
2777 1476 2945 1548 (fama
2971 1480 3134 1534 etiam
3162 1482 3266 1537 hoc
3297 1494 3355 1536 at

1802 1568 1924 1624 tulit
1950 1566 2018 1623 ad
2063 1569 2172 1639 mc)
2201 1583 2312 1623 non
2341 1577 2426 1625 est
2468 1571 2870 1640 exspectandus
2915 1584 3218 1628 accusator.
3271 1573 3383 1631 Nec

1799 1675 1921 1732 quae
1941 1661 2195 1732 patienda
2220 1661 2311 1728 sit,
2337 1661 2432 1717 sed
2463 1661 2588 1716 talis
2616 1661 2926 1729 fornicatio,
2963 1665 3138 1735 qualis
3168 1682 3259 1719 nec
3279 1683 3380 1720 au-

1799 1754 2106 1810 diturinter
2131 1763 2328 1827 gentes,
2373 1756 2427 1811 id
2454 1766 2538 1812 est
2567 1757 2709 1812 inter
2742 1759 2969 1829 gentiles
3003 1760 3192 1830 prima:
3239 1760 3385 1831 geni-

1803 1855 1939 1903 turae
1967 1849 2147 1907 adhuc
2182 1849 2541 1906 adhaerentes.
2585 1851 2819 1905 Auditur
2865 1852 2943 1905 ita
2980 1861 3036 1904 ut
3080 1852 3272 1922 aliquis
3321 1855 3386 1905 de

126 1939 230 1994 dari
252 1941 479 2006 debent,
508 1956 620 1996 non
649 1942 957 1997 sublimitas
988 1942 1260 1997 sermonis
1286 1961 1300 1997 :
1341 1941 1462 1997 ideo
1495 1943 1700 2012 cogno-
1731 1931 1773 1986 Β
1799 1939 1941 1992 vobis
1962 1939 2153 1993 habeat
2173 1953 2388 1994 uxorem
2411 1941 2582 2010 patris
2604 1942 2708 2007 sui,
2734 1941 2786 1995 id
2810 1949 2893 1995 est
2918 1939 3204 1996 novc‘rcam
3227 1958 3383 1996 suam

127 2045 260 2084 scam
295 2030 562 2087 virtutem
603 2040 660 2086 et
698 2048 810 2086 non
836 2048 1173 2098 sermonem;
1217 2033 1466 2103 quoniam
1499 2048 1601 2086 non
1643 2033 1700 2085 in

129 2138 351 2176 sermone
388 2122 559 2192 hujus
587 2125 776 2178 mundi
812 2133 910 2195 est,
952 2124 1008 2180 id
1042 2135 1126 2180 est
1151 2126 1457 2196 acquiritur
1482 2141 1700 2197 regnum

139 2213 232 2281 Dei,
271 2216 373 2269 sed
403 2216 462 2269 in
485 2215 674 2271 virtute
712 2217 940 2288 integra:
985 2217 1110 2272 tldei
1138 2225 1193 2272 et
1226 2216 1583 2302 boniioperis.
1635 2215 1701 2270 Et

137 2306 258 2375 quod
285 2306 406 2362 duo
432 2307 586 2364 vobis
613 2311 866 2380 proposui
897 2325 1226 2376 sermonem,
1253 2324 1416 2380 quem
1435 2309 1696 2379 reprobo;

137 2398 397 2465 virtutem,
430 2415 599 2468 quam
629 2403 871 2471 approbo
904 2421 917 2454 :
977 2402 1118 2467 Quid
1140 2402 1321 2465 vultis,
1368 2401 1421 2457 id
1449 2410 1534 2457 est
1569 2400 1700 2472 quid

136 2488 313 2544 horum
346 2491 590 2562 eligitis?
639 2493 842 2547 veniam
889 2493 960 2546 ad
1006 2509 1093 2547 vos
1131 2495 1186 2546 in
1225 2493 1396 2564 virga,
1437 2493 1490 2548 id
1533 2492 1700 2548 estin

138 2581 409 2649 asperitate
437 2584 835 2650 correctionis;
891 2601 958 2637 an
1000 2585 1215 2640 veniam
1251 2585 1319 2639 ad
1366 2601 1465 2639 vos
1493 2585 1550 2638 in
1574 2585 1702 2638 cha-

144 2673 310 2738 ritate,
349 2674 403 2727 id
435 2683 520 2729 est
562 2675 617 2729 in
652 2675 903 2730 lenitate?
945 2675 1014 2729 Et
1043 2677 1178 2732 adeo
1214 2677 1363 2748 quod
1410 2677 1466 2730 in
1509 2677 1702 2746 spiritu

150 2766 567 2832 mansuetudinis,
597 2767 653 2821 id
677 2777 761 2822 est
788 2768 945 2838 quasi
969 2778 1224 2824 assuetus
1267 2769 1455 2823 manui
1485 2777 1541 2823 et
1564 2783 1698 2839 gau-

149 2856 271 2909 dens
295 2856 556 2914 deservire
583 2860 779 2915 vobis?
828 2860 885 2914 Si
915 2860 969 2914 in
1005 2875 1258 2916 sermone
1286 2861 1565 2927 invenero,
1603 2875 1699 2915 ve-

147 2949 276 3002 niam
297 2949 348 3004 in
378 2951 560 3023 virga;
588 2952 637 3007 si
664 2953 717 3005 in
740 2952 963 3019 virtute,
991 2953 1208 3008 veniam
1231 2953 1284 3007 in
1308 2953 1501 3024 spiritu
1517 2952 1699 3008 chari-

150 3042 272 3096 tatis.
318 3040 548 3099 Videtur
574 3045 668 3099 ubi
700 3045 795 3109 ait,
837 3047 892 3100 in
925 3047 1074 3117 virga
1102 3063 1172 3100 an
1215 3047 1272 3100 in
1294 3047 1576 3112 charitate,
1606 3060 1704 3114 per

161 3131 243 3185 hoc
266 3133 509 3201 innuero,
555 3135 714 3204 quasi
751 3135 1020 3191 correctio
1052 3151 1160 3190 non
1207 3135 1278 3191 sit
1321 3151 1389 3191 ex
1415 3135 1700 3200 cbaritate,

167 3218 200 3271 si
223 3235 383 3292 aspera
420 3234 543 3290 est;
577 3225 722 3295 quod
770 3225 959 3295 utique
999 3224 1197 3281 falsum
1249 3233 1369 3281 est:
1421 3224 1573 3294 101
1607 3223 1702 3278 sed

158 3307 262 3365 dicit
287 3313 386 3369 hoc
425 3315 733 3370 secundum
765 3314 1135 3371 infirmitatem
1171 3331 1382 3382 eorum,
1413 3315 1508 3386 qui
1527 3323 1702 3370 totum

144 3399 438 3466 judicabant
464 3419 588 3460 esse
624 3421 691 3460 ex
725 3406 828 3471 ira,
874 3407 1022 3476 quod
1052 3406 1318 3461 voluntati
1355 3405 1537 3462 carnis
1565 3421 1701 3462 con-

145 3493 344 3547 traibat.

739 3584 970 3641 CAPUT
1014 3585 1074 3640 V.

213 3690 231 3722 ι
257 3671 490 3728 Omnino
512 3677 732 3731 auditur
750 3677 892 3733 inter
908 3693 1009 3733 vos
1042 3678 1352 3746 foruicatio,
1368 3687 1424 3734 et
1444 3677 1567 3734 talis
1589 3677 1705 3734 for-

151 3781 171 3821 t
191 3765 403 3834 nicatio,
429 3767 610 3837 qualis
636 3783 739 3824 nec
760 3768 904 3825 inter
929 3778 1140 3842 gentes,
1172 3771 1246 3826 ita
1273 3779 1336 3826 ut
1358 3786 1586 3827 uxorem
1610 3787 1709 3842 pa-

157 3857 281 3913 ttris
321 3859 412 3914 sui
470 3859 672 3931 aliquis
711 3862 928 3918 habeat.
978 3862 1045 3918 Et
1080 3878 1180 3919 vos
1219 3863 1394 3919 inﬂati
1426 3865 1613 3933 estis:
1654 3873 1710 3920 et

164 3966 178 3993 ι
205 3965 292 4002 non
319 3952 506 4023 magis
533 3953 740 4009 luctum
768 3954 1064 4020 habuistis,
1100 3963 1162 4009 ut
1189 3956 1414 4011 tollatur
1437 3957 1504 4013 de
1528 3957 1709 4012 medio

173 4050 443 4109 Histrum,
470 4041 570 4112 qui
601 4043 706 4096 hoc
725 4058 864 4113 opus
899 4042 1048 4099 fecit.
1102 4043 1215 4115 Ego
1255 4045 1474 4116 quidem
1510 4047 1709 4102 absens

172 4145 408 4203 ccorpore
459 4132 690 4204 (Coloss.
739 4151 801 4202 ιι,
849 4137 928 4206 5),
971 4153 1213 4207 praesens
1261 4146 1441 4193 autem
1488 4139 1707 4209 spiritu,

163 4221 287 4291 «jam
309 4226 564 4299 iudicavi
592 4237 652 4282 ut
677 4243 920 4298 praesens
945 4244 1072 4284 eum
1101 4229 1195 4300 qui
1223 4229 1304 4286 sic
1318 4239 1574 4302 operatus
1602 4239 1708 4297 est,
1748 4274 1755 4280 .

157 4332 171 4359 ι
196 4315 239 4368 in
266 4320 498 4374 nomine
526 4317 744 4374 Domini
775 4321 950 4376 nostri
981 4319 1112 4378 Jesu
1137 4320 1365 4389 Christi,
1414 4338 1711 4394 congrega-

156 4422 169 4454 ι
197 4409 256 4464 tis
280 4413 445 4467 vobis
479 4418 536 4465 et
557 4426 681 4465 meo
704 4411 924 4482 spiritu,
945 4429 1069 4468 cum
1093 4414 1295 4469 virtute
1322 4412 1538 4469 Domini
1556 4413 1710 4480 Jesu,

151 4517 167 4548 ι
194 4503 395 4559 tradere
421 4503 744 4574 hujusmodi
779 4505 1058 4560 hominem
1089 4504 1307 4561 Satanae
1345 4506 1400 4561 in
1433 4505 1712 4562 interitum

1799 2030 2024 2085 duxerit
2053 2046 2304 2086 uxorem.
2336 2030 2592 2085 Dicerent
2615 2032 2692 2085 illi
2724 2050 2736 2084 :
2783 2031 2923 2097 Quid
2967 2033 3033 2085 ad
3081 2032 3216 2085 nos?
3249 2031 3385 2084 Mul-

1800 2133 1914 2178 tum
1950 2123 2026 2177 ait
2059 2121 2292 2188 Paulus;
2319 2124 2448 2193 quia
2477 2123 2620 2176 enim
2669 2122 2836 2177 frater
2864 2123 3126 2192 peccavit,
3150 2139 3236 2176 t'os
3261 2119 3385 2176 inde

1799 2215 1978 2285 inﬂati
2009 2215 2560 2285 estis-superbientes,
2597 2216 2756 2286 quasi
2800 2216 2996 2271 melius
3037 2215 3128 2271 illo
3153 2231 3252 2286 per
3289 2215 3386 2269 ba-

1799 2305 2062 2374 ptismum
2109 2304 2427 2375 justiﬂcati;
2462 2306 2589 2376 quia
2636 2321 2743 2359 non
2794 2306 3046 2360 similiter
3075 2306 3382 2360 corruistis.

1800 2394 1911 2453 Nec
1946 2395 2122 2450 solum
2168 2395 2360 2462 inflati,
2403 2396 2496 2452 sed
2535 2397 2698 2451 etiam
2750 2413 2842 2449 nec
2887 2397 3150 2450 habuistis
3176 2396 3380 2449 luctum

1803 2489 2143 2544 condolendo
2176 2490 2330 2544 casui
2368 2489 2576 2556 fratris,
2626 2493 2816 2562 magis,
2877 2491 2928 2545 id
2971 2500 3054 2546 est
3087 2491 3233 2561 quod
3285 2491 3388 2546 cli-

1801 2581 2035 2650 gendum
2067 2588 2214 2635 esset
2245 2581 2401 2637 vobis
2435 2599 2544 2637 non
2586 2581 2787 2637 inﬂari.
2822 2580 2935 2637 Nec
2959 2583 3063 2636 hoc
3105 2597 3250 2638 curre
3290 2583 3390 2636 ha-

1803 2674 2017 2738 buistis,
2067 2682 2126 2726 ut
2155 2671 2380 2728 tollatur
2412 2675 2478 2729 de
2525 2676 2696 2730 medio
2739 2686 2989 2741 vestrum,
3021 2676 3072 2730 id
3119 2685 3202 2729 cst
3250 2686 3310 2730 nt
3355 2691 3387 2728 a

1801 2765 2190 2820 communione
2222 2764 2480 2822 Ecclesia:
2529 2766 2796 2837 separetis
2827 2782 2975 2835 eum,
3017 2767 3107 2837 qui
3135 2766 3232 2820 hoc
3260 2781 3389 2836 Opus

1803 2854 1928 2926 fecit
1953 2872 1971 2910 .'
2002 2856 2098 2927 qui
2148 2873 2374 2912 uxorem
2405 2858 2578 2928 patris
2627 2858 2731 2914 sibi
2761 2859 2946 2914 illicito
2974 2859 3260 2928 usurpavit
3290 2871 3390 2912 vos

1802 2957 2100 3018 praesentes
2146 2964 2256 3004 non
2286 2950 2488 3005 tulistis
2518 2966 2641 3005 eum
2671 2950 2740 3007 de
2790 2952 2971 3007 medio
2996 2959 3262 3017 vestrum,
3293 2950 3388 3005 sed

1801 3032 1894 3112 ego
1918 3040 2103 3095 absens
2133 3041 2324 3112 utique
2357 3058 2592 3112 corpore,
2621 3059 2851 3113 praesens
2887 3052 3062 3096 autem
3089 3043 3302 3112 spiritu,
3335 3041 3390 3096 id

1802 3139 1886 3187 est
1913 3132 2239 3187 auctoritate
2267 3133 2565 3202 apostolica
2595 3132 2819 3204 (dicunt
2847 3133 3010 3188 etiam
3034 3133 3227 3198 sancti,
3244 3130 3391 3202 quod

1806 3220 2044 3292 Spiritus
2069 3216 2295 3278 sanctus
2316 3232 2443 3278 nota
2467 3223 2672 3279 fecerat
2695 3225 2745 3280 ei
2769 3225 2931 3280 etiam
2969 3225 3278 3280 absentium
3307 3224 3388 3278 fa—

1804 3314 2196 3385 cta);praesens
2222 3316 2413 3386 utique
2436 3315 2632 3387 spiritu
2651 3316 2770 3386 jam
2785 3317 3049 3386 judicavi,
3074 3317 3126 3370 id
3156 3326 3240 3371 est
3259 3331 3392 3370 con-

1804 3405 2056 3462 demnavi
2091 3425 2230 3475 eum,
2264 3418 2324 3463 ut
2363 3409 2408 3464 si
2453 3424 2681 3480 praesens
2724 3409 2909 3464 fierem
2943 3424 3212 3480 corpore:
3262 3423 3389 3463 cum

1805 3498 1929 3554 dico
1957 3499 2048 3570 qui
2073 3500 2150 3553 sic
2180 3502 2445 3570 {operatus
2491 3509 2568 3555 est
2604 3515 2728 3556 cum
2760 3515 2932 3556 uxore
2955 3500 3126 3571 patris
3150 3500 3392 3571 judicavi

1807 3590 1993 3662 utique
2025 3607 2039 3644 :
2071 3601 2125 3646 et
2154 3581 2261 3647 hoc
2289 3591 2475 3648 sciatis
2504 3606 2592 3647 me
2619 3591 2816 3648 fecisse
2837 3592 2893 3645 in
2925 3593 3134 3646 nomine
3176 3589 3391 3645 Domini

1808 3682 1975 3736 nostri
1997 3681 2126 3736 Jes‘u
2148 3681 2372 3749 Christi,
2402 3697 2471 3736 ne
2491 3681 2690 3738 dicatis
2717 3681 2865 3753 quod
2888 3682 3131 3752 repulsio
3157 3683 3278 3753 ejus
3303 3682 3394 3737 de.-

1811 3771 2129 3827 trimentum
2161 3773 2236 3828 sit
2265 3771 2524 3828 Ecclesiae
2549 3772 2780 3840 Christi,
2826 3773 2920 3843 qui
2969 3773 3152 3844 potius
3194 3773 3248 3826 in
3287 3774 3393 3827 hoc

1813 3863 2135 3931 honoratur,
2163 3880 2328 3934 quam
2353 3863 2593 3919 Ecclesia
2629 3863 2749 3935 ejus
2778 3865 3102 3931 minoretur,
3127 3880 3250 3934 qua:
3283 3867 3395 3920 nti-

1811 3969 1919 4025 que
1941 3965 2155 4010 veneno
2191 3955 2356 4025 hujus
2377 3955 2506 4010 mali
2530 3955 2868 4022 inficeretur,
2895 3956 3076 4010 sinon
3107 3956 3198 4010 hic
3219 3957 3388 4026 repel-

1811 4046 1972 4101 latur.
1995 4044 2240 4102 Iudicavi
2265 4047 2454 4117 utique
2477 4047 2635 4102 vobis
2657 4047 3001 4119 congregatis
3025 4048 3234 4102 tradere
3257 4048 3396 4102 hunc

1813 4136 2049 4203 Satqnw.
2079 4137 2174 4193 Vel
2207 4138 2430 4205 illud,in
2462 4139 2683 4195 nomine
2705 4139 2942 4208 Domini,
2979 4139 3048 4195 ad
3075 4149 3394 4210 sequentem

1812 4229 2048 4285 litteram
2075 4231 2319 4302 respicit,
2348 4231 2429 4286 sic
2454 4249 2467 4285 :
2503 4229 2637 4298 Hoc,
2679 4232 2923 4302 inquam,
2953 4232 3021 4288 de
3037 4246 3105 4287 eo
3132 4232 3395 4303 judicavi,

1815 4331 1873 4378 ut
1905 4323 2062 4380 vobis
2088 4324 2433 4396 congregatis
2465 4324 2520 4378 in
2543 4324 2767 4379 nomine
2794 4323 3151 4380 DominiJesu
3164 4325 3394 4390 Christi,

1811 4423 1862 4469 et
1885 4424 2142 4485 praesente
2161 4431 2276 4469 meo
2307 4413 2534 4485 Spiritu,
2555 4415 2609 4470 id
2632 4425 2716 4470 est
2743 4410 3068 4472 auctoritate
3097 4432 3219 4472 mea
3243 4417 3397 4472 vobis

1813 4513 2141 4576 cooperante

149 4609 164 4639 ι
196 4596 393 4661 carnis,
424 4607 487 4651 ut
513 4595 742 4665 spiritus
769 4598 957 4654 salvus
985 4598 1057 4653 sit
1083 4598 1138 4653 in
1162 4599 1251 4655 die
1293 4597 1510 4655 Domini
1539 4601 1711 4656 nostri
1745 4617 1788 4672 ῃ
1883 4598 2025 4666 Quid
2047 4599 2171 4654 inde
2197 4599 2400 4656 diceret
2424 4600 2648 4671 impius,
2695 4601 2744 4657 si
2775 4601 3004 4672 spiritus
3039 4610 3169 4658 tuus
3205 4601 3395 4656 nobis—

146 4702 160 4732 ι
195 4682 319 4740 Jesu
347 4686 583 4743 Christi.
617 4687 846 4745 Noncst
868 4690 1010 4745 bona
1042 4691 1295 4762 gloriatio
1335 4702 1536 4748 vestra.
1569 4713 1586 4744 ι
1619 4691 1718 4749 Ne-

146 4794 159 4821 ι
193 4777 364 4847 scitis,
398 4780 532 4850 quia
570 4781 846 4837 modicum
885 4781 1216 4837 fermentum
1263 4791 1432 4838 totam
1471 4801 1714 4842 massam

146 4887 158 4912 ε
188 4872 526 4942 corrumpit?
560 4871 807 4944 i(Galat.
845 4891 899 4940 v,
936 4873 1016 4946 9.)
1058 4873 1368 4946 Expurgate
1409 4887 1565 4933 vetus
1601 4878 1714 4933 fer-

147 4976 162 5006 ι
191 4974 456 5031 mentum,
490 4975 549 5020 ut
570 4965 692 5022 sitis
721 4983 860 5022 nova
887 4968 1225 5038 conspersio,
1250 4969 1392 5024 sicut
1411 4951 1546 5026 estis
1583 4987 1714 5044 azy-

146 5069 163 5102 ι
189 5056 275 5110 mi.
312 5057 536 5114 Etenim
572 5061 778 5128 pascha
808 5073 1060 5116 nostrum
1091 5061 1408 5119 immolatus
1435 5072 1518 5119 est
1554 5063 1714 5119 Chri-

151 5154 325 5202 lstus.
366 5146 563 5219 Itaque
601 5150 906 5220 epulemur,
955 5167 1066 5207 non
1109 5152 1167 5207 in
1209 5151 1477 5209 fermento
1518 5156 1709 5221 veteri,

149 5249 162 5281 ι
188 5252 362 5307 neque
387 5237 448 5292 in
474 5237 742 5294 fermento
762 5241 986 5298 malitiae.
1007 5251 1063 5298 et
1083 5243 1356 5314 nequitiae,
1381 5244 1477 5300 sed
1504 5245 1559 5300 in
1585 5261 1712 5318 azy-

149 5347 162 5375 ι
187 5331 287 5386 mis
321 5332 660 5388 sinceritatis
684 5342 741 5389 et
769 5335 1033 5391 veritatis.
1080 5335 1286 5407 Scripsi
1316 5338 1471 5394 vobis
1508 5338 1561 5393 in
1589 5339 1710 5409 epi-

149 5436 162 5468 ι
189 5423 319 5478 stola
348 5442 364 5480 :
395 5421 475 5478 Ne
500 5426 968 5482 commisceamini
1013 5427 1349 5496 fornicariis;
1375 5446 1484 5486 non
1522 5431 1710 5503 utique

149 5528 165 5559 ι
191 5511 504 5572 fornicariis
548 5517 714 5587 hujus
757 5522 968 5588 mundi,
1009 5531 1106 5577 aut
1141 5523 1341 5590 avaris,
1387 5534 1484 5580 aut
1512 5528 1720 5597 rapaci-

151 5621 167 5651 ι
198 5604 318 5671 bus,
358 5615 455 5662 aut
482 5607 642 5664 idolis
671 5611 1034 5667 servientibus
1073 5630 1087 5667 :
1121 5613 1364 5684 alioquin
1405 5615 1719 5672 debueratis

151 5709 170 5745 ι
197 5696 260 5751 de
281 5699 392 5753 hoc
424 5699 634 5756 mundo
659 5701 879 5756 exiisse.
915 5700 1071 5758 Nunc
1111 5713 1292 5759 autem
1323 5707 1516 5776 scripsi
1560 5709 1717 5763 vobis

154 5804 171 5835 ‹
197 5803 299 5844 non
325 5793 687 5849 commisceri.
727 5793 832 5850 Sed
857 5796 904 5850 is
933 5796 1026 5866 qui
1049 5795 1121 5868 [si
1149 5777 1297 5870 quis]
1326 5799 1490 5855 frater
1535 5803 1715 5856 nomi-

157 5893 174 5925 ι
204 5889 366 5934 natur
399 5881 542 5938 inter
577 5899 695 5951 vos,
726 5893 810 5940 est
853 5883 1173 5954 fornicator,
1221 5895 1316 5944 aut
1361 5905 1578 5958 avarus,
1623 5900 1717 5946 aut

1817 4703 1944 4744 cum
1968 4689 2078 4746 sit?
2123 4689 2358 4744 multum
2397 4691 2606 4762 utique,
2630 4692 2706 4748 ait
2739 4691 2963 4747 Paulus.
3006 4691 3144 4746 Nam
3187 4689 3397 4761 Spiritu

1816 4799 1929 4837 meo
1957 4781 2083 4838 dico
2107 4792 2362 4838 manente
2390 4800 2514 4840 cum
2561 4785 2762 4840 virtute
2802 4785 3020 4840 Domini
3068 4783 3232 4850 Jesu;
3264 4784 3396 4854 quia

1816 4874 1990 4930 virtus
2024 4873 2118 4929 Dei
2144 4873 2302 4942 mibi,
2333 4884 2388 4931 et
2411 4891 2508 4946 per
2529 4893 2616 4932 me
2655 4876 2812 4933 vobis
2858 4876 3261 4946 cooperabitur.
3294 4874 3396 4930 Ju-

1813 4967 2014 5035 dicavi,
2059 4967 2308 5037 inquam,
2341 4976 2594 5038 oportere
2614 4983 2712 5024 vos
2754 4968 2971 5023 tradere
2997 4983 3123 5024 eum
3163 4967 3258 5038 qui
3288 4968 3396 5023 hu-

1812 5055 2056 5126 jusmodi
2085 5065 2190 5122 est,
2225 5054 2460 5111 Satanae.
2505 5055 2742 5112 Tradere
2771 5056 2987 5113 Satanae
3019 5057 3150 5114 dicit
3181 5075 3398 5114 excom-

1819 5149 2122 5204 municare.
2154 5148 2624 5215 Quemadmodum
2661 5150 2807 5205 enim
2835 5151 3087 5207 diabolus
3117 5168 3280 5207 omne
3306 5152 3398 5223 jus

1817 5240 1981 5296 habet
2010 5241 2063 5294 in
2087 5241 2364 5295 hominem
2389 5241 2710 5312 priusquam
2738 5259 2832 5313 per
2854 5243 3014 5299 fidem
3037 5244 3395 5315 justificctnr,

1815 5334 1896 5389 sic
1916 5341 2208 5404 postquam
2235 5347 2338 5403 pro
2365 5334 2523 5405 culpa
2545 5351 2577 5390 a
2612 5335 2768 5406 102
2793 5337 3149 5392 sacramentis
3208 5335 3395 5392 Eccle-

1815 5427 1933 5492 siae,
1966 5426 2169 5496 quibus
2216 5426 2387 5483 armis
2413 5439 2605 5483 contra
2640 5427 2900 5484 Satanam
2936 5430 3134 5484 muniti
3179 5445 3394 5494 sumus,

1819 5527 2125 5589 separatur,
2155 5519 2350 5575 exinde
2380 5522 2485 5576 sub
2521 5521 2657 5592 jugo
2689 5521 2906 5577 Satanae
2938 5523 3230 5594 religatur;
3264 5521 3396 5592 quia

1818 5627 1919 5665 nec
1944 5626 2042 5680 per
2067 5627 2125 5666 se
2154 5612 2409 5668 resistere
2436 5622 2636 5683 potest,
2662 5629 2764 5669 nec
2797 5614 3031 5670 fortasse
3059 5614 3190 5674 vult,
3239 5625 3290 5668 ct
3325 5613 3396 5667 ab

1819 5703 2025 5759 auxilio
2049 5702 2143 5758 Dei
2166 5705 2384 5773 penitus
2405 5705 2736 5761 destituitur.
2778 5705 3014 5761 Tradere
3040 5707 3162 5760 dico
3179 5703 3394 5759 Satana:

1818 5799 1875 5851 in
1901 5796 2174 5849 interitum
2195 5798 2396 5863 carnis,
2422 5797 2474 5851 id
2495 5808 2580 5852 est
2604 5797 2679 5852 ad
2703 5799 2826 5862 hoc,
2861 5806 2921 5851 ut
2955 5813 3084 5851 caro
3104 5796 3242 5863 ejus,
3267 5812 3390 5866 quae

1821 5891 1876 5943 in
1904 5893 2126 5958 peccato
2151 5887 2448 5957 jucundata
2471 5899 2574 5952 cst,
2609 5889 2811 5944 sensim
2844 5889 3072 5944 intereat
3108 5886 3398 5947 afﬂictione
