3978 6392
570 427 672 482 M7

1137 421 1192 475 S.
1233 419 1578 475 BRUNONIS
1610 413 2250 473 CARTHUSIANORUM
2289 407 2776 468 lNSTlTUTORlS
2811 406 2963 463 OPP.
3002 405 3185 460 PARS
3221 403 3284 458 ll.

3631 395 3638 402 ’
3693 399 3786 454 iis

569 537 904 592 morborum.
933 533 1192 588 Diabolus
1209 535 1352 588 enim
1381 539 1667 602 postquam
1689 529 1836 583 videt
1857 529 2131 582 hominem
2160 536 2206 588 Α
2234 526 2360 597 agni
2385 524 2810 578 immolationem
2837 519 2904 576 de
2929 517 3244 590 Egyptiaea
3274 513 3532 570 servitute
3563 511 3788 578 liberati,

570 628 690 682 sine
721 626 850 693 Deo,
875 625 1236 690 debilitatum,
1267 624 1434 678 libere
1459 620 1769 691 aggreditur
1797 635 1944 682 eum,
1965 627 2019 672 et
2039 633 2134 686 per

570 718 755 774 varios
781 716 998 771 morbos
1019 723 1178 770 vexat
1201 727 1420 770 carnem
1459 711 1596 780 ejus.
1625 709 1782 776 Quod
1826 707 1948 762 ideo
1991 706 2136 762 Deus

573 809 796 878 patitur,
823 817 883 862 ut
909 809 1074 862 homo
1105 807 1290 860 videns
1319 819 1398 868 se,
1427 815 1715 874 postquam
1752 817 1785 856 a
1821 801 1932 856 Deo
1958 816 2138 856 reces-

574 903 666 968 sit,
698 917 794 971 per
825 909 905 954 tot
929 900 1148 954 morbos
1169 897 1559 967 angustiatum,
1589 895 1913 950 conﬁteatur
1945 909 2138 964 pecca-

572 1003 708 1058 tum,
739 1001 792 1047 e:
825 990 1134 1061 paenitendo
1167 995 1468 1042 revertatur
1498 985 1566 1040 ad
1607 984 1798 1050 Deum,
1835 993 1893 1038 ut
1917 983 2136 1052 spiritus

568 1086 683 1155 ejus
711 1084 888 1138 salvus
910 1089 1000 1136 sit.
1027 1080 1120 1136 Vel
1142 1081 1214 1134 ita
1231 1077 1494 1134 :Tradere
1515 1076 1731 1131 Satanae
1749 1076 1805 1129 in
1825 1074 2134 1141 interitum;

571 1174 700 1244 quia
723 1181 1010 1242 postquam
1039 1185 1148 1224 non
1165 1169 1467 1239 protegitur
1483 1166 1840 1223 sacramentis
1861 1163 2135 1230 Ecclesiae,

574 1266 642 1318 de
672 1265 813 1318 malo
837 1262 1079 1332 quotidie
1108 1261 1476 1331 praecipitatur
1515 1259 1572 1312 in
1617 1258 1810 1328 pejus:
1845 1257 1938 1328 qui
1974 1257 2140 1312 inter-

571 1357 678 1412 itus
699 1355 894 1409 animze
921 1363 1025 1420 est,
1053 1354 1258 1418 carnis,
1282 1352 1336 1406 id
1361 1361 1446 1408 est
1483 1367 1580 1420 per
1615 1365 1834 1406 carnem
1876 1349 1964 1404 cui
2007 1364 2140 1404 con-

569 1447 733 1500 sentit
761 1446 902 1500 male
941 1445 1212 1500 suadenti.
1255 1442 1365 1498 Nec
1391 1443 1512 1498 ideo
1537 1443 1748 1497 tradere
1791 1449 1854 1496 ut
1881 1448 2140 1510 perpetuo

571 1544 790 1604 pereat,
823 1535 920 1590 sed
957 1541 1038 1600 ut,
1087 1534 1218 1590 dum
1275 1533 1416 1588 mole
1461 1541 1807 1601 peccatorum
1853 1530 2139 1600 premitur,

571 1628 872 1682 condolens
889 1627 957 1681 dc
981 1625 1218 1696 peccatis
1245 1625 1524 1696 paeniteat,
1557 1633 1610 1679 et
1641 1625 1722 1680 sic
1760 1623 1986 1694 spiritus
2021 1622 2142 1692 ejus

572 1721 756 1775 salvus
785 1721 858 1774 sit
889 1721 946 1773 in
968 1719 1074 1785 die,
1107 1719 1160 1774 id
1186 1728 1271 1774 est
1295 1720 1350 1772 in
1379 1717 1774 1772 illuminatione
1799 1715 2014 1770 Domini
2045 1733 2140 1769 no-

573 1809 824 1865 striJesu
872 1810 1092 1866 Christi.
1158 1809 1310 1866 Tunc
1357 1811 1501 1864 enim
1559 1809 1812 1864 Christus
1871 1807 2142 1863 illuminat

571 1919 722 1970 eum,
753 1919 878 1958 cum
903 1903 1200 1972 pmnitendi
1234 1902 1502 1958 desiderio
1536 1899 1809 1956 fervescit.
1843 1899 2000 1967 Quod
2029 1899 2140 1954 uti-
2173 1881 2217 1936 Β

574 2013 682 2066 que
705 1997 992 2051 videndum
1011 2004 1098 2050 est
1113 1995 1368 2050 Ecclesim
1392 1995 1651 2065 praelatis,
1677 2003 1736 2050 ut
1755 2009 1822 2050 ea
1846 1993 2147 2049 intentione

579 2103 700 2142 reos
720 2086 1194 2142 excommunicent
1215 2101 1322 2156 qua
1341 2085 1564 2152 Paulus,
1587 2085 1814 2150 scilicet,
1838 2093 1900 2139 ut
1923 2084 2148 2154 spiritus

567 2195 759 2235 eorum
788 2180 1087 2235 salventur.
1140 2177 1590 2248 Quandoquidem
1633 2177 1841 2233 luctum
1890 2191 2002 2232 non
2046 2176 2147 2230 ha-

571 2269 789 2336 buistis,
819 2283 922 2324 nec
947 2284 1075 2324 eum
1101 2267 1170 2324 de
1191 2267 1368 2322 medio
1393 2276 1636 2322 vestrum
1655 2265 1882 2332 tulistis,
1907 2265 2033 2320 inde
2061 2281 2151 2335 ap-

573 2371 726 2432 paret
754 2360 901 2431 quod
927 2360 1178 2432 gloriatio
1203 2369 1383 2415 vestra
1409 2375 1519 2414 non
1541 2368 1628 2414 est
1645 2359 1810 2416 bona.
1845 2357 2045 2412 Malunt
2067 2365 2152 2413 est

571 2454 718 2510 enim
746 2467 874 2508 eum
896 2451 963 2508 de
987 2451 1198 2523 iustitia
1223 2452 1462 2524 gloriari,
1485 2452 1580 2522 qui
1595 2459 1650 2507 et
1670 2453 1898 2508 salutem
1920 2451 2154 2522 proximi

579 2544 822 2614 negligit,
865 2553 920 2598 et
952 2560 1014 2600 se
1066 2545 1258 2599 morbo
1298 2543 1419 2614 ejus
1460 2543 1650 2599 inficit.
1691 2541 1834 2599 Vere
1871 2558 1981 2598 non
2015 2543 2154 2598 bene

582 2635 914 2708 gloriamini,
945 2636 1074 2706 quia
1103 2651 1171 2690 an
1203 2636 1418 2690 nescitis
1451 2650 1550 2690 vos
1572 2635 1710 2706 quod
1739 2635 2002 2690 modicum
2036 2634 2153 2704 fru-

576 2737 807 2782 mentum
835 2727 884 2782 si
921 2726 1088 2782 fuerit
1114 2727 1332 2782 acidum
1368 2735 1534 2780 totam
1553 2735 1724 2797 pasta:
1762 2742 1994 2780 massam
2029 2743 2150 2780 cor-

579 2820 778 2889 rumpit
817 2818 1019 2874 factam
1053 2819 1298 2874 acidam?
1333 2818 1424 2873 Sic
1461 2825 1516 2874 et
1552 2819 1654 2874 iste
1696 2817 1990 2890 (modicum
2023 2817 2154 2888 quid

579 2911 882 2968 secundum
911 2925 1198 2965 numerum
1227 2909 1504 2978 Ecclesnae)
1533 2909 1830 2980 corrumpit
1859 2916 2030 2964 totam
2055 2907 2156 2964 Ec-

522 3024 530 3032 -
577 3002 821 3068 clesiam,
857 3001 1059 3056 factam
1113 3017 1261 3056 ream
1305 3017 1370 3056 ex
1403 3000 1808 3056 eohabitatione
1855 2999 2020 3069 hujus
2068 2997 2158 3052 eui

579 3093 941 3168 participavit.
1000 3092 1451 3164 Quandoquidem
1497 3091 1822 3148 fermentum
1844 3091 1950 3146 hoc
1973 3089 2159 3146 Eccle-

579 3186 675 3242 sia
732 3201 973 3242 massam
1013 3186 1316 3256 corrumpit
1336 3227 1353 3249 ,
1404 3199 1536 3256 ergo
1575 3183 1872 3240 auferendo
1907 3182 2056 3237 hunc
2105 3189 2160 3236 et

579 3293 744 3336 omne
771 3279 976 3334 malum
1001 3279 1069 3334 de
1097 3278 1280 3334 medio
1306 3286 1572 3343 vestrum,
1614 3283 1900 3347 expurgate
1933 3275 2159 3344 fermen-

588 3378 720 3434 tum,
751 3368 804 3422 id
833 3378 918 3422 est
959 3367 1292 3423 inflationem
1318 3376 1579 3424 vestram.
1617 3366 1684 3421 Et
1725 3367 1770 3421 si
1819 3365 1965 3436 quod
2013 3364 2162 3420 aliud

584 3460 792 3516 scilicet
810 3468 1092 3530 peccatum
1121 3470 1206 3515 est
1231 3460 1630 3530 expellendum.
1673 3456 2016 3512 Fermentum
2039 3455 2164 3511 dico

585 3560 748 3608 vetus.
779 3551 894 3608 Nisi
914 3552 1058 3608 enim
1085 3568 1184 3608 vos
1209 3553 1592 3623 purgaveritis,
1623 3553 1760 3608 estis
1797 3551 2044 3606 membra
2071 3564 2166 3604 vc-

585 3644 718 3700 teris
751 3643 1008 3701 hominis.
1049 3643 1356 3716 Expurgate
1381 3645 1583 3715 itaque,
1615 3655 1672 3698 ut
1701 3643 1820 3698 sitis
1844 3641 2160 3712 conspersio.

587 3735 781 3794 Farina
809 3753 903 3807 per
931 3753 1130 3808 aquam
1157 3737 1527 3808 conglutinata
1557 3737 1675 3793 sine
1713 3735 1982 3792 fermento
2023 3734 2164 3792 dici-

587 3836 675 3886 tur
701 3829 1020 3898 conspersio.
1055 3827 1377 3884 Humanitas
1401 3837 1582 3884 autem
1611 3835 1798 3882 nostra
1835 3843 1958 3898 quae
1985 3844 2084 3898 per
2105 3845 2165 3886 se

585 3921 788 3978 sterilis
816 3929 900 3978 est
923 3930 979 3976 et
1015 3922 1189 3988 arida,
1239 3937 1336 3991 per
1387 3920 1620 3978 farinam
1655 3919 1856 3976 siccam
1879 3921 2163 3991 accipitur,

583 4029 708 4084 qua:
726 4029 851 4069 rore
870 4011 1106 4083 Spiritus
1117 4014 1292 4068 sancti
1306 4014 1361 4068 in
1381 4013 1652 4082 baptismo
1663 4013 2090 4084 conglutinatur,
2107 4021 2168 4068 ut

586 4105 840 4162 ariditate
889 4106 1134 4176 depulsa,
1185 4105 1424 4160 fructum
1475 4104 1668 4172 faciat;
1705 4105 2165 4175 quemadmodum

587 4197 764 4254 farina
810 4213 906 4268 per
935 4213 1134 4267 aquam
1159 4197 1465 4268 copulatur,
1511 4204 1574 4251 ut
1623 4195 1913 4252 utilitatem
1945 4197 2162 4252 habeat.

591 4287 746 4356 Sitis,
777 4289 1024 4360 inquam,
1053 4291 1352 4360 conspersio
1385 4287 1538 4355 nov‘h,
1569 4289 1624 4344 id
1651 4297 1736 4344 est
1766 4287 1896 4343 facti
1921 4288 2166 4344 membra

589 4382 715 4440 novi
727 4381 876 4448 Adae,
890 4381 1094 4437 scilicet
1108 4381 1312 4438 Christi
1323 4381 1418 4451 qui
1427 4397 1524 4436 vos
1535 4395 1629 4450 per
1643 4378 1906 4450 Spiritum
1917 4387 2166 4435 sanetum

589 4473 890 4529 renovavit.
929 4473 1086 4528 Nune
1113 4481 1286 4529 estote
1326 4489 1464 4529 nova
1501 4455 1816 4543 conspersio
1849 4473 1987 4528 sicut
2017 4472 2168 4542 prius

589 4563 646 4620 in
667 4563 938 4636 baptismo
958 4565 1137 4634 fuistis
1153 4565 1349 4635 azymi,
1377 4565 1430 4620 id
1451 4573 1537 4620 est
1562 4565 1682 4620 sine
1709 4563 1976 4620 fermento
1997 4563 2167 4618 totius

589 4659 816 4728 peccati.
859 4657 1068 4720 Bonum
1104 4655 1188 4713 est
1219 4657 1366 4716 enim
1399 4657 1484 4712 sic
1521 4671 1618 4712 vos
1659 4655 1823 4712 modo
1855 4670 1954 4725 per
1990 4653 2167 4724 poeni-

587 4749 814 4810 tentiam
866 4750 1011 4822 (quae
1056 4758 1142 4808 est
1183 4750 1321 4804 alter
1371 4747 1695 4820 baptismus)
1735 4746 1976 4818 purgari,
2027 4745 2171 4802 sicut

589 4845 746 4914 prius
775 4859 872 4913 per
893 4843 1224 4913 baptismum
1244 4841 1459 4914 purgati
1481 4839 1679 4900 fuistis.
1696 4839 1937 4912 Azymus
1959 4837 2167 4906 Graece,

590 4937 702 4990 sine
728 4934 978 5004 fermento
1004 4935 1204 4991 dicitur
1233 4933 1442 4994 Latine.
1473 4933 1673 5005 Zymus
1715 4942 1800 4990 est
1839 4932 2166 4990 fermentum

591 5041 626 5078 a
647 5023 790 5088 sine,
811 5033 874 5079 ut
903 5024 975 5080 ibi
998 5026 1264 5096 acephali,
1291 5026 1344 5081 id
1373 5034 1455 5081 est
1480 5027 1592 5086 sine
1613 5025 1804 5094 capite.
1838 5021 1950 5080 Vos
1980 5023 2170 5092 utique

589 5129 900 5184 expurgare
920 5115 1130 5170 debetis
1153 5135 1166 5170 :
1187 5117 1380 5170 etenim
1412 5115 1656 5172 Christus
1681 5114 1987 5174 immolatus
2012 5122 2090 5172 est
2113 5113 2174 5166 in

593 5220 690 5262 ara
741 5205 960 5264 crucis:
996 5205 1142 5275 quod
1172 5205 1422 5264 Christus
1465 5215 1548 5260 est
1591 5215 1828 5264 nostrum
1865 5204 2082 5274 pascha,
2123 5204 2176 5262 id

591 5308 678 5360 est
698 5307 886 5354 noster
929 5299 1192 5354 transitus
1229 5299 1298 5354 de
1335 5307 1510 5360 morte
1537 5299 1605 5354 ad
1651 5298 1844 5363 vitam,
1885 5299 1952 5353 de
1985 5312 2176 5352 corru-

593 5393 778 5466 ptione
806 5391 872 5450 ad
904 5391 1401 5462 incorruptionem;
1443 5404 1540 5460 per
1567 5405 1728 5458 quem
1771 5404 1918 5444 nunc
1956 5387 2175 5444 tandem

583 5471 698 5540 'nos
727 5498 962 5554 purgare
993 5498 1309 5552 possumus,
1343 5481 1438 5552 qui
1481 5480 1633 5550 prius
1661 5481 1763 5535 sub
1795 5479 1929 5551 jugo
1973 5479 2176 5540 diaboli

597 5575 787 5642 vincti,
817 5591 924 5629 non
949 5583 1284 5646 poteramus.

669 5666 770 5722 Hic
792 5667 960 5722 mittit
1003 5682 1106 5723 nos
1146 5667 1214 5721 ad
1249 5664 1532 5722 historiam
1580 5665 1671 5718 ubi
1707 5664 1800 5718 lilii
1829 5663 2014 5728 Israel,
2048 5671 2109 5718 ut
2144 5681 2174 5718 a

599 5757 756 5827 plaga
789 5757 1006 5830 Egypti
1036 5758 1417 5823 liberarentur,
1453 5757 1715 5827 sanguine
1747 5756 2008 5812 immolati
2053 5757 2178 5826 agni

599 5857 780 5920 postes
821 5849 978 5909 linire
1017 5851 1275 5926 jubentur
1310 5849 1502 5922 (Exod.
1555 5865 1654 5916 xu,
1690 5849 1742 5920 7)
1782 5867 1795 5905 :
1849 5856 1974 5920 post
2021 5847 2178 5919 cujus

2235 626 2516 674 transeunt
2537 616 2604 670 ad
2629 623 2828 670 terram
2870 607 3331 682 repromissionis.
3378 604 3494 660 Hoc
3531 603 3680 658 enim
3723 600 3792 656 fe-

2233 719 2379 766 stum
2410 706 2796 764 immolationis
2840 704 2965 775 agni
2993 701 3212 773 paschae
3259 698 3460 754 dicitur
3503 695 3648 766 apud
3673 709 3792 760 eos;

2234 805 2436 874 pascha
2457 803 2602 871 apud
2627 799 2868 864 Graecos,
2893 795 3158 852 transitus
3183 793 3324 864 apud
3352 807 3474 848 nos.
3499 789 3596 844 Ille
3621 789 3798 859 utique

2235 912 2409 968 agnus
2437 909 2629 951 verum
2654 891 2870 963 Agnum
2897 889 2952 944 in
2973 903 3084 958 quo
3117 886 3332 941 macula
3365 882 3622 964 nonfuit,
3645 881 3796 936 Chri-

2234 999 2380 1046 stum
2409 985 2752 1060 signitieavit,
2792 997 2889 1053 per
2931 980 3090 1050 cujus
3119 977 3438 1048 sanguinem
3465 975 3700 1030 effusum
3735 972 3798 1025 li-

2235 1082 2462 1137 niuntur
2505 1086 2716 1132 mentes
2762 1083 2994 1138 nostrae,
3027 1079 3084 1126 et
3127 1071 3206 1125 sic
3245 1069 3542 1124 liberamur
3585 1081 3618 1119 a
3656 1065 3800 1134 plaga

2241 1171 2597 1244 percutientis
2649 1163 2864 1239 angeli;
2895 1165 2963 1220 ad
3007 1179 3163 1219 esum
3209 1162 3368 1244 cujus
3418 1159 3544 1230 agni
3571 1156 3804 1228 quotidie

2238 1240 2488 1321 convenit
2543 1261 2782 1318 Ecclesia
2801 1301 2816 1326 ,
2863 1274 2960 1328 per
2990 1257 3094 1311 hoc
3140 1240 3437 1310 transitura
3495 1251 3564 1306 ad
3608 1249 3802 1304 verita-

2237 1365 2346 1411 tem
2411 1353 2524 1419 rei,
2571 1366 2679 1422 qua
2732 1364 2880 1404 nunc
2937 1346 3109 1401 utitur
3175 1343 3280 1399 sub
3325 1341 3508 1412 specie
3551 1338 3710 1409 panis
3755 1345 3805 1390 et

2237 1446 2382 1511 vini,
2435 1457 2668 1515 quorum
2739 1440 2866 1494 licet
2931 1436 3142 1508 species
3205 1440 3458 1498 maneat,
3539 1429 3807 1485 credimus

2239 1550 2422 1596 tamen
2465 1549 2655 1592 revera
2699 1531 2932 1586 transire
2960 1530 3016 1583 in
3050 1541 3237 1582 veram
3281 1522 3644 1580 substantiam
3689 1534 3808 1574 eor-

2241 1630 2394 1702 poris
2447 1635 2504 1683 et
2546 1622 2831 1695 sanguinis
2885 1617 3094 1675 Christi
3137 1635 3151 1670 :
3197 1629 3294 1684 per
3341 1613 3458 1668 haec
3525 1607 3810 1665 transituri

2243 1726 2298 1780 in
2359 1719 2737 1778 aeternitatem.
2822 1711 3116 1783 Epulemur
3178 1707 3304 1764 dico
3367 1719 3470 1758 non
3535 1707 3812 1756 manentes

2247 1813 2403 1886 103
2426 1815 2484 1868 in
2495 1810 2652 1866 ceteri
2669 1802 3052 1878 fermentofsed
3071 1815 3230 1871 neque
3249 1800 3308 1853 in
3323 1797 3578 1868 fermento
3597 1791 3814 1847 malitis:

2248 1884 2734 1971 utnobismetipsis
2771 1896 2997 1962 habitat;
3029 1909 3122 1948 nec
3151 1892 3209 1946 in
3255 1889 3526 1945 fermento
3552 1884 3814 1955 nequitur,

2249 2007 2308 2055 ut
2325 1995 2537 2067 nequid
2557 2005 2784 2065 agamus
2795 1997 2983 2045 contra
3003 1983 3335 2056 proximum,
3355 1979 3444 2034 sed
3467 1987 3745 2034 manentes
3761 1975 3816 2028 in

2247 2090 2474 2162 azymis,
2519 2087 2574 2142 id
2641 2092 2726 2140 est
2761 2082 2820 2136 in
2869 2077 3198 2143 humilitate,
3240 2071 3584 2140 sinceritatis,
3633 2069 3686 2123 id
3733 2077 3814 2124 est

2249 2157 2506 2252 puritatis
2553 2179 2888 2231 conservatae
2925 2169 2981 2224 in
3007 2167 3186 2234 nobis,
3215 2175 3270 2220 et
3301 2161 3548 2219 veritatis
3584 2175 3652 2214 ne
3677 2157 3816 2213 frau-

2249 2247 2444 2328 demus
2461 2265 2793 2338 proximum.
2817 2259 3020 2314 Paulus
3047 2257 3164 2336 jam
3201 2261 3330 2310 ante
3369 2253 3440 2308 de
3463 2249 3688 2306 vitanda
3711 2247 3810 2302 for-

2250 2360 2525 2418 nicatione
2552 2355 2848 2425 scripserat
2865 2348 3198 2415 Corinthiis;
3233 2345 3329 2402 sed
3355 2343 3500 2400 dicta
3527 2341 3671 2412 ejus,
3683 2339 3802 2394 male

2252 2455 2689 2523 interpretantes,
2731 2445 3120 2504 existimabant
3159 2440 3306 2511 quod
3339 2439 3408 2496 de
3449 2435 3702 2507 gentibus
3737 2433 3806 2486 vi-

2252 2546 2454 2612 tandis,
2479 2558 2606 2599 cum
2626 2539 3046 2604 fornicarentur,
3081 2533 3417 2606 praeciperet.
3451 2527 3611 2584 Nune
3647 2537 3814 2582 autem

2251 2654 2350 2710 per
2383 2638 2488 2692 hoc
2515 2634 2662 2706 quod
2697 2633 2812 2702 jam
2844 2629 2912 2686 de
2960 2630 3066 2684 hoc
3101 2625 3331 2686 crimine
3371 2621 3668 2692 scripserat
3699 2619 3818 2682 illis,

2255 2745 2352 2786 eos
2382 2725 2750 2798 reprehendit,
2779 2731 2834 2780 et
2867 2719 3144 2792 quomodo
3171 2715 3498 2786 scripturam
3528 2727 3695 2783 quam
3725 2711 3818 2766 mi—

2255 2828 2410 2878 serat
2441 2817 2739 2888 intelligere
2777 2813 3056 2878 deberent,
3103 2808 3372 2873 insinuat,
3419 2805 3650 2860 dieens:
3700 2800 3822 2857 iure

2255 2913 2444 2984 utique
2469 2925 2640 2981 arguo
2659 2923 2760 2964 vos
2795 2906 2862 2963 de
2890 2905 3015 2970 hoc,
3045 2901 3192 2972 quod
3215 2914 3325 2955 non
3361 2896 3564 2954 tulistis
3587 2893 3822 2950 fornica-

2255 3017 2430 3064 torem
2461 3002 2613 3059 illum
2635 3002 2703 3057 de
2731 2998 2911 3055 medio
2933 3005 3198 3052 vestrum.
3231 2991 3344 3064 Ego
3369 2991 3512 3048 enim
3534 2988 3728 3058 scripsi
3747 3003 3826 3041 ro-

2259 3096 2338 3150 bis
2359 3095 2416 3150 in
2445 3092 2690 3163 Epistola
2709 3090 2824 3160 jam
2867 3086 3056 3153 missa,
3079 3084 3224 3155 quod
3252 3099 3356 3136 non
3389 3077 3828 3136 commisceamisi

2260 3185 2590 3258 fornicariis,
2637 3197 2748 3237 non
2776 3180 2967 3250 utique
2993 3175 3314 3248 praecipiens
3337 3174 3446 3229 hoc
3481 3173 3549 3227 de
3587 3171 3826 3226 fornica-

2263 3279 2359 3335 riis
2384 3277 2549 3348 hujus
2581 3273 2791 3340 mundi,
2821 3271 2876 3326 id
2901 3278 2984 3326 est
3016 3269 3084 3324 de
3112 3267 3367 3339 gentibus
3395 3264 3486 3335 qui
3509 3277 3623 3318 non
3661 3262 3826 3318 Deum

2261 3372 2356 3429 sed
2397 3369 2662 3425 mundum
2710 3370 3032 3434 sequuntur.
3085 3358 3294 3429 Scripsi
3346 3355 3508 3412 etiam
3557 3354 3732 3410 vobis
3773 3369 3827 3408 ne

2262 3456 2730 3517 commisceamini
2770 3463 2864 3509 aut
2905 3452 3225 3518 avaris,-aut
3254 3447 3552 3518 rapacibus,
3589 3455 3688 3502 aut
3727 3463 3824 3500 ser-

2261 3552 2519 3608 vientibus
2540 3548 2722 3614 idolis,
2753 3546 2808 3602 id
2837 3553 2922 3600 est
2943 3544 3032 3598 his
3057 3541 3155 3612 qui
3181 3541 3266 3596 vel
3297 3538 3367 3594 ad
3389 3539 3662 3595 culturam
3705 3535 3830 3592 idoli

2262 3646 2512 3710 redeunt,
2543 3642 2629 3697 vel
2667 3639 2764 3710 qui
2807 3636 2968 3692 idolis
3014 3633 3294 3690 immolata
3341 3629 3445 3686 sub
3489 3629 3829 3685 veneratione

2263 3737 2392 3794 idoli
2421 3734 2734 3792 comedunt.
2764 3729 2904 3786 Vere
2947 3743 3058 3783 non
3103 3726 3172 3782 de
3213 3722 3528 3780 fornicariis
3555 3719 3820 3792 gentilium

2263 3831 2370 3886 hoc
2401 3824 2694 3899 prohibui:
2726 3821 2960 3892 alioquin
3000 3820 3160 3885 enim,
3197 3817 3248 3872 id
3281 3827 3366 3871 est
3395 3814 3444 3870 si
3463 3814 3618 3869 aliter
3639 3825 3827 3882 agens,

2262 3924 2330 3979 de
2352 3919 2644 3994 gentilibus
2689 3915 2924 3970 vitandis
2972 3913 3076 3966 hoc
3103 3917 3432 3981 praeceptum
3465 3908 3682 3972 darem;
3724 3904 3830 3974 jam

2264 4015 2311 4072 si
2335 4012 2556 4068 obedire
2576 4008 2808 4074 velletis,
2833 4005 3131 4060 debueratis
3163 4003 3333 4057 exisse
3373 4001 3438 4054 de
3477 4000 3572 4052 hoc
3617 3997 3832 4057 mundo.

2265 4107 2318 4162 id
2347 4111 2432 4162 est
2457 4103 2651 4159 melius
2689 4107 2834 4157 esset
2853 4097 3010 4154 vobis
3033 4095 3190 4151 mori.
3208 4090 3528 4166 negligendo
3563 4103 3828 4160 quacun-

2231 4245 2234 4248 .
2264 4213 2372 4269 que
2413 4195 2652 4252 mundus
2694 4193 2877 4260 habet,
2919 4203 3086 4262 quam
3129 4195 3348 4258 propter
3395 4185 3652 4238 timorem
3687 4181 3838 4237 aliter

2265 4297 2486 4362 agentes
2513 4283 2930 4343 communicetis
2961 4280 3270 4336 fornicariis
3290 4297 3304 4332 :
3327 4277 3456 4332 olim
3479 4273 3708 4344 scripsi,
3729 4288 3838 4328 ma-

2265 4383 2315 4437 le
2340 4377 2705 4444 intellexistis,
2731 4375 2826 4432 sed
2848 4389 2998 4429 nunc
3028 4371 3336 4428 determine
3361 4367 3514 4422 vobis
3535 4367 3688 4436 quod
3713 4363 3840 4421 seri-

2266 4472 2351 4544 psi
2379 4487 2488 4527 non
2513 4470 2710 4525 debere
2728 4483 2827 4523 vos
2855 4462 3198 4522 commisceri
3217 4477 3344 4517 cum
3367 4457 3666 4529 ejusmodi.
3689 4455 3842 4525 Quod

2191 4591 2245 4654 Β
2269 4567 2350 4622 sic
2377 4562 2784 4634 intelligendum
2808 4569 2894 4616 est
2921 4577 2933 4612 :
2961 4557 3022 4613 Si
3042 4558 3088 4611 is
3107 4556 3196 4626 qui
3223 4555 3390 4625 frater
3412 4561 3492 4606 est
3515 4551 3570 4604 in
3588 4549 3726 4620 fide,
3755 4567 3818 4604 ao

2270 4659 2507 4714 minatur
2547 4655 2858 4726 fornicator,
2899 4659 2992 4706 aut
3029 4664 3244 4714 avarus,
3285 4655 3378 4700 aut
3415 4645 3652 4700 serviens
3689 4645 3842 4700 idolis

2267 4751 2438 4815 cultu,
2474 4749 2559 4803 vel
2589 4743 2918 4804 comedendo
2947 4740 3306 4811 idolothytum
3327 4737 3431 4794 sub
3456 4737 3836 4800 veneratione,

2267 4849 2362 4896 aut
2383 4839 2696 4903 maledicus,
2723 4844 2816 4890 aut
2841 4833 3097 4896 ebriosus,
3126 4829 3179 4885 id
3205 4836 3290 4884 est
3313 4833 3610 4883 consuetus
3631 4827 3838 4881 detrac-

2269 4932 2403 4989 tioni
2437 4939 2492 4986 et
2519 4927 2790 4994 ebrietati,
2818 4935 2911 4980 aut
2943 4939 3112 4994 raptu:
3137 4919 3450 4976 nominatur
3473 4934 3592 4972 cum
3631 4919 3732 4974 illo
3757 4915 3844 4986 qui

2268 5035 2354 5082 cst
2379 5021 2662 5094 ejusmodi,
2691 5029 2754 5074 ut
2779 5032 2996 5074 omnem
3029 5011 3472 5070 communionem
3513 5009 3806 5065 excludam
3831 5027 3844 5060 :

2274 5117 2422 5188 quod
2445 5113 2620 5170 levius
2639 5113 2851 5168 videtur
2887 5107 3146 5179 prohibeo
3183 5103 3393 5160 scilicet
3425 5118 3517 5156 nec
3537 5101 3721 5156 cibum
3757 5117 3846 5154 sa-

2277 5224 2434 5262 mere.
2489 5203 2650 5262 Notat
2697 5203 2890 5258 beatus
2923 5199 3264 5269 Augustinus
3309 5195 3366 5249 in
3411 5209 3480 5248 eo
3511 5193 3605 5247 ubi
3649 5193 3734 5248 ait
3761 5211 3778 5245 :
3803 5189 3848 5242 si

2277 5299 2590 5356 nominatur
2613 5306 2668 5352 et
2687 5309 2796 5350 non
2823 5293 2961 5348 dixit
2991 5290 3038 5346 si
3060 5299 3165 5356 est,
3197 5289 3302 5342 hoc
3347 5284 3684 5360 intellexisse
3705 5284 3848 5351 Apo-

2277 5391 2508 5456 stolum;
2541 5387 2671 5460 quia
2717 5386 2764 5442 si
2815 5383 2983 5438 frater
3027 5389 3112 5437 est
3145 5377 3392 5434 criminis
3435 5391 3582 5442 reus,
3623 5384 3682 5428 et
3723 5374 3852 5427 latet

2277 5482 2434 5550 culpa
2469 5480 2608 5548 ejus,
2649 5493 2760 5536 non
2789 5475 2950 5530 debet
2987 5467 3472 5525 excommunicari.
3511 5465 3587 5520 De
3625 5461 3854 5520 incertis

2277 5573 2421 5627 enim
2459 5579 2565 5624 non
2587 5575 2671 5624 est
2718 5564 3030 5621 habendum
3067 5559 3358 5631 judicium,
3395 5558 3488 5613 sed
3521 5557 3589 5611 de
3616 5552 3852 5608 crimine

2280 5661 2424 5732 quod
2455 5659 2861 5714 manifestatum
2892 5664 2947 5709 et
2973 5653 3384 5722 comprobatum
3410 5659 3522 5714 est;
3545 5657 3598 5702 et
3621 5645 3750 5700 ideo
3771 5643 3852 5696 di—

2281 5753 2358 5806 xit
2389 5751 2711 5804 nominatur.
2741 5743 2823 5801 De
2869 5746 2970 5814 hoc
3006 5743 3196 5812 utique
3237 5755 3346 5795 non
3390 5734 3722 5808 judicandus
3775 5738 3853 5784 est

2282 5861 2428 5902 reus.
2486 5842 2622 5900 Vere
2671 5837 3056 5896 de-fratribus
3106 5835 3366 5892 debemus
3403 5831 3640 5902 judicare
3681 5845 3694 5880 :
3731 5835 3855 5880 nam
