3978 6384
125 402 227 458 149

126 610 260 664 siam
284 605 350 659 de
374 605 462 658 his
487 606 580 677 qui
605 604 738 674 foris
767 614 911 671 sunt,
950 603 1003 658 id
1052 612 1156 670 est,
1188 604 1255 659 de
1285 604 1578 675 gentilibus
1604 605 1698 676 ju-

759 394 1122 453 EXPOSITIO
1159 396 1226 450 IN
1265 395 1647 453 EPISTOLAS
1685 397 1910 454 PAULI.
1954 429 2023 439 —
2061 397 2128 453 lN
2165 398 2383 454 EPIST.
2424 398 2446 453 Ι
2483 399 2575 454 AD
2611 399 2767 456 COR.
2844 376 2849 383 .

119 514 247 588 quid
282 513 433 579 mihi,
464 513 517 567 id
548 521 634 568 est
676 512 807 582 quid
833 512 901 567 ad
935 506 1021 567 me
1043 512 1276 583 pertinet
1300 522 1357 569 et
1394 514 1464 568 ad
1504 512 1693 570 Eccle-
1728 519 1789 574 Α-

3262 403 3365 458 150

2433 531 2732 571 EXPOSITIO.

1873 606 1983 662 liae
2010 607 2321 675 occasione;
2349 609 2478 680 quia
2523 609 2590 664 de
2630 608 2852 681 judiciis
2891 608 3014 664 ineo
3037 606 3129 680 pit,
3155 608 3372 678 transit,

127 697 336 753 dieare?
356 696 499 750 nihil
529 696 736 765 utique.
767 694 836 749 Et
860 697 1007 766 quod
1032 696 1099 750 de
1128 696 1215 751 his
1258 695 1350 766 qui
1398 706 1555 751 extra
1599 695 1701 752 Ec-
1801 704 1864 755 ut
1889 699 2038 755 mala
2063 715 2128 755 ex
2149 699 2371 770 judiciis
2398 700 2772 771 provenientia
2807 701 3046 771 corrigat
3076 700 3133 755 in
3160 699 3370 771 Corin-

129 789 342 847 clesiam
369 795 505 842 sunt
526 786 774 857 judicare
802 801 911 841 non
937 787 1085 856 licet,
1119 802 1287 842 nonne
1307 803 1394 842 vos
1415 787 1698 857 judicatis,

134 883 185 936 id
201 890 278 936 est
296 879 558 949 judicare
577 878 807 945 debetis,
835 877 900 933 de
918 877 1000 932 his
1019 879 1109 949 qui
1149 879 1295 933 intus
1332 887 1475 946 sunt,
1502 879 1560 934 in
1596 878 1701 935 Ec-

146 973 307 1028 clesia.
347 970 492 1026 Vere
511 970 581 1025 de
606 970 693 1025 his
720 970 818 1040 qui
841 970 991 1026 intus
1010 981 1157 1036 sunt,
1180 970 1440 1041 judicatis
1468 978 1699 1026 tantum.

147 1063 267 1117 Nam
308 1079 400 1117 eos
438 1062 531 1134 qui
574 1062 707 1132 foris
732 1071 874 1129 sunt,
906 1062 960 1116 id
985 1071 1070 1118 est
1087 1063 1340 1134 gentiles,
1383 1062 1524 1118 Deus
1548 1063 1691 1134 judi-

135 1155 285 1218 rabit,
316 1163 375 1209 et
398 1154 469 1208 ad
512 1168 615 1210 vos
641 1153 779 1208 nihil
818 1153 1054 1224 pertinet
1087 1155 1154 1210 de
1195 1154 1322 1211 illis.
1349 1154 1703 1225 Quandoqui-

130 1249 247 1303 dem
274 1245 347 1300 de
387 1245 646 1301 fidelibus
685 1244 1044 1315 iudicandum
1069 1255 1155 1302 est
1190 1247 1347 1303 vobis
1373 1265 1385 1302 :
1413 1246 1580 1319 igitur
1607 1263 1706 1300 au-

131 1340 259 1409 ferte
286 1337 484 1392 malum
515 1335 868 1393 fornicatoris
889 1335 1075 1395 fratris
1111 1354 1177 1394 ea:
1206 1340 1374 1405 vobis,
1408 1339 1556 1410 quod
1598 1338 1706 1394 nisi

131 1425 392 1481 auferatis
421 1444 433 1479 :
459 1426 573 1496 jam
613 1424 847 1494 ipsis,.id
874 1434 981 1493 est,
998 1426 1112 1496 jam
1144 1427 1302 1497 culpa
1334 1427 1579 1498 ejusdem
1594 1425 1704 1483 cri-

133 1518 290 1573 minis
322 1533 419 1573 vos
440 1519 851 1573 contaminatis.

727 1608 955 1667 CAPUT
989 1610 1077 1666 Vl.

207 1720 225 1753 ι
253 1702 430 1756 Audet
460 1701 664 1773 aliquis
685 1711 929 1759 vestrum
975 1705 1181 1760 habens
1220 1705 1496 1776 negotium
1517 1707 1708 1762 adver-

143 1814 159 1843 ι
186 1810 277 1850 sus
296 1795 562 1863 alterum,
588 1796 831 1867 judicari
875 1797 1019 1867 apud
1064 1798 1303 1868 iniquos,
1330 1807 1386 1853 et
1412 1814 1523 1854 non
1563 1800 1705 1869 apud

140 1903 157 1935 ι
183 1887 440 1942 sanctos?
461 1888 546 1942 An
577 1888 822 1953 nescitis,
850 1889 1109 1960 quoniam
1133 1891 1308 1946 sancti
1328 1891 1395 1945 de
1414 1891 1520 1946 hoc
1549 1907 1708 1946 mun-

141 1994 156 2021 ι
182 1974 247 2028 do
267 1974 638 2044 judicabunt?
662 1975 729 2031 Et
752 1977 799 2033 si
830 1978 886 2032 in
912 1977 1068 2034 vobis
1090 1977 1428 2048 judicabitur
1448 1980 1706 2045 mundus,

1786 791 1956 846 ‘thiis.
1987 789 2045 845 Si
2073 791 2199 862 quis
2218 791 2364 846 enim
2395 806 2585 847 eorum
2610 790 2851 847 auferret
2873 792 3172 863 quidquam
3194 792 3372 861 alteri,

1804 896 1914 935 non
1939 880 2030 936 ille
2049 882 2317 951 patienter
2349 882 2452 938 hoc
2491 883 2780 949 tolerabat,
2803 884 2898 939 sed
2929 883 3218 957 impatiens
3249 879 3377 941 ’fra-

1802 982 1941 1027 trem
1965 972 2034 1028 ad
2055 974 2680 1045 causam'compellebat,
2704 990 2805 1030 nec
2832 990 3019 1031 coram
3040 976 3377 1033 ecclesiasti-

1805 1064 2195 1136 cisjudicibus,
2241 1066 2336 1123 sed
2385 1068 2585 1137 spretis
2621 1067 2750 1135 illis,
2790 1083 2977 1125 coram
3022 1071 3378 1157 sazcularibus

1807 1153 2052 1211 fraudem
2094 1155 2260 1211 etiam
2299 1154 2533 1212 faciebat
2566 1155 2739 1226 fratri,
2778 1158 2959 1215 dando
2979 1174 3183 1219 munus
3204 1153 3378 1231 judici

1806 1246 1874 1302 ad
1896 1247 2308 1317 oppressionem
2339 1246 2544 1303 fratris.
2569 1246 2769 1303 Littera
2799 1250 2880 1305 sic
2913 1249 3191 1323 jungitur:
3227 1250 3380 1307 ludi-

1783 1393 1786 1399 ,
1806 1353 1932 1394 care
1951 1338 2171 1409 quidem
2194 1340 2352 1396 vobis
2372 1340 2499 1396 licet
2519 1341 2586 1396 de
2623 1340 2904 1410 fratribus,
2931 1344 3025 1399 sed
3046 1359 3155 1399 non
3175 1358 3243 1400 eo
3262 1359 3382 1401 mo—

1807 1429 1878 1484 do
1899 1445 2011 1499 quo
2031 1430 2456 1501 intemperanter
2482 1432 2693 1490 audetis
2715 1434 2857 1504 apud
2886 1434 3122 1505 iniquos.
3151 1434 3249 1492 Vel
3269 1437 3378 1491 ita:

1807 1520 2036 1577 Auferre
2064 1523 2268 1577 malum
2304 1539 2372 1579 ex
2406 1524 2582 1591 vobis,
2606 1525 2807 1581 bonum
2832 1534 2934 1582 est.
2966 1525 3071 1582 Sed
3090 1542 3262 1598 quare
3283 1545 3381 1582 au-

1808 1612 1896 1667 det
1936 1611 2130 1683 aliquis
2156 1621 2403 1668 vestrum.
2432 1612 2537 1669 Ubi
2566 1614 2661 1681 ait,
2692 1615 2871 1681 audet,
2907 1623 3060 1671 notat
3092 1631 3215 1672 esse
3247 1632 3376 1688 pce-

1809 1713 1991 1760 catum
2022 1704 2339 1774 hujusmodi
2385 1721 2604 1763 ausum.
2642 1705 2783 1773 ‘Cur,
2813 1706 3060 1777 inquam,
3087 1707 3251 1764 audet
3285 1708 3383 1763 ali-

1810 1795 1937 1866 quis
1977 1805 2223 1851 vestrum
2260 1796 2454 1852 habens
2486 1798 2771 1868 negotium,
2809 1798 2864 1853 id
2907 1807 2991 1854 est
3016 1800 3293 1870 querelam
3322 1801 3389 1855 de

1809 1888 2163 1945 saecularibus
2187 1888 2351 1944 rebus
2395 1889 2644 1943 adversus
2685 1889 2912 1944 alterum
2952 1888 3176 1945 fratrem
3200 1931 3217 1957 ,
3237 1889 3389 1959 judi-

1808 1996 1949 2046 care,
1975 1980 2030 2035 id
2056 1989 2140 2035 est
2164 1979 2303 2035 inire
2320 1980 2587 2050 judicium
2617 1996 2744 2036 cum
2775 1980 2970 2048 fratre,
3000 1982 3143 2051 apud
3181 1983 3389 2052 iniquos

141 2086 155 2113 ι
180 2065 392 2136 indigni
444 2067 581 2123 estis
622 2068 716 2138 qui
765 2069 832 2124 de
885 2069 1131 2125 minimis
1168 2069 1445 2140 judicetis.
1477 2069 1709 2127 Nescitis
1804 2072 2036 2142 judices,
2066 2072 2121 2128 id
2150 2080 2235 2128 est
2262 2073 2574 2139 saeculares,
2603 2082 2652 2127 et
2676 2090 2779 2127 non
2800 2074 2941 2143 apud
2961 2082 3194 2139 sanctos,
3220 2073 3273 2128 id
3302 2082 3388 2129 est

148 2159 450 2227 «quoniam
485 2160 702 2229 angelos
734 2161 1126 2231 judicabimus,
1148 2170 1358 2232 quanto
1401 2162 1576 2234 magis
1605 2178 1709 2219 sa:-

151 2250 438 2329 ccularia?
490 2251 778 2309 Saecularia
823 2252 999 2324 igitur
1025 2252 1232 2325 judicia
1275 2254 1323 2309 si
1378 2253 1709 2320 habueritis,

151 2342 633 2419 «contemptibiles
667 2333 1108 2418 [contendibiles]
1134 2345 1231 2416 qui
1258 2353 1387 2400 sunt
1428 2344 1483 2399 in
1523 2344 1710 2401 Eccle-

150 2452 164 2480 ‹
190 2434 288 2500 sia,
310 2434 440 2490 illos
466 2435 786 2490 constituite
820 2436 889 2491 ad
912 2436 1288 2507 judicandum.
1332 2435 1414 2491 Ad
1453 2451 1714 2492 verecun-

153 2545 168 2575 ι
194 2528 333 2582 diam
363 2536 612 2584 vestram
639 2528 782 2585 dico.
823 2528 916 2583 Sic
956 2543 1065 2584 non
1094 2538 1177 2585 est
1202 2530 1344 2584 inter
1370 2544 1471 2585 vos
1499 2530 1714 2601 sapiens

156 2637 173 2666 ι
200 2618 503 2688 quisquam,
535 2618 631 2688 qui
655 2618 831 2689 possit
846 2618 1092 2689 judicare
1115 2619 1259 2674 inter
1281 2618 1504 2674 fratrem
1526 2620 1716 2675 suum‘

162 2729 178 2757 ι
204 2709 295 2763 sed
324 2708 487 2765 frater
528 2725 658 2766 cum
704 2709 875 2766 fratre
909 2710 1118 2782 judicio
1159 2711 1439 2767 contendit
1486 2731 1498 2766 :
1531 2721 1586 2769 et
1611 2714 1714 2769 hoc

168 2818 185 2847 ι
217 2800 351 2868 apud
379 2792 659 2856 infideles?
686 2799 808 2856 Jam
835 2802 1058 2871 quidem
1093 2802 1320 2859 omnino
1346 2803 1606 2862 delictum
1632 2814 1718 2861 est

167 2910 184 2939 ο
210 2891 261 2945 in
308 2892 478 2960 vobis,
522 2893 674 2964 quod
708 2893 914 2965 judicia
957 2894 1170 2951 habetis
1210 2894 1352 2951 inter
1379 2911 1498 2953 vos.
1536 2896 1718 2965 Quare

165 3003 182 3034 ι
207 2998 303 3039 non
349 2986 526 3056 magis
574 2985 834 3055 iniuriam
875 2986 1154 3056 accipitis?
1182 2984 1362 3053 Quare
1390 3001 1498 3042 non
1542 2987 1717 3059 magis

177 3094 193 3123 ι
213 3074 443 3131 fraudem
464 3077 754 3147 patimini?
782 3076 888 3132 Sed
910 3091 1009 3135 vos
1038 3078 1211 3149 magis
1246 3077 1503 3148 injuriam
1539 3077 1718 3134 facitis

183 3167 561 3235 «etfraudatis,
596 3178 652 3225 et
682 3170 789 3225 hoc
842 3169 1121 3226 fratribus.
1171 3168 1256 3224 An
1297 3169 1542 3237 nescitis,
1589 3170 1718 3241 quia

177 3277 192 3306 ι
212 3257 361 3329 iniqui
383 3274 618 3331 regnum
643 3259 735 3315 Dei
757 3277 864 3317 non
888 3262 1244 3333 possidebunt
1261 3261 1286 3314 ?
1303 3260 1481 3317 Nolite
1498 3277 1713 3317 errare:

166 3366 184 3399 r
206 3364 366 3420 neque
416 3349 720 3417 fornicarii,
751 3367 929 3421 neque
960 3351 1123 3408 idolis
1157 3352 1455 3408 servientes
1481 3394 1496 3420 ,
1538 3368 1718 3424 neque

165 3457 180 3488 ι
206 3440 448 3506 adulteri,
486 3457 666 3512 neque
700 3443 915 3509 molles,
956 3457 1133 3514 neque
1174 3444 1540 3500 masculorum
1587 3460 1720 3501 con-

166 3550 183 3581 c
211 3534 511 3602 cubitores,
568 3551 746 3606 neque
811 3536 992 3602 fures,
1056 3553 1233 3607 neque
1300 3537 1479 3603 avari,
1542 3552 1721 3608 neque

167 3644 183 3673 ι
215 3625 369 3699 1M
394 3627 612 3694 ebriosi,
660 3644 838 3698 neque
862 3628 1133 3696 maledici,
1164 3645 1342 3700 neque
1376 3643 1601 3700 rapaces
1633 3647 1720 3686 re-

163 3737 180 3767 c
204 3734 364 3789 gnum
387 3717 480 3774 Dei
505 3719 880 3791 possidebunt.
908 3719 976 3775 Et
996 3720 1112 3777 haec
1139 3721 1357 3791 quidem
1381 3721 1723 3795 [aliquando]

170 3832 183 3857 ι
205 3808 377 3867 fuistis
404 3829 420 3866 :
451 3811 553 3867 sed
580 3811 752 3867 abluti
774 3812 930 3879 estis,
956 3814 1047 3869 sed
1080 3813 1400 3869 sanctificati
1430 3816 1585 3881 estis,
1629 3815 1723 3870 sed

175 3902 480 3970 Ijustiﬂcati
524 3904 682 3972 estis,
727 3904 783 3959 in
828 3905 1048 3961 nomine
1094 3904 1312 3960 Domini
1367 3907 1540 3961 nostri
1594 3905 1723 3962 Jesu

183 3992 422 4063 «Christi,
447 4004 507 4052 et
534 3996 590 4050 in
611 3996 807 4066 spiritu
828 3994 925 4052 Dei
946 3998 1139 4053 nostri.
1163 3996 1356 4053 Omnia
1380 3999 1516 4053 mihi
1538 3999 1722 4067 licent,

183 4102 198 4133 ι
216 4086 288 4142 sed
301 4104 417 4143 non
432 4086 621 4143 omnia
630 4087 945 4158 expediunt.
959 4087 1153 4144 Omnia
1169 4090 1302 4144 mihi
1316 4090 1500 4158 licent,
1520 4091 1615 4147 sed
1626 4107 1727 4163 ego

175 4195 190 4225 ι
210 4179 294 4235 sub
312 4180 529 4236 nullius
549 4180 762 4257 redigar
783 4190 1067 4251 potestate.
1095 4181 1233 4237 Esca
1254 4183 1433 4240 ventri
1457 4191 1513 4238 et
1539 4193 1727 4239 venter

175 4287 189 4317 ι
212 4272 340 4328 escis
367 4290 382 4325 :
405 4271 559 4326 Deus
580 4279 759 4326 autem
781 4280 837 4327 et
855 4274 1002 4327 hunc
1015 4281 1070 4328 et
1083 4273 1223 4328 hanc
1242 4273 1503 4329 destruet.
1516 4274 1728 4344 Corpus

171 4376 187 4409 ι
230 4374 410 4418 autem
442 4377 556 4417 non
580 4361 950 4430 fornicationi,
983 4364 1078 4419 sed
1100 4363 1359 4431 Domino,
1386 4372 1440 4420 et
1465 4365 1728 4422 Dominus

172 4474 187 4501 ι
206 4456 438 4527 corpori.
465 4454 613 4511 Deus
656 4470 787 4510 vero
826 4465 880 4511 et
905 4454 1198 4511 Dominum
1240 4456 1527 4513 suscitavit
1554 4465 1608 4512 et
1628 4472 1730 4515 nos

1812 2162 1995 2218 fideles
2020 2160 2275 2219 Ecclesiae
2295 2162 2543 2233 judices?

1860 2252 2133 2309 'Dicerent
2162 2254 2240 2308 illi
2271 2273 2283 2308 :
2309 2253 2590 2311 Timemus
2617 2254 2921 2326 inquietare
2946 2266 3163 2314 sanctos
3185 2257 3253 2311 ab
3271 2273 3371 2313 ora

1811 2344 2053 2400 tionibus
2082 2344 2218 2401 suis.
2248 2343 2369 2401 Non
2401 2345 2589 2418 utique
2621 2346 2719 2417 (ait
2740 2345 2989 2418 Paulus),
3023 2348 3153 2419 quia
3195 2366 3265 2403 an
3303 2366 3392 2404 ne-

1812 2437 1962 2491 scitis
1991 2452 2110 2503 vos,
2142 2437 2281 2509 quod
2319 2439 2494 2492 sancti
2528 2438 2583 2493 in
2619 2436 2805 2494 futuro
2829 2438 3039 2510 judicio
3072 2440 3392 2511 judicabant

1813 2528 1878 2584 de
1906 2528 2003 2584 hoc
2030 2529 2264 2584 mundo?
2286 2514 2424 2585 Etsi
2453 2530 2510 2585 in
2536 2529 2700 2597 vobis,
2725 2529 2778 2585 id
2798 2538 2885 2587 est
2911 2531 2967 2586 in
2987 2533 3395 2604 comparatione

1814 2619 1981 2676 vestri
1996 2618 2336 2690 judicabitur
2379 2620 2469 2676 hic
2508 2620 2736 2675 mundus
2768 2621 2825 2676 in
2852 2621 3290 2694 ultimojudicio,
3322 2640 3391 2679 an

1814 2713 1943 2767 estis
1988 2711 2197 2784 indigni
2233 2713 2327 2783 qui
2381 2710 2471 2768 hic
2493 2712 2749 2782 judicetis
2777 2713 2842 2769 de
2877 2715 3110 2770 minimis
3141 2717 3209 2772 ad
3241 2716 3394 2773 com-

1818 2794 2157 2876 parationem
2188 2802 2519 2872 futurorum,
2557 2804 2765 2861 scilicet
2787 2805 2855 2861 de
2883 2808 3274 2878 temporalibus
3300 2807 3396 2865 Ec-

1817 2896 1999 2953 clesiae
2031 2896 2235 2952 rebus?
2263 2894 2331 2951 Et
2355 2895 2499 2952 sicut
2525 2896 2798 2964 homines,
2825 2897 2906 2955 sic
2930 2899 3097 2954 etiam
3122 2899 3398 2957 daemones

1820 2989 1874 3042 in
1902 2981 2260 3047 similitudine
2283 2979 2472 3046 nostra
2504 2982 2933 3060 iudicabuntur;
2964 2992 3095 3062 quia
3129 3009 3200 3048 an
3225 2995 3397 3048 nesci-

1822 3081 1889 3134 tis
1912 3094 2032 3147 vos,
2063 3082 2189 3151 quia
2223 3075 2504 3152 apostatas
2532 3080 2743 3153 angelos
2758 3082 3147 3152 judicabimus,
3177 3098 3400 3156 compa-

1822 3171 2035 3227 ratione
2053 3171 2240 3227 vestri.
2271 3170 2427 3238 Quod
2461 3173 2509 3229 si
2534 3174 2775 3245 angelos,
2803 3182 3001 3245 quanto
3027 3176 3199 3248 magis
3227 3194 3401 3233 saecu-

1775 3264 1789 3282 ‘
1820 3262 1963 3318 [aria
1996 3261 2121 3318 licet
2136 3262 2418 3332 judicare?
2455 3263 2716 3322 Homines
2748 3265 3145 3336 iudicabuntur
3167 3269 3311 3323 ‘mali
3346 3269 3399 3324 in

1822 3354 2229 3424 comparatione
2261 3353 2555 3423 bonorum,
2590 3356 2721 3428 quia
2756 3372 2883 3413 cum
2919 3357 3167 3430 ejusdem
3209 3360 3399 3416 condi-

1822 3446 1987 3503 tionis
2014 3442 2238 3514 fuerint,
2268 3462 2370 3503 nec
2391 3447 2533 3503 idem
2556 3463 2680 3503 cum
2717 3449 2880 3505 bonis
2901 3450 3112 3521 operati
3135 3452 3266 3517 sint,
3290 3451 3406 3508 haec

1823 3536 1939 3592 sola
1967 3538 2307 3608 comparatio
2345 3538 2616 3594 sententia
2657 3539 3029 3598 damnationis
3065 3557 3259 3597 eorum
3299 3553 3401 3598 est.

1893 3627 2177 3685 Daemones
2210 3630 2416 3700 duplici
2454 3632 2617 3688 modo
2657 3632 2712 3687 in
2750 3632 3110 3690 similitudine
3134 3634 3407 3706 iustorum

1822 3722 2248 3792 damnabantur,
2278 3732 2396 3780 tum
2426 3724 2554 3795 quia
2586 3724 2857 3783 ﬁrmiores
2884 3735 3095 3783 naturae
3119 3742 3285 3798 quam
3315 3727 3410 3781 bo-

1826 3830 1917 3870 mo
1949 3817 2117 3873 creati
2151 3826 2299 3884 sunt,
2333 3833 2435 3874 nec
2456 3818 2512 3871 in
2536 3817 2685 3874 bono
2721 3819 3105 3889 perstiterunt:
3129 3827 3244 3874 tum
3275 3818 3404 3889 quia

1826 3921 2041 3976 semper
2060 3907 2302 3963 invident
2317 3907 2504 3977 justis,
2528 3923 2629 3962 nec
2648 3923 2744 3963 eos
2765 3922 3025 3978 superare
3050 3917 3279 3978 queunt.
3300 3905 3406 3963 Pro

1827 3998 1991 4069 hujus
2014 4013 2211 4070 pugna:
2238 3999 2468 4055 victoria
2491 3999 2627 4070 justi
2660 4000 2999 4056 damnabunt
3026 4001 3201 4055 malos
3236 4016 3404 4072 ange-

1827 4092 1930 4147 los.
1964 4089 2121 4147 Nunc
2162 4091 2360 4146 iterum
2404 4090 2611 4147 ironice
2651 4091 3003 4162 reprehendit
3037 4106 3133 4148 eos
3171 4092 3238 4148 de
3278 4093 3403 4160 hoc,

1828 4186 1977 4257 quod
2014 4185 2334 4256 insipientes
2388 4185 2791 4241 constituebant
2813 4178 3026 4256 judices
3056 4204 3068 4240 :
3100 4201 3209 4257 qua
3244 4185 3311 4242 de
3349 4202 3411 4240 re
3433 4196 3461 4211 λ

1829 4278 2013 4345 ﬁebat,
2038 4285 2100 4333 ut
2127 4292 2309 4334 causae
2339 4274 2706 4333 Ecclesiarum
2748 4276 3176 4334 transferrentur
3208 4277 3274 4333 ad
3309 4293 3412 4335 sm-

1831 4371 2067 4427 culares.
2099 4369 2554 4439 Quandoquidem
2586 4369 2752 4439 (sicut
2771 4370 3059 4440 probatum
3091 4368 3198 4439 est)
3225 4367 3411 4424 Eccle-

1826 4458 1921 4544 .sia
1944 4459 2194 4530 judicare
2214 4459 2373 4514 debet
2412 4458 2555 4514 inter
2581 4457 2779 4515 fratres
2808 4478 2821 4513 :
2854 4459 3020 4531 igitur
3043 4459 3092 4513 si
3119 4458 3410 4512 habueritis

164 4568 181 4599 ι
204 4551 491 4609 suscitabit
527 4565 625 4621 per
662 4550 920 4605 virtutem
962 4565 1141 4605 suam.
1189 4548 1424 4607 Nescitis
1464 4552 1726 4622 quoniam
1760 4576 1805 4632 ι)
1830 4549 2114 4608 swcularia
2135 4551 2368 4621 judicia,
2423 4550 2475 4606 id
2508 4559 2593 4607 est
2623 4550 2747 4606 lites
2776 4551 2916 4606 inter
2942 4566 3041 4607 vos
3074 4565 3173 4621 pro
3203 4559 3413 4620 tempo-

165 4658 181 4687 ι
210 4653 433 4710 corpora
454 4645 640 4693 vestra
662 4636 905 4692 membra
936 4645 1066 4693 sunt
1091 4636 1331 4693 Christi?
1354 4635 1572 4696 Tollens
1594 4655 1726 4712 ergo

167 4749 184 4778 ι
210 4730 448 4786 membra
474 4727 705 4796 Christi,
728 4725 925 4783 faciam
951 4728 1197 4782 membra
1232 4728 1576 4784 meretricis?
1612 4731 1725 4785 Ab-

167 4843 185 4874 ι
207 4823 293 4879 sit.
325 4824 411 4879 An
454 4823 684 4880 nescitis
727 4823 989 4893 quoniam
1027 4820 1123 4892 qui
1180 4821 1417 4876 adhaeret
1454 4821 1726 4878 meretrici

166 4934 180 4963 α
207 4932 372 4971 unum
403 4931 607 4985 corpus
633 4913 894 4970 efficitur?
923 4934 941 4966 ι
962 4912 1138 4968 Erunt
1174 4913 1321 4968 enim
1364 4913 1586 4985 (inquit)
1616 4914 1727 4969 duo

164 5024 179 5055 σ
203 5006 255 5061 in
276 5022 449 5063 carne
472 5022 586 5062 una
610 5004 762 5076 (Gen.
788 5022 850 5074 ιι,
871 5006 976 5061 24:
1005 5004 1253 5076 Ephes.v,
1269 5005 1366 5072 '51;
1395 5004 1586 5059 Matth.
1609 5021 1725 5073 xxx,
1756 5002 1759 5003 ⁷

163 5116 179 5143 ‹
204 5097 278 5171 5).
324 5118 344 5150 ι
379 5097 489 5165 Qui
529 5106 710 5153 autem
752 5098 994 5153 adhmret
1018 5098 1152 5166 Deo,
1198 5096 1598 5168 unus'spiritus
1623 5106 1726 5153 est.

163 5205 178 5237 ι
205 5187 397 5260 Fugite
427 5188 866 5245 fornicationem.
893 5188 1066 5245 Omne
1085 5189 1230 5245 enim
1254 5199 1537 5261 peceatum
1562 5188 1733 5260 quod-

164 5300 178 5329 ι
206 5297 424 5352 cunque
445 5282 637 5338 fecerit
671 5283 855 5348 homo,
878 5293 1031 5337 extra
1060 5298 1258 5352 corpus
1284 5290 1386 5338 est.
1418 5282 1522 5350 Qui
1549 5290 1731 5337 autem

164 5371 531 5441 «fornicatur,
577 5373 632 5428 in
677 5389 878 5444 corpus
916 5390 1076 5429 suum
1125 5381 1332 5444 peccat.
1382 5374 1466 5430 An
1508 5374 1732 5431 nescitis

169 5482 185 5512 ι
207 5465 469 5534 quoniam
498 5485 518 5517 ί
546 5466 792 5521 membra
813 5473 992 5520 vestra
1014 5467 1275 5537 templum
1308 5475 1437 5522 sunt
1478 5465 1532 5538 (1
1538 5465 1568 5520 I
1597 5465 1721 5523 Cor.

170 5570 185 5600 ο
211 5569 284 5621 vr,
324 5555 433 5625 l6).
462 5575 482 5606 ι
530 5555 768 5625 Spiritus
790 5555 987 5623 sancti,
1027 5556 1123 5626 qui
1152 5556 1209 5610 in
1235 5555 1394 5612 vobis
1428 5566 1532 5624 est,
1562 5572 1724 5628 quem

174 5660 192 5689 ι
219 5641 427 5699 habetis
447 5659 478 5699 a
515 5644 647 5711 Deo,
681 5654 751 5699 et:
780 5660 891 5700 non
928 5647 1060 5701 estis
1099 5646 1302 5701 vestri?
1335 5665 1353 5699 ‹
1376 5645 1556 5717 Empti
1583 5646 1725 5702 enim

177 5750 191 5779 ι
218 5734 350 5791 estis
376 5737 551 5806 pretio
579 5753 777 5807 magno
806 5736 860 5807 (I
892 5737 1037 5791 Petr.
1069 5754 1105 5802 I,
1150 5738 1260 5803 18),
1303 5758 1319 5790 ι
1346 5738 1642 5809 gloriﬁcatc
1677 5748 1730 5795 et

179 5840 196 5870 ι
220 5833 427 5893 portate
456 5825 625 5882 Deum
652 5826 707 5881 in
731 5843 958 5897 corpore
986 5836 1186 5882 vestro.
1221 5848 1240 5878 ι

1832 4643 2040 4698 ralibus
2061 4642 2246 4698 rebus.
2271 4641 2375 4698 Per
2402 4640 2534 4698 illud
2554 4650 2708 4697 notat
2724 4642 2932 4715 melius
2949 4656 3092 4708 esse,
3118 4640 3296 4695 sinon
3320 4639 3413 4693 ha-

1833 4736 2025 4791 berent
2064 4734 2380 4805 hujusmodi
2416 4735 2645 4807 judicia.
2685 4733 2765 4800 Si,
2810 4734 3059 4804 inquam,
3107 4731 3411 4786 habueritis

1834 4826 1950 4882 haec
1971 4824 2200 4902 judicia,
2237 4826 2541 4880 constituite
2572 4825 2697 4880 illos
2739 4823 2811 4877 ad
2829 4820 3206 4892 judicandum,
3238 4818 3294 4873 id
3328 4830 3414 4876 est

1834 4918 2093 4988 praeficite
2120 4917 2276 4972 vobis
2298 4917 2420 4973 illos
2440 4916 2495 4970 in
2521 4916 2756 4987 judices,
2778 4914 2875 4985 qui
2904 4921 3033 4969 sunt
3057 4912 3415 4983 contemptibi-

1831 5011 1928 5077 les,
1960 5010 2014 5066 id
2048 5018 2131 5065 est
2149 5008 2575 5079 insipientiores,
2604 5008 2661 5060 in
2685 5005 2947 5061 Ecclesia.
2980 5003 3048 5060 Et
3075 5005 3181 5060 hoc
3207 5004 3414 5061 ironice

1832 5101 1985 5169 dicit,
1997 5101 2127 5173 quia
2147 5101 2229 5157 sic
2241 5116 2337 5156 eos
2349 5099 2529 5155 facere
2542 5098 2957 5155 sciebat.Ethoc
2970 5098 3117 5169 quod
3127 5096 3272 5164 dico,
3289 5114 3414 5152 con-

1836 5192 2149 5264 temptibiles
2168 5193 2476 5247 constituite
2502 5191 2572 5246 ad
2587 5190 2964 5263 judicandum,
2981 5191 3090 5247 hoc
3101 5191 3221 5245 dico
3237 5190 3307 5244 ad
3328 5206 3412 5245 ve-

1833 5292 2001 5338 stram
2026 5284 2416 5352 verecundiam,
2456 5300 2567 5338 non
2591 5283 2956 5355 praecipiendo
2989 5291 3049 5338 ut
3076 5281 3290 5337 faciatis
3315 5282 3412 5337 sed

1834 5375 2190 5432 memorando
2227 5377 2375 5448 quod
2417 5376 2618 5443 facitis,
2646 5376 3114 5432 “uerecundiam
3145 5372 3410 5429 habeatis.

1830 5460 1970 5517 Nam
2001 5477 2127 5517 cum
2158 5461 2232 5517 ita
2261 5460 2444 5518 facitis
2471 5478 2541 5517 an
2571 5463 2669 5527 sic,
2702 5462 2755 5517 id
2790 5469 2893 5528 est,
2926 5460 3061 5515 adeo
3091 5458 3412 5528 insipientes

1834 5552 1963 5610 facti
1995 5554 2157 5621 estis;
2180 5554 2320 5624 quod
2344 5570 2447 5608 non
2478 5563 2555 5609 est
2586 5554 2724 5608 inter
2754 5570 2841 5607 vos
2862 5551 3153 5623 quisquam
3194 5548 3412 5618 sapiens

1839 5645 1995 5717 105
2033 5647 2121 5717 qui
2158 5646 2325 5717 possit
2357 5645 2604 5715 judicare
2633 5645 2770 5698 inter
2808 5643 3027 5714 fratrem
3067 5648 3118 5695 et
3152 5639 3415 5709 fratrem?

1837 5738 1930 5793 sed
1975 5738 2102 5809 quia
2149 5739 2284 5794 adeo
2316 5752 2509 5792 omnes
2547 5735 2861 5805 desipuistis
2890 5753 2903 5788 :
2931 5732 3051 5787 ideo
3084 5731 3252 5801 frater
3288 5745 3414 5784 con-

1840 5831 2004 5885 tendit
2037 5849 2151 5886 cum
2180 5834 2361 5902 fratre,
2386 5831 2594 5901 judicio
2616 5873 2628 5895 ,
2672 5829 2724 5884 id
2754 5839 2861 5893 est,
2895 5843 2989 5897 per
3022 5840 3268 5882 causam.
3304 5821 3419 5881 Nec
