3978 6400
571 375 662 432 151

563 581 800 654 inﬁdeles
821 577 1054 651 judices,
1089 576 1318 648 penuria
1349 574 1837 632 ecclesiasticarum
1869 573 2134 646 judicum.

565 673 685 742 Quo
716 670 934 742 quidem
978 683 1046 724 ex
1089 667 1295 746 judicio
1337 665 1441 722 hoc
1485 665 1684 719 malum
1727 664 1906 720 evenit
1947 680 1961 716 ;
1995 662 2142 740 quod

565 762 891 822 contenditis
928 760 1194 826 vicissim,
1237 767 1292 813 et
1323 758 1448 828 jura
1487 756 1745 814 Ecclesiae
1786 757 1853 812 ad
1897 755 2143 814 inﬁdeles

565 843 803 910 refertis.
834 851 956 910 Jam
992 857 1139 908 certe
1165 857 1452 921 propterea
1494 849 1728 914 omnino,
1771 847 1824 904 id
1859 855 1962 914 est,
2003 846 2147 902 sicut

567 945 826 1001 omnibus
852 951 1019 1015 patet,
1057 942 1307 997 delictum
1339 949 1416 995 est
1459 941 1516 996 in
1550 941 1712 996 vobis.
1754 938 1830 994 De
1865 941 1972 996 hoc
1999 941 2146 1012 quod

563 1037 772 1108 judicia
807 1035 1016 1092 habetis
1041 1035 1182 1090 inter
1204 1049 1322 1090 vos.
1354 1031 1546 1088 Melius
1571 1032 1720 1088 enim
1747 1041 1891 1088 esset
1918 1047 2027 1104 non
2060 1048 2146 1086 re-

569 1132 808 1187 clamare
842 1145 961 1196 sua,
992 1115 1160 1200 quam
1189 1144 1256 1184 ex
1289 1129 1676 1184 reclamatione
1721 1135 1804 1184 tot
1837 1127 1980 1182 mala
2019 1141 2147 1196 pro-

569 1223 758 1280 venire
787 1222 1056 1286 Ecclesias.
1093 1219 1161 1276 Et
1184 1221 1315 1292 quia
1343 1221 1602 1276 delictum
1631 1229 1716 1277 est
1743 1221 1883 1276 inter
1907 1235 2005 1275 vos
2031 1218 2148 1273 fieri

567 1316 794 1387 judicia,
813 1303 984 1386 quare
1008 1331 1112 1368 non
1132 1315 1300 1386 magis
1323 1314 1587 1384 accipitis,
1615 1313 1670 1368 id
1697 1322 1802 1380 est,
1837 1311 1954 1367 sine
1979 1311 2150 1366 recla-

569 1407 810 1462 matione
856 1399 1132 1471 toleratis,
1173 1405 1432 1477 injuriam
1477 1405 1596 1476 ejus
1640 1404 1736 1475 qui
1781 1413 1964 1460 vestra
2010 1402 2152 1458 tollit

573 1496 790 1566 aperte?
826 1495 894 1552 Et
930 1511 1093 1566 quare
1138 1511 1242 1548 non
1281 1495 1451 1564 magis
1495 1493 1744 1564 patimini
1787 1491 2050 1562 fraudem,
2097 1491 2151 1546 id

571 1597 656 1643 est
701 1588 976 1644 occultum
1026 1585 1285 1640 damnum
1333 1583 1518 1640 fratris
1554 1584 2018 1641 circumventione
2065 1583 2150 1638 fa—

573 1689 744 1742 ctum,
781 1692 948 1747 quam
974 1675 1043 1732 de
1071 1675 1456 1730 reclamatione
1489 1682 1668 1730 vestra
1691 1667 1775 1730 'sic
1809 1674 2036 1728 vilescat
2057 1672 2156 1730 Ec-

573 1769 779 1826 clesia?
811 1765 1024 1822 Bonum
1051 1776 1199 1822 esset
1221 1781 1321 1823 vos
1345 1767 1457 1838 pati
1485 1768 1742 1838 injuriam
1770 1785 1800 1824 a
1829 1765 1998 1820 fratre
2037 1767 2148 1834 illa-

575 1869 711 1924 tam,
753 1855 882 1927 quia
927 1871 1038 1912 non
1081 1856 1258 1912 solum
1288 1872 1398 1912 non
1427 1857 1710 1928 patimini,
1749 1857 1840 1912 sed
1875 1856 2040 1912 etiam
2068 1871 2154 1909 vos
2189 1845 2231 1900 Β

576 1950 759 2020 facitis
781 1950 830 2004 ei
858 1951 1134 2022 injuriam,
1160 1965 1220 2004 re
1243 1947 1542 2006 auferendo
1566 1965 1684 2004 sua.
1713 1948 1786 2002 Et
1807 1949 1974 2006 etiam
2003 1947 2154 2018 frau-

575 2043 740 2110 datis,
768 2041 822 2097 id
850 2052 953 2110 est,
985 2042 1195 2098 occulte
1221 2040 1460 2110 judicem
1485 2040 1796 2110 prmvenitis
1809 2054 2032 2094 munere
2056 2054 2152 2093 ve-

574 2139 690 2187 stro
711 2131 779 2187 ad
804 2132 1202 2202 oppositionem
1229 2128 1691 2202 [oppressionem]
1721 2129 1907 2185 fratris
1934 2148 1947 2184 :
1969 2138 2024 2184 et
2049 2130 2154 2184 hoc

573 2231 748 2280 totum
779 2223 957 2280 facitis
983 2239 1091 2280 non
1113 2223 1407 2290 extraneis,
1434 2223 1523 2276 sed
1551 2223 1830 2292 fratribus,
1860 2237 2001 2292 quos
2027 2237 2155 2290 sup—

573 2324 794 2386 portare
824 2314 1112 2390 deberetis.
1161 2313 1230 2366 Et
1263 2315 1366 2368 hoc
1393 2312 1653 2390 facientes
1682 2311 1941 2390 fratribus
1972 2312 2156 2382 inique

579 2405 757 2478 agitis.
791 2404 896 2460 Sed
933 2421 1001 2458 an
1029 2406 1239 2460 nescitis
1269 2421 1389 2470 vos,
1419 2405 1544 2476 quia
1583 2405 1752 2476 iniqui
1791 2419 1894 2458 non
1917 2402 2156 2473 posside-

581 2497 708 2550 bunt
737 2513 952 2566 regnum
997 2493 1456 2568 Dei?.Propterea
1493 2511 1560 2550 ne
1594 2511 1628 2550 a
1661 2511 1828 2567 regno
1869 2493 1966 2550 Dci
1996 2493 2158 2550 alieni

571 2588 726 2656 sitis,
771 2589 940 2643 nolite
978 2603 1161 2644 errare
1193 2586 1496 2644 fraudando
1533 2595 1588 2642 et
1629 2585 1939 2658 injuriando
1977 2584 2161 2640 fratri-

585 2681 710 2735 bus.
743 2677 881 2733 Vere
909 2677 1082 2750 iniqui
1107 2693 1216 2734 non
1246 2679 1638 2748 possidebunt:
1665 2695 1788 2734 nam
1809 2695 1968 2750 neque
1994 2678 2162 2748 forni-

583 2769 742 2834 carii,
781 2785 941 2840 neque
961 2769 1051 2839 qui
1073 2769 1305 2823 serviunt
1331 2767 1508 2834 idolis,
1533 2783 1694 2840 neque
1719 2767 1974 2836 adulteri,
2001 2784 2162 2839 neque

585 2859 767 2914 molles
812 2859 907 2932 qui
946 2859 1248 2930 patiuntur,
1289 2875 1450 2930 neque
1495 2859 1856 2914 concubitores
1896 2857 2162 2912 masculo-

582 2968 702 3005 rum
745 2951 840 3024 qui
889 2959 1086 3024 agunt,
1138 2967 1299 3022 neque
1348 2951 1520 3021 fures,
1568 2967 1730 3022 neque
1779 2951 1964 3018 avari,
2003 2965 2165 3020 neque

580 3043 795 3110 ebriosi,
829 3059 987 3114 neque
1029 3041 1298 3111 maledici,
1344 3059 1506 3114 neque
1546 3059 1783 3114 rapaces,
1819 3058 2033 3114 regnum
2072 3040 2165 3096 Dei

581 3133 939 3204 possidebunt.

651 3223 731 3282 Ne
763 3209 926 3282 modo
953 3225 1224 3284 Corinthii
1253 3226 1660 3284 deterrerentur
1687 3228 1792 3294 his,
1819 3237 1876 3284 et
1913 3227 2167 3300 despera-
2195 3201 2239 3263 ο

581 3327 706 3374 rent
731 3336 746 3373 :
769 3317 1158 3396 quiafortasse
1198 3319 1267 3376 ad
1307 3321 1424 3376 hate
1457 3329 1582 3390 post
1617 3319 1950 3390 baptismum
1993 3318 2169 3376 redie-

583 3417 736 3476 rant,
773 3397 1084 3466 consolatur
1125 3425 1221 3466 eos
1259 3409 1461 3466 Paulus
1499 3411 1824 3466 blandiendo
1868 3410 1984 3476 eis;
2028 3409 2170 3464 unde

519 3495 526 3504 ’
585 3499 701 3554 ait:
727 3497 904 3555 Nolite
931 3501 1124 3556 terreri
1153 3501 1450 3571 praemissis
1476 3520 1488 3555 :
1516 3518 1602 3555 vos
1625 3501 1836 3571 quidem
1859 3509 1909 3554 et
1939 3499 2051 3560 haec
2093 3499 2172 3570 fe—

586 3591 736 3646 cistis
763 3605 886 3662 qua:
909 3591 1180 3660 praemisi;
1211 3591 1301 3646 sed
1327 3592 1495 3646 abluti
1534 3593 1660 3646 estis
1692 3591 1760 3646 ab
1787 3591 1876 3646 his
1903 3589 1958 3644 in
1988 3589 2168 3662 bapti—

587 3697 730 3748 smo,
777 3669 886 3737 sed.
909 3683 1075 3738 etiam
1115 3684 1440 3754 sanctiﬁcali
1481 3686 1629 3750 estis,
1668 3683 1721 3740 id
1757 3691 1842 3738 est
1867 3679 2172 3738 confirmati

589 3773 750 3830 donis
771 3773 943 3829 sancti
968 3771 1225 3844 Spiritus,
1249 3773 1339 3827 sed
1363 3773 1490 3826 estis
1511 3771 1800 3842 justiﬁcati
1825 3771 2174 3844 possessione

589 3865 851 3920 virtutum
883 3865 938 3920 in
974 3866 1195 3920 nomine
1221 3863 1436 3920 Domini
1465 3865 1660 3930 nostri,
1687 3865 1748 3920 id
1777 3873 1860 3921 est
1885 3863 2065 3920 Patris
2091 3872 2175 3920 :et

589 3960 645 4012 in
666 3959 872 4013 nomine
895 3957 1024 4014 Iesu
1059 3957 1281 4027 Christi,
1318 3969 1368 4013 et
1390 3960 1445 4012 in
1472 3955 1679 4030 Spiritu
1719 3957 1818 4012 Dei
1853 3960 2043 4025 nostri,
2078 3959 2173 4030 qui

590 4047 661 4104 ab
689 4057 922 4120 utroque
949 4051 1214 4120 procedit,
1259 4065 1383 4120 qua:
1409 4050 1567 4106 nobis
1593 4059 2018 4106 commemorata
2047 4059 2176 4104 sunt

591 4137 648 4192 in
679 4137 970 4208 baptismo.
1003 4139 1140 4208 Quia
1167 4141 1378 4194 dixerat
1409 4141 1659 4210 superius
1686 4158 1700 4194 :
1727 4139 1904 4206 Quare
1932 4157 2036 4194 non
2063 4127 2176 4194 ma-

592 4231 672 4301 gis
697 4231 951 4302 injuriam
973 4231 1236 4302 accipitis,
1280 4231 1522 4287 dicerent
1549 4232 1624 4286 illi
1653 4229 1882 4287 :Nonne
1916 4232 2044 4288 licet
2083 4247 2176 4287 no-

596 4321 683 4378 bis
718 4330 962 4394 repetere
987 4323 1210 4378 nostra?
1243 4322 1568 4378 determinat
1595 4321 1799 4378 Paulus
1826 4340 1838 4376 :
1864 4321 1994 4392 quia
2027 4337 2175 4392 qua:-

594 4414 720 4470 dam
750 4421 899 4481 sunt,
927 4429 1051 4486 qum
1075 4414 1155 4470 sic
1177 4415 1363 4482 licent,
1390 4425 1450 4469 ut
1469 4413 1664 4470 melius
1688 4413 1901 4484 prosint
1926 4413 2172 4482 dimissa,

593 4517 650 4566 et
683 4509 800 4564 hate
839 4517 969 4564 sunt
1001 4523 1088 4564 res
1118 4509 1460 4580 temporales.
1497 4508 1754 4576 Quaedam
1783 4517 1912 4565 sunt
1936 4525 2060 4580 quat
2096 4511 2176 4566 sic

593 4600 780 4666 licent,
830 4607 892 4654 ut
930 4598 1198 4670 judicium
1238 4614 1427 4654 eorum
1478 4598 1677 4654 dimitti
1717 4614 1829 4654 non
1869 4599 2081 4666 debeat,
2124 4611 2178 4656 et

597 4692 714 4748 hate
743 4699 872 4747 sunt
898 4689 1226 4758 criminalia,
1256 4707 1378 4761 quae
1410 4691 1648 4746 animam
1671 4691 1945 4748 occidunt.
1976 4691 2179 4750 Littera

599 4783 678 4842 sic
697 4784 948 4856 jungitur
975 4801 988 4838 :
1014 4783 1164 4840 Licet
1199 4784 1430 4840 dixerim
1460 4783 1686 4854 accipite
1717 4783 1976 4854 injuriam
2005 4786 2180 4855 magis

597 4893 760 4949 quam
791 4877 1116 4942 reclametis,
1155 4877 1270 4933 scio
1306 4887 1488 4932 tamen
1533 4875 1680 4946 quod
1720 4876 1850 4930 mihi
1883 4883 1939 4930 et
1965 4875 2181 4932 unicui-

598 4982 706 5038 que
732 4977 972 5024 vestrum
1001 4969 1159 5024 licent
1189 4969 1304 5025 haec
1341 4970 1540 5035 omnia,
1574 4969 1628 5024 id
1655 4977 1740 5024 est
1771 4977 2016 5040 repetere
2053 4984 2173 5034 sua,

598 5075 824 5118 causam
856 5061 992 5116 inire
1020 5077 1145 5116 cum
1173 5061 1358 5128 fratre,
1391 5071 1527 5129 etc.;
1564 5061 1654 5116 sed
1678 5063 1930 5132 quamvis
1958 5063 2176 5134 liceant,

601 5159 782 5224 tamen
811 5151 929 5205 haec
956 5153 1134 5205 omnia
1161 5169 1265 5206 non
1294 5138 1598 5224 expediunt,
1642 5154 1694 5210 id
1736 5161 1821 5210 est
1863 5170 1972 5210 non
2012 5139 2178 5224 expe—

600 5239 745 5297 ditos
775 5239 842 5296 ad
872 5239 1012 5295 bona
1041 5255 1142 5296 nos
1171 5239 1398 5308 faciunt,
1425 5242 1536 5296 imo
1566 5241 1875 5311 impeditos.
1908 5241 2051 5298 Idem
2083 5243 2183 5298 ite~

599 5347 726 5388 rum
755 5347 902 5387 nunc
936 5331 1118 5387 subdit
1144 5332 1306 5386 aliam
1340 5349 1564 5388 causam
1590 5353 1601 5386 :
1625 5333 1818 5388 Omnia
1845 5333 1974 5388 mihi
2005 5332 2184 5400 licent,

602 5423 694 5479 sed
724 5431 907 5478 tamen
932 5439 1025 5494 ego
1048 5431 1334 5494 propterea
1373 5439 1477 5476 non
1519 5423 1729 5493 redigar
1757 5423 1851 5478 sub
1878 5433 2186 5494 potestatem

603 5515 767 5571 ullius
791 5513 1016 5586 judicis,
1042 5523 1138 5570 aut
1162 5514 1395 5584 alicujus
1421 5515 1500 5570 rei
1540 5523 1601 5570 ut
1635 5515 1808 5586 magis
1831 5517 2052 5570 charam
2083 5516 2185 5570 ha-

601 5607 762 5666 beam
798 5607 967 5676 illam,
1005 5623 1170 5680 quam
1195 5622 1381 5678 pacem
1412 5605 1618 5664 fratris.
1669 5606 1766 5662 Vel
1791 5607 1866 5662 ita
1894 5627 1906 5661 :
1933 5607 2046 5679 Ego
2075 5623 2186 5662 non

605 5701 820 5772 redigar
861 5703 963 5758 sub
1001 5709 1322 5773 potestatem
1366 5701 1530 5758 ullius
1572 5701 1796 5772 judicis,
1843 5710 1902 5755 ut
1941 5701 2184 5769 praemio,

608 5793 692 5849 vel
725 5793 908 5866 aliquo
945 5793 1207 5866 obsequio
1243 5793 1564 5864 prievcniam
1605 5808 1728 5848 eum
1766 5793 1831 5847 ad
1873 5791 2184 5862 oppressio-

1132 371 1190 426 S.
1229 367 1576 428 BRUNONIS
1611 365 2251 424 CARTHUSIANORUM
2288 361 2778 420 lNSTlTUTORIS
2815 359 2966 420 OPP.
2997 359 3179 418 PARS
3213 359 3277 417 ll.
3659 367 3728 421 152

563 491 769 546 malum
805 485 1172 543 contentionis
1205 484 1400 540 sufficit
1423 503 1436 540 :
1461 483 1556 540 sed
1583 483 1746 542 etiam
1777 483 1873 535 hoc
1907 482 1966 536 fit
1999 481 2139 536 apud
2169 489 2214 544 Α
2243 495 2374 548 ηειιι
2403 479 2607 534 fratris.
2639 475 2749 532 Nec
2777 476 2954 530 solum
2983 475 3100 530 haec
3123 475 3268 531 licita
3309 457 3598 532 dimittenda
3621 493 3730 550 sunt,

2223 757 2431 827 'utique
2473 762 2696 831 paratur
2738 754 2928 820 uentri,
2974 761 3026 808 et
3071 761 3244 806 uenter
3285 760 3595 808 sustentatur
3623 757 3736 810 escis.

2240 571 2335 628 sed
2362 572 2528 627 etiam
2566 568 2874 626 necessaria
2909 565 3252 638 corporibus,
3285 582 3382 638 pro
3416 569 3592 638 quibus
3619 573 3734 628 simi-

2241 663 2364 720 liter
2395 679 2503 720 non
2541 663 2700 718 debet
2734 659 2903 716 frater
2937 659 3250 731 inquietari,
3293 669 3352 714 ut
3388 675 3482 731 pro
3502 679 3622 728 esca,
3650 681 3738 735 qua

2245 849 2350 906 Sed
2373 851 2501 906 licet
2533 850 2669 908 adeo
2695 848 3004 906 necessaria
3032 846 3122 912 sit,
3151 855 3334 902 tamen
3363 861 3466 900 non
3485 857 3560 902 est
3579 847 3742 917 litigan-

2243 944 2373 1000 dum
2417 959 2519 1014 pro
2563 943 2668 1000 hac
2692 961 2705 994 :
2730 941 2857 1012 quia
2899 940 3040 996 Deus
3079 948 3130 993 et
3175 939 3311 992 hunc
3345 947 3570 994 ventrem
3603 949 3644 992 et
3677 939 3743 994 lia:

2244 1051 2401 1092 escas
2457 1035 2708 1090 destruet.
2755 1031 2863 1088 Pro
2903 1031 3000 1103 ,his
3052 1029 3468 1100 temporalibus,
3521 1029 3632 1098 quia
3667 1031 3746 1084 cito

2245 1133 2552 1192 transeunt,
2595 1139 2698 1182 nec
2729 1123 2992 1180 damnant
3027 1120 3266 1196 animam
3307 1134 3413 1174 non
3451 1118 3666 1188 repetita,
3699 1133 3748 1172 ne

2246 1227 2449 1284 curetis
2489 1225 2690 1284 habere
2727 1222 3026 1294 judicium,
3075 1221 3172 1278 sed
3213 1218 3606 1276 fornicationem
3639 1217 3748 1271 illam

2247 1335 2357 1376 non
2386 1317 2636 1390 patimini
2661 1315 3054 1374 indemnatum.
3081 1311 3236 1380 Quod
3267 1311 3346 1366 sic
3372 1311 3614 1380 jungitur.
3651 1308 3750 1363 Esca

2247 1409 2474 1466 debetur
2503 1407 2697 1472 ventri,
2731 1406 2824 1461 sed
2849 1419 3050 1475 corpus
3069 1418 3180 1461 non
3207 1401 3431 1456 debetur
3449 1399 3751 1469 fornicationi;

2249 1503 2338 1556 sed
2371 1501 2595 1554 Domino
2629 1498 2832 1554 servire
2869 1497 3029 1552 debet
3067 1511 3164 1565 per
3209 1493 3391 1550 omnia
3425 1509 3439 1546 :
3469 1501 3516 1546 et
3559 1489 3752 1544 Dominus

2249 1590 2476 1646 debetur
2505 1587 2714 1658 corpori
2745 1587 2818 1642 ibi
2847 1585 3102 1641 servienti
3127 1603 3140 1638 :
3167 1583 3296 1654 quia
3339 1597 3460 1638 cum
3497 1595 3584 1651 per
3607 1595 3654 1634 se
3679 1595 3752 1632 ιιιι-

2249 1685 2378 1741 dum
2423 1686 2515 1750 sit,
2561 1683 2726 1740 vestit
2769 1697 2894 1737 eum
2941 1679 3085 1736 Deus
3117 1685 3438 1734 ornamento
3470 1677 3693 1730 virtutum
3723 1672 3756 1726 si

2253 1776 2502 1832 servierit
2539 1773 2792 1830 Domino.
2843 1771 2979 1827 Vere
3027 1770 3292 1826 Dominus
3325 1769 3462 1824 bene
3499 1766 3644 1822 faciet
3673 1780 3757 1820 cor-

2259 1868 2376 1938 pori
2400 1887 2413 1922 :
2441 1883 2567 1924 nam
2611 1864 2868 1920 Dominus
2903 1863 3184 1918 suscitabit
3231 1878 3324 1916 nos
3371 1861 3424 1914 in
3463 1858 3756 1938 incorruptio-

2261 1971 2385 2011 nem
2417 1955 2548 2010 :sed
2581 1953 2746 2024 hujus
2783 1953 2864 2010 rei
2905 1951 3284 2023 probationem
3313 1949 3578 2020 praemittit
3603 1947 3756 2002 dicens.

2261 2047 2400 2102 Vere
2433 2045 2578 2102 Deus
2609 2044 2893 2102 suscitabit
2937 2059 3039 2100 nos
3063 2062 3078 2097 :
3103 2059 3226 2098 nam
3259 2043 3374 2113 ipse
3405 2039 3654 2094 suscitavit
3681 2037 3758 2107 jam

2267 2139 2424 2210 106
2453 2137 2734 2190 Dominum
2759 2133 2964 2200 Iesum,
2985 2135 3040 2188 in
3071 2148 3182 2204 quo
3207 2148 3422 2190 carnem
3455 2141 3664 2186 nostram
3679 2145 3760 2182 sus-

2261 2229 2447 2283 citavit
2471 2247 2484 2282 :
2506 2235 2561 2281 et
2588 2227 2692 2280 hoc
2717 2225 2771 2280 in
2801 2225 2960 2280 nobis
2989 2224 3252 2294 perficiet.
3283 2222 3349 2278 Et
3382 2221 3426 2276 si
3471 2221 3650 2290 quaeris
3669 2235 3756 2288 quo-

2263 2321 2426 2374 modo
2469 2318 2727 2374 suscitet?
2770 2318 2908 2374 scito
2934 2313 3064 2388 quia
3099 2333 3193 2388 per
3227 2317 3468 2370 uirtutem
3507 2329 3656 2366 suam.
3683 2309 3750 2362 Hoc

2263 2407 2394 2464 dicit
2428 2406 2496 2462 ad
2537 2406 3006 2476 comprimendum
3037 2405 3376 2468 Corinthios,
3419 2403 3508 2474 qui
3542 2403 3602 2456 de
3639 2415 3752 2454 usur-

2264 2497 2503 2552 rectione
2539 2495 2899 2552 dubitabant:
2925 2497 3070 2566 quod
3112 2495 3166 2550 in
3207 2492 3550 2564 sequentibus
3585 2491 3758 2546 declara-

2265 2588 2430 2644 bitur.
2483 2587 2628 2644 Dixit
2661 2604 2888 2646 causam
2931 2603 3102 2658 quare
3139 2603 3342 2657 corpus
3380 2587 3621 2642 debeatur
3658 2581 3763 2634 Deo:

2267 2678 2452 2734 subdit
2481 2693 2706 2733 causam
2731 2693 2902 2749 quare
2937 2693 3047 2734 non
3079 2677 3344 2732 debeatur
3371 2673 3699 2734 fornicationi,
3719 2669 3770 2722 di-

2267 2783 2399 2824 cens
2437 2787 2451 2823 :
2493 2768 2704 2839 Corpus
2753 2783 2864 2824 non
2907 2777 2992 2822 est
3041 2766 3386 2822 subdendum
3437 2759 3772 2820 fornicationi:

2268 2861 2398 2932 quia
2429 2876 2499 2926 an
2525 2860 2738 2914 nescitis
2765 2875 2862 2914 vos
2889 2860 3138 2928 quoniam
3162 2874 3278 2914 non
3305 2858 3473 2912 solum
3503 2854 3686 2914 animat,
3709 2845 3776 2902 sal

2267 2954 2430 3010 etiam
2473 2969 2700 3024 corpora
2744 2962 2916 3006 uestra
2961 2951 3196 3006 membra
3235 2950 3433 3006 Christi
3461 2947 3606 3002 sunt?
3633 2941 3778 2998 Anima

2270 3045 2576 3100 membrum
2598 3053 2682 3100 est
2707 3041 2932 3108 Christi,
2957 3043 3084 3113 quia
3112 3057 3214 3112 per
3240 3043 3501 3100 rationem
3525 3038 3626 3110 figit
3639 3033 3780 3092 oculos

2273 3137 2560 3196 interiores
2585 3135 2642 3192 in
2669 3135 3086 3200 admirationem
3129 3133 3252 3190 Dei.
3295 3133 3502 3204 Corpus
3538 3127 3780 3186 membrum

2267 3239 2356 3286 est
2405 3227 2612 3284 Christi
2651 3247 2663 3282 :
2698 3228 2830 3290 dum
2869 3243 2966 3298 per
3013 3241 3246 3284 manum
3285 3227 3548 3282 ministrat
3581 3216 3782 3292 pauperi.

2227 3387 2230 3390 _
2267 3319 2496 3390 pedibus
2541 3317 2726 3374 visitat
2769 3318 3070 3384 infirmum,
3117 3327 3228 3373 etc.
3273 3317 3340 3372 Et
3381 3315 3582 3388 quando
3613 3309 3782 3380 quidem

2269 3413 2516 3468 membra
2544 3411 2750 3468 Christi
2789 3427 3017 3468 sumus:
3043 3427 3164 3482 ergo
3209 3411 3400 3466 tollens
3425 3407 3633 3464 membra
3667 3400 3784 3458 Clui-

2269 3504 2360 3570 sti,
2392 3503 2592 3574 faciam
2614 3517 2678 3558 ea
2706 3503 2938 3557 membra
2984 3502 3323 3556 meretricis?
3357 3501 3502 3554 Absit
3543 3499 3650 3552 hoc.
3689 3491 3786 3544 Pos-

2271 3604 2400 3650 sunt
2433 3595 2621 3664 utique
2661 3593 2778 3650 fieri
2821 3593 3066 3648 membra
3107 3593 3414 3650 meretricis
3445 3610 3458 3648 :
3487 3589 3602 3661 quia
3637 3601 3690 3640 an
3719 3596 3784 3634 ηε-

2270 3685 2420 3742 scitis
2455 3701 2554 3742 vos
2579 3685 2717 3756 quod
2749 3687 2839 3756 qui
2869 3685 3102 3740 adbmret
3132 3685 3421 3751 meretrici,
3449 3683 3642 3753 efﬁcitur
3659 3685 3774 3728 suum

2272 3795 2459 3850 corpus
2482 3794 2602 3832 cum
2629 3775 2770 3831 illa?
2802 3775 3026 3832 Duobus
3051 3775 3231 3832 modis
3261 3777 3538 3832 adhaerens
3578 3759 3782 3828 ιιιεπειτῑεῑ

2272 3884 2472 3940 corpus
2503 3869 2624 3940 ejus
2656 3867 2885 3924 efficitur
2918 3887 2932 3924 :
2960 3883 3070 3924 uno
3107 3884 3204 3938 per
3241 3869 3390 3926 illam
3423 3861 3798 3954 commistiouew‘

2273 3962 2478 4028 carnis,
2510 3978 2605 4033 per
2633 3977 2800 4032 quam
2825 3962 2882 4015 in
2909 3961 3202 4031 quamdam
3241 3963 3507 4018 unitatem
3545 3955 3802 4022 astringunt

2275 4063 2394 4122 tur;
2429 4055 2603 4110 altero
2631 4055 2691 4109 fit
2713 4054 3130 4125 participatione
3159 4055 3392 4124 peccati.
3423 4053 3572 4122 Quod
3597 4063 3678 4120 per
3705 4057 3786 4098 (του

2227 4186 2232 4194 -
2269 4148 2608 4218 junctionem
2637 4148 2822 4204 carnis
2851 4161 3020 4202 unum
3054 4163 3256 4218 corpus
3285 4149 3582 4203 efficiantur
3613 4138 3796 4213 probat.

2274 4240 2403 4311 quia
2431 4240 2498 4296 de
2529 4241 2632 4296 hoc
2663 4240 2838 4311 magis
2867 4239 3266 4310 ambigebatur,
3309 4255 3438 4296 vere
3465 4251 3622 4294 unum
3649 4239 3804 4298 corpus

2275 4329 2581 4386 efficiuntur
2609 4349 2621 4384 :
2645 4345 2772 4384 nam
2789 4329 3002 4400 Moyses
3013 4329 3144 4384 dicit
3157 4329 3212 4384 in
3231 4327 3432 4386 Genesi
3457 4345 3470 4380 :
3501 4347 3520 4380 ι
3543 4325 3698 4380 Erunt
3723 4318 3807 4373 duo

2277 4424 2333 4478 in
2359 4439 2524 4478 carne
2545 4439 2654 4478 una
2680 4421 2831 4493 (Gen.
2871 4439 2933 4489 ιι,
2955 4423 3068 4492 24).
3103 4440 3124 4474 ι
3153 4421 3268 4478 Ηοε
3313 4431 3490 4478 tamen
3523 4420 3586 4475 de
3616 4411 3811 4485 legitimo

2278 4515 2630 4572 matrimonio
2658 4515 2796 4570 dixit
2821 4534 2834 4569 :
2862 4515 2956 4570 sed
2993 4515 3184 4570 eadem
3227 4513 3543 4584 conjunctio
3567 4519 3618 4566 et
3647 4499 3811 4562 identi-

2283 4613 2368 4661 tas
2403 4605 2588 4661 carnis
2624 4605 2684 4660 fit
2721 4605 2778 4660 in
2813 4605 3010 4676 copula
3050 4604 3337 4670 adulterii,
3401 4603 3542 4660 sicut
3583 4599 3636 4653 in
3669 4587 3816 4650 matri-

2284 4697 2490 4753 monio.
2527 4695 2632 4764 Qui
2661 4697 2901 4752 adhaeret
2928 4695 3202 4752 meretrici
3227 4696 3288 4752 fit
3315 4709 3486 4750 unum
3513 4703 3696 4760 corpus
3715 4693 3814 4739 cum

2283 4790 2396 4856 illa,
2429 4789 2523 4846 sed
2561 4789 2652 4860 qui
2687 4789 2920 4844 adhaeret
2951 4787 3202 4854 Domino,
3247 4803 3386 4842 unus
3425 4784 3636 4856 spiritus
3663 4785 3748 4840 est,
3779 4767 3818 4824 id

2283 4893 2368 4940 est
2405 4883 2593 4938 unitur
2631 4881 2864 4938 Domino
2907 4881 2963 4936 in
3005 4879 3288 4940 identitate
3337 4879 3578 4948 spiritus.
3622 4871 3682 4924 Et
3715 4863 3818 4936 quia

2281 4985 2492 5032 tantum
2539 4975 2744 5032 malum
2789 4973 3168 5038 fornicationis
3212 4980 3325 5038 est,
3369 4976 3646 5042 propterea
3685 4955 3822 5032 [ισίιε

2283 5069 2701 5140 fornicationem.
3549 5099 3562 5106 -

2355 5159 2678 5216 Notandum.
2715 5167 2800 5214 est
2841 5155 2988 5228 quod
3035 5155 3151 5210 ait:
3179 5153 3372 5224 Fugite
3417 5145 3822 5228 fornicationem;

2285 5250 2392 5305 hoc
2437 5249 2582 5304 enim
2631 5222 2912 5318 peccatum
2961 5263 3072 5302 non
3119 5253 3204 5302 est
3249 5222 3664 5314 exspectandum
3704 5222 3826 5318 :sef‘

2287 5350 2578 5410 antequam
2605 5315 2808 5406 veniat,
2838 5340 3040 5410 quibus
3087 5337 3418 5408 adjumentis
3458 5339 3736 5404 possumus
3769 5315 3828 5374 ab

2287 5447 2352 5488 eo
2379 5419 2706 5503 fugiendum
2747 5440 2832 5486 est
2859 5451 2872 5486 :
2897 5431 3112 5486 difficile
3146 5429 3294 5486 enim
3329 5435 3416 5482 est
3445 5423 3666 5480 evadere
3693 5414 3754 5468 ab
3775 5421 3828 5464 ea

2289 5535 2576 5596 postquam
2609 5526 2796 5596 igneas
2824 5525 3049 5595 sagittas
3075 5521 3364 5590 fornicatio
3390 5515 3636 5574 intorsit.
3657 5518 3706 5564 et
3729 5503 3830 5558 ideo

2291 5617 2448 5684 dixit,
2491 5616 2678 5690 fugite,
2714 5629 2766 5672 ct
2809 5633 2916 5672 non
2953 5625 3260 5686 exspectate
3297 5632 3311 5666 :
3352 5611 3480 5682 quia
3515 5607 3602 5662 ubi
3647 5599 3830 5690 aliquos

2293 5687 2755 5772 arcessus'habet,
2780 5723 2888 5762 non
2909 5717 2992 5762 est
3023 5705 3260 5762 hominis
3283 5703 3410 5756 inde
3437 5714 3554 5755 eam
3575 5687 3826 5782 expellet-t3.

2297 5798 2486 5852 Sululit
2538 5814 2757 5852 causam
2804 5813 2972 5866 quare
3021 5796 3272 5868 fugienda
3322 5792 3394 5848 sit
3432 5782 3722 5846 fornicatio,
3757 5771 3828 5828 ἀί·
