  <div class='ocr_page' id='page_1' title='image "/cluster/home/n/w/nwhite01/storage/ocr_20150623/153/hvd.32044015473812/082.png"; bbox 0 0 3978 6406; ppageno 0'>
   <div class='ocr_carea' id='block_1_1' title="bbox 181 350 281 406">
    <p class='ocr_par' dir='ltr' id='par_1_1' title="bbox 181 350 281 406">
     <span class='ocr_line' id='line_1_1' title="bbox 181 350 281 406; baseline 0.01 -1"><span class='ocrx_word' id='word_1_1' title='bbox 181 350 281 406; x_wconf 71' lang='grc'><strong>155</strong></span> 
     </span>
    </p>
   </div>
   <div class='ocr_carea' id='block_1_2' title="bbox 825 351 2826 428">
    <p class='ocr_par' dir='ltr' id='par_1_2' title="bbox 825 351 2826 428">
     <span class='ocr_line' id='line_1_2' title="bbox 825 351 2826 428; baseline 0.004 -22"><span class='ocrx_word' id='word_1_2' title='bbox 825 351 1190 410; x_wconf 75' lang='lat' dir='ltr'><strong>EXPOSITIO</strong></span> <span class='ocrx_word' id='word_1_3' title='bbox 1225 355 1290 410; x_wconf 84' lang='lat' dir='ltr'><strong>IN</strong></span> <span class='ocrx_word' id='word_1_4' title='bbox 1328 356 1709 414; x_wconf 73' lang='lat' dir='ltr'><strong>EPlS&#39;l‘OLAS</strong></span> <span class='ocrx_word' id='word_1_5' title='bbox 1745 359 1972 414; x_wconf 70' lang='lat' dir='ltr'><strong>PAULI.</strong></span> <span class='ocrx_word' id='word_1_6' title='bbox 2015 392 2080 400; x_wconf 92' lang='lat'><strong>—</strong></span> <span class='ocrx_word' id='word_1_7' title='bbox 2121 358 2189 413; x_wconf 86' lang='lat' dir='ltr'><strong>IN</strong></span> <span class='ocrx_word' id='word_1_8' title='bbox 2229 359 2445 413; x_wconf 87' lang='lat' dir='ltr'><strong>EPIST.</strong></span> <span class='ocrx_word' id='word_1_9' title='bbox 2487 359 2505 412; x_wconf 94' lang='lat' dir='ltr'><strong>l</strong></span> <span class='ocrx_word' id='word_1_10' title='bbox 2545 360 2634 413; x_wconf 80' lang='lat' dir='ltr'><strong>AD</strong></span> <span class='ocrx_word' id='word_1_11' title='bbox 2673 361 2826 428; x_wconf 76' lang='lat' dir='ltr'><strong>COR.</strong></span> 
     </span>
    </p>
   </div>
   <div class='ocr_carea' id='block_1_3' title="bbox 3330 367 3429 420">
    <p class='ocr_par' dir='ltr' id='par_1_3' title="bbox 3330 367 3429 420">
     <span class='ocr_line' id='line_1_3' title="bbox 3330 367 3429 420; baseline 0 0"><span class='ocrx_word' id='word_1_12' title='bbox 3330 367 3429 420; x_wconf 70' lang='grc'><strong>154</strong></span> 
     </span>
    </p>
   </div>
   <div class='ocr_carea' id='block_1_4' title="bbox 171 461 3426 553">
    <p class='ocr_par' dir='ltr' id='par_1_4' title="bbox 171 461 3426 553">
     <span class='ocr_line' id='line_1_4' title="bbox 171 461 3426 553; baseline 0.006 -38"><span class='ocrx_word' id='word_1_13' title='bbox 171 478 298 516; x_wconf 85' lang='lat' dir='ltr'><strong>cens</strong></span> <span class='ocrx_word' id='word_1_14' title='bbox 333 480 345 515; x_wconf 94' lang='lat'><strong>:</strong></span> <span class='ocrx_word' id='word_1_15' title='bbox 374 461 508 516; x_wconf 86' lang='lat' dir='ltr'><strong>Ideo</strong></span> <span class='ocrx_word' id='word_1_16' title='bbox 568 463 765 534; x_wconf 58' lang='lat' dir='ltr'><strong>utique,</strong></span> <span class='ocrx_word' id='word_1_17' title='bbox 806 464 990 536; x_wconf 88' lang='lat' dir='ltr'><strong>fugere</strong></span> <span class='ocrx_word' id='word_1_18' title='bbox 1053 469 1260 524; x_wconf 77' lang='lat' dir='ltr'><strong>debetis</strong></span> <span class='ocrx_word' id='word_1_19' title='bbox 1317 471 1759 541; x_wconf 80' lang='lat' dir='ltr'><strong>fornicationem.</strong></span> <span class='ocrx_word' id='word_1_20' title='bbox 1785 485 1830 542; x_wconf 74' lang='grc' dir='ltr'><strong>Α</strong></span> <span class='ocrx_word' id='word_1_21' title='bbox 1861 483 1939 528; x_wconf 88' lang='lat' dir='ltr'><strong>ter</strong></span> <span class='ocrx_word' id='word_1_22' title='bbox 1972 493 1985 528; x_wconf 90' lang='lat'>:</span> <span class='ocrx_word' id='word_1_23' title='bbox 2014 482 2067 528; x_wconf 91' lang='lat' dir='ltr'><strong>et</strong></span> <span class='ocrx_word' id='word_1_24' title='bbox 2081 474 2327 544; x_wconf 85' lang='lat' dir='ltr'><strong>exemplo</strong></span> <span class='ocrx_word' id='word_1_25' title='bbox 2339 474 2612 553; x_wconf 72' lang='lat' dir='ltr'><strong>patientia:</strong></span> <span class='ocrx_word' id='word_1_26' title='bbox 2625 475 2793 530; x_wconf 87' lang='lat' dir='ltr'><strong>Deum</strong></span> <span class='ocrx_word' id='word_1_27' title='bbox 2816 475 2882 530; x_wconf 90' lang='lat' dir='ltr'><strong>ad</strong></span> <span class='ocrx_word' id='word_1_28' title='bbox 2905 477 3038 532; x_wconf 89' lang='lat' dir='ltr'><strong>alios</strong></span> <span class='ocrx_word' id='word_1_29' title='bbox 3059 485 3426 552; x_wconf 88' lang='lat' dir='ltr'><strong>portare,qui,</strong></span> 
     </span>
    </p>
   </div>
   <div class='ocr_carea' id='block_1_5' title="bbox 171 554 1748 632">
    <p class='ocr_par' dir='ltr' id='par_1_5' title="bbox 171 554 1748 632">
     <span class='ocr_line' id='line_1_5' title="bbox 171 554 1748 632; baseline 0.006 -25"><span class='ocrx_word' id='word_1_30' title='bbox 171 554 298 609; x_wconf 85' lang='lat' dir='ltr'><strong>Nam</strong></span> <span class='ocrx_word' id='word_1_31' title='bbox 331 572 495 609; x_wconf 84' lang='lat' dir='ltr'><strong>omne</strong></span> <span class='ocrx_word' id='word_1_32' title='bbox 521 557 665 611; x_wconf 77' lang='lat' dir='ltr'><strong>aliud</strong></span> <span class='ocrx_word' id='word_1_33' title='bbox 692 567 962 626; x_wconf 80' lang='lat' dir='ltr'><strong>peccatum</strong></span> <span class='ocrx_word' id='word_1_34' title='bbox 997 561 1336 632; x_wconf 83' lang='lat' dir='ltr'><strong>quodcunque</strong></span> <span class='ocrx_word' id='word_1_35' title='bbox 1365 563 1544 632; x_wconf 81' lang='lat' dir='ltr'><strong>fecerit</strong></span> <span class='ocrx_word' id='word_1_36' title='bbox 1573 563 1748 632; x_wconf 87' lang='lat' dir='ltr'><strong>homo,</strong></span> 
     </span>
    </p>
   </div>
   <div class='ocr_carea' id='block_1_6' title="bbox 170 650 1751 724">
    <p class='ocr_par' dir='ltr' id='par_1_6' title="bbox 170 650 1751 724">
     <span class='ocr_line' id='line_1_6' title="bbox 170 650 1751 724; baseline 0.007 -27"><span class='ocrx_word' id='word_1_37' title='bbox 170 657 312 698; x_wconf 74' lang='lat' dir='ltr'><strong>extra</strong></span> <span class='ocrx_word' id='word_1_38' title='bbox 344 664 544 716; x_wconf 78' lang='lat' dir='ltr'><strong>corpus</strong></span> <span class='ocrx_word' id='word_1_39' title='bbox 571 658 649 701; x_wconf 80' lang='lat' dir='ltr'><strong>est</strong></span> <span class='ocrx_word' id='word_1_40' title='bbox 674 650 797 702; x_wconf 81' lang='lat' dir='ltr'><strong>:sed</strong></span> <span class='ocrx_word' id='word_1_41' title='bbox 831 650 916 704; x_wconf 92' lang='lat' dir='ltr'><strong>ille</strong></span> <span class='ocrx_word' id='word_1_42' title='bbox 938 651 1028 720; x_wconf 83' lang='lat' dir='ltr'><strong>qui</strong></span> <span class='ocrx_word' id='word_1_43' title='bbox 1050 651 1376 720; x_wconf 77' lang='lat' dir='ltr'><strong>fornicatur,</strong></span> <span class='ocrx_word' id='word_1_44' title='bbox 1406 664 1584 724; x_wconf 80' lang='lat' dir='ltr'><strong>peccat</strong></span> <span class='ocrx_word' id='word_1_45' title='bbox 1608 663 1751 709; x_wconf 75' lang='lat' dir='ltr'><strong>intra</strong></span> 
     </span>
    </p>
   </div>
   <div class='ocr_carea' id='block_1_7' title="bbox 169 736 1750 815">
    <p class='ocr_par' dir='ltr' id='par_1_7' title="bbox 169 736 1750 815">
     <span class='ocr_line' id='line_1_7' title="bbox 169 736 1750 815; baseline 0.006 -24"><span class='ocrx_word' id='word_1_46' title='bbox 169 754 346 807; x_wconf 80' lang='lat' dir='ltr'><strong>corpus</strong></span> <span class='ocrx_word' id='word_1_47' title='bbox 374 753 558 791; x_wconf 84' lang='lat' dir='ltr'><strong>suum.</strong></span> <span class='ocrx_word' id='word_1_48' title='bbox 588 736 728 792; x_wconf 92' lang='lat' dir='ltr'><strong>Sunt</strong></span> <span class='ocrx_word' id='word_1_49' title='bbox 753 739 938 809; x_wconf 92' lang='lat' dir='ltr'><strong>utique</strong></span> <span class='ocrx_word' id='word_1_50' title='bbox 963 742 1210 811; x_wconf 71' lang='lat' dir='ltr'><strong>quaedam</strong></span> <span class='ocrx_word' id='word_1_51' title='bbox 1239 753 1478 813; x_wconf 89' lang='lat' dir='ltr'><strong>peccata,</strong></span> <span class='ocrx_word' id='word_1_52' title='bbox 1509 760 1631 814; x_wconf 69' lang='lat' dir='ltr'><strong>quae</strong></span> <span class='ocrx_word' id='word_1_53' title='bbox 1655 761 1750 815; x_wconf 89' lang='lat' dir='ltr'><strong>pe-</strong></span> 
     </span>
    </p>
   </div>
   <div class='ocr_carea' id='block_1_8' title="bbox 170 829 1750 892">
    <p class='ocr_par' dir='ltr' id='par_1_8' title="bbox 170 829 1750 892">
     <span class='ocr_line' id='line_1_8' title="bbox 170 829 1750 892; baseline 0.005 -8"><span class='ocrx_word' id='word_1_54' title='bbox 170 831 303 884; x_wconf 86' lang='lat' dir='ltr'><strong>nitus</strong></span> <span class='ocrx_word' id='word_1_55' title='bbox 336 829 552 884; x_wconf 89' lang='lat' dir='ltr'><strong>nullam</strong></span> <span class='ocrx_word' id='word_1_56' title='bbox 577 831 988 886; x_wconf 84' lang='lat' dir='ltr'><strong>delectationem</strong></span> <span class='ocrx_word' id='word_1_57' title='bbox 1015 833 1247 889; x_wconf 76' lang='lat' dir='ltr'><strong>aderunt</strong></span> <span class='ocrx_word' id='word_1_58' title='bbox 1271 836 1423 891; x_wconf 90' lang='lat' dir='ltr'><strong>carni</strong></span> <span class='ocrx_word' id='word_1_59' title='bbox 1450 853 1463 890; x_wconf 91' lang='lat'><strong>:</strong></span> <span class='ocrx_word' id='word_1_60' title='bbox 1488 845 1549 892; x_wconf 91' lang='lat' dir='ltr'><strong>ut</strong></span> <span class='ocrx_word' id='word_1_61' title='bbox 1573 837 1750 892; x_wconf 90' lang='lat' dir='ltr'><strong>homi-</strong></span> 
     </span>
    </p>
   </div>
   <div class='ocr_carea' id='block_1_9' title="bbox 171 922 1748 994">
    <p class='ocr_par' dir='ltr' id='par_1_9' title="bbox 171 922 1748 994">
     <span class='ocr_line' id='line_1_9' title="bbox 171 922 1748 994; baseline 0.003 -13"><span class='ocrx_word' id='word_1_62' title='bbox 171 924 377 981; x_wconf 82' lang='lat' dir='ltr'><strong>cidium.</strong></span> <span class='ocrx_word' id='word_1_63' title='bbox 415 922 617 979; x_wconf 87' lang='lat' dir='ltr'><strong>Manus</strong></span> <span class='ocrx_word' id='word_1_64' title='bbox 655 925 801 979; x_wconf 90' lang='lat' dir='ltr'><strong>enim</strong></span> <span class='ocrx_word' id='word_1_65' title='bbox 841 925 888 980; x_wconf 90' lang='lat' dir='ltr'><strong>si</strong></span> <span class='ocrx_word' id='word_1_66' title='bbox 922 927 1139 994; x_wconf 89' lang='lat' dir='ltr'><strong>occidit,</strong></span> <span class='ocrx_word' id='word_1_67' title='bbox 1179 943 1288 982; x_wconf 81' lang='lat' dir='ltr'><strong>non</strong></span> <span class='ocrx_word' id='word_1_68' title='bbox 1327 929 1382 982; x_wconf 91' lang='lat' dir='ltr'><strong>in</strong></span> <span class='ocrx_word' id='word_1_69' title='bbox 1415 944 1481 984; x_wconf 87' lang='lat' dir='ltr'><strong>eo</strong></span> <span class='ocrx_word' id='word_1_70' title='bbox 1510 929 1748 986; x_wconf 84' lang='lat' dir='ltr'><strong>delecta-</strong></span> 
     </span>
    </p>
   </div>
   <div class='ocr_carea' id='block_1_10' title="bbox 176 1013 1747 1091">
    <p class='ocr_par' dir='ltr' id='par_1_10' title="bbox 176 1013 1747 1091">
     <span class='ocr_line' id='line_1_10' title="bbox 176 1013 1747 1091; baseline 0.006 -23"><span class='ocrx_word' id='word_1_71' title='bbox 176 1015 354 1068; x_wconf 83' lang='lat' dir='ltr'><strong>tionem</strong></span> <span class='ocrx_word' id='word_1_72' title='bbox 391 1015 586 1069; x_wconf 89' lang='lat' dir='ltr'><strong>sentit.</strong></span> <span class='ocrx_word' id='word_1_73' title='bbox 621 1013 760 1069; x_wconf 89' lang='lat' dir='ltr'><strong>Sunt</strong></span> <span class='ocrx_word' id='word_1_74' title='bbox 797 1025 974 1070; x_wconf 89' lang='lat' dir='ltr'><strong>tamen</strong></span> <span class='ocrx_word' id='word_1_75' title='bbox 1007 1017 1254 1088; x_wconf 53' lang='lat' dir='ltr'><strong>quaedam</strong></span> <span class='ocrx_word' id='word_1_76' title='bbox 1301 1018 1409 1075; x_wconf 89' lang='lat' dir='ltr'><strong>alia</strong></span> <span class='ocrx_word' id='word_1_77' title='bbox 1453 1021 1508 1075; x_wconf 90' lang='lat' dir='ltr'><strong>in</strong></span> <span class='ocrx_word' id='word_1_78' title='bbox 1545 1021 1747 1091; x_wconf 89' lang='lat' dir='ltr'><strong>quibus</strong></span> 
     </span>
    </p>
   </div>
   <div class='ocr_carea' id='block_1_11' title="bbox 169 1107 1747 1184">
    <p class='ocr_par' dir='ltr' id='par_1_11' title="bbox 169 1107 1747 1184">
     <span class='ocr_line' id='line_1_11' title="bbox 169 1107 1747 1184; baseline 0.006 -23"><span class='ocrx_word' id='word_1_79' title='bbox 169 1107 456 1162; x_wconf 77' lang='lat' dir='ltr'><strong>delectatur</strong></span> <span class='ocrx_word' id='word_1_80' title='bbox 500 1123 660 1174; x_wconf 90' lang='lat' dir='ltr'><strong>caro,</strong></span> <span class='ocrx_word' id='word_1_81' title='bbox 712 1117 773 1164; x_wconf 93' lang='lat' dir='ltr'><strong>ut</strong></span> <span class='ocrx_word' id='word_1_82' title='bbox 805 1110 1022 1180; x_wconf 89' lang='lat' dir='ltr'><strong>quando</strong></span> <span class='ocrx_word' id='word_1_83' title='bbox 1068 1111 1224 1167; x_wconf 88' lang='lat' dir='ltr'><strong>cibus</strong></span> <span class='ocrx_word' id='word_1_84' title='bbox 1273 1113 1412 1169; x_wconf 86' lang='lat' dir='ltr'><strong>bene</strong></span> <span class='ocrx_word' id='word_1_85' title='bbox 1455 1115 1747 1184; x_wconf 84' lang='lat' dir='ltr'><strong>respondet</strong></span> 
     </span>
    </p>
   </div>
   <div class='ocr_carea' id='block_1_12' title="bbox 165 1199 1746 1275">
    <p class='ocr_par' dir='ltr' id='par_1_12' title="bbox 165 1199 1746 1275">
     <span class='ocr_line' id='line_1_12' title="bbox 165 1199 1746 1275; baseline 0.006 -25"><span class='ocrx_word' id='word_1_86' title='bbox 165 1199 332 1267; x_wconf 87' lang='lat' dir='ltr'><strong>palato</strong></span> <span class='ocrx_word' id='word_1_87' title='bbox 357 1217 372 1252; x_wconf 89' lang='lat'><strong>:</strong></span> <span class='ocrx_word' id='word_1_88' title='bbox 399 1199 490 1253; x_wconf 85' lang='lat' dir='ltr'><strong>vel</strong></span> <span class='ocrx_word' id='word_1_89' title='bbox 523 1200 745 1270; x_wconf 87' lang='lat' dir='ltr'><strong>quando</strong></span> <span class='ocrx_word' id='word_1_90' title='bbox 777 1201 991 1257; x_wconf 89' lang='lat' dir='ltr'><strong>videtur</strong></span> <span class='ocrx_word' id='word_1_91' title='bbox 1025 1203 1172 1273; x_wconf 91' lang='lat' dir='ltr'><strong>quod</strong></span> <span class='ocrx_word' id='word_1_92' title='bbox 1201 1205 1391 1260; x_wconf 90' lang='lat' dir='ltr'><strong>oculos</strong></span> <span class='ocrx_word' id='word_1_93' title='bbox 1421 1206 1616 1275; x_wconf 85' lang='lat' dir='ltr'><strong>pascit,</strong></span> <span class='ocrx_word' id='word_1_94' title='bbox 1647 1222 1746 1262; x_wconf 89' lang='lat' dir='ltr'><strong>au-</strong></span> 
     </span>
    </p>
   </div>
   <div class='ocr_carea' id='block_1_13' title="bbox 161 1288 1740 1365">
    <p class='ocr_par' dir='ltr' id='par_1_13' title="bbox 161 1288 1740 1365">
     <span class='ocr_line' id='line_1_13' title="bbox 161 1288 1740 1365; baseline 0.006 -24"><span class='ocrx_word' id='word_1_95' title='bbox 161 1288 301 1343; x_wconf 85' lang='lat' dir='ltr'><strong>ditur</strong></span> <span class='ocrx_word' id='word_1_96' title='bbox 344 1289 492 1360; x_wconf 88' lang='lat' dir='ltr'><strong>quod</strong></span> <span class='ocrx_word' id='word_1_97' title='bbox 536 1289 841 1360; x_wconf 89' lang='lat' dir='ltr'><strong>jucundum</strong></span> <span class='ocrx_word' id='word_1_98' title='bbox 886 1300 970 1348; x_wconf 90' lang='lat' dir='ltr'><strong>est</strong></span> <span class='ocrx_word' id='word_1_99' title='bbox 1011 1293 1261 1360; x_wconf 87' lang='lat' dir='ltr'><strong>auribus,</strong></span> <span class='ocrx_word' id='word_1_100' title='bbox 1305 1304 1359 1350; x_wconf 90' lang='lat' dir='ltr'><strong>et</strong></span> <span class='ocrx_word' id='word_1_101' title='bbox 1405 1295 1740 1365; x_wconf 80' lang='lat' dir='ltr'><strong>hujusmodi.</strong></span> 
     </span>
    </p>
   </div>
   <div class='ocr_carea' id='block_1_14' title="bbox 163 1380 1740 1457">
    <p class='ocr_par' dir='ltr' id='par_1_14' title="bbox 163 1380 1740 1457">
     <span class='ocr_line' id='line_1_14' title="bbox 163 1380 1740 1457; baseline 0.006 -24"><span class='ocrx_word' id='word_1_102' title='bbox 163 1380 264 1434; x_wconf 67' lang='lat' dir='ltr'><strong>Sed</strong></span> <span class='ocrx_word' id='word_1_103' title='bbox 295 1392 474 1436; x_wconf 86' lang='lat' dir='ltr'><strong>tamen</strong></span> <span class='ocrx_word' id='word_1_104' title='bbox 523 1383 641 1437; x_wconf 63' lang='lat' dir='ltr'><strong>haec</strong></span> <span class='ocrx_word' id='word_1_105' title='bbox 683 1384 867 1438; x_wconf 90' lang='lat' dir='ltr'><strong>omnia</strong></span> <span class='ocrx_word' id='word_1_106' title='bbox 904 1384 1161 1441; x_wconf 89' lang='lat' dir='ltr'><strong>dicuntur</strong></span> <span class='ocrx_word' id='word_1_107' title='bbox 1187 1402 1309 1443; x_wconf 90' lang='lat' dir='ltr'><strong>esse</strong></span> <span class='ocrx_word' id='word_1_108' title='bbox 1335 1396 1487 1442; x_wconf 81' lang='lat' dir='ltr'><strong>extra</strong></span> <span class='ocrx_word' id='word_1_109' title='bbox 1521 1403 1740 1457; x_wconf 89' lang='lat' dir='ltr'><strong>corpus,</strong></span> 
     </span>
    </p>
   </div>
   <div class='ocr_carea' id='block_1_15' title="bbox 163 1473 1740 1549">
    <p class='ocr_par' dir='ltr' id='par_1_15' title="bbox 163 1473 1740 1549">
     <span class='ocr_line' id='line_1_15' title="bbox 163 1473 1740 1549; baseline 0.006 -24"><span class='ocrx_word' id='word_1_110' title='bbox 163 1473 223 1526; x_wconf 88' lang='lat' dir='ltr'><strong>ad</strong></span> <span class='ocrx_word' id='word_1_111' title='bbox 252 1474 720 1544; x_wconf 86' lang='lat' dir='ltr'><strong>comparationem</strong></span> <span class='ocrx_word' id='word_1_112' title='bbox 757 1475 1136 1533; x_wconf 80' lang='lat' dir='ltr'><strong>fornicationis</strong></span> <span class='ocrx_word' id='word_1_113' title='bbox 1163 1496 1176 1532; x_wconf 89' lang='lat'><strong>:</strong></span> <span class='ocrx_word' id='word_1_114' title='bbox 1205 1478 1334 1548; x_wconf 88' lang='lat' dir='ltr'><strong>quia</strong></span> <span class='ocrx_word' id='word_1_115' title='bbox 1370 1479 1465 1549; x_wconf 89' lang='lat' dir='ltr'><strong>qui</strong></span> <span class='ocrx_word' id='word_1_116' title='bbox 1498 1477 1740 1534; x_wconf 90' lang='lat' dir='ltr'><strong>fornica-</strong></span> 
     </span>
    </p>
   </div>
   <div class='ocr_carea' id='block_1_16' title="bbox 166 1565 1741 1640">
    <p class='ocr_par' dir='ltr' id='par_1_16' title="bbox 166 1565 1741 1640">
     <span class='ocr_line' id='line_1_16' title="bbox 166 1565 1741 1640; baseline 0.008 -26"><span class='ocrx_word' id='word_1_117' title='bbox 166 1572 264 1626; x_wconf 91' lang='lat' dir='ltr'><strong>tur,</strong></span> <span class='ocrx_word' id='word_1_118' title='bbox 305 1573 492 1632; x_wconf 86' lang='lat' dir='ltr'><strong>peccat</strong></span> <span class='ocrx_word' id='word_1_119' title='bbox 540 1565 682 1619; x_wconf 91' lang='lat' dir='ltr'><strong>intra</strong></span> <span class='ocrx_word' id='word_1_120' title='bbox 725 1581 926 1636; x_wconf 90' lang='lat' dir='ltr'><strong>corpus</strong></span> <span class='ocrx_word' id='word_1_121' title='bbox 972 1583 1134 1623; x_wconf 92' lang='lat' dir='ltr'><strong>suum</strong></span> <span class='ocrx_word' id='word_1_122' title='bbox 1170 1587 1183 1623; x_wconf 92' lang='lat'><strong>:</strong></span> <span class='ocrx_word' id='word_1_123' title='bbox 1215 1569 1344 1640; x_wconf 86' lang='lat' dir='ltr'><strong>quia</strong></span> <span class='ocrx_word' id='word_1_124' title='bbox 1391 1569 1510 1640; x_wconf 89' lang='lat' dir='ltr'><strong>ipsa</strong></span> <span class='ocrx_word' id='word_1_125' title='bbox 1557 1573 1741 1627; x_wconf 87' lang='lat' dir='ltr'><strong>anima</strong></span> 
     </span>
    </p>
   </div>
   <div class='ocr_carea' id='block_1_17' title="bbox 173 1654 1740 1727">
    <p class='ocr_par' dir='ltr' id='par_1_17' title="bbox 173 1654 1740 1727">
     <span class='ocr_line' id='line_1_17' title="bbox 173 1654 1740 1727; baseline 0.008 -21"><span class='ocrx_word' id='word_1_126' title='bbox 173 1654 342 1707; x_wconf 80' lang='lat' dir='ltr'><strong>transit</strong></span> <span class='ocrx_word' id='word_1_127' title='bbox 370 1669 438 1708; x_wconf 85' lang='lat' dir='ltr'><strong>eo</strong></span> <span class='ocrx_word' id='word_1_128' title='bbox 465 1663 597 1709; x_wconf 87' lang='lat' dir='ltr'><strong>actu</strong></span> <span class='ocrx_word' id='word_1_129' title='bbox 631 1656 685 1710; x_wconf 91' lang='lat' dir='ltr'><strong>in</strong></span> <span class='ocrx_word' id='word_1_130' title='bbox 711 1656 886 1727; x_wconf 89' lang='lat' dir='ltr'><strong>ipsam</strong></span> <span class='ocrx_word' id='word_1_131' title='bbox 921 1659 1298 1715; x_wconf 89' lang='lat' dir='ltr'><strong>carnalitatem</strong></span> <span class='ocrx_word' id='word_1_132' title='bbox 1327 1680 1340 1715; x_wconf 89' lang='lat'>:</span> <span class='ocrx_word' id='word_1_133' title='bbox 1365 1661 1422 1716; x_wconf 91' lang='lat' dir='ltr'><strong>in</strong></span> <span class='ocrx_word' id='word_1_134' title='bbox 1457 1661 1562 1717; x_wconf 90' lang='lat' dir='ltr'><strong>hoc</strong></span> <span class='ocrx_word' id='word_1_135' title='bbox 1593 1663 1740 1718; x_wconf 89' lang='lat' dir='ltr'><strong>enim</strong></span> 
     </span>
    </p>
   </div>
   <div class='ocr_carea' id='block_1_18' title="bbox 172 1745 1738 1822">
    <p class='ocr_par' dir='ltr' id='par_1_18' title="bbox 172 1745 1738 1822">
     <span class='ocr_line' id='line_1_18' title="bbox 172 1745 1738 1822; baseline 0.008 -26"><span class='ocrx_word' id='word_1_136' title='bbox 172 1745 326 1798; x_wconf 89' lang='lat' dir='ltr'><strong>omnis</strong></span> <span class='ocrx_word' id='word_1_137' title='bbox 354 1745 693 1800; x_wconf 86' lang='lat' dir='ltr'><strong>sensualitas</strong></span> <span class='ocrx_word' id='word_1_138' title='bbox 718 1749 986 1803; x_wconf 86' lang='lat' dir='ltr'><strong>consentit</strong></span> <span class='ocrx_word' id='word_1_139' title='bbox 1000 1757 1054 1803; x_wconf 91' lang='lat' dir='ltr'><strong>et</strong></span> <span class='ocrx_word' id='word_1_140' title='bbox 1070 1745 1412 1820; x_wconf 88' lang='lat' dir='ltr'><strong>cooperatur,</strong></span> <span class='ocrx_word' id='word_1_141' title='bbox 1433 1751 1552 1807; x_wconf 89' lang='lat' dir='ltr'><strong>etin</strong></span> <span class='ocrx_word' id='word_1_142' title='bbox 1565 1752 1738 1822; x_wconf 89' lang='lat' dir='ltr'><strong>ipsam</strong></span> 
     </span>
    </p>
   </div>
   <div class='ocr_carea' id='block_1_19' title="bbox 1852 563 3428 640">
    <p class='ocr_par' dir='ltr' id='par_1_19' title="bbox 1852 563 3428 640">
     <span class='ocr_line' id='line_1_19' title="bbox 1852 563 3428 640; baseline 0.007 -26"><span class='ocrx_word' id='word_1_143' title='bbox 1852 563 1968 617; x_wconf 89' lang='lat' dir='ltr'><strong>visa</strong></span> <span class='ocrx_word' id='word_1_144' title='bbox 1990 563 2249 632; x_wconf 86' lang='lat' dir='ltr'><strong>patientia</strong></span> <span class='ocrx_word' id='word_1_145' title='bbox 2286 563 2450 632; x_wconf 89' lang='lat' dir='ltr'><strong>hujus</strong></span> <span class='ocrx_word' id='word_1_146' title='bbox 2465 604 2480 630; x_wconf 90' lang='lat'><strong>,</strong></span> <span class='ocrx_word' id='word_1_147' title='bbox 2503 565 2772 634; x_wconf 82' lang='lat' dir='ltr'><strong>gaudeant</strong></span> <span class='ocrx_word' id='word_1_148' title='bbox 2788 567 3172 622; x_wconf 86' lang='lat' dir='ltr'><strong>contumeliam</strong></span> <span class='ocrx_word' id='word_1_149' title='bbox 3193 570 3303 638; x_wconf 87' lang='lat' dir='ltr'><strong>pati</strong></span> <span class='ocrx_word' id='word_1_150' title='bbox 3327 587 3428 640; x_wconf 91' lang='lat' dir='ltr'><strong>pro</strong></span> 
     </span>
    </p>
   </div>
   <div class='ocr_carea' id='block_1_20' title="bbox 1851 653 3426 727">
    <p class='ocr_par' dir='ltr' id='par_1_20' title="bbox 1851 653 3426 727">
     <span class='ocr_line' id='line_1_20' title="bbox 1851 653 3426 727; baseline 0.006 -20"><span class='ocrx_word' id='word_1_151' title='bbox 1851 654 2070 708; x_wconf 88' lang='lat' dir='ltr'><strong>nomine</strong></span> <span class='ocrx_word' id='word_1_152' title='bbox 2102 653 2307 710; x_wconf 88' lang='lat' dir='ltr'><strong>Christi</strong></span> <span class='ocrx_word' id='word_1_153' title='bbox 2338 655 2478 725; x_wconf 85' lang='lat' dir='ltr'><strong>(Act.</strong></span> <span class='ocrx_word' id='word_1_154' title='bbox 2499 672 2550 722; x_wconf 94' lang='lat' dir='ltr'><strong>v,</strong></span> <span class='ocrx_word' id='word_1_155' title='bbox 2581 657 2692 727; x_wconf 70' lang='lat' dir='ltr'><strong>4f).</strong></span> <span class='ocrx_word' id='word_1_156' title='bbox 2735 655 2956 711; x_wconf 86' lang='lat' dir='ltr'><strong>Portate</strong></span> <span class='ocrx_word' id='word_1_157' title='bbox 2975 659 3098 714; x_wconf 89' lang='lat' dir='ltr'><strong>dico</strong></span> <span class='ocrx_word' id='word_1_158' title='bbox 3119 657 3290 715; x_wconf 90' lang='lat' dir='ltr'><strong>Deum</strong></span> <span class='ocrx_word' id='word_1_159' title='bbox 3317 677 3426 717; x_wconf 88' lang='lat' dir='ltr'><strong>non</strong></span> 
     </span>
    </p>
   </div>
   <div class='ocr_carea' id='block_1_21' title="bbox 1849 746 3426 819">
    <p class='ocr_par' dir='ltr' id='par_1_21' title="bbox 1849 746 3426 819">
     <span class='ocr_line' id='line_1_21' title="bbox 1849 746 3426 819; baseline 0.005 -19"><span class='ocrx_word' id='word_1_160' title='bbox 1849 746 2023 800; x_wconf 92' lang='lat' dir='ltr'><strong>solum</strong></span> <span class='ocrx_word' id='word_1_161' title='bbox 2046 746 2099 799; x_wconf 93' lang='lat' dir='ltr'><strong>in</strong></span> <span class='ocrx_word' id='word_1_162' title='bbox 2129 747 2332 813; x_wconf 89' lang='lat' dir='ltr'><strong>anima,</strong></span> <span class='ocrx_word' id='word_1_163' title='bbox 2362 746 2456 803; x_wconf 92' lang='lat' dir='ltr'><strong>sed</strong></span> <span class='ocrx_word' id='word_1_164' title='bbox 2475 747 2638 802; x_wconf 90' lang='lat' dir='ltr'><strong>etiam</strong></span> <span class='ocrx_word' id='word_1_165' title='bbox 2661 749 2717 802; x_wconf 87' lang='lat' dir='ltr'><strong>in</strong></span> <span class='ocrx_word' id='word_1_166' title='bbox 2731 765 2944 819; x_wconf 86' lang='lat' dir='ltr'><strong>corpore</strong></span> <span class='ocrx_word' id='word_1_167' title='bbox 2965 759 3134 805; x_wconf 79' lang='lat' dir='ltr'><strong>vestro</strong></span> <span class='ocrx_word' id='word_1_168' title='bbox 3147 793 3163 818; x_wconf 91' lang='lat'><strong>,</strong></span> <span class='ocrx_word' id='word_1_169' title='bbox 3181 760 3243 806; x_wconf 93' lang='lat' dir='ltr'><strong>ut</strong></span> <span class='ocrx_word' id='word_1_170' title='bbox 3261 769 3426 808; x_wconf 82' lang='lat' dir='ltr'><strong>mun-</strong></span> 
     </span>
    </p>
   </div>
   <div class='ocr_carea' id='block_1_22' title="bbox 1847 835 3349 914">
    <p class='ocr_par' dir='ltr' id='par_1_22' title="bbox 1847 835 3349 914">
     <span class='ocr_line' id='line_1_22' title="bbox 1847 835 3349 914; baseline 0.005 -22"><span class='ocrx_word' id='word_1_171' title='bbox 1847 835 1978 892; x_wconf 85' lang='lat' dir='ltr'><strong>ditia</strong></span> <span class='ocrx_word' id='word_1_172' title='bbox 1994 839 2240 908; x_wconf 81' lang='lat' dir='ltr'><strong>corporis</strong></span> <span class='ocrx_word' id='word_1_173' title='bbox 2251 839 2415 894; x_wconf 85' lang='lat' dir='ltr'><strong>vestri</strong></span> <span class='ocrx_word' id='word_1_174' title='bbox 2426 840 2586 910; x_wconf 88' lang='lat' dir='ltr'><strong>digna</strong></span> <span class='ocrx_word' id='word_1_175' title='bbox 2602 841 3100 914; x_wconf 82' lang='lat' dir='ltr'><strong>sitportarejugum</strong></span> <span class='ocrx_word' id='word_1_176' title='bbox 3127 843 3349 900; x_wconf 89' lang='lat' dir='ltr'><strong>Christi.</strong></span> 
     </span>
    </p>
   </div>
   <div class='ocr_carea' id='block_1_23' title="bbox 2430 970 2806 1029">
    <p class='ocr_par' dir='ltr' id='par_1_23' title="bbox 2430 970 2806 1029">
     <span class='ocr_line' id='line_1_23' title="bbox 2430 970 2806 1029; baseline 0.003 -2"><span class='ocrx_word' id='word_1_177' title='bbox 2430 970 2660 1027; x_wconf 71' lang='lat' dir='ltr'><strong>CAPUT</strong></span> <span class='ocrx_word' id='word_1_178' title='bbox 2697 973 2806 1029; x_wconf 82' lang='lat' dir='ltr'><strong>VII.</strong></span> 
     </span>
    </p>
   </div>
   <div class='ocr_carea' id='block_1_24' title="bbox 1920 1100 3423 1176">
    <p class='ocr_par' dir='ltr' id='par_1_24' title="bbox 1920 1100 3423 1176">
     <span class='ocr_line' id='line_1_24' title="bbox 1920 1100 3423 1176; baseline 0.005 -24"><span class='ocrx_word' id='word_1_179' title='bbox 1920 1119 1940 1152; x_wconf 70' lang='grc' dir='ltr'><strong><em>ε</em></strong></span> <span class='ocrx_word' id='word_1_180' title='bbox 1984 1100 2062 1157; x_wconf 90' lang='lat' dir='ltr'><strong>De</strong></span> <span class='ocrx_word' id='word_1_181' title='bbox 2098 1102 2299 1172; x_wconf 88' lang='lat' dir='ltr'><strong>quibus</strong></span> <span class='ocrx_word' id='word_1_182' title='bbox 2339 1111 2520 1158; x_wconf 88' lang='lat' dir='ltr'><strong>autem</strong></span> <span class='ocrx_word' id='word_1_183' title='bbox 2564 1104 2861 1176; x_wconf 86' lang='lat' dir='ltr'><strong>scripsistis</strong></span> <span class='ocrx_word' id='word_1_184' title='bbox 2895 1107 3069 1162; x_wconf 88' lang='lat' dir='ltr'><strong>mihi:</strong></span> <span class='ocrx_word' id='word_1_185' title='bbox 3098 1107 3307 1162; x_wconf 86' lang='lat' dir='ltr'><strong>Bonum</strong></span> <span class='ocrx_word' id='word_1_186' title='bbox 3337 1114 3423 1161; x_wconf 86' lang='lat' dir='ltr'><strong>est</strong></span> 
     </span>
    </p>
   </div>
   <div class='ocr_carea' id='block_1_25' title="bbox 1851 1193 3421 1269">
    <p class='ocr_par' dir='ltr' id='par_1_25' title="bbox 1851 1193 3421 1269">
     <span class='ocr_line' id='line_1_25' title="bbox 1851 1193 3421 1269; baseline 0.004 -23"><span class='ocrx_word' id='word_1_187' title='bbox 1851 1211 1870 1245; x_wconf 73' lang='grc' dir='ltr'><em>α</em></span> <span class='ocrx_word' id='word_1_188' title='bbox 1906 1193 2113 1248; x_wconf 88' lang='lat' dir='ltr'><strong>homini</strong></span> <span class='ocrx_word' id='word_1_189' title='bbox 2141 1195 2422 1249; x_wconf 89' lang='lat' dir='ltr'><strong>mulierem</strong></span> <span class='ocrx_word' id='word_1_190' title='bbox 2443 1211 2553 1250; x_wconf 91' lang='lat' dir='ltr'><strong>non</strong></span> <span class='ocrx_word' id='word_1_191' title='bbox 2578 1207 2830 1268; x_wconf 79' lang='lat' dir='ltr'><strong>tangere;</strong></span> <span class='ocrx_word' id='word_1_192' title='bbox 2854 1208 3074 1269; x_wconf 78' lang='lat' dir='ltr'><strong>propter</strong></span> <span class='ocrx_word' id='word_1_193' title='bbox 3102 1199 3421 1254; x_wconf 87' lang='lat' dir='ltr'><strong>fornicatio-</strong></span> 
     </span>
    </p>
   </div>
   <div class='ocr_carea' id='block_1_26' title="bbox 1849 1287 3425 1357">
    <p class='ocr_par' dir='ltr' id='par_1_26' title="bbox 1849 1287 3425 1357">
     <span class='ocr_line' id='line_1_26' title="bbox 1849 1287 3425 1357; baseline 0.004 -20"><span class='ocrx_word' id='word_1_194' title='bbox 1849 1301 1869 1335; x_wconf 73' lang='grc' dir='ltr'><strong><em>ο</em></strong></span> <span class='ocrx_word' id='word_1_195' title='bbox 1904 1299 2027 1339; x_wconf 91' lang='lat' dir='ltr'><strong>nem</strong></span> <span class='ocrx_word' id='word_1_196' title='bbox 2062 1294 2244 1340; x_wconf 90' lang='lat' dir='ltr'><strong>autem</strong></span> <span class='ocrx_word' id='word_1_197' title='bbox 2278 1287 2654 1357; x_wconf 87' lang='lat' dir='ltr'><strong>unusquisque</strong></span> <span class='ocrx_word' id='word_1_198' title='bbox 2685 1304 2841 1343; x_wconf 88' lang='lat' dir='ltr'><strong>suam</strong></span> <span class='ocrx_word' id='word_1_199' title='bbox 2875 1303 3098 1343; x_wconf 89' lang='lat' dir='ltr'><strong>uxorem</strong></span> <span class='ocrx_word' id='word_1_200' title='bbox 3123 1290 3338 1356; x_wconf 88' lang='lat' dir='ltr'><strong>habeat,</strong></span> <span class='ocrx_word' id='word_1_201' title='bbox 3369 1297 3425 1343; x_wconf 90' lang='lat' dir='ltr'><strong>et</strong></span> 
     </span>
    </p>
   </div>
   <div class='ocr_carea' id='block_1_27' title="bbox 1849 1379 3420 1448">
    <p class='ocr_par' dir='ltr' id='par_1_27' title="bbox 1849 1379 3420 1448">
     <span class='ocr_line' id='line_1_27' title="bbox 1849 1379 3420 1448; baseline 0.003 -19"><span class='ocrx_word' id='word_1_202' title='bbox 1849 1393 1867 1427; x_wconf 74' lang='grc' dir='ltr'>ι</span> <span class='ocrx_word' id='word_1_203' title='bbox 1905 1391 2244 1448; x_wconf 74' lang='lat' dir='ltr'><strong>unaquzeque</strong></span> <span class='ocrx_word' id='word_1_204' title='bbox 2265 1394 2426 1432; x_wconf 89' lang='lat' dir='ltr'><strong>suum</strong></span> <span class='ocrx_word' id='word_1_205' title='bbox 2447 1379 2624 1433; x_wconf 91' lang='lat' dir='ltr'><strong>virum</strong></span> <span class='ocrx_word' id='word_1_206' title='bbox 2650 1380 2862 1435; x_wconf 91' lang='lat' dir='ltr'><strong>habeat.</strong></span> <span class='ocrx_word' id='word_1_207' title='bbox 2888 1379 3053 1435; x_wconf 82' lang='lat' dir='ltr'><strong>Uxori</strong></span> <span class='ocrx_word' id='word_1_208' title='bbox 3076 1381 3160 1436; x_wconf 90' lang='lat' dir='ltr'><strong>vir</strong></span> <span class='ocrx_word' id='word_1_209' title='bbox 3179 1381 3420 1436; x_wconf 90' lang='lat' dir='ltr'><strong>debitum</strong></span> 
     </span>
    </p>
   </div>
   <div class='ocr_carea' id='block_1_28' title="bbox 1848 1468 3420 1535">
    <p class='ocr_par' dir='ltr' id='par_1_28' title="bbox 1848 1468 3420 1535">
     <span class='ocr_line' id='line_1_28' title="bbox 1848 1468 3420 1535; baseline 0.004 -14"><span class='ocrx_word' id='word_1_210' title='bbox 1848 1487 1867 1519; x_wconf 75' lang='grc' dir='ltr'><strong><em>ι</em></strong></span> <span class='ocrx_word' id='word_1_211' title='bbox 1905 1468 2112 1535; x_wconf 81' lang='lat' dir='ltr'><strong>reddat,</strong></span> <span class='ocrx_word' id='word_1_212' title='bbox 2144 1469 2396 1524; x_wconf 88' lang='lat' dir='ltr'><strong>similiter</strong></span> <span class='ocrx_word' id='word_1_213' title='bbox 2435 1479 2615 1525; x_wconf 89' lang='lat' dir='ltr'><strong>autem</strong></span> <span class='ocrx_word' id='word_1_214' title='bbox 2666 1481 2719 1526; x_wconf 90' lang='lat' dir='ltr'><strong>et</strong></span> <span class='ocrx_word' id='word_1_215' title='bbox 2752 1488 2892 1526; x_wconf 89' lang='lat' dir='ltr'><strong>uxor</strong></span> <span class='ocrx_word' id='word_1_216' title='bbox 2928 1473 3062 1526; x_wconf 89' lang='lat' dir='ltr'><strong>viro.</strong></span> <span class='ocrx_word' id='word_1_217' title='bbox 3112 1471 3306 1527; x_wconf 89' lang='lat' dir='ltr'><strong>Mulier</strong></span> <span class='ocrx_word' id='word_1_218' title='bbox 3333 1474 3420 1528; x_wconf 91' lang='lat' dir='ltr'><strong>sui</strong></span> 
     </span>
    </p>
   </div>
   <div class='ocr_carea' id='block_1_29' title="bbox 1847 1561 3422 1632">
    <p class='ocr_par' dir='ltr' id='par_1_29' title="bbox 1847 1561 3422 1632">
     <span class='ocr_line' id='line_1_29' title="bbox 1847 1561 3422 1632; baseline 0.004 -20"><span class='ocrx_word' id='word_1_219' title='bbox 1847 1578 1866 1612; x_wconf 73' lang='grc' dir='ltr'>ι</span> <span class='ocrx_word' id='word_1_220' title='bbox 1901 1561 2148 1630; x_wconf 89' lang='lat' dir='ltr'><strong>corporis</strong></span> <span class='ocrx_word' id='word_1_221' title='bbox 2189 1569 2513 1630; x_wconf 88' lang='lat' dir='ltr'><strong>potestatem</strong></span> <span class='ocrx_word' id='word_1_222' title='bbox 2547 1578 2656 1617; x_wconf 91' lang='lat' dir='ltr'><strong>non</strong></span> <span class='ocrx_word' id='word_1_223' title='bbox 2690 1563 2870 1632; x_wconf 89' lang='lat' dir='ltr'><strong>habet,</strong></span> <span class='ocrx_word' id='word_1_224' title='bbox 2905 1564 2999 1619; x_wconf 92' lang='lat' dir='ltr'><strong>sed</strong></span> <span class='ocrx_word' id='word_1_225' title='bbox 3026 1565 3129 1619; x_wconf 89' lang='lat' dir='ltr'><strong>vir.</strong></span> <span class='ocrx_word' id='word_1_226' title='bbox 3161 1563 3422 1618; x_wconf 89' lang='lat' dir='ltr'><strong>Similiter</strong></span> 
     </span>
    </p>
   </div>
   <div class='ocr_carea' id='block_1_30' title="bbox 1846 1653 3421 1724">
    <p class='ocr_par' dir='ltr' id='par_1_30' title="bbox 1846 1653 3421 1724">
     <span class='ocr_line' id='line_1_30' title="bbox 1846 1653 3421 1724; baseline 0.005 -22"><span class='ocrx_word' id='word_1_227' title='bbox 1846 1669 1865 1702; x_wconf 82' lang='grc'><em>‹</em></span> <span class='ocrx_word' id='word_1_228' title='bbox 1899 1660 2078 1707; x_wconf 85' lang='lat' dir='ltr'><strong>autem</strong></span> <span class='ocrx_word' id='word_1_229' title='bbox 2100 1663 2155 1706; x_wconf 90' lang='lat' dir='ltr'><strong>et</strong></span> <span class='ocrx_word' id='word_1_230' title='bbox 2179 1653 2262 1706; x_wconf 92' lang='lat' dir='ltr'><strong>vir</strong></span> <span class='ocrx_word' id='word_1_231' title='bbox 2289 1653 2376 1708; x_wconf 87' lang='lat' dir='ltr'><strong>sui</strong></span> <span class='ocrx_word' id='word_1_232' title='bbox 2399 1653 2644 1724; x_wconf 91' lang='lat' dir='ltr'><strong>corporis</strong></span> <span class='ocrx_word' id='word_1_233' title='bbox 2659 1663 2981 1724; x_wconf 87' lang='lat' dir='ltr'><strong>potestatem</strong></span> <span class='ocrx_word' id='word_1_234' title='bbox 2995 1671 3103 1710; x_wconf 91' lang='lat' dir='ltr'><strong>non</strong></span> <span class='ocrx_word' id='word_1_235' title='bbox 3117 1656 3298 1724; x_wconf 85' lang='lat' dir='ltr'><strong>habet,</strong></span> <span class='ocrx_word' id='word_1_236' title='bbox 3324 1655 3421 1711; x_wconf 89' lang='lat' dir='ltr'><strong>sed</strong></span> 
     </span>
    </p>
   </div>
   <div class='ocr_carea' id='block_1_31' title="bbox 1847 1741 3420 1812">
    <p class='ocr_par' dir='ltr' id='par_1_31' title="bbox 1847 1741 3420 1812">
     <span class='ocr_line' id='line_1_31' title="bbox 1847 1741 3420 1812; baseline 0.003 -18"><span class='ocrx_word' id='word_1_237' title='bbox 1847 1761 1865 1794; x_wconf 73' lang='grc' dir='ltr'><strong><em>ι</em></strong></span> <span class='ocrx_word' id='word_1_238' title='bbox 1901 1743 2112 1797; x_wconf 88' lang='lat' dir='ltr'><strong>mulier.</strong></span> <span class='ocrx_word' id='word_1_239' title='bbox 2145 1741 2323 1798; x_wconf 87' lang='lat' dir='ltr'><strong>Nolite</strong></span> <span class='ocrx_word' id='word_1_240' title='bbox 2347 1742 2605 1800; x_wconf 86' lang='lat' dir='ltr'><strong>fraudare</strong></span> <span class='ocrx_word' id='word_1_241' title='bbox 2625 1745 2877 1812; x_wconf 86' lang='lat' dir='ltr'><strong>invicem,</strong></span> <span class='ocrx_word' id='word_1_242' title='bbox 2907 1745 3012 1800; x_wconf 90' lang='lat' dir='ltr'><strong>nisi</strong></span> <span class='ocrx_word' id='word_1_243' title='bbox 3030 1744 3170 1800; x_wconf 81' lang='lat' dir='ltr'><strong>forte</strong></span> <span class='ocrx_word' id='word_1_244' title='bbox 3199 1761 3266 1800; x_wconf 81' lang='lat' dir='ltr'><strong>ex</strong></span> <span class='ocrx_word' id='word_1_245' title='bbox 3288 1761 3420 1801; x_wconf 90' lang='lat' dir='ltr'><strong>con-</strong></span> 
     </span>
    </p>
   </div>
   <div class='ocr_carea' id='block_1_32' title="bbox 164 1824 3421 1909">
    <p class='ocr_par' dir='ltr' id='par_1_32' title="bbox 164 1824 3421 1909">
     <span class='ocr_line' id='line_1_32' title="bbox 164 1824 3421 1909; baseline 0.006 -22"><span class='ocrx_word' id='word_1_246' title='bbox 164 1848 362 1887; x_wconf 88' lang='lat' dir='ltr'><strong>carnem</strong></span> <span class='ocrx_word' id='word_1_247' title='bbox 397 1834 624 1889; x_wconf 89' lang='lat' dir='ltr'><strong>transit.</strong></span> <span class='ocrx_word' id='word_1_248' title='bbox 668 1833 765 1891; x_wconf 85' lang='lat' dir='ltr'><strong>Vel</strong></span> <span class='ocrx_word' id='word_1_249' title='bbox 806 1837 984 1905; x_wconf 89' lang='lat' dir='ltr'><strong>aliter,</strong></span> <span class='ocrx_word' id='word_1_250' title='bbox 1031 1841 1328 1894; x_wconf 90' lang='lat' dir='ltr'><strong>secundum</strong></span> <span class='ocrx_word' id='word_1_251' title='bbox 1363 1840 1734 1909; x_wconf 73' lang='lat' dir='ltr'><strong>Ambrosium,</strong></span> <span class='ocrx_word' id='word_1_252' title='bbox 1771 1824 1812 1882; x_wconf 76' lang='grc' dir='ltr'><strong><em>Β</em></strong></span> <span class='ocrx_word' id='word_1_253' title='bbox 1847 1854 1865 1885; x_wconf 74' lang='grc' dir='ltr'>ί</span> <span class='ocrx_word' id='word_1_254' title='bbox 1905 1850 2070 1889; x_wconf 67' lang='lat' dir='ltr'><strong>sensu</strong></span> <span class='ocrx_word' id='word_1_255' title='bbox 2101 1835 2169 1889; x_wconf 66' lang='lat' dir='ltr'><strong>ad</strong></span> <span class='ocrx_word' id='word_1_256' title='bbox 2197 1843 2434 1906; x_wconf 56' lang='lat' dir='ltr'><strong>tempus.</strong></span> <span class='ocrx_word' id='word_1_257' title='bbox 2475 1843 2538 1890; x_wconf 74' lang='grc' dir='ltr'><strong>ιιι</strong></span> <span class='ocrx_word' id='word_1_258' title='bbox 2582 1836 2785 1893; x_wconf 68' lang='grc' dir='ltr'><strong>νπθιίε</strong></span> <span class='ocrx_word' id='word_1_259' title='bbox 2833 1838 3065 1892; x_wconf 61' lang='lat' dir='ltr'><strong>orationi</strong></span> <span class='ocrx_word' id='word_1_260' title='bbox 3093 1857 3106 1893; x_wconf 77' lang='grc' dir='ltr'>ε</span> <span class='ocrx_word' id='word_1_261' title='bbox 3134 1847 3189 1892; x_wconf 75' lang='grc' dir='ltr'><strong>ει</strong></span> <span class='ocrx_word' id='word_1_262' title='bbox 3222 1838 3421 1892; x_wconf 54' lang='lat' dir='ltr'><strong>iterum</strong></span> 
     </span>
    </p>
   </div>
   <div class='ocr_carea' id='block_1_33' title="bbox 166 1923 1736 2005">
    <p class='ocr_par' dir='ltr' id='par_1_33' title="bbox 166 1923 1736 2005">
     <span class='ocr_line' id='line_1_33' title="bbox 166 1923 1736 2005; baseline 0.007 -28"><span class='ocrx_word' id='word_1_263' title='bbox 166 1933 215 1978; x_wconf 93' lang='lat' dir='ltr'><strong>ut</strong></span> <span class='ocrx_word' id='word_1_264' title='bbox 241 1923 660 1980; x_wconf 78' lang='lat' dir='ltr'><strong>fornicationem</strong></span> <span class='ocrx_word' id='word_1_265' title='bbox 707 1927 798 1982; x_wconf 88' lang='lat' dir='ltr'><strong>hic</strong></span> <span class='ocrx_word' id='word_1_266' title='bbox 837 1928 904 1984; x_wconf 89' lang='lat' dir='ltr'><strong>de</strong></span> <span class='ocrx_word' id='word_1_267' title='bbox 947 1929 1214 1986; x_wconf 88' lang='lat' dir='ltr'><strong>adulterio</strong></span> <span class='ocrx_word' id='word_1_268' title='bbox 1252 1931 1428 1986; x_wconf 91' lang='lat' dir='ltr'><strong>solum</strong></span> <span class='ocrx_word' id='word_1_269' title='bbox 1467 1933 1736 2005; x_wconf 86' lang='lat' dir='ltr'><strong>intelliga-</strong></span> 
     </span>
    </p>
   </div>
   <div class='ocr_carea' id='block_1_34' title="bbox 163 2015 1732 2096">
    <p class='ocr_par' dir='ltr' id='par_1_34' title="bbox 163 2015 1732 2096">
     <span class='ocr_line' id='line_1_34' title="bbox 163 2015 1732 2096; baseline 0.007 -27"><span class='ocrx_word' id='word_1_270' title='bbox 163 2031 270 2070; x_wconf 88' lang='lat' dir='ltr'><strong>mus</strong></span> <span class='ocrx_word' id='word_1_271' title='bbox 297 2035 310 2070; x_wconf 88' lang='lat'><strong>:</strong></span> <span class='ocrx_word' id='word_1_272' title='bbox 340 2015 541 2088; x_wconf 79' lang='lat' dir='ltr'><strong>Fugite</strong></span> <span class='ocrx_word' id='word_1_273' title='bbox 567 2018 993 2088; x_wconf 79' lang='lat' dir='ltr'><strong>fornicationem,</strong></span> <span class='ocrx_word' id='word_1_274' title='bbox 1024 2021 1076 2076; x_wconf 89' lang='lat' dir='ltr'><strong>id</strong></span> <span class='ocrx_word' id='word_1_275' title='bbox 1102 2032 1187 2078; x_wconf 91' lang='lat' dir='ltr'><strong>est</strong></span> <span class='ocrx_word' id='word_1_276' title='bbox 1211 2023 1536 2080; x_wconf 88' lang='lat' dir='ltr'><strong>adulterium</strong></span> <span class='ocrx_word' id='word_1_277' title='bbox 1565 2045 1577 2080; x_wconf 91' lang='lat'><strong>:</strong></span> <span class='ocrx_word' id='word_1_278' title='bbox 1605 2027 1732 2096; x_wconf 89' lang='lat' dir='ltr'><strong>quia</strong></span> 
     </span>
    </p>
   </div>
   <div class='ocr_carea' id='block_1_35' title="bbox 162 2109 1732 2186">
    <p class='ocr_par' dir='ltr' id='par_1_35' title="bbox 162 2109 1732 2186">
     <span class='ocr_line' id='line_1_35' title="bbox 162 2109 1732 2186; baseline 0.006 -24"><span class='ocrx_word' id='word_1_279' title='bbox 162 2125 306 2162; x_wconf 85' lang='lat' dir='ltr'><strong>omne</strong></span> <span class='ocrx_word' id='word_1_280' title='bbox 337 2109 490 2164; x_wconf 88' lang='lat' dir='ltr'><strong>aliud</strong></span> <span class='ocrx_word' id='word_1_281' title='bbox 518 2121 799 2180; x_wconf 89' lang='lat' dir='ltr'><strong>peceatum</strong></span> <span class='ocrx_word' id='word_1_282' title='bbox 829 2121 913 2167; x_wconf 89' lang='lat' dir='ltr'><strong>est</strong></span> <span class='ocrx_word' id='word_1_283' title='bbox 939 2122 1091 2168; x_wconf 80' lang='lat' dir='ltr'><strong>extra</strong></span> <span class='ocrx_word' id='word_1_284' title='bbox 1118 2131 1338 2186; x_wconf 90' lang='lat' dir='ltr'><strong>corpus,</strong></span> <span class='ocrx_word' id='word_1_285' title='bbox 1385 2115 1437 2170; x_wconf 90' lang='lat' dir='ltr'><strong>id</strong></span> <span class='ocrx_word' id='word_1_286' title='bbox 1469 2125 1554 2172; x_wconf 89' lang='lat' dir='ltr'><strong>est</strong></span> <span class='ocrx_word' id='word_1_287' title='bbox 1579 2121 1732 2172; x_wconf 87' lang='lat' dir='ltr'><strong>extra</strong></span> 
     </span>
    </p>
   </div>
   <div class='ocr_carea' id='block_1_36' title="bbox 168 2203 1728 2276">
    <p class='ocr_par' dir='ltr' id='par_1_36' title="bbox 168 2203 1728 2276">
     <span class='ocr_line' id='line_1_36' title="bbox 168 2203 1728 2276; baseline 0.006 -23"><span class='ocrx_word' id='word_1_288' title='bbox 168 2217 372 2256; x_wconf 77' lang='lat' dir='ltr'><strong>uxorem</strong></span> <span class='ocrx_word' id='word_1_289' title='bbox 407 2221 420 2256; x_wconf 91' lang='lat'>:</span> <span class='ocrx_word' id='word_1_290' title='bbox 449 2203 545 2257; x_wconf 88' lang='lat' dir='ltr'><strong>sed</strong></span> <span class='ocrx_word' id='word_1_291' title='bbox 571 2203 660 2276; x_wconf 89' lang='lat' dir='ltr'><strong>qui</strong></span> <span class='ocrx_word' id='word_1_292' title='bbox 687 2203 986 2259; x_wconf 81' lang='lat' dir='ltr'><strong>fornicatur</strong></span> <span class='ocrx_word' id='word_1_293' title='bbox 1015 2215 1202 2274; x_wconf 85' lang='lat' dir='ltr'><strong>peccat</strong></span> <span class='ocrx_word' id='word_1_294' title='bbox 1223 2207 1301 2274; x_wconf 89' lang='lat' dir='ltr'><strong>in,</strong></span> <span class='ocrx_word' id='word_1_295' title='bbox 1324 2207 1378 2261; x_wconf 88' lang='lat' dir='ltr'><strong>id</strong></span> <span class='ocrx_word' id='word_1_296' title='bbox 1407 2216 1490 2262; x_wconf 89' lang='lat' dir='ltr'><strong>est</strong></span> <span class='ocrx_word' id='word_1_297' title='bbox 1516 2217 1728 2275; x_wconf 90' lang='lat' dir='ltr'><strong>contra,</strong></span> 
     </span>
    </p>
   </div>
   <div class='ocr_carea' id='block_1_37' title="bbox 169 2295 1732 2372">
    <p class='ocr_par' dir='ltr' id='par_1_37' title="bbox 169 2295 1732 2372">
     <span class='ocr_line' id='line_1_37' title="bbox 169 2295 1732 2372; baseline 0.004 -25"><span class='ocrx_word' id='word_1_298' title='bbox 169 2310 345 2364; x_wconf 83' lang='lat' dir='ltr'><strong>corpus</strong></span> <span class='ocrx_word' id='word_1_299' title='bbox 375 2310 564 2372; x_wconf 63' lang='lat' dir='ltr'><strong>suum,</strong></span> <span class='ocrx_word' id='word_1_300' title='bbox 590 2295 639 2348; x_wconf 93' lang='lat' dir='ltr'><strong>id</strong></span> <span class='ocrx_word' id='word_1_301' title='bbox 668 2303 753 2350; x_wconf 91' lang='lat' dir='ltr'><strong>est</strong></span> <span class='ocrx_word' id='word_1_302' title='bbox 782 2306 970 2350; x_wconf 89' lang='lat' dir='ltr'><strong>contra</strong></span> <span class='ocrx_word' id='word_1_303' title='bbox 1000 2313 1223 2351; x_wconf 91' lang='lat' dir='ltr'><strong>uxorem</strong></span> <span class='ocrx_word' id='word_1_304' title='bbox 1254 2314 1409 2352; x_wconf 91' lang='lat' dir='ltr'><strong>suam</strong></span> <span class='ocrx_word' id='word_1_305' title='bbox 1437 2299 1600 2369; x_wconf 89' lang='lat' dir='ltr'><strong>:quia</strong></span> <span class='ocrx_word' id='word_1_306' title='bbox 1632 2315 1732 2370; x_wconf 90' lang='lat' dir='ltr'><strong>pro</strong></span> 
     </span>
    </p>
   </div>
   <div class='ocr_carea' id='block_1_38' title="bbox 167 2386 1732 2460">
    <p class='ocr_par' dir='ltr' id='par_1_38' title="bbox 167 2386 1732 2460">
     <span class='ocr_line' id='line_1_38' title="bbox 167 2386 1732 2460; baseline 0.006 -22"><span class='ocrx_word' id='word_1_307' title='bbox 167 2396 364 2454; x_wconf 69' lang='lat' dir='ltr'><strong>peccato</strong></span> <span class='ocrx_word' id='word_1_308' title='bbox 395 2386 779 2443; x_wconf 86' lang='lat' dir='ltr'><strong>fornicationis</strong></span> <span class='ocrx_word' id='word_1_309' title='bbox 811 2405 949 2442; x_wconf 87' lang='lat' dir='ltr'><strong>uxor</strong></span> <span class='ocrx_word' id='word_1_310' title='bbox 976 2398 1155 2459; x_wconf 88' lang='lat' dir='ltr'><strong>potest</strong></span> <span class='ocrx_word' id='word_1_311' title='bbox 1185 2391 1425 2460; x_wconf 82' lang='lat' dir='ltr'><strong>separari</strong></span> <span class='ocrx_word' id='word_1_312' title='bbox 1455 2392 1523 2446; x_wconf 91' lang='lat' dir='ltr'><strong>ah</strong></span> <span class='ocrx_word' id='word_1_313' title='bbox 1549 2409 1633 2458; x_wconf 88' lang='lat' dir='ltr'><strong>eo,</strong></span> <span class='ocrx_word' id='word_1_314' title='bbox 1677 2403 1732 2447; x_wconf 90' lang='lat' dir='ltr'><strong>et</strong></span> 
     </span>
    </p>
   </div>
   <div class='ocr_carea' id='block_1_39' title="bbox 170 2479 1730 2556">
    <p class='ocr_par' dir='ltr' id='par_1_39' title="bbox 170 2479 1730 2556">
     <span class='ocr_line' id='line_1_39' title="bbox 170 2479 1730 2556; baseline 0.004 -24"><span class='ocrx_word' id='word_1_315' title='bbox 170 2494 256 2532; x_wconf 81' lang='lat' dir='ltr'><strong>nozi</strong></span> <span class='ocrx_word' id='word_1_316' title='bbox 297 2488 514 2550; x_wconf 81' lang='lat' dir='ltr'><strong>propter</strong></span> <span class='ocrx_word' id='word_1_317' title='bbox 557 2481 726 2535; x_wconf 90' lang='lat' dir='ltr'><strong>aliud.</strong></span> <span class='ocrx_word' id='word_1_318' title='bbox 768 2479 980 2551; x_wconf 89' lang='lat' dir='ltr'><strong>Corpus</strong></span> <span class='ocrx_word' id='word_1_319' title='bbox 1025 2481 1366 2537; x_wconf 37' lang='lat' dir='ltr'><strong>virildicitur</strong></span> <span class='ocrx_word' id='word_1_320' title='bbox 1404 2500 1540 2538; x_wconf 88' lang='lat' dir='ltr'><strong>uxor</strong></span> <span class='ocrx_word' id='word_1_321' title='bbox 1568 2485 1730 2556; x_wconf 88' lang='lat' dir='ltr'><strong>:quia</strong></span> 
     </span>
    </p>
   </div>
   <div class='ocr_carea' id='block_1_40' title="bbox 172 2572 1730 2644">
    <p class='ocr_par' dir='ltr' id='par_1_40' title="bbox 172 2572 1730 2644">
     <span class='ocr_line' id='line_1_40' title="bbox 172 2572 1730 2644; baseline 0.005 -20"><span class='ocrx_word' id='word_1_322' title='bbox 172 2586 276 2624; x_wconf 81' lang='lat' dir='ltr'><strong>cum</strong></span> <span class='ocrx_word' id='word_1_323' title='bbox 316 2572 547 2627; x_wconf 84' lang='lat' dir='ltr'><strong>maritus</strong></span> <span class='ocrx_word' id='word_1_324' title='bbox 583 2581 638 2626; x_wconf 89' lang='lat' dir='ltr'><strong>et</strong></span> <span class='ocrx_word' id='word_1_325' title='bbox 675 2588 815 2627; x_wconf 87' lang='lat' dir='ltr'><strong>uxor</strong></span> <span class='ocrx_word' id='word_1_326' title='bbox 849 2589 1016 2627; x_wconf 88' lang='lat' dir='ltr'><strong>unum</strong></span> <span class='ocrx_word' id='word_1_327' title='bbox 1056 2589 1256 2644; x_wconf 83' lang='lat' dir='ltr'><strong>corpus</strong></span> <span class='ocrx_word' id='word_1_328' title='bbox 1288 2574 1606 2643; x_wconf 74' lang='lat' dir='ltr'><strong>efﬁciantur,</strong></span> <span class='ocrx_word' id='word_1_329' title='bbox 1647 2579 1730 2632; x_wconf 89' lang='lat' dir='ltr'><strong>vir</strong></span> 
     </span>
    </p>
   </div>
   <div class='ocr_carea' id='block_1_41' title="bbox 176 2661 1727 2736">
    <p class='ocr_par' dir='ltr' id='par_1_41' title="bbox 176 2661 1727 2736">
     <span class='ocr_line' id='line_1_41' title="bbox 176 2661 1727 2736; baseline 0.005 -23"><span class='ocrx_word' id='word_1_330' title='bbox 176 2661 364 2729; x_wconf 84' lang='lat' dir='ltr'><strong>quidem</strong></span> <span class='ocrx_word' id='word_1_331' title='bbox 389 2671 556 2732; x_wconf 89' lang='lat' dir='ltr'><strong>caput</strong></span> <span class='ocrx_word' id='word_1_332' title='bbox 580 2670 685 2728; x_wconf 88' lang='lat' dir='ltr'><strong>est,</strong></span> <span class='ocrx_word' id='word_1_333' title='bbox 713 2663 910 2718; x_wconf 89' lang='lat' dir='ltr'><strong>mulier</strong></span> <span class='ocrx_word' id='word_1_334' title='bbox 928 2672 1107 2718; x_wconf 88' lang='lat' dir='ltr'><strong>autem</strong></span> <span class='ocrx_word' id='word_1_335' title='bbox 1131 2665 1310 2736; x_wconf 88' lang='lat' dir='ltr'><strong>portio</strong></span> <span class='ocrx_word' id='word_1_336' title='bbox 1334 2665 1437 2720; x_wconf 88' lang='lat' dir='ltr'><strong>viri</strong></span> <span class='ocrx_word' id='word_1_337' title='bbox 1460 2665 1514 2720; x_wconf 90' lang='lat' dir='ltr'><strong>in</strong></span> <span class='ocrx_word' id='word_1_338' title='bbox 1537 2667 1727 2722; x_wconf 88' lang='lat' dir='ltr'><strong>eodem</strong></span> 
     </span>
    </p>
   </div>
   <div class='ocr_carea' id='block_1_42' title="bbox 182 2753 1729 2828">
    <p class='ocr_par' dir='ltr' id='par_1_42' title="bbox 182 2753 1729 2828">
     <span class='ocr_line' id='line_1_42' title="bbox 182 2753 1729 2828; baseline 0.005 -23"><span class='ocrx_word' id='word_1_339' title='bbox 182 2767 394 2822; x_wconf 83' lang='lat' dir='ltr'><strong>corpore.</strong></span> <span class='ocrx_word' id='word_1_340' title='bbox 434 2753 528 2808; x_wconf 92' lang='lat' dir='ltr'><strong>Vel</strong></span> <span class='ocrx_word' id='word_1_341' title='bbox 575 2755 736 2809; x_wconf 91' lang='lat' dir='ltr'><strong>aliter</strong></span> <span class='ocrx_word' id='word_1_342' title='bbox 784 2757 1082 2811; x_wconf 89' lang='lat' dir='ltr'><strong>secundum</strong></span> <span class='ocrx_word' id='word_1_343' title='bbox 1124 2757 1418 2812; x_wconf 85' lang='lat' dir='ltr'><strong>novitatem</strong></span> <span class='ocrx_word' id='word_1_344' title='bbox 1462 2773 1729 2828; x_wconf 89' lang='lat' dir='ltr'><strong>quorum-</strong></span> 
     </span>
    </p>
   </div>
   <div class='ocr_carea' id='block_1_43' title="bbox 182 2847 1724 2919">
    <p class='ocr_par' dir='ltr' id='par_1_43' title="bbox 182 2847 1724 2919">
     <span class='ocr_line' id='line_1_43' title="bbox 182 2847 1724 2919; baseline 0.005 -18"><span class='ocrx_word' id='word_1_345' title='bbox 182 2847 285 2902; x_wconf 86' lang='lat' dir='ltr'><strong>dam</strong></span> <span class='ocrx_word' id='word_1_346' title='bbox 313 2868 323 2901; x_wconf 93' lang='lat'>:</span> <span class='ocrx_word' id='word_1_347' title='bbox 345 2859 392 2904; x_wconf 87' lang='lat' dir='ltr'><strong>et</strong></span> <span class='ocrx_word' id='word_1_348' title='bbox 419 2849 689 2906; x_wconf 74' lang='lat' dir='ltr'><strong>videbitur</strong></span> <span class='ocrx_word' id='word_1_349' title='bbox 715 2851 828 2906; x_wconf 73' lang='lat' dir='ltr'><strong>haec</strong></span> <span class='ocrx_word' id='word_1_350' title='bbox 859 2852 1126 2907; x_wconf 89' lang='lat' dir='ltr'><strong>sententia</strong></span> <span class='ocrx_word' id='word_1_351' title='bbox 1151 2851 1456 2907; x_wconf 88' lang='lat' dir='ltr'><strong>continuari</strong></span> <span class='ocrx_word' id='word_1_352' title='bbox 1481 2853 1547 2906; x_wconf 92' lang='lat' dir='ltr'><strong>ad</strong></span> <span class='ocrx_word' id='word_1_353' title='bbox 1571 2852 1724 2919; x_wconf 90' lang='lat' dir='ltr'><strong>illud,</strong></span> 
     </span>
    </p>
   </div>
   <div class='ocr_carea' id='block_1_44' title="bbox 178 2939 1758 3015">
    <p class='ocr_par' dir='ltr' id='par_1_44' title="bbox 178 2939 1758 3015">
     <span class='ocr_line' id='line_1_44' title="bbox 178 2939 1758 3015; baseline 0.006 -24"><span class='ocrx_word' id='word_1_354' title='bbox 178 2939 295 3008; x_wconf 89' lang='lat' dir='ltr'><strong>quod</strong></span> <span class='ocrx_word' id='word_1_355' title='bbox 325 2941 469 3010; x_wconf 89' lang='lat' dir='ltr'><strong>prius</strong></span> <span class='ocrx_word' id='word_1_356' title='bbox 503 2941 739 3009; x_wconf 79' lang='lat' dir='ltr'><strong>dixerat,</strong></span> <span class='ocrx_word' id='word_1_357' title='bbox 775 2941 1160 2998; x_wconf 84' lang='lat' dir='ltr'><strong>fornicatorem</strong></span> <span class='ocrx_word' id='word_1_358' title='bbox 1207 2944 1357 2998; x_wconf 91' lang='lat' dir='ltr'><strong>illum</strong></span> <span class='ocrx_word' id='word_1_359' title='bbox 1399 2943 1758 3015; x_wconf 90' lang='lat' dir='ltr'><strong>ejiciendum-</strong></span> 
     </span>
    </p>
   </div>
   <div class='ocr_carea' id='block_1_45' title="bbox 183 3029 1727 3107">
    <p class='ocr_par' dir='ltr' id='par_1_45' title="bbox 183 3029 1727 3107">
     <span class='ocr_line' id='line_1_45' title="bbox 183 3029 1727 3107; baseline 0.006 -25"><span class='ocrx_word' id='word_1_360' title='bbox 183 3030 232 3083; x_wconf 64' lang='grc' dir='ltr'><strong>αἱ)</strong></span> <span class='ocrx_word' id='word_1_361' title='bbox 265 3029 511 3088; x_wconf 81' lang='lat' dir='ltr'><strong>Ecclesia.</strong></span> <span class='ocrx_word' id='word_1_362' title='bbox 564 3032 739 3090; x_wconf 91' lang='lat' dir='ltr'><strong>Omne</strong></span> <span class='ocrx_word' id='word_1_363' title='bbox 788 3045 1069 3106; x_wconf 86' lang='lat' dir='ltr'><strong>peccatum</strong></span> <span class='ocrx_word' id='word_1_364' title='bbox 1120 3036 1486 3107; x_wconf 88' lang='lat' dir='ltr'><strong>quodcunque</strong></span> <span class='ocrx_word' id='word_1_365' title='bbox 1537 3035 1727 3092; x_wconf 81' lang='lat' dir='ltr'><strong>fecerit</strong></span> 
     </span>
    </p>
   </div>
   <div class='ocr_carea' id='block_1_46' title="bbox 1842 1925 3421 1999">
    <p class='ocr_par' dir='ltr' id='par_1_46' title="bbox 1842 1925 3421 1999">
     <span class='ocr_line' id='line_1_46' title="bbox 1842 1925 3421 1999; baseline 0.004 -22"><span class='ocrx_word' id='word_1_366' title='bbox 1842 1944 1860 1975; x_wconf 73' lang='grc' dir='ltr'>ς</span> <span class='ocrx_word' id='word_1_367' title='bbox 1902 1925 2235 1979; x_wconf 83' lang='lat' dir='ltr'><strong>revertimini</strong></span> <span class='ocrx_word' id='word_1_368' title='bbox 2266 1926 2322 1980; x_wconf 91' lang='lat' dir='ltr'><strong>in</strong></span> <span class='ocrx_word' id='word_1_369' title='bbox 2344 1926 2602 1996; x_wconf 86' lang='lat' dir='ltr'><strong>idipsum,</strong></span> <span class='ocrx_word' id='word_1_370' title='bbox 2629 1943 2696 1981; x_wconf 87' lang='lat' dir='ltr'><strong>ne</strong></span> <span class='ocrx_word' id='word_1_371' title='bbox 2723 1936 2892 1982; x_wconf 86' lang='lat' dir='ltr'><strong>tentet</strong></span> <span class='ocrx_word' id='word_1_372' title='bbox 2915 1944 3014 1983; x_wconf 87' lang='lat' dir='ltr'><strong>vos</strong></span> <span class='ocrx_word' id='word_1_373' title='bbox 3036 1927 3270 1984; x_wconf 90' lang='lat' dir='ltr'><strong>Satanas</strong></span> <span class='ocrx_word' id='word_1_374' title='bbox 3294 1945 3421 1999; x_wconf 83' lang='lat' dir='ltr'><strong>pro-</strong></span> 
     </span>
    </p>
   </div>
   <div class='ocr_carea' id='block_1_47' title="bbox 1841 2016 3419 2084">
    <p class='ocr_par' dir='ltr' id='par_1_47' title="bbox 1841 2016 3419 2084">
     <span class='ocr_line' id='line_1_47' title="bbox 1841 2016 3419 2084; baseline 0.006 -18"><span class='ocrx_word' id='word_1_375' title='bbox 1841 2034 1860 2066; x_wconf 85' lang='grc'><em>‹</em></span> <span class='ocrx_word' id='word_1_376' title='bbox 1895 2023 2015 2084; x_wconf 90' lang='lat' dir='ltr'><strong>pter</strong></span> <span class='ocrx_word' id='word_1_377' title='bbox 2034 2016 2478 2072; x_wconf 90' lang='lat' dir='ltr'><strong>incontinentiam</strong></span> <span class='ocrx_word' id='word_1_378' title='bbox 2509 2026 2768 2073; x_wconf 87' lang='lat' dir='ltr'><strong>vestram.</strong></span> <span class='ocrx_word' id='word_1_379' title='bbox 2808 2019 2921 2074; x_wconf 81' lang='lat' dir='ltr'><strong>Hoc</strong></span> <span class='ocrx_word' id='word_1_380' title='bbox 2945 2030 3128 2075; x_wconf 90' lang='lat' dir='ltr'><strong>autem</strong></span> <span class='ocrx_word' id='word_1_381' title='bbox 3165 2022 3290 2076; x_wconf 90' lang='lat' dir='ltr'><strong>dico</strong></span> <span class='ocrx_word' id='word_1_382' title='bbox 3329 2037 3419 2076; x_wconf 81' lang='lat' dir='ltr'><strong>se-</strong></span> 
     </span>
    </p>
   </div>
   <div class='ocr_carea' id='block_1_48' title="bbox 1840 2107 3411 2180">
    <p class='ocr_par' dir='ltr' id='par_1_48' title="bbox 1840 2107 3411 2180">
     <span class='ocr_line' id='line_1_48' title="bbox 1840 2107 3411 2180; baseline 0.004 -20"><span class='ocrx_word' id='word_1_383' title='bbox 1840 2125 1861 2160; x_wconf 78' lang='lat' dir='ltr'><strong>t</strong></span> <span class='ocrx_word' id='word_1_384' title='bbox 1895 2107 2134 2162; x_wconf 89' lang='lat' dir='ltr'><strong>eundum</strong></span> <span class='ocrx_word' id='word_1_385' title='bbox 2169 2108 2581 2179; x_wconf 82' lang='lat' dir='ltr'><strong>indulgentiam,</strong></span> <span class='ocrx_word' id='word_1_386' title='bbox 2631 2118 2687 2164; x_wconf 91' lang='lat' dir='ltr'><strong>et</strong></span> <span class='ocrx_word' id='word_1_387' title='bbox 2738 2125 2846 2164; x_wconf 92' lang='lat' dir='ltr'><strong>non</strong></span> <span class='ocrx_word' id='word_1_388' title='bbox 2895 2111 3197 2167; x_wconf 90' lang='lat' dir='ltr'><strong>secundum</strong></span> <span class='ocrx_word' id='word_1_389' title='bbox 3237 2113 3411 2180; x_wconf 90' lang='lat' dir='ltr'><strong>impe-</strong></span> 
     </span>
    </p>
   </div>
   <div class='ocr_carea' id='block_1_49' title="bbox 1839 2197 3412 2268">
    <p class='ocr_par' dir='ltr' id='par_1_49' title="bbox 1839 2197 3412 2268">
     <span class='ocr_line' id='line_1_49' title="bbox 1839 2197 3412 2268; baseline 0.004 -19"><span class='ocrx_word' id='word_1_390' title='bbox 1839 2216 1857 2247; x_wconf 77' lang='grc' dir='ltr'>ι</span> <span class='ocrx_word' id='word_1_391' title='bbox 1895 2197 2059 2251; x_wconf 91' lang='lat' dir='ltr'><strong>rium.</strong></span> <span class='ocrx_word' id='word_1_392' title='bbox 2099 2197 2233 2252; x_wconf 83' lang='lat' dir='ltr'><strong>Volo</strong></span> <span class='ocrx_word' id='word_1_393' title='bbox 2264 2207 2446 2253; x_wconf 82' lang='lat' dir='ltr'><strong>autem</strong></span> <span class='ocrx_word' id='word_1_394' title='bbox 2488 2215 2679 2255; x_wconf 89' lang='lat' dir='ltr'><strong>omnes</strong></span> <span class='ocrx_word' id='word_1_395' title='bbox 2704 2216 2802 2255; x_wconf 92' lang='lat' dir='ltr'><strong>vos</strong></span> <span class='ocrx_word' id='word_1_396' title='bbox 2824 2201 3074 2256; x_wconf 90' lang='lat' dir='ltr'><strong>homines</strong></span> <span class='ocrx_word' id='word_1_397' title='bbox 3102 2217 3245 2268; x_wconf 91' lang='lat' dir='ltr'><strong>esse,</strong></span> <span class='ocrx_word' id='word_1_398' title='bbox 3270 2203 3412 2257; x_wconf 88' lang='lat' dir='ltr'><strong>sient</strong></span> 
     </span>
    </p>
   </div>
   <div class='ocr_carea' id='block_1_50' title="bbox 1839 2289 3418 2363">
    <p class='ocr_par' dir='ltr' id='par_1_50' title="bbox 1839 2289 3418 2363">
     <span class='ocr_line' id='line_1_50' title="bbox 1839 2289 3418 2363; baseline 0.008 -24"><span class='ocrx_word' id='word_1_399' title='bbox 1839 2307 1857 2339; x_wconf 75' lang='grc' dir='ltr'>σ</span> <span class='ocrx_word' id='word_1_400' title='bbox 1891 2289 2179 2359; x_wconf 91' lang='lat' dir='ltr'><strong>meipsum.</strong></span> <span class='ocrx_word' id='word_1_401' title='bbox 2223 2289 2327 2346; x_wconf 89' lang='lat' dir='ltr'><strong>Sed</strong></span> <span class='ocrx_word' id='word_1_402' title='bbox 2366 2293 2745 2362; x_wconf 89' lang='lat' dir='ltr'><strong>unusquisque</strong></span> <span class='ocrx_word' id='word_1_403' title='bbox 2772 2293 3052 2363; x_wconf 82' lang='lat' dir='ltr'><strong>proprium</strong></span> <span class='ocrx_word' id='word_1_404' title='bbox 3086 2295 3292 2349; x_wconf 90' lang='lat' dir='ltr'><strong>donum</strong></span> <span class='ocrx_word' id='word_1_405' title='bbox 3318 2295 3418 2352; x_wconf 86' lang='lat' dir='ltr'><strong>ha-</strong></span> 
     </span>
    </p>
   </div>
   <div class='ocr_carea' id='block_1_51' title="bbox 1837 2380 3413 2454">
    <p class='ocr_par' dir='ltr' id='par_1_51' title="bbox 1837 2380 3413 2454">
     <span class='ocr_line' id='line_1_51' title="bbox 1837 2380 3413 2454; baseline 0.005 -21"><span class='ocrx_word' id='word_1_406' title='bbox 1837 2399 1856 2431; x_wconf 73' lang='lat' dir='ltr'><strong>t</strong></span> <span class='ocrx_word' id='word_1_407' title='bbox 1893 2380 1982 2435; x_wconf 90' lang='lat' dir='ltr'><strong>bet</strong></span> <span class='ocrx_word' id='word_1_408' title='bbox 2009 2396 2076 2435; x_wconf 81' lang='lat' dir='ltr'><strong>ex</strong></span> <span class='ocrx_word' id='word_1_409' title='bbox 2101 2381 2224 2453; x_wconf 83' lang='lat' dir='ltr'><strong>[al.,</strong></span> <span class='ocrx_word' id='word_1_410' title='bbox 2252 2381 2307 2454; x_wconf 89' lang='lat' dir='ltr'><strong>a]</strong></span> <span class='ocrx_word' id='word_1_411' title='bbox 2348 2381 2460 2438; x_wconf 90' lang='lat' dir='ltr'><strong>Deo</strong></span> <span class='ocrx_word' id='word_1_412' title='bbox 2498 2403 2510 2438; x_wconf 95' lang='lat'>:</span> <span class='ocrx_word' id='word_1_413' title='bbox 2551 2383 2693 2439; x_wconf 89' lang='lat' dir='ltr'><strong>alius</strong></span> <span class='ocrx_word' id='word_1_414' title='bbox 2723 2384 2944 2454; x_wconf 88' lang='lat' dir='ltr'><strong>quidem</strong></span> <span class='ocrx_word' id='word_1_415' title='bbox 2973 2385 3082 2450; x_wconf 90' lang='lat' dir='ltr'><strong>sic,</strong></span> <span class='ocrx_word' id='word_1_416' title='bbox 3114 2385 3256 2441; x_wconf 91' lang='lat' dir='ltr'><strong>alius</strong></span> <span class='ocrx_word' id='word_1_417' title='bbox 3284 2403 3413 2442; x_wconf 85' lang='lat' dir='ltr'><strong>vero</strong></span> 
     </span>
    </p>
   </div>
   <div class='ocr_carea' id='block_1_52' title="bbox 1793 2472 3419 2546">
    <p class='ocr_par' dir='ltr' id='par_1_52' title="bbox 1793 2472 3419 2546">
     <span class='ocr_line' id='line_1_52' title="bbox 1793 2472 3419 2546; baseline 0.007 -24"><span class='ocrx_word' id='word_1_418' title='bbox 1793 2517 1803 2523; x_wconf 90' lang='lat'>_</span> <span class='ocrx_word' id='word_1_419' title='bbox 1837 2492 1866 2522; x_wconf 70' lang='grc' dir='ltr'><strong>ι’</strong></span> <span class='ocrx_word' id='word_1_420' title='bbox 1895 2472 1995 2528; x_wconf 91' lang='lat' dir='ltr'><strong>sic.</strong></span> <span class='ocrx_word' id='word_1_421' title='bbox 2038 2472 2171 2529; x_wconf 89' lang='lat' dir='ltr'><strong>Dico</strong></span> <span class='ocrx_word' id='word_1_422' title='bbox 2200 2484 2382 2529; x_wconf 89' lang='lat' dir='ltr'><strong>autem</strong></span> <span class='ocrx_word' id='word_1_423' title='bbox 2423 2489 2532 2530; x_wconf 88' lang='lat' dir='ltr'><strong>non</strong></span> <span class='ocrx_word' id='word_1_424' title='bbox 2554 2476 2740 2546; x_wconf 91' lang='lat' dir='ltr'><strong>nuptis</strong></span> <span class='ocrx_word' id='word_1_425' title='bbox 2778 2485 2834 2531; x_wconf 89' lang='lat' dir='ltr'><strong>et</strong></span> <span class='ocrx_word' id='word_1_426' title='bbox 2860 2475 3070 2544; x_wconf 88' lang='lat' dir='ltr'><strong>viduis;</strong></span> <span class='ocrx_word' id='word_1_427' title='bbox 3107 2477 3310 2532; x_wconf 89' lang='lat' dir='ltr'><strong>bonum</strong></span> <span class='ocrx_word' id='word_1_428' title='bbox 3333 2489 3419 2534; x_wconf 86' lang='lat' dir='ltr'><strong>est</strong></span> 
     </span>
    </p>
   </div>
   <div class='ocr_carea' id='block_1_53' title="bbox 1837 2564 3419 2639">
    <p class='ocr_par' dir='ltr' id='par_1_53' title="bbox 1837 2564 3419 2639">
     <span class='ocr_line' id='line_1_53' title="bbox 1837 2564 3419 2639; baseline 0.006 -25"><span class='ocrx_word' id='word_1_429' title='bbox 1837 2584 1853 2614; x_wconf 74' lang='grc' dir='ltr'>ι</span> <span class='ocrx_word' id='word_1_430' title='bbox 1893 2565 2000 2620; x_wconf 89' lang='lat' dir='ltr'><strong>illis</strong></span> <span class='ocrx_word' id='word_1_431' title='bbox 2029 2564 2076 2619; x_wconf 89' lang='lat' dir='ltr'><strong>si</strong></span> <span class='ocrx_word' id='word_1_432' title='bbox 2099 2565 2181 2622; x_wconf 91' lang='lat' dir='ltr'><strong>sic</strong></span> <span class='ocrx_word' id='word_1_433' title='bbox 2207 2567 2626 2637; x_wconf 84' lang='lat' dir='ltr'><strong>permanserint,</strong></span> <span class='ocrx_word' id='word_1_434' title='bbox 2674 2568 2817 2623; x_wconf 88' lang='lat' dir='ltr'><strong>sicut</strong></span> <span class='ocrx_word' id='word_1_435' title='bbox 2857 2577 2912 2622; x_wconf 86' lang='lat' dir='ltr'><strong>et</strong></span> <span class='ocrx_word' id='word_1_436' title='bbox 2938 2583 3058 2639; x_wconf 89' lang='lat' dir='ltr'><strong>ego.</strong></span> <span class='ocrx_word' id='word_1_437' title='bbox 3085 2567 3241 2635; x_wconf 85' lang='lat' dir='ltr'><strong>Quod</strong></span> <span class='ocrx_word' id='word_1_438' title='bbox 3275 2571 3320 2624; x_wconf 90' lang='lat' dir='ltr'><strong>si</strong></span> <span class='ocrx_word' id='word_1_439' title='bbox 3359 2587 3419 2625; x_wconf 89' lang='lat' dir='ltr'><strong>se</strong></span> 
     </span>
    </p>
   </div>
   <div class='ocr_carea' id='block_1_54' title="bbox 1837 2656 3413 2728">
    <p class='ocr_par' dir='ltr' id='par_1_54' title="bbox 1837 2656 3413 2728">
     <span class='ocr_line' id='line_1_54' title="bbox 1837 2656 3413 2728; baseline 0.005 -22"><span class='ocrx_word' id='word_1_440' title='bbox 1837 2675 1854 2706; x_wconf 79' lang='grc' dir='ltr'>ι</span> <span class='ocrx_word' id='word_1_441' title='bbox 1891 2672 1999 2710; x_wconf 92' lang='lat' dir='ltr'><strong>non</strong></span> <span class='ocrx_word' id='word_1_442' title='bbox 2031 2656 2338 2724; x_wconf 88' lang='lat' dir='ltr'><strong>continent,</strong></span> <span class='ocrx_word' id='word_1_443' title='bbox 2369 2657 2598 2713; x_wconf 89' lang='lat' dir='ltr'><strong>nubant.</strong></span> <span class='ocrx_word' id='word_1_444' title='bbox 2643 2657 2835 2713; x_wconf 82' lang='lat' dir='ltr'><strong>Melius</strong></span> <span class='ocrx_word' id='word_1_445' title='bbox 2877 2669 2961 2714; x_wconf 90' lang='lat' dir='ltr'><strong>est</strong></span> <span class='ocrx_word' id='word_1_446' title='bbox 3004 2659 3148 2715; x_wconf 91' lang='lat' dir='ltr'><strong>enim</strong></span> <span class='ocrx_word' id='word_1_447' title='bbox 3188 2661 3413 2728; x_wconf 89' lang='lat' dir='ltr'><strong>nubere,</strong></span> 
     </span>
    </p>
   </div>
   <div class='ocr_carea' id='block_1_55' title="bbox 1836 2747 3412 2822">
    <p class='ocr_par' dir='ltr' id='par_1_55' title="bbox 1836 2747 3412 2822">
     <span class='ocr_line' id='line_1_55' title="bbox 1836 2747 3412 2822; baseline 0.003 -22"><span class='ocrx_word' id='word_1_448' title='bbox 1836 2767 1853 2798; x_wconf 86' lang='grc'><em>‹</em></span> <span class='ocrx_word' id='word_1_449' title='bbox 1889 2763 2056 2818; x_wconf 88' lang='lat' dir='ltr'><strong>quam</strong></span> <span class='ocrx_word' id='word_1_450' title='bbox 2084 2749 2188 2801; x_wconf 92' lang='lat' dir='ltr'><strong>uri.</strong></span> <span class='ocrx_word' id='word_1_451' title='bbox 2222 2747 2319 2805; x_wconf 83' lang='lat' dir='ltr'><strong>His</strong></span> <span class='ocrx_word' id='word_1_452' title='bbox 2340 2757 2522 2804; x_wconf 89' lang='lat' dir='ltr'><strong>autem</strong></span> <span class='ocrx_word' id='word_1_453' title='bbox 2549 2750 2644 2819; x_wconf 88' lang='lat' dir='ltr'><strong>qui</strong></span> <span class='ocrx_word' id='word_1_454' title='bbox 2669 2750 3022 2805; x_wconf 92' lang='lat' dir='ltr'><strong>matrimonio</strong></span> <span class='ocrx_word' id='word_1_455' title='bbox 3057 2752 3233 2822; x_wconf 87' lang='lat' dir='ltr'><strong>juncti</strong></span> <span class='ocrx_word' id='word_1_456' title='bbox 3265 2761 3412 2818; x_wconf 91' lang='lat' dir='ltr'><strong>sunt,</strong></span> 
     </span>
    </p>
   </div>
   <div class='ocr_carea' id='block_1_56' title="bbox 1834 2841 3414 2914">
    <p class='ocr_par' dir='ltr' id='par_1_56' title="bbox 1834 2841 3414 2914">
     <span class='ocr_line' id='line_1_56' title="bbox 1834 2841 3414 2914; baseline 0.004 -22"><span class='ocrx_word' id='word_1_457' title='bbox 1834 2860 1852 2892; x_wconf 77' lang='grc' dir='ltr'>ι</span> <span class='ocrx_word' id='word_1_458' title='bbox 1891 2841 2146 2911; x_wconf 70' lang='lat' dir='ltr'><strong>praecipio</strong></span> <span class='ocrx_word' id='word_1_459' title='bbox 2167 2856 2274 2896; x_wconf 92' lang='lat' dir='ltr'><strong>non</strong></span> <span class='ocrx_word' id='word_1_460' title='bbox 2289 2858 2410 2914; x_wconf 89' lang='lat' dir='ltr'><strong>ego,</strong></span> <span class='ocrx_word' id='word_1_461' title='bbox 2439 2843 2532 2898; x_wconf 88' lang='lat' dir='ltr'><strong>sed</strong></span> <span class='ocrx_word' id='word_1_462' title='bbox 2556 2842 2840 2908; x_wconf 90' lang='lat' dir='ltr'><strong>Dominus,</strong></span> <span class='ocrx_word' id='word_1_463' title='bbox 2863 2859 3087 2898; x_wconf 85' lang='lat' dir='ltr'><strong>uxorem</strong></span> <span class='ocrx_word' id='word_1_464' title='bbox 3110 2861 3141 2898; x_wconf 91' lang='lat' dir='ltr'><strong>a</strong></span> <span class='ocrx_word' id='word_1_465' title='bbox 3169 2845 3288 2898; x_wconf 87' lang='lat' dir='ltr'><strong>viro</strong></span> <span class='ocrx_word' id='word_1_466' title='bbox 3307 2861 3414 2898; x_wconf 91' lang='lat' dir='ltr'><strong>non</strong></span> 
     </span>
    </p>
   </div>
   <div class='ocr_carea' id='block_1_57' title="bbox 1833 2931 3413 3004">
    <p class='ocr_par' dir='ltr' id='par_1_57' title="bbox 1833 2931 3413 3004">
     <span class='ocr_line' id='line_1_57' title="bbox 1833 2931 3413 3004; baseline 0.004 -21"><span class='ocrx_word' id='word_1_467' title='bbox 1833 2949 1852 2983; x_wconf 76' lang='grc' dir='ltr'>ι</span> <span class='ocrx_word' id='word_1_468' title='bbox 1889 2931 2186 2988; x_wconf 86' lang='lat' dir='ltr'><strong>discedere.</strong></span> <span class='ocrx_word' id='word_1_469' title='bbox 2217 2932 2375 2999; x_wconf 85' lang='lat' dir='ltr'><strong>Quod</strong></span> <span class='ocrx_word' id='word_1_470' title='bbox 2403 2934 2450 2989; x_wconf 91' lang='lat' dir='ltr'><strong>si</strong></span> <span class='ocrx_word' id='word_1_471' title='bbox 2483 2933 2819 3001; x_wconf 89' lang='lat' dir='ltr'><strong>discesserit,</strong></span> <span class='ocrx_word' id='word_1_472' title='bbox 2857 2950 3076 2990; x_wconf 88' lang='lat' dir='ltr'><strong>manere</strong></span> <span class='ocrx_word' id='word_1_473' title='bbox 3107 2936 3413 3004; x_wconf 78' lang='lat' dir='ltr'><strong>innuptam,</strong></span> 
     </span>
    </p>
   </div>
   <div class='ocr_carea' id='block_1_58' title="bbox 1833 3023 3417 3081">
    <p class='ocr_par' dir='ltr' id='par_1_58' title="bbox 1833 3023 3417 3081">
     <span class='ocr_line' id='line_1_58' title="bbox 1833 3023 3417 3081; baseline 0.005 -8"><span class='ocrx_word' id='word_1_474' title='bbox 1833 3041 1852 3073; x_wconf 73' lang='grc' dir='ltr'>ι</span> <span class='ocrx_word' id='word_1_475' title='bbox 1887 3032 1984 3078; x_wconf 91' lang='lat' dir='ltr'><strong>aut</strong></span> <span class='ocrx_word' id='word_1_476' title='bbox 2013 3023 2134 3080; x_wconf 89' lang='lat' dir='ltr'><strong>viro</strong></span> <span class='ocrx_word' id='word_1_477' title='bbox 2181 3039 2284 3079; x_wconf 90' lang='lat' dir='ltr'><strong>suo</strong></span> <span class='ocrx_word' id='word_1_478' title='bbox 2327 3025 2690 3080; x_wconf 90' lang='lat' dir='ltr'><strong>reconciliari.</strong></span> <span class='ocrx_word' id='word_1_479' title='bbox 2723 3023 2790 3078; x_wconf 85' lang='lat' dir='ltr'><strong>Et</strong></span> <span class='ocrx_word' id='word_1_480' title='bbox 2817 3026 2903 3079; x_wconf 90' lang='lat' dir='ltr'><strong>vir</strong></span> <span class='ocrx_word' id='word_1_481' title='bbox 2934 3042 3162 3080; x_wconf 81' lang='lat' dir='ltr'><strong>uxorem</strong></span> <span class='ocrx_word' id='word_1_482' title='bbox 3196 3043 3302 3080; x_wconf 91' lang='lat' dir='ltr'><strong>non</strong></span> <span class='ocrx_word' id='word_1_483' title='bbox 3332 3028 3417 3081; x_wconf 92' lang='lat' dir='ltr'><strong>di-</strong></span> 
     </span>
    </p>
   </div>
   <div class='ocr_carea' id='block_1_59' title="bbox 192 3113 1726 3226">
    <p class='ocr_par' dir='ltr' id='par_1_59' title="bbox 192 3122 1724 3195">
     <span class='ocr_line' id='line_1_59' title="bbox 192 3122 1724 3195; baseline 0.007 -22"><span class='ocrx_word' id='word_1_484' title='bbox 192 3122 333 3192; x_wconf 81' lang='lat' dir='ltr'><strong>aliquis</strong></span> <span class='ocrx_word' id='word_1_485' title='bbox 359 3126 553 3192; x_wconf 90' lang='lat' dir='ltr'><strong>homo,</strong></span> <span class='ocrx_word' id='word_1_486' title='bbox 597 3127 651 3182; x_wconf 89' lang='lat' dir='ltr'><strong>id</strong></span> <span class='ocrx_word' id='word_1_487' title='bbox 679 3135 762 3182; x_wconf 92' lang='lat' dir='ltr'><strong>est</strong></span> <span class='ocrx_word' id='word_1_488' title='bbox 792 3135 952 3183; x_wconf 91' lang='lat' dir='ltr'><strong>utens</strong></span> <span class='ocrx_word' id='word_1_489' title='bbox 1004 3129 1237 3195; x_wconf 90' lang='lat' dir='ltr'><strong>ratione,</strong></span> <span class='ocrx_word' id='word_1_490' title='bbox 1283 3128 1415 3183; x_wconf 91' lang='lat' dir='ltr'><strong>illud</strong></span> <span class='ocrx_word' id='word_1_491' title='bbox 1455 3137 1538 3184; x_wconf 90' lang='lat' dir='ltr'><strong>est</strong></span> <span class='ocrx_word' id='word_1_492' title='bbox 1570 3137 1724 3183; x_wconf 86' lang='lat' dir='ltr'><strong>extra</strong></span> 
     </span>
    </p>
   </div>
   <div class='ocr_carea' id='block_1_60' title="bbox 1833 3113 3415 3226">
    <p class='ocr_par' dir='ltr' id='par_1_60' title="bbox 1833 3113 3415 3187">
     <span class='ocr_line' id='line_1_60' title="bbox 1833 3113 3415 3187; baseline 0.003 -21"><span class='ocrx_word' id='word_1_493' title='bbox 1833 3133 1852 3166; x_wconf 85' lang='grc'>‹</span> <span class='ocrx_word' id='word_1_494' title='bbox 1889 3114 2091 3171; x_wconf 88' lang='lat' dir='ltr'><strong>mittat.</strong></span> <span class='ocrx_word' id='word_1_495' title='bbox 2139 3113 2275 3171; x_wconf 87' lang='lat' dir='ltr'><strong>Nam</strong></span> <span class='ocrx_word' id='word_1_496' title='bbox 2306 3116 2518 3171; x_wconf 57' lang='lat' dir='ltr'><strong>exteris</strong></span> <span class='ocrx_word' id='word_1_497' title='bbox 2562 3115 2686 3170; x_wconf 91' lang='lat' dir='ltr'><strong>dico</strong></span> <span class='ocrx_word' id='word_1_498' title='bbox 2716 3132 2838 3187; x_wconf 88' lang='lat' dir='ltr'><strong>ego,</strong></span> <span class='ocrx_word' id='word_1_499' title='bbox 2875 3133 2985 3170; x_wconf 90' lang='lat' dir='ltr'><strong>non</strong></span> <span class='ocrx_word' id='word_1_500' title='bbox 3017 3115 3301 3171; x_wconf 90' lang='lat' dir='ltr'><strong>Dominus.</strong></span> <span class='ocrx_word' id='word_1_501' title='bbox 3356 3117 3415 3171; x_wconf 91' lang='lat' dir='ltr'><strong>Si</strong></span> 
     </span>
    </p>
   </div>
   <div class='ocr_carea' id='block_1_61' title="bbox 191 3218 1725 3290">
    <p class='ocr_par' dir='ltr' id='par_1_61' title="bbox 191 3218 1725 3290">
     <span class='ocr_line' id='line_1_61' title="bbox 191 3218 1725 3290; baseline 0.005 -24"><span class='ocrx_word' id='word_1_502' title='bbox 191 3229 349 3285; x_wconf 82' lang='lat' dir='ltr'><strong>corpus,</strong></span> <span class='ocrx_word' id='word_1_503' title='bbox 385 3218 444 3272; x_wconf 88' lang='lat' dir='ltr'><strong>id</strong></span> <span class='ocrx_word' id='word_1_504' title='bbox 471 3227 557 3274; x_wconf 91' lang='lat' dir='ltr'><strong>est</strong></span> <span class='ocrx_word' id='word_1_505' title='bbox 585 3228 738 3274; x_wconf 87' lang='lat' dir='ltr'><strong>extra</strong></span> <span class='ocrx_word' id='word_1_506' title='bbox 768 3218 1089 3285; x_wconf 84' lang='lat' dir='ltr'><strong>Eeclesiam,</strong></span> <span class='ocrx_word' id='word_1_507' title='bbox 1135 3236 1257 3290; x_wconf 64' lang='lat' dir='ltr'><strong>qum</strong></span> <span class='ocrx_word' id='word_1_508' title='bbox 1299 3220 1494 3290; x_wconf 89' lang='lat' dir='ltr'><strong>capitis</strong></span> <span class='ocrx_word' id='word_1_509' title='bbox 1519 3219 1725 3276; x_wconf 88' lang='lat' dir='ltr'><strong>Christi</strong></span> 
     </span>
    </p>
   </div>
   <div class='ocr_carea' id='block_1_62' title="bbox 183 3311 1724 3382">
    <p class='ocr_par' dir='ltr' id='par_1_62' title="bbox 183 3311 1724 3382">
     <span class='ocr_line' id='line_1_62' title="bbox 183 3311 1724 3382; baseline 0.003 -19"><span class='ocrx_word' id='word_1_510' title='bbox 183 3321 335 3377; x_wconf 63' lang='lat' dir='ltr'><strong>corpus</strong></span> <span class='ocrx_word' id='word_1_511' title='bbox 368 3319 457 3366; x_wconf 90' lang='lat' dir='ltr'><strong>est</strong></span> <span class='ocrx_word' id='word_1_512' title='bbox 485 3330 498 3365; x_wconf 94' lang='lat'>:</span> <span class='ocrx_word' id='word_1_513' title='bbox 525 3312 657 3381; x_wconf 86' lang='lat' dir='ltr'><strong>quia</strong></span> <span class='ocrx_word' id='word_1_514' title='bbox 699 3327 822 3382; x_wconf 72' lang='lat' dir='ltr'><strong>qua:</strong></span> <span class='ocrx_word' id='word_1_515' title='bbox 864 3313 1074 3367; x_wconf 87' lang='lat' dir='ltr'><strong>ratione</strong></span> <span class='ocrx_word' id='word_1_516' title='bbox 1106 3321 1265 3368; x_wconf 91' lang='lat' dir='ltr'><strong>utens</strong></span> <span class='ocrx_word' id='word_1_517' title='bbox 1305 3311 1455 3378; x_wconf 91' lang='lat' dir='ltr'><strong>facit,</strong></span> <span class='ocrx_word' id='word_1_518' title='bbox 1489 3312 1724 3367; x_wconf 88' lang='lat' dir='ltr'><strong>venialia</strong></span> 
     </span>
    </p>
   </div>
   <div class='ocr_carea' id='block_1_63' title="bbox 175 3405 1723 3477">
    <p class='ocr_par' dir='ltr' id='par_1_63' title="bbox 175 3405 1723 3477">
     <span class='ocr_line' id='line_1_63' title="bbox 175 3405 1723 3477; baseline 0.008 -25"><span class='ocrx_word' id='word_1_519' title='bbox 175 3410 366 3457; x_wconf 70' lang='lat' dir='ltr'><strong>suntzet</strong></span> <span class='ocrx_word' id='word_1_520' title='bbox 391 3414 618 3476; x_wconf 87' lang='lat' dir='ltr'><strong>propter</strong></span> <span class='ocrx_word' id='word_1_521' title='bbox 639 3405 755 3461; x_wconf 71' lang='lat' dir='ltr'><strong>haec</strong></span> <span class='ocrx_word' id='word_1_522' title='bbox 777 3422 885 3460; x_wconf 90' lang='lat' dir='ltr'><strong>non</strong></span> <span class='ocrx_word' id='word_1_523' title='bbox 915 3415 1201 3477; x_wconf 90' lang='lat' dir='ltr'><strong>separatur</strong></span> <span class='ocrx_word' id='word_1_524' title='bbox 1227 3407 1296 3462; x_wconf 90' lang='lat' dir='ltr'><strong>ab</strong></span> <span class='ocrx_word' id='word_1_525' title='bbox 1320 3405 1562 3463; x_wconf 87' lang='lat' dir='ltr'><strong>Ecclesia</strong></span> <span class='ocrx_word' id='word_1_526' title='bbox 1590 3426 1602 3461; x_wconf 93' lang='lat'><strong>:</strong></span> <span class='ocrx_word' id='word_1_527' title='bbox 1628 3406 1723 3464; x_wconf 85' lang='lat' dir='ltr'><strong>sed</strong></span> 
     </span>
    </p>
   </div>
   <div class='ocr_carea' id='block_1_64' title="bbox 180 3491 1724 3569">
    <p class='ocr_par' dir='ltr' id='par_1_64' title="bbox 180 3491 1724 3569">
     <span class='ocr_line' id='line_1_64' title="bbox 180 3491 1724 3569; baseline 0.008 -26"><span class='ocrx_word' id='word_1_528' title='bbox 180 3491 253 3545; x_wconf 86' lang='lat' dir='ltr'><strong>ille</strong></span> <span class='ocrx_word' id='word_1_529' title='bbox 284 3495 363 3564; x_wconf 88' lang='lat' dir='ltr'><strong>qui</strong></span> <span class='ocrx_word' id='word_1_530' title='bbox 399 3495 722 3565; x_wconf 86' lang='lat' dir='ltr'><strong>fornicatur,</strong></span> <span class='ocrx_word' id='word_1_531' title='bbox 762 3507 951 3567; x_wconf 89' lang='lat' dir='ltr'><strong>peccat</strong></span> <span class='ocrx_word' id='word_1_532' title='bbox 988 3498 1043 3552; x_wconf 90' lang='lat' dir='ltr'><strong>in</strong></span> <span class='ocrx_word' id='word_1_533' title='bbox 1083 3514 1283 3569; x_wconf 91' lang='lat' dir='ltr'><strong>corpus</strong></span> <span class='ocrx_word' id='word_1_534' title='bbox 1324 3513 1506 3564; x_wconf 90' lang='lat' dir='ltr'><strong>suum,</strong></span> <span class='ocrx_word' id='word_1_535' title='bbox 1547 3498 1602 3553; x_wconf 88' lang='lat' dir='ltr'><strong>id</strong></span> <span class='ocrx_word' id='word_1_536' title='bbox 1639 3506 1724 3555; x_wconf 88' lang='lat' dir='ltr'><strong>est</strong></span> 
     </span>
    </p>
   </div>
   <div class='ocr_carea' id='block_1_65' title="bbox 177 3586 1721 3661">
    <p class='ocr_par' dir='ltr' id='par_1_65' title="bbox 177 3586 1721 3661">
     <span class='ocr_line' id='line_1_65' title="bbox 177 3586 1721 3661; baseline 0.008 -26"><span class='ocrx_word' id='word_1_537' title='bbox 177 3594 338 3639; x_wconf 86' lang='lat' dir='ltr'><strong>contra</strong></span> <span class='ocrx_word' id='word_1_538' title='bbox 354 3586 666 3655; x_wconf 83' lang='lat' dir='ltr'><strong>Eeclesiam,</strong></span> <span class='ocrx_word' id='word_1_539' title='bbox 695 3589 854 3658; x_wconf 87' lang='lat' dir='ltr'><strong>cujus</strong></span> <span class='ocrx_word' id='word_1_540' title='bbox 883 3589 1127 3660; x_wconf 89' lang='lat' dir='ltr'><strong>corporis</strong></span> <span class='ocrx_word' id='word_1_541' title='bbox 1142 3591 1443 3646; x_wconf 86' lang='lat' dir='ltr'><strong>membrum</strong></span> <span class='ocrx_word' id='word_1_542' title='bbox 1473 3599 1558 3647; x_wconf 90' lang='lat' dir='ltr'><strong>est</strong></span> <span class='ocrx_word' id='word_1_543' title='bbox 1584 3610 1596 3645; x_wconf 92' lang='lat'><strong>:</strong></span> <span class='ocrx_word' id='word_1_544' title='bbox 1620 3606 1721 3661; x_wconf 91' lang='lat' dir='ltr'><strong>pro</strong></span> 
     </span>
    </p>
   </div>
   <div class='ocr_carea' id='block_1_66' title="bbox 175 3677 1716 3752">
    <p class='ocr_par' dir='ltr' id='par_1_66' title="bbox 175 3677 1716 3752">
     <span class='ocr_line' id='line_1_66' title="bbox 175 3677 1716 3752; baseline 0.006 -24"><span class='ocrx_word' id='word_1_545' title='bbox 175 3685 366 3740; x_wconf 87' lang='lat' dir='ltr'><strong>peccato</strong></span> <span class='ocrx_word' id='word_1_546' title='bbox 403 3678 542 3733; x_wconf 90' lang='lat' dir='ltr'><strong>enim</strong></span> <span class='ocrx_word' id='word_1_547' title='bbox 587 3677 968 3734; x_wconf 87' lang='lat' dir='ltr'><strong>fornicationis</strong></span> <span class='ocrx_word' id='word_1_548' title='bbox 1008 3679 1077 3734; x_wconf 87' lang='lat' dir='ltr'><strong>ab</strong></span> <span class='ocrx_word' id='word_1_549' title='bbox 1121 3679 1366 3737; x_wconf 90' lang='lat' dir='ltr'><strong>Ecclesia</strong></span> <span class='ocrx_word' id='word_1_550' title='bbox 1411 3692 1716 3752; x_wconf 88' lang='lat' dir='ltr'><strong>separatur.</strong></span> 
     </span>
    </p>
   </div>
   <div class='ocr_carea' id='block_1_67' title="bbox 173 3763 1719 3844">
    <p class='ocr_par' dir='ltr' id='par_1_67' title="bbox 173 3763 1719 3844">
     <span class='ocr_line' id='line_1_67' title="bbox 173 3763 1719 3844; baseline 0.008 -27"><span class='ocrx_word' id='word_1_551' title='bbox 173 3763 336 3822; x_wconf 84' lang='lat' dir='ltr'><strong>lterum</strong></span> <span class='ocrx_word' id='word_1_552' title='bbox 357 3786 519 3825; x_wconf 86' lang='lat' dir='ltr'><strong>causa</strong></span> <span class='ocrx_word' id='word_1_553' title='bbox 542 3787 714 3842; x_wconf 88' lang='lat' dir='ltr'><strong>quare</strong></span> <span class='ocrx_word' id='word_1_554' title='bbox 737 3769 945 3841; x_wconf 82' lang='lat' dir='ltr'><strong>fugiant.</strong></span> <span class='ocrx_word' id='word_1_555' title='bbox 969 3770 1403 3841; x_wconf 86' lang='lat' dir='ltr'><strong>fornicationem,</strong></span> <span class='ocrx_word' id='word_1_556' title='bbox 1433 3781 1719 3844; x_wconf 88' lang='lat' dir='ltr'><strong>propterea</strong></span> 
     </span>
    </p>
   </div>
   <div class='ocr_carea' id='block_1_68' title="bbox 178 3856 1720 3935">
    <p class='ocr_par' dir='ltr' id='par_1_68' title="bbox 178 3856 1720 3935">
     <span class='ocr_line' id='line_1_68' title="bbox 178 3856 1720 3935; baseline 0.006 -24"><span class='ocrx_word' id='word_1_557' title='bbox 178 3856 424 3917; x_wconf 83' lang='lat' dir='ltr'><strong>fornicatio</strong></span> <span class='ocrx_word' id='word_1_558' title='bbox 458 3862 716 3934; x_wconf 87' lang='lat' dir='ltr'><strong>fugienda</strong></span> <span class='ocrx_word' id='word_1_559' title='bbox 750 3873 833 3918; x_wconf 90' lang='lat' dir='ltr'><strong>est</strong></span> <span class='ocrx_word' id='word_1_560' title='bbox 861 3883 874 3918; x_wconf 90' lang='lat'><strong>:</strong></span> <span class='ocrx_word' id='word_1_561' title='bbox 899 3863 1027 3934; x_wconf 84' lang='lat' dir='ltr'><strong>quia</strong></span> <span class='ocrx_word' id='word_1_562' title='bbox 1059 3881 1128 3917; x_wconf 90' lang='lat' dir='ltr'><strong>an</strong></span> <span class='ocrx_word' id='word_1_563' title='bbox 1157 3864 1368 3918; x_wconf 80' lang='lat' dir='ltr'><strong>nescitis</strong></span> <span class='ocrx_word' id='word_1_564' title='bbox 1388 3865 1528 3935; x_wconf 86' lang='lat' dir='ltr'><strong>quod</strong></span> <span class='ocrx_word' id='word_1_565' title='bbox 1557 3882 1720 3920; x_wconf 89' lang='lat' dir='ltr'><strong>mem-</strong></span> 
     </span>
    </p>
   </div>
   <div class='ocr_carea' id='block_1_69' title="bbox 185 3949 1720 4026">
    <p class='ocr_par' dir='ltr' id='par_1_69' title="bbox 185 3949 1720 4026">
     <span class='ocr_line' id='line_1_69' title="bbox 185 3949 1720 4026; baseline 0.005 -21"><span class='ocrx_word' id='word_1_566' title='bbox 185 3949 297 4022; x_wconf 74' lang='grc'><strong>107</strong></span> <span class='ocrx_word' id='word_1_567' title='bbox 327 3954 423 4007; x_wconf 82' lang='lat' dir='ltr'><strong>bra</strong></span> <span class='ocrx_word' id='word_1_568' title='bbox 448 3964 622 4009; x_wconf 80' lang='lat' dir='ltr'><strong>vestra</strong></span> <span class='ocrx_word' id='word_1_569' title='bbox 654 3954 905 4025; x_wconf 85' lang='lat' dir='ltr'><strong>templum</strong></span> <span class='ocrx_word' id='word_1_570' title='bbox 929 3964 1052 4009; x_wconf 83' lang='lat' dir='ltr'><strong>sunt</strong></span> <span class='ocrx_word' id='word_1_571' title='bbox 1077 3953 1312 4026; x_wconf 80' lang='lat' dir='ltr'><strong>Spiritus</strong></span> <span class='ocrx_word' id='word_1_572' title='bbox 1335 3957 1528 4024; x_wconf 77' lang='lat' dir='ltr'><strong>sancti,</strong></span> <span class='ocrx_word' id='word_1_573' title='bbox 1559 3957 1613 4012; x_wconf 90' lang='lat' dir='ltr'><strong>id</strong></span> <span class='ocrx_word' id='word_1_574' title='bbox 1634 3966 1720 4013; x_wconf 87' lang='lat' dir='ltr'><strong>est</strong></span> 
     </span>
    </p>
   </div>
   <div class='ocr_carea' id='block_1_70' title="bbox 191 4035 1720 4114">
    <p class='ocr_par' dir='ltr' id='par_1_70' title="bbox 191 4035 1720 4114">
     <span class='ocr_line' id='line_1_70' title="bbox 191 4035 1720 4114; baseline 0.005 -22"><span class='ocrx_word' id='word_1_575' title='bbox 191 4035 370 4106; x_wconf 85' lang='lat' dir='ltr'><strong>Spiritus</strong></span> <span class='ocrx_word' id='word_1_576' title='bbox 419 4051 646 4099; x_wconf 87' lang='lat' dir='ltr'><strong>sanctus</strong></span> <span class='ocrx_word' id='word_1_577' title='bbox 685 4043 947 4098; x_wconf 90' lang='lat' dir='ltr'><strong>membris</strong></span> <span class='ocrx_word' id='word_1_578' title='bbox 982 4042 1178 4099; x_wconf 87' lang='lat' dir='ltr'><strong>vestris</strong></span> <span class='ocrx_word' id='word_1_579' title='bbox 1224 4043 1419 4110; x_wconf 90' lang='lat' dir='ltr'><strong>utitur,</strong></span> <span class='ocrx_word' id='word_1_580' title='bbox 1460 4043 1591 4099; x_wconf 93' lang='lat' dir='ltr'><strong>dum</strong></span> <span class='ocrx_word' id='word_1_581' title='bbox 1621 4060 1720 4114; x_wconf 91' lang='lat' dir='ltr'><strong>per</strong></span> 
     </span>
    </p>
   </div>
   <div class='ocr_carea' id='block_1_71' title="bbox 183 4133 1717 4204">
    <p class='ocr_par' dir='ltr' id='par_1_71' title="bbox 183 4133 1717 4204">
     <span class='ocr_line' id='line_1_71' title="bbox 183 4133 1717 4204; baseline 0.008 -25"><span class='ocrx_word' id='word_1_582' title='bbox 183 4141 353 4185; x_wconf 82' lang='lat' dir='ltr'><strong>manum</strong></span> <span class='ocrx_word' id='word_1_583' title='bbox 381 4141 631 4186; x_wconf 88' lang='lat' dir='ltr'><strong>nostram</strong></span> <span class='ocrx_word' id='word_1_584' title='bbox 653 4133 1052 4204; x_wconf 82' lang='lat' dir='ltr'><strong>eleemosynam</strong></span> <span class='ocrx_word' id='word_1_585' title='bbox 1085 4133 1177 4188; x_wconf 90' lang='lat' dir='ltr'><strong>dat</strong></span> <span class='ocrx_word' id='word_1_586' title='bbox 1203 4135 1447 4204; x_wconf 89' lang='lat' dir='ltr'><strong>pauperi.</strong></span> <span class='ocrx_word' id='word_1_587' title='bbox 1477 4133 1717 4191; x_wconf 89' lang='lat' dir='ltr'><strong>Pedibus</strong></span> 
     </span>
    </p>
   </div>
   <div class='ocr_carea' id='block_1_72' title="bbox 178 4216 1716 4294">
    <p class='ocr_par' dir='ltr' id='par_1_72' title="bbox 178 4216 1716 4294">
     <span class='ocr_line' id='line_1_72' title="bbox 178 4216 1716 4294; baseline 0.008 -26"><span class='ocrx_word' id='word_1_588' title='bbox 178 4216 256 4271; x_wconf 84' lang='lat' dir='ltr'><strong>itur</strong></span> <span class='ocrx_word' id='word_1_589' title='bbox 275 4222 333 4275; x_wconf 87' lang='lat' dir='ltr'><strong>ad</strong></span> <span class='ocrx_word' id='word_1_590' title='bbox 361 4223 727 4277; x_wconf 81' lang='lat' dir='ltr'><strong>visitationem</strong></span> <span class='ocrx_word' id='word_1_591' title='bbox 752 4223 970 4277; x_wconf 87' lang='lat' dir='ltr'><strong>infirmi.</strong></span> <span class='ocrx_word' id='word_1_592' title='bbox 996 4221 1062 4277; x_wconf 89' lang='lat' dir='ltr'><strong>Et</strong></span> <span class='ocrx_word' id='word_1_593' title='bbox 1081 4223 1212 4294; x_wconf 91' lang='lat' dir='ltr'><strong>quia</strong></span> <span class='ocrx_word' id='word_1_594' title='bbox 1236 4223 1497 4280; x_wconf 88' lang='lat' dir='ltr'><strong>membris</strong></span> <span class='ocrx_word' id='word_1_595' title='bbox 1518 4226 1716 4282; x_wconf 89' lang='lat' dir='ltr'><strong>vestris</strong></span> 
     </span>
    </p>
   </div>
   <div class='ocr_carea' id='block_1_73' title="bbox 175 4307 1716 4384">
    <p class='ocr_par' dir='ltr' id='par_1_73' title="bbox 175 4307 1716 4384">
     <span class='ocr_line' id='line_1_73' title="bbox 175 4307 1716 4384; baseline 0.006 -21"><span class='ocrx_word' id='word_1_596' title='bbox 175 4307 233 4363; x_wconf 86' lang='lat' dir='ltr'><strong>sic</strong></span> <span class='ocrx_word' id='word_1_597' title='bbox 257 4313 414 4368; x_wconf 88' lang='lat' dir='ltr'><strong>utitur</strong></span> <span class='ocrx_word' id='word_1_598' title='bbox 440 4313 679 4384; x_wconf 81' lang='lat' dir='ltr'><strong>Spiritus</strong></span> <span class='ocrx_word' id='word_1_599' title='bbox 708 4314 762 4368; x_wconf 93' lang='lat' dir='ltr'><strong>in</strong></span> <span class='ocrx_word' id='word_1_600' title='bbox 783 4314 1258 4370; x_wconf 89' lang='lat' dir='ltr'><strong>administratione</strong></span> <span class='ocrx_word' id='word_1_601' title='bbox 1292 4331 1415 4383; x_wconf 89' lang='lat' dir='ltr'><strong>sua,</strong></span> <span class='ocrx_word' id='word_1_602' title='bbox 1444 4315 1611 4371; x_wconf 88' lang='lat' dir='ltr'><strong>nolite</strong></span> <span class='ocrx_word' id='word_1_603' title='bbox 1650 4317 1716 4372; x_wconf 89' lang='lat' dir='ltr'><strong>il-</strong></span> 
     </span>
    </p>
   </div>
   <div class='ocr_carea' id='block_1_74' title="bbox 174 4405 1712 4482">
    <p class='ocr_par' dir='ltr' id='par_1_74' title="bbox 174 4405 1712 4482">
     <span class='ocr_line' id='line_1_74' title="bbox 174 4405 1712 4482; baseline 0.006 -25"><span class='ocrx_word' id='word_1_604' title='bbox 174 4405 257 4460; x_wconf 90' lang='lat' dir='ltr'><strong>lum</strong></span> <span class='ocrx_word' id='word_1_605' title='bbox 278 4408 593 4466; x_wconf 88' lang='lat' dir='ltr'><strong>fornicando</strong></span> <span class='ocrx_word' id='word_1_606' title='bbox 619 4411 884 4482; x_wconf 89' lang='lat' dir='ltr'><strong>expellere</strong></span> <span class='ocrx_word' id='word_1_607' title='bbox 909 4427 941 4466; x_wconf 85' lang='lat' dir='ltr'><strong>a</strong></span> <span class='ocrx_word' id='word_1_608' title='bbox 969 4411 1144 4467; x_wconf 86' lang='lat' dir='ltr'><strong>vobis.</strong></span> <span class='ocrx_word' id='word_1_609' title='bbox 1176 4409 1378 4466; x_wconf 89' lang='lat' dir='ltr'><strong>lterum</strong></span> <span class='ocrx_word' id='word_1_610' title='bbox 1405 4411 1546 4479; x_wconf 90' lang='lat' dir='ltr'><strong>ideo,</strong></span> <span class='ocrx_word' id='word_1_611' title='bbox 1585 4412 1712 4482; x_wconf 89' lang='lat' dir='ltr'><strong>quia</strong></span> 
     </span>
    </p>
   </div>
   <div class='ocr_carea' id='block_1_75' title="bbox 1833 3206 3416 3278">
    <p class='ocr_par' dir='ltr' id='par_1_75' title="bbox 1833 3206 3416 3278">
     <span class='ocr_line' id='line_1_75' title="bbox 1833 3206 3416 3278; baseline 0.001 -18"><span class='ocrx_word' id='word_1_612' title='bbox 1833 3226 1852 3260; x_wconf 84' lang='grc'><strong><em>‹</em></strong></span> <span class='ocrx_word' id='word_1_613' title='bbox 1887 3207 2013 3278; x_wconf 88' lang='lat' dir='ltr'><strong>quis</strong></span> <span class='ocrx_word' id='word_1_614' title='bbox 2033 3206 2201 3262; x_wconf 85' lang='lat' dir='ltr'><strong>frater</strong></span> <span class='ocrx_word' id='word_1_615' title='bbox 2226 3221 2452 3262; x_wconf 84' lang='lat' dir='ltr'><strong>uxorem</strong></span> <span class='ocrx_word' id='word_1_616' title='bbox 2474 3207 2637 3262; x_wconf 89' lang='lat' dir='ltr'><strong>habet</strong></span> <span class='ocrx_word' id='word_1_617' title='bbox 2657 3207 2948 3273; x_wconf 83' lang='lat' dir='ltr'><strong>infidelem,</strong></span> <span class='ocrx_word' id='word_1_618' title='bbox 2979 3215 3033 3262; x_wconf 94' lang='lat' dir='ltr'><strong>et</strong></span> <span class='ocrx_word' id='word_1_619' title='bbox 3047 3208 3163 3262; x_wconf 64' lang='lat' dir='ltr'><strong>hate</strong></span> <span class='ocrx_word' id='word_1_620' title='bbox 3185 3223 3416 3262; x_wconf 87' lang='lat' dir='ltr'><strong>consen-</strong></span> 
     </span>
    </p>
   </div>
   <div class='ocr_carea' id='block_1_76' title="bbox 1831 3298 3412 3370">
    <p class='ocr_par' dir='ltr' id='par_1_76' title="bbox 1831 3298 3412 3370">
     <span class='ocr_line' id='line_1_76' title="bbox 1831 3298 3412 3370; baseline 0.001 -17"><span class='ocrx_word' id='word_1_621' title='bbox 1831 3319 1851 3353; x_wconf 73' lang='grc' dir='ltr'><strong><em>ι</em></strong></span> <span class='ocrx_word' id='word_1_622' title='bbox 1893 3299 1958 3356; x_wconf 88' lang='lat' dir='ltr'><strong>tit</strong></span> <span class='ocrx_word' id='word_1_623' title='bbox 1985 3299 2234 3355; x_wconf 87' lang='lat' dir='ltr'><strong>habitare</strong></span> <span class='ocrx_word' id='word_1_624' title='bbox 2255 3314 2381 3355; x_wconf 91' lang='lat' dir='ltr'><strong>cum</strong></span> <span class='ocrx_word' id='word_1_625' title='bbox 2405 3299 2520 3365; x_wconf 87' lang='lat' dir='ltr'><strong>illo,</strong></span> <span class='ocrx_word' id='word_1_626' title='bbox 2548 3313 2659 3354; x_wconf 91' lang='lat' dir='ltr'><strong>non</strong></span> <span class='ocrx_word' id='word_1_627' title='bbox 2677 3299 2922 3355; x_wconf 88' lang='lat' dir='ltr'><strong>dimittat</strong></span> <span class='ocrx_word' id='word_1_628' title='bbox 2949 3299 3120 3354; x_wconf 89' lang='lat' dir='ltr'><strong>illam.</strong></span> <span class='ocrx_word' id='word_1_629' title='bbox 3138 3298 3205 3353; x_wconf 86' lang='lat' dir='ltr'><strong>Et</strong></span> <span class='ocrx_word' id='word_1_630' title='bbox 3231 3300 3276 3354; x_wconf 91' lang='lat' dir='ltr'><strong>si</strong></span> <span class='ocrx_word' id='word_1_631' title='bbox 3303 3315 3412 3370; x_wconf 90' lang='lat' dir='ltr'><strong>qua</strong></span> 
     </span>
    </p>
   </div>
   <div class='ocr_carea' id='block_1_77' title="bbox 1830 3390 3414 3460">
    <p class='ocr_par' dir='ltr' id='par_1_77' title="bbox 1830 3390 3414 3460">
     <span class='ocr_line' id='line_1_77' title="bbox 1830 3390 3414 3460; baseline 0 -14"><span class='ocrx_word' id='word_1_632' title='bbox 1830 3411 1850 3446; x_wconf 74' lang='grc' dir='ltr'>ι</span> <span class='ocrx_word' id='word_1_633' title='bbox 1887 3391 2084 3447; x_wconf 89' lang='lat' dir='ltr'><strong>mulier</strong></span> <span class='ocrx_word' id='word_1_634' title='bbox 2111 3390 2287 3448; x_wconf 81' lang='lat' dir='ltr'><strong>fidelis</strong></span> <span class='ocrx_word' id='word_1_635' title='bbox 2327 3391 2494 3447; x_wconf 89' lang='lat' dir='ltr'><strong>habet</strong></span> <span class='ocrx_word' id='word_1_636' title='bbox 2525 3391 2705 3447; x_wconf 89' lang='lat' dir='ltr'><strong>virum</strong></span> <span class='ocrx_word' id='word_1_637' title='bbox 2741 3391 3033 3460; x_wconf 85' lang='lat' dir='ltr'><strong>infidelem,</strong></span> <span class='ocrx_word' id='word_1_638' title='bbox 3064 3399 3120 3446; x_wconf 89' lang='lat' dir='ltr'><strong>et</strong></span> <span class='ocrx_word' id='word_1_639' title='bbox 3151 3392 3241 3447; x_wconf 92' lang='lat' dir='ltr'><strong>hic</strong></span> <span class='ocrx_word' id='word_1_640' title='bbox 3282 3407 3414 3446; x_wconf 90' lang='lat' dir='ltr'><strong>con-</strong></span> 
     </span>
    </p>
   </div>
   <div class='ocr_carea' id='block_1_78' title="bbox 1829 3481 3413 3550">
    <p class='ocr_par' dir='ltr' id='par_1_78' title="bbox 1829 3481 3413 3550">
     <span class='ocr_line' id='line_1_78' title="bbox 1829 3481 3413 3550; baseline 0.001 -14"><span class='ocrx_word' id='word_1_641' title='bbox 1829 3501 1848 3536; x_wconf 74' lang='lat' dir='ltr'><strong>t</strong></span> <span class='ocrx_word' id='word_1_642' title='bbox 1883 3482 2050 3538; x_wconf 90' lang='lat' dir='ltr'><strong>sentit</strong></span> <span class='ocrx_word' id='word_1_643' title='bbox 2070 3481 2316 3538; x_wconf 89' lang='lat' dir='ltr'><strong>habitare</strong></span> <span class='ocrx_word' id='word_1_644' title='bbox 2335 3498 2462 3538; x_wconf 88' lang='lat' dir='ltr'><strong>cum</strong></span> <span class='ocrx_word' id='word_1_645' title='bbox 2493 3483 2605 3550; x_wconf 90' lang='lat' dir='ltr'><strong>illa,</strong></span> <span class='ocrx_word' id='word_1_646' title='bbox 2633 3498 2742 3538; x_wconf 89' lang='lat' dir='ltr'><strong>non</strong></span> <span class='ocrx_word' id='word_1_647' title='bbox 2765 3482 3004 3538; x_wconf 87' lang='lat' dir='ltr'><strong>dimittat</strong></span> <span class='ocrx_word' id='word_1_648' title='bbox 3033 3483 3232 3540; x_wconf 91' lang='lat' dir='ltr'><strong>virum.</strong></span> <span class='ocrx_word' id='word_1_649' title='bbox 3269 3483 3413 3538; x_wconf 87' lang='lat' dir='ltr'><strong>San-</strong></span> 
     </span>
    </p>
   </div>
   <div class='ocr_carea' id='block_1_79' title="bbox 1829 3573 3405 3647">
    <p class='ocr_par' dir='ltr' id='par_1_79' title="bbox 1829 3573 3405 3647">
     <span class='ocr_line' id='line_1_79' title="bbox 1829 3573 3405 3647; baseline 0.003 -20"><span class='ocrx_word' id='word_1_650' title='bbox 1829 3591 1848 3627; x_wconf 76' lang='grc'><strong>(</strong></span> <span class='ocrx_word' id='word_1_651' title='bbox 1883 3574 2154 3630; x_wconf 86' lang='lat' dir='ltr'><strong>ctiticatus</strong></span> <span class='ocrx_word' id='word_1_652' title='bbox 2175 3583 2260 3630; x_wconf 91' lang='lat' dir='ltr'><strong>est</strong></span> <span class='ocrx_word' id='word_1_653' title='bbox 2285 3573 2432 3629; x_wconf 89' lang='lat' dir='ltr'><strong>enim</strong></span> <span class='ocrx_word' id='word_1_654' title='bbox 2459 3576 2546 3630; x_wconf 89' lang='lat' dir='ltr'><strong>vir</strong></span> <span class='ocrx_word' id='word_1_655' title='bbox 2570 3575 2803 3632; x_wconf 82' lang='lat' dir='ltr'><strong>infidelis</strong></span> <span class='ocrx_word' id='word_1_656' title='bbox 2829 3592 2926 3647; x_wconf 89' lang='lat' dir='ltr'><strong>per</strong></span> <span class='ocrx_word' id='word_1_657' title='bbox 2952 3578 3238 3632; x_wconf 90' lang='lat' dir='ltr'><strong>mulierem</strong></span> <span class='ocrx_word' id='word_1_658' title='bbox 3272 3577 3405 3632; x_wconf 66' lang='lat' dir='ltr'><strong>tide-</strong></span> 
     </span>
    </p>
   </div>
   <div class='ocr_carea' id='block_1_80' title="bbox 1827 3666 3407 3739">
    <p class='ocr_par' dir='ltr' id='par_1_80' title="bbox 1827 3666 3407 3739">
     <span class='ocr_line' id='line_1_80' title="bbox 1827 3666 3407 3739; baseline 0.001 -19"><span class='ocrx_word' id='word_1_659' title='bbox 1827 3687 1846 3720; x_wconf 70' lang='grc' dir='ltr'><strong><em>ι</em></strong></span> <span class='ocrx_word' id='word_1_660' title='bbox 1883 3668 2012 3735; x_wconf 89' lang='lat' dir='ltr'><strong>lem,</strong></span> <span class='ocrx_word' id='word_1_661' title='bbox 2041 3675 2097 3723; x_wconf 91' lang='lat' dir='ltr'><strong>et</strong></span> <span class='ocrx_word' id='word_1_662' title='bbox 2117 3666 2454 3722; x_wconf 88' lang='lat' dir='ltr'><strong>sanctificata</strong></span> <span class='ocrx_word' id='word_1_663' title='bbox 2483 3678 2568 3724; x_wconf 90' lang='lat' dir='ltr'><strong>est</strong></span> <span class='ocrx_word' id='word_1_664' title='bbox 2601 3669 2798 3723; x_wconf 89' lang='lat' dir='ltr'><strong>mulier</strong></span> <span class='ocrx_word' id='word_1_665' title='bbox 2831 3669 3062 3724; x_wconf 87' lang='lat' dir='ltr'><strong>infidelis</strong></span> <span class='ocrx_word' id='word_1_666' title='bbox 3092 3685 3188 3739; x_wconf 91' lang='lat' dir='ltr'><strong>per</strong></span> <span class='ocrx_word' id='word_1_667' title='bbox 3229 3669 3407 3722; x_wconf 81' lang='lat' dir='ltr'><strong>virum</strong></span> 
     </span>
    </p>
   </div>
   <div class='ocr_carea' id='block_1_81' title="bbox 1826 3756 3409 3827">
    <p class='ocr_par' dir='ltr' id='par_1_81' title="bbox 1826 3756 3409 3827">
     <span class='ocr_line' id='line_1_81' title="bbox 1826 3756 3409 3827; baseline 0.001 -17"><span class='ocrx_word' id='word_1_668' title='bbox 1826 3777 1846 3810; x_wconf 82' lang='grc'><em>‹</em></span> <span class='ocrx_word' id='word_1_669' title='bbox 1883 3759 2115 3814; x_wconf 86' lang='lat' dir='ltr'><strong>fidelem.</strong></span> <span class='ocrx_word' id='word_1_670' title='bbox 2144 3756 2400 3827; x_wconf 85' lang='lat' dir='ltr'><strong>Alioquin</strong></span> <span class='ocrx_word' id='word_1_671' title='bbox 2425 3757 2520 3811; x_wconf 87' lang='lat' dir='ltr'><strong>filii</strong></span> <span class='ocrx_word' id='word_1_672' title='bbox 2542 3758 2712 3814; x_wconf 90' lang='lat' dir='ltr'><strong>vestri</strong></span> <span class='ocrx_word' id='word_1_673' title='bbox 2739 3758 3005 3813; x_wconf 89' lang='lat' dir='ltr'><strong>immundi</strong></span> <span class='ocrx_word' id='word_1_674' title='bbox 3027 3767 3231 3824; x_wconf 90' lang='lat' dir='ltr'><strong>essent,</strong></span> <span class='ocrx_word' id='word_1_675' title='bbox 3265 3774 3409 3812; x_wconf 89' lang='lat' dir='ltr'><strong>nunc</strong></span> 
     </span>
    </p>
   </div>
   <div class='ocr_carea' id='block_1_82' title="bbox 1825 3847 3407 3922">
    <p class='ocr_par' dir='ltr' id='par_1_82' title="bbox 1825 3847 3407 3922">
     <span class='ocr_line' id='line_1_82' title="bbox 1825 3847 3407 3922; baseline -0.001 -19"><span class='ocrx_word' id='word_1_676' title='bbox 1825 3869 1844 3903; x_wconf 75' lang='grc' dir='ltr'>ι</span> <span class='ocrx_word' id='word_1_677' title='bbox 1887 3858 2070 3905; x_wconf 89' lang='lat' dir='ltr'><strong>autem</strong></span> <span class='ocrx_word' id='word_1_678' title='bbox 2094 3849 2267 3904; x_wconf 89' lang='lat' dir='ltr'><strong>sancti</strong></span> <span class='ocrx_word' id='word_1_679' title='bbox 2283 3847 2524 3922; x_wconf 85' lang='lat' dir='ltr'><strong>[mundi]</strong></span> <span class='ocrx_word' id='word_1_680' title='bbox 2541 3858 2688 3904; x_wconf 92' lang='lat' dir='ltr'><strong>sunt.</strong></span> <span class='ocrx_word' id='word_1_681' title='bbox 2712 3847 2869 3915; x_wconf 86' lang='lat' dir='ltr'><strong>Quod</strong></span> <span class='ocrx_word' id='word_1_682' title='bbox 2893 3850 2939 3904; x_wconf 89' lang='lat' dir='ltr'><strong>si</strong></span> <span class='ocrx_word' id='word_1_683' title='bbox 2966 3848 3200 3904; x_wconf 89' lang='lat' dir='ltr'><strong>infidelis</strong></span> <span class='ocrx_word' id='word_1_684' title='bbox 3230 3850 3407 3904; x_wconf 82' lang='lat' dir='ltr'><strong>disce-</strong></span> 
     </span>
    </p>
   </div>
   <div class='ocr_carea' id='block_1_83' title="bbox 1825 3938 3397 4010">
    <p class='ocr_par' dir='ltr' id='par_1_83' title="bbox 1825 3938 3397 4010">
     <span class='ocr_line' id='line_1_83' title="bbox 1825 3938 3397 4010; baseline 0 -16"><span class='ocrx_word' id='word_1_685' title='bbox 1825 3962 1844 3994; x_wconf 84' lang='grc'><strong><em>‹</em></strong></span> <span class='ocrx_word' id='word_1_686' title='bbox 1879 3942 1980 4009; x_wconf 89' lang='lat' dir='ltr'><strong>dit,</strong></span> <span class='ocrx_word' id='word_1_687' title='bbox 2003 3939 2266 3996; x_wconf 86' lang='lat' dir='ltr'><strong>discedat.</strong></span> <span class='ocrx_word' id='word_1_688' title='bbox 2303 3938 2424 3998; x_wconf 89' lang='lat' dir='ltr'><strong>Non</strong></span> <span class='ocrx_word' id='word_1_689' title='bbox 2441 3941 2588 3997; x_wconf 90' lang='lat' dir='ltr'><strong>enim</strong></span> <span class='ocrx_word' id='word_1_690' title='bbox 2605 3941 2852 3996; x_wconf 85' lang='lat' dir='ltr'><strong>servituti</strong></span> <span class='ocrx_word' id='word_1_691' title='bbox 2884 3940 3162 4010; x_wconf 90' lang='lat' dir='ltr'><strong>subjectus</strong></span> <span class='ocrx_word' id='word_1_692' title='bbox 3194 3949 3275 3994; x_wconf 90' lang='lat' dir='ltr'><strong>est</strong></span> <span class='ocrx_word' id='word_1_693' title='bbox 3300 3939 3397 3994; x_wconf 88' lang='lat' dir='ltr'><strong>fra-</strong></span> 
     </span>
    </p>
   </div>
   <div class='ocr_carea' id='block_1_84' title="bbox 1824 4031 3406 4104">
    <p class='ocr_par' dir='ltr' id='par_1_84' title="bbox 1824 4031 3406 4104">
     <span class='ocr_line' id='line_1_84' title="bbox 1824 4031 3406 4104; baseline -0.001 -16"><span class='ocrx_word' id='word_1_694' title='bbox 1824 4053 1843 4087; x_wconf 77' lang='lat' dir='ltr'><strong>t</strong></span> <span class='ocrx_word' id='word_1_695' title='bbox 1881 4042 1962 4090; x_wconf 88' lang='lat' dir='ltr'><strong>ter</strong></span> <span class='ocrx_word' id='word_1_696' title='bbox 1985 4036 2071 4090; x_wconf 90' lang='lat' dir='ltr'><strong>vel</strong></span> <span class='ocrx_word' id='word_1_697' title='bbox 2110 4051 2268 4091; x_wconf 91' lang='lat' dir='ltr'><strong>soror</strong></span> <span class='ocrx_word' id='word_1_698' title='bbox 2306 4036 2362 4089; x_wconf 91' lang='lat' dir='ltr'><strong>in</strong></span> <span class='ocrx_word' id='word_1_699' title='bbox 2396 4033 2686 4104; x_wconf 90' lang='lat' dir='ltr'><strong>ejusmodi.</strong></span> <span class='ocrx_word' id='word_1_700' title='bbox 2721 4031 2780 4086; x_wconf 90' lang='lat' dir='ltr'><strong>ln</strong></span> <span class='ocrx_word' id='word_1_701' title='bbox 2821 4047 2954 4102; x_wconf 90' lang='lat' dir='ltr'><strong>pace</strong></span> <span class='ocrx_word' id='word_1_702' title='bbox 2974 4040 3154 4086; x_wconf 91' lang='lat' dir='ltr'><strong>autem</strong></span> <span class='ocrx_word' id='word_1_703' title='bbox 3190 4033 3406 4086; x_wconf 87' lang='lat' dir='ltr'><strong>vocavit</strong></span> 
     </span>
    </p>
   </div>
   <div class='ocr_carea' id='block_1_85' title="bbox 1823 4125 3385 4193">
    <p class='ocr_par' dir='ltr' id='par_1_85' title="bbox 1823 4125 3385 4193">
     <span class='ocr_line' id='line_1_85' title="bbox 1823 4125 3385 4193; baseline -0.001 -14"><span class='ocrx_word' id='word_1_704' title='bbox 1823 4146 1843 4179; x_wconf 74' lang='grc' dir='ltr'>ι</span> <span class='ocrx_word' id='word_1_705' title='bbox 1879 4143 1978 4184; x_wconf 88' lang='lat' dir='ltr'><strong>vos</strong></span> <span class='ocrx_word' id='word_1_706' title='bbox 2004 4127 2168 4185; x_wconf 92' lang='lat' dir='ltr'><strong>Deus.</strong></span> <span class='ocrx_word' id='word_1_707' title='bbox 2187 4128 2340 4186; x_wconf 87' lang='lat' dir='ltr'><strong>Unde</strong></span> <span class='ocrx_word' id='word_1_708' title='bbox 2359 4127 2506 4183; x_wconf 89' lang='lat' dir='ltr'><strong>enim</strong></span> <span class='ocrx_word' id='word_1_709' title='bbox 2522 4126 2888 4193; x_wconf 87' lang='lat' dir='ltr'><strong>scis,&#39;mulier,</strong></span> <span class='ocrx_word' id='word_1_710' title='bbox 2913 4125 2960 4180; x_wconf 89' lang='lat' dir='ltr'><strong>si</strong></span> <span class='ocrx_word' id='word_1_711' title='bbox 2989 4125 3166 4180; x_wconf 88' lang='lat' dir='ltr'><strong>virum</strong></span> <span class='ocrx_word' id='word_1_712' title='bbox 3193 4125 3385 4179; x_wconf 82' lang='lat' dir='ltr'><strong>salvun</strong></span> 
     </span>
    </p>
   </div>
   <div class='ocr_carea' id='block_1_86' title="bbox 1823 4219 3404 4300">
    <p class='ocr_par' dir='ltr' id='par_1_86' title="bbox 1823 4219 3404 4300">
     <span class='ocr_line' id='line_1_86' title="bbox 1823 4219 3404 4300; baseline -0.002 -24"><span class='ocrx_word' id='word_1_713' title='bbox 1823 4243 1842 4276; x_wconf 86' lang='grc'><em>‹</em></span> <span class='ocrx_word' id='word_1_714' title='bbox 1876 4222 2088 4279; x_wconf 87' lang='lat' dir='ltr'><strong>facies?</strong></span> <span class='ocrx_word' id='word_1_715' title='bbox 2113 4225 2225 4279; x_wconf 87' lang='lat' dir='ltr'><strong>Aut</strong></span> <span class='ocrx_word' id='word_1_716' title='bbox 2277 4223 2423 4290; x_wconf 87' lang='lat' dir='ltr'><strong>unde</strong></span> <span class='ocrx_word' id='word_1_717' title='bbox 2459 4223 2592 4289; x_wconf 88' lang='lat' dir='ltr'><strong>scis,</strong></span> <span class='ocrx_word' id='word_1_718' title='bbox 2632 4223 2735 4288; x_wconf 90' lang='lat' dir='ltr'><strong>vir,</strong></span> <span class='ocrx_word' id='word_1_719' title='bbox 2762 4223 2809 4276; x_wconf 92' lang='lat' dir='ltr'><strong>si</strong></span> <span class='ocrx_word' id='word_1_720' title='bbox 2861 4219 3145 4276; x_wconf 89' lang='lat' dir='ltr'><strong>mulierem</strong></span> <span class='ocrx_word' id='word_1_721' title='bbox 3201 4221 3404 4300; x_wconf 84' lang='lat' dir='ltr'><strong>salvam</strong></span> 
     </span>
    </p>
   </div>
   <div class='ocr_carea' id='block_1_87' title="bbox 1823 4313 3402 4386">
    <p class='ocr_par' dir='ltr' id='par_1_87' title="bbox 1823 4313 3402 4386">
     <span class='ocr_line' id='line_1_87' title="bbox 1823 4313 3402 4386; baseline -0.001 -20"><span class='ocrx_word' id='word_1_722' title='bbox 1823 4335 1841 4366; x_wconf 86' lang='grc'><em>‹</em></span> <span class='ocrx_word' id='word_1_723' title='bbox 1878 4314 2078 4372; x_wconf 84' lang='lat' dir='ltr'><strong>facies?</strong></span> <span class='ocrx_word' id='word_1_724' title='bbox 2091 4314 2204 4371; x_wconf 87' lang='lat' dir='ltr'><strong>Nisi</strong></span> <span class='ocrx_word' id='word_1_725' title='bbox 2227 4316 2520 4386; x_wconf 85' lang='lat' dir='ltr'><strong>unicuique</strong></span> <span class='ocrx_word' id='word_1_726' title='bbox 2539 4315 2682 4370; x_wconf 89' lang='lat' dir='ltr'><strong>sicut</strong></span> <span class='ocrx_word' id='word_1_727' title='bbox 2703 4313 2890 4368; x_wconf 91' lang='lat' dir='ltr'><strong>divisit</strong></span> <span class='ocrx_word' id='word_1_728' title='bbox 2907 4313 3191 4379; x_wconf 89' lang='lat' dir='ltr'><strong>Dominus,</strong></span> <span class='ocrx_word' id='word_1_729' title='bbox 3209 4329 3402 4366; x_wconf 90' lang='lat' dir='ltr'><strong>unum-</strong></span> 
     </span>
    </p>
   </div>
   <div class='ocr_carea' id='block_1_88' title="bbox 1822 4405 3406 4478">
    <p class='ocr_par' dir='ltr' id='par_1_88' title="bbox 1822 4405 3406 4478">
     <span class='ocr_line' id='line_1_88' title="bbox 1822 4405 3406 4478; baseline 0 -20"><span class='ocrx_word' id='word_1_730' title='bbox 1822 4426 1840 4458; x_wconf 73' lang='grc' dir='ltr'>ι</span> <span class='ocrx_word' id='word_1_731' title='bbox 1875 4422 2148 4478; x_wconf 90' lang='lat' dir='ltr'><strong>quemque</strong></span> <span class='ocrx_word' id='word_1_732' title='bbox 2171 4408 2314 4464; x_wconf 89' lang='lat' dir='ltr'><strong>sicut</strong></span> <span class='ocrx_word' id='word_1_733' title='bbox 2334 4407 2550 4462; x_wconf 87' lang='lat' dir='ltr'><strong>vocavit</strong></span> <span class='ocrx_word' id='word_1_734' title='bbox 2590 4405 2754 4472; x_wconf 91' lang='lat' dir='ltr'><strong>Deus,</strong></span> <span class='ocrx_word' id='word_1_735' title='bbox 2780 4406 2852 4460; x_wconf 90' lang='lat' dir='ltr'><strong>ita</strong></span> <span class='ocrx_word' id='word_1_736' title='bbox 2890 4406 3235 4470; x_wconf 75' lang='lat' dir='ltr'><strong>ambulet,&#39;et</strong></span> <span class='ocrx_word' id='word_1_737' title='bbox 3265 4406 3406 4459; x_wconf 89' lang='lat' dir='ltr'><strong>sicut</strong></span> 
     </span>
    </p>
   </div>
   <div class='ocr_carea' id='block_1_89' title="bbox 169 4496 1726 4572">
    <p class='ocr_par' dir='ltr' id='par_1_89' title="bbox 169 4500 1712 4572">
     <span class='ocr_line' id='line_1_89' title="bbox 169 4500 1712 4572; baseline 0.006 -22"><span class='ocrx_word' id='word_1_738' title='bbox 169 4500 240 4566; x_wconf 87' lang='lat' dir='ltr'><strong>qui</strong></span> <span class='ocrx_word' id='word_1_739' title='bbox 272 4500 498 4572; x_wconf 89' lang='lat' dir='ltr'><strong>Spiritus</strong></span> <span class='ocrx_word' id='word_1_740' title='bbox 519 4502 575 4556; x_wconf 90' lang='lat' dir='ltr'><strong>in</strong></span> <span class='ocrx_word' id='word_1_741' title='bbox 602 4503 755 4557; x_wconf 86' lang='lat' dir='ltr'><strong>vobis</strong></span> <span class='ocrx_word' id='word_1_742' title='bbox 778 4511 863 4557; x_wconf 90' lang='lat' dir='ltr'><strong>est</strong></span> <span class='ocrx_word' id='word_1_743' title='bbox 887 4502 1106 4559; x_wconf 86' lang='lat' dir='ltr'><strong>assidua</strong></span> <span class='ocrx_word' id='word_1_744' title='bbox 1134 4504 1438 4571; x_wconf 90' lang='lat' dir='ltr'><strong>mansione,</strong></span> <span class='ocrx_word' id='word_1_745' title='bbox 1467 4519 1569 4560; x_wconf 92' lang='lat' dir='ltr'><strong>nec</strong></span> <span class='ocrx_word' id='word_1_746' title='bbox 1590 4503 1712 4560; x_wconf 92' lang='lat' dir='ltr'><strong>ideo</strong></span> 
     </span>
    </p>
   </div>
   <div class='ocr_carea' id='block_1_90' title="bbox 1833 4496 3404 4572">
    <p class='ocr_par' dir='ltr' id='par_1_90' title="bbox 1833 4496 3404 4570">
     <span class='ocr_line' id='line_1_90' title="bbox 1833 4496 3404 4570; baseline -0.001 -19"><span class='ocrx_word' id='word_1_747' title='bbox 1833 4519 1836 4550; x_wconf 85' lang='lat'><strong>:</strong></span> <span class='ocrx_word' id='word_1_748' title='bbox 1877 4499 2079 4570; x_wconf 91' lang='lat' dir='ltr'><strong>ubique</strong></span> <span class='ocrx_word' id='word_1_749' title='bbox 2109 4499 2164 4554; x_wconf 91' lang='lat' dir='ltr'><strong>in</strong></span> <span class='ocrx_word' id='word_1_750' title='bbox 2195 4499 2449 4555; x_wconf 89' lang='lat' dir='ltr'><strong>omnibus</strong></span> <span class='ocrx_word' id='word_1_751' title='bbox 2488 4497 2748 4554; x_wconf 89' lang='lat' dir='ltr'><strong>Eeclesiis</strong></span> <span class='ocrx_word' id='word_1_752' title='bbox 2790 4498 2981 4553; x_wconf 90' lang='lat' dir='ltr'><strong>doceo.</strong></span> <span class='ocrx_word' id='word_1_753' title='bbox 3033 4496 3404 4550; x_wconf 90' lang='lat' dir='ltr'><strong>Circumcisus</strong></span> 
     </span>
    </p>
   </div>
   <div class='ocr_carea' id='block_1_91' title="bbox 168 4586 1717 4666">
    <p class='ocr_par' dir='ltr' id='par_1_91' title="bbox 168 4586 1717 4666">
     <span class='ocr_line' id='line_1_91' title="bbox 168 4586 1717 4666; baseline 0.006 -25"><span class='ocrx_word' id='word_1_754' title='bbox 168 4586 330 4647; x_wconf 83' lang='lat' dir='ltr'><strong>iterum</strong></span> <span class='ocrx_word' id='word_1_755' title='bbox 353 4594 627 4664; x_wconf 88' lang='lat' dir='ltr'><strong>repellatis</strong></span> <span class='ocrx_word' id='word_1_756' title='bbox 655 4610 804 4659; x_wconf 90' lang='lat' dir='ltr'><strong>eum,</strong></span> <span class='ocrx_word' id='word_1_757' title='bbox 847 4595 976 4665; x_wconf 87' lang='lat' dir='ltr'><strong>quia</strong></span> <span class='ocrx_word' id='word_1_758' title='bbox 1003 4610 1165 4665; x_wconf 89' lang='lat' dir='ltr'><strong>quem</strong></span> <span class='ocrx_word' id='word_1_759' title='bbox 1201 4593 1464 4666; x_wconf 92' lang='lat' dir='ltr'><strong>Spiritum</strong></span> <span class='ocrx_word' id='word_1_760' title='bbox 1505 4596 1717 4651; x_wconf 88' lang='lat' dir='ltr'><strong>habetis</strong></span> 
     </span>
    </p>
   </div>
   <div class='ocr_carea' id='block_1_92' title="bbox 166 4678 1717 4754">
    <p class='ocr_par' dir='ltr' id='par_1_92' title="bbox 166 4678 1717 4754">
     <span class='ocr_line' id='line_1_92' title="bbox 166 4678 1717 4754; baseline 0.007 -23"><span class='ocrx_word' id='word_1_761' title='bbox 166 4693 193 4731; x_wconf 85' lang='lat' dir='ltr'><strong>a</strong></span> <span class='ocrx_word' id='word_1_762' title='bbox 225 4678 317 4737; x_wconf 76' lang='lat' dir='ltr'><strong>Deo</strong></span> <span class='ocrx_word' id='word_1_763' title='bbox 341 4725 355 4750; x_wconf 94' lang='lat'><strong>,</strong></span> <span class='ocrx_word' id='word_1_764' title='bbox 405 4685 524 4754; x_wconf 89' lang='lat' dir='ltr'><strong>ipse</strong></span> <span class='ocrx_word' id='word_1_765' title='bbox 563 4685 710 4740; x_wconf 88' lang='lat' dir='ltr'><strong>enim</strong></span> <span class='ocrx_word' id='word_1_766' title='bbox 754 4685 915 4741; x_wconf 90' lang='lat' dir='ltr'><strong>dator</strong></span> <span class='ocrx_word' id='word_1_767' title='bbox 948 4686 1082 4741; x_wconf 91' lang='lat' dir='ltr'><strong>satis</strong></span> <span class='ocrx_word' id='word_1_768' title='bbox 1109 4685 1266 4742; x_wconf 89' lang='lat' dir='ltr'><strong>vobis</strong></span> <span class='ocrx_word' id='word_1_769' title='bbox 1289 4687 1717 4744; x_wconf 84' lang='lat' dir='ltr'><strong>commendabile</strong></span> 
     </span>
    </p>
   </div>
   <div class='ocr_carea' id='block_1_93' title="bbox 165 4766 1715 4848">
    <p class='ocr_par' dir='ltr' id='par_1_93' title="bbox 165 4766 1715 4848">
     <span class='ocr_line' id='line_1_93' title="bbox 165 4766 1715 4848; baseline 0.008 -26"><span class='ocrx_word' id='word_1_770' title='bbox 165 4766 273 4826; x_wconf 84' lang='lat' dir='ltr'><strong>facit</strong></span> <span class='ocrx_word' id='word_1_771' title='bbox 295 4775 493 4830; x_wconf 88' lang='lat' dir='ltr'><strong>donum</strong></span> <span class='ocrx_word' id='word_1_772' title='bbox 533 4793 715 4832; x_wconf 91' lang='lat' dir='ltr'><strong>suum.</strong></span> <span class='ocrx_word' id='word_1_773' title='bbox 745 4775 813 4833; x_wconf 89' lang='lat' dir='ltr'><strong>Et</strong></span> <span class='ocrx_word' id='word_1_774' title='bbox 833 4793 931 4848; x_wconf 91' lang='lat' dir='ltr'><strong>pro</strong></span> <span class='ocrx_word' id='word_1_775' title='bbox 955 4785 1036 4833; x_wconf 93' lang='lat' dir='ltr'><strong>tot</strong></span> <span class='ocrx_word' id='word_1_776' title='bbox 1055 4778 1238 4834; x_wconf 89' lang='lat' dir='ltr'><strong>causis</strong></span> <span class='ocrx_word' id='word_1_777' title='bbox 1269 4779 1440 4834; x_wconf 88' lang='lat' dir='ltr'><strong>nolite</strong></span> <span class='ocrx_word' id='word_1_778' title='bbox 1471 4779 1715 4835; x_wconf 90' lang='lat' dir='ltr'><strong>membra</strong></span> 
     </span>
    </p>
   </div>
   <div class='ocr_carea' id='block_1_94' title="bbox 165 4867 1713 4942">
    <p class='ocr_par' dir='ltr' id='par_1_94' title="bbox 165 4867 1713 4942">
     <span class='ocr_line' id='line_1_94' title="bbox 165 4867 1713 4942; baseline 0.009 -29"><span class='ocrx_word' id='word_1_779' title='bbox 165 4873 312 4921; x_wconf 81' lang='lat' dir='ltr'><strong>vestra</strong></span> <span class='ocrx_word' id='word_1_780' title='bbox 330 4870 563 4925; x_wconf 91' lang='lat' dir='ltr'><strong>subdere</strong></span> <span class='ocrx_word' id='word_1_781' title='bbox 583 4867 950 4925; x_wconf 89' lang='lat' dir='ltr'><strong>fornicationi.</strong></span> <span class='ocrx_word' id='word_1_782' title='bbox 974 4870 1057 4924; x_wconf 80' lang='lat' dir='ltr'><strong>An</strong></span> <span class='ocrx_word' id='word_1_783' title='bbox 1088 4871 1252 4926; x_wconf 90' lang='lat' dir='ltr'><strong>etiam</strong></span> <span class='ocrx_word' id='word_1_784' title='bbox 1278 4871 1542 4942; x_wconf 79' lang='lat' dir='ltr'><strong>ignoratis</strong></span> <span class='ocrx_word' id='word_1_785' title='bbox 1567 4872 1713 4942; x_wconf 90' lang='lat' dir='ltr'><strong>quod</strong></span> 
     </span>
    </p>
   </div>
   <div class='ocr_carea' id='block_1_95' title="bbox 162 4961 1718 5033">
    <p class='ocr_par' dir='ltr' id='par_1_95' title="bbox 162 4961 1718 5033">
     <span class='ocr_line' id='line_1_95' title="bbox 162 4961 1718 5033; baseline 0.006 -23"><span class='ocrx_word' id='word_1_786' title='bbox 162 4968 240 5010; x_wconf 81' lang='lat' dir='ltr'><strong>vos</strong></span> <span class='ocrx_word' id='word_1_787' title='bbox 266 4974 364 5014; x_wconf 91' lang='lat' dir='ltr'><strong>non</strong></span> <span class='ocrx_word' id='word_1_788' title='bbox 385 4961 520 5016; x_wconf 87' lang='lat' dir='ltr'><strong>estis</strong></span> <span class='ocrx_word' id='word_1_789' title='bbox 540 4961 708 5017; x_wconf 88' lang='lat' dir='ltr'><strong>vestri</strong></span> <span class='ocrx_word' id='word_1_790' title='bbox 730 4961 893 5033; x_wconf 90' lang='lat' dir='ltr'><strong>juris,</strong></span> <span class='ocrx_word' id='word_1_791' title='bbox 926 4962 1024 5018; x_wconf 90' lang='lat' dir='ltr'><strong>sed</strong></span> <span class='ocrx_word' id='word_1_792' title='bbox 1049 4962 1178 5018; x_wconf 87' lang='lat' dir='ltr'><strong>Dei?</strong></span> <span class='ocrx_word' id='word_1_793' title='bbox 1197 4961 1302 5030; x_wconf 92' lang='lat' dir='ltr'><strong>Qui</strong></span> <span class='ocrx_word' id='word_1_794' title='bbox 1322 4963 1468 5018; x_wconf 91' lang='lat' dir='ltr'><strong>enim</strong></span> <span class='ocrx_word' id='word_1_795' title='bbox 1491 4963 1718 5019; x_wconf 79' lang='lat' dir='ltr'><strong>alterius</strong></span> 
     </span>
    </p>
   </div>
   <div class='ocr_carea' id='block_1_96' title="bbox 160 5051 1718 5126">
    <p class='ocr_par' dir='ltr' id='par_1_96' title="bbox 160 5051 1718 5126">
     <span class='ocr_line' id='line_1_96' title="bbox 160 5051 1718 5126; baseline 0.007 -26"><span class='ocrx_word' id='word_1_796' title='bbox 160 5056 246 5112; x_wconf 80' lang='lat' dir='ltr'><strong>est,</strong></span> <span class='ocrx_word' id='word_1_797' title='bbox 278 5051 496 5122; x_wconf 89' lang='lat' dir='ltr'><strong>imperio</strong></span> <span class='ocrx_word' id='word_1_798' title='bbox 523 5054 644 5124; x_wconf 88' lang='lat' dir='ltr'><strong>ejus</strong></span> <span class='ocrx_word' id='word_1_799' title='bbox 667 5055 981 5126; x_wconf 90' lang='lat' dir='ltr'><strong>mancipare</strong></span> <span class='ocrx_word' id='word_1_800' title='bbox 1005 5071 1066 5112; x_wconf 89' lang='lat' dir='ltr'><strong>se</strong></span> <span class='ocrx_word' id='word_1_801' title='bbox 1086 5055 1264 5111; x_wconf 89' lang='lat' dir='ltr'><strong>debet.</strong></span> <span class='ocrx_word' id='word_1_802' title='bbox 1291 5053 1431 5110; x_wconf 85' lang='lat' dir='ltr'><strong>Vere</strong></span> <span class='ocrx_word' id='word_1_803' title='bbox 1453 5070 1563 5109; x_wconf 92' lang='lat' dir='ltr'><strong>non</strong></span> <span class='ocrx_word' id='word_1_804' title='bbox 1583 5055 1718 5111; x_wconf 90' lang='lat' dir='ltr'><strong>estis</strong></span> 
     </span>
    </p>
   </div>
   <div class='ocr_carea' id='block_1_97' title="bbox 162 5142 1713 5219">
    <p class='ocr_par' dir='ltr' id='par_1_97' title="bbox 162 5142 1713 5219">
     <span class='ocr_line' id='line_1_97' title="bbox 162 5142 1713 5219; baseline 0.007 -25"><span class='ocrx_word' id='word_1_805' title='bbox 162 5142 320 5207; x_wconf 74' lang='lat' dir='ltr'><strong>vestri,</strong></span> <span class='ocrx_word' id='word_1_806' title='bbox 342 5146 464 5200; x_wconf 80' lang='lat' dir='ltr'><strong>estis</strong></span> <span class='ocrx_word' id='word_1_807' title='bbox 495 5147 636 5201; x_wconf 88' lang='lat' dir='ltr'><strong>enim</strong></span> <span class='ocrx_word' id='word_1_808' title='bbox 671 5148 852 5218; x_wconf 84' lang='lat' dir='ltr'><strong>empti,</strong></span> <span class='ocrx_word' id='word_1_809' title='bbox 895 5155 951 5203; x_wconf 91' lang='lat' dir='ltr'><strong>et</strong></span> <span class='ocrx_word' id='word_1_810' title='bbox 982 5147 1102 5218; x_wconf 90' lang='lat' dir='ltr'><strong>ejus</strong></span> <span class='ocrx_word' id='word_1_811' title='bbox 1136 5147 1278 5204; x_wconf 90' lang='lat' dir='ltr'><strong>servi</strong></span> <span class='ocrx_word' id='word_1_812' title='bbox 1303 5147 1456 5215; x_wconf 88' lang='lat' dir='ltr'><strong>estis,</strong></span> <span class='ocrx_word' id='word_1_813' title='bbox 1489 5147 1585 5219; x_wconf 90' lang='lat' dir='ltr'><strong>qui</strong></span> <span class='ocrx_word' id='word_1_814' title='bbox 1613 5163 1713 5205; x_wconf 92' lang='lat' dir='ltr'><strong>vos</strong></span> 
     </span>
    </p>
   </div>
   <div class='ocr_carea' id='block_1_98' title="bbox 160 5228 1711 5308">
    <p class='ocr_par' dir='ltr' id='par_1_98' title="bbox 160 5228 1711 5308">
     <span class='ocr_line' id='line_1_98' title="bbox 160 5228 1711 5308; baseline 0.008 -29"><span class='ocrx_word' id='word_1_815' title='bbox 160 5228 288 5284; x_wconf 89' lang='lat' dir='ltr'><strong>emit.</strong></span> <span class='ocrx_word' id='word_1_816' title='bbox 305 5229 402 5288; x_wconf 82' lang='lat' dir='ltr'><strong>Nec</strong></span> <span class='ocrx_word' id='word_1_817' title='bbox 416 5234 585 5304; x_wconf 89' lang='lat' dir='ltr'><strong>empti</strong></span> <span class='ocrx_word' id='word_1_818' title='bbox 604 5235 708 5290; x_wconf 88' lang='lat' dir='ltr'><strong>levi</strong></span> <span class='ocrx_word' id='word_1_819' title='bbox 735 5236 906 5307; x_wconf 86' lang='lat' dir='ltr'><strong>pretio</strong></span> <span class='ocrx_word' id='word_1_820' title='bbox 929 5237 1024 5292; x_wconf 89' lang='lat' dir='ltr'><strong>sed</strong></span> <span class='ocrx_word' id='word_1_821' title='bbox 1053 5253 1277 5308; x_wconf 88' lang='lat' dir='ltr'><strong>magno;</strong></span> <span class='ocrx_word' id='word_1_822' title='bbox 1300 5237 1428 5308; x_wconf 90' lang='lat' dir='ltr'><strong>quia</strong></span> <span class='ocrx_word' id='word_1_823' title='bbox 1444 5236 1711 5308; x_wconf 90' lang='lat' dir='ltr'><strong>sanguine</strong></span> 
     </span>
    </p>
   </div>
   <div class='ocr_carea' id='block_1_99' title="bbox 161 5315 1708 5399">
    <p class='ocr_par' dir='ltr' id='par_1_99' title="bbox 161 5315 1708 5399">
     <span class='ocr_line' id='line_1_99' title="bbox 161 5315 1708 5399; baseline 0.008 -29"><span class='ocrx_word' id='word_1_824' title='bbox 161 5315 352 5378; x_wconf 86' lang='lat' dir='ltr'><strong>Christi.</strong></span> <span class='ocrx_word' id='word_1_825' title='bbox 372 5324 438 5381; x_wconf 88' lang='lat' dir='ltr'><strong>Et</strong></span> <span class='ocrx_word' id='word_1_826' title='bbox 459 5325 583 5382; x_wconf 90' lang='lat' dir='ltr'><strong>ideo</strong></span> <span class='ocrx_word' id='word_1_827' title='bbox 603 5327 771 5382; x_wconf 89' lang='lat' dir='ltr'><strong>nolite</strong></span> <span class='ocrx_word' id='word_1_828' title='bbox 790 5326 1072 5395; x_wconf 88' lang='lat' dir='ltr'><strong>fornicari,</strong></span> <span class='ocrx_word' id='word_1_829' title='bbox 1093 5327 1189 5383; x_wconf 86' lang='lat' dir='ltr'><strong>sed</strong></span> <span class='ocrx_word' id='word_1_830' title='bbox 1207 5329 1500 5399; x_wconf 81' lang='lat' dir='ltr'><strong>gloriﬁcate</strong></span> <span class='ocrx_word' id='word_1_831' title='bbox 1520 5327 1708 5383; x_wconf 87' lang='lat' dir='ltr'><strong>Deum.</strong></span> 
     </span>
    </p>
   </div>
   <div class='ocr_carea' id='block_1_100' title="bbox 162 5404 1713 5491">
    <p class='ocr_par' dir='ltr' id='par_1_100' title="bbox 162 5404 1713 5491">
     <span class='ocr_line' id='line_1_100' title="bbox 162 5404 1713 5491; baseline 0.01 -33"><span class='ocrx_word' id='word_1_832' title='bbox 162 5404 442 5470; x_wconf 85' lang='lat' dir='ltr'><strong>Glorifieare</strong></span> <span class='ocrx_word' id='word_1_833' title='bbox 456 5415 629 5471; x_wconf 90' lang='lat' dir='ltr'><strong>Deum</strong></span> <span class='ocrx_word' id='word_1_834' title='bbox 657 5426 742 5473; x_wconf 92' lang='lat' dir='ltr'><strong>est</strong></span> <span class='ocrx_word' id='word_1_835' title='bbox 768 5417 1179 5474; x_wconf 62' lang='lat' dir='ltr'><strong>munditia-vitae</strong></span> <span class='ocrx_word' id='word_1_836' title='bbox 1203 5418 1299 5475; x_wconf 90' lang='lat' dir='ltr'><strong>Dei</strong></span> <span class='ocrx_word' id='word_1_837' title='bbox 1321 5419 1549 5491; x_wconf 89' lang='lat' dir='ltr'><strong>gloriam</strong></span> <span class='ocrx_word' id='word_1_838' title='bbox 1571 5435 1713 5474; x_wconf 83' lang='lat' dir='ltr'><strong>nun-</strong></span> 
     </span>
    </p>
   </div>
   <div class='ocr_carea' id='block_1_101' title="bbox 163 5496 1704 5583">
    <p class='ocr_par' dir='ltr' id='par_1_101' title="bbox 163 5496 1704 5583">
     <span class='ocr_line' id='line_1_101' title="bbox 163 5496 1704 5583; baseline 0.012 -36"><span class='ocrx_word' id='word_1_839' title='bbox 163 5496 290 5558; x_wconf 83' lang='lat' dir='ltr'><strong>tiare.</strong></span> <span class='ocrx_word' id='word_1_840' title='bbox 303 5504 402 5574; x_wconf 84' lang='lat' dir='ltr'><strong>Qui</strong></span> <span class='ocrx_word' id='word_1_841' title='bbox 424 5508 572 5564; x_wconf 92' lang='lat' dir='ltr'><strong>enim</strong></span> <span class='ocrx_word' id='word_1_842' title='bbox 596 5509 1024 5580; x_wconf 88' lang='lat' dir='ltr'><strong>videtjustitiam</strong></span> <span class='ocrx_word' id='word_1_843' title='bbox 1042 5510 1199 5582; x_wconf 90' lang='lat' dir='ltr'><strong>justi,</strong></span> <span class='ocrx_word' id='word_1_844' title='bbox 1223 5511 1487 5583; x_wconf 86' lang='lat' dir='ltr'><strong>glorificat</strong></span> <span class='ocrx_word' id='word_1_845' title='bbox 1511 5510 1704 5578; x_wconf 90' lang='lat' dir='ltr'><strong>Deum,</strong></span> 
     </span>
    </p>
   </div>
   <div class='ocr_carea' id='block_1_102' title="bbox 163 5600 1702 5674">
    <p class='ocr_par' dir='ltr' id='par_1_102' title="bbox 163 5600 1702 5674">
     <span class='ocr_line' id='line_1_102' title="bbox 163 5600 1702 5674; baseline 0.008 -24"><span class='ocrx_word' id='word_1_846' title='bbox 163 5602 300 5650; x_wconf 69' lang='lat' dir='ltr'><strong>(Msa</strong></span> <span class='ocrx_word' id='word_1_847' title='bbox 331 5600 487 5670; x_wconf 89' lang='lat' dir='ltr'><strong>cujus</strong></span> <span class='ocrx_word' id='word_1_848' title='bbox 519 5609 574 5656; x_wconf 91' lang='lat' dir='ltr'><strong>et</strong></span> <span class='ocrx_word' id='word_1_849' title='bbox 603 5601 876 5671; x_wconf 90' lang='lat' dir='ltr'><strong>adjutorio</strong></span> <span class='ocrx_word' id='word_1_850' title='bbox 920 5603 1001 5660; x_wconf 92' lang='lat' dir='ltr'><strong>sic</strong></span> <span class='ocrx_word' id='word_1_851' title='bbox 1038 5604 1191 5659; x_wconf 91' lang='lat' dir='ltr'><strong>vivit.</strong></span> <span class='ocrx_word' id='word_1_852' title='bbox 1223 5603 1528 5674; x_wconf 80' lang='lat' dir='ltr'><strong>Gloriﬁcate</strong></span> <span class='ocrx_word' id='word_1_853' title='bbox 1559 5607 1702 5673; x_wconf 91' lang='lat' dir='ltr'><strong>dico,</strong></span> 
     </span>
    </p>
   </div>
   <div class='ocr_carea' id='block_1_103' title="bbox 167 5687 1701 5751">
    <p class='ocr_par' dir='ltr' id='par_1_103' title="bbox 167 5687 1701 5751">
     <span class='ocr_line' id='line_1_103' title="bbox 167 5687 1701 5751; baseline 0.011 -17"><span class='ocrx_word' id='word_1_854' title='bbox 167 5687 204 5728; x_wconf 76' lang='grc' dir='ltr'><strong>σι</strong></span> <span class='ocrx_word' id='word_1_855' title='bbox 234 5695 416 5748; x_wconf 83' lang='lat' dir='ltr'><strong>portate</strong></span> <span class='ocrx_word' id='word_1_856' title='bbox 438 5687 630 5744; x_wconf 82' lang='lat' dir='ltr'><strong>Deum.</strong></span> <span class='ocrx_word' id='word_1_857' title='bbox 662 5690 888 5746; x_wconf 89' lang='lat' dir='ltr'><strong>Portare</strong></span> <span class='ocrx_word' id='word_1_858' title='bbox 917 5691 1088 5747; x_wconf 91' lang='lat' dir='ltr'><strong>Deum</strong></span> <span class='ocrx_word' id='word_1_859' title='bbox 1123 5701 1206 5748; x_wconf 92' lang='lat' dir='ltr'><strong>est</strong></span> <span class='ocrx_word' id='word_1_860' title='bbox 1248 5710 1388 5750; x_wconf 92' lang='lat' dir='ltr'><strong>onus</strong></span> <span class='ocrx_word' id='word_1_861' title='bbox 1409 5695 1577 5751; x_wconf 89' lang='lat' dir='ltr'><strong>totius</strong></span> <span class='ocrx_word' id='word_1_862' title='bbox 1604 5697 1701 5750; x_wconf 74' lang='lat' dir='ltr'><strong>ad~</strong></span> 
     </span>
    </p>
   </div>
   <div class='ocr_carea' id='block_1_104' title="bbox 171 5773 1701 5858">
    <p class='ocr_par' dir='ltr' id='par_1_104' title="bbox 171 5773 1701 5858">
     <span class='ocr_line' id='line_1_104' title="bbox 171 5773 1701 5858; baseline 0.012 -33"><span class='ocrx_word' id='word_1_863' title='bbox 171 5773 432 5846; x_wconf 68' lang='lat' dir='ltr'><strong>Wrsitatis,</strong></span> <span class='ocrx_word' id='word_1_864' title='bbox 457 5797 576 5851; x_wconf 71' lang='lat' dir='ltr'><strong>qure</strong></span> <span class='ocrx_word' id='word_1_865' title='bbox 604 5799 770 5838; x_wconf 88' lang='lat' dir='ltr'><strong>causa</strong></span> <span class='ocrx_word' id='word_1_866' title='bbox 797 5781 892 5838; x_wconf 89' lang='lat' dir='ltr'><strong>Dei</strong></span> <span class='ocrx_word' id='word_1_867' title='bbox 916 5783 1164 5854; x_wconf 89' lang='lat' dir='ltr'><strong>infertur,</strong></span> <span class='ocrx_word' id='word_1_868' title='bbox 1197 5787 1463 5843; x_wconf 84' lang='lat' dir='ltr'><strong>sustinere</strong></span> <span class='ocrx_word' id='word_1_869' title='bbox 1493 5789 1701 5858; x_wconf 89' lang='lat' dir='ltr'><strong>patien-</strong></span> 
     </span>
    </p>
   </div>
   <div class='ocr_carea' id='block_1_105' title="bbox 1823 4586 3404 4662">
    <p class='ocr_par' dir='ltr' id='par_1_105' title="bbox 1823 4586 3404 4662">
     <span class='ocr_line' id='line_1_105' title="bbox 1823 4586 3404 4662; baseline -0.003 -19"><span class='ocrx_word' id='word_1_870' title='bbox 1823 4611 1840 4643; x_wconf 82' lang='grc'>‹</span> <span class='ocrx_word' id='word_1_871' title='bbox 1876 4592 2074 4662; x_wconf 86' lang='lat' dir='ltr'><strong>aliquis</strong></span> <span class='ocrx_word' id='word_1_872' title='bbox 2116 4599 2344 4647; x_wconf 89' lang='lat' dir='ltr'><strong>vocatus</strong></span> <span class='ocrx_word' id='word_1_873' title='bbox 2387 4591 2504 4646; x_wconf 90' lang='lat' dir='ltr'><strong>est?</strong></span> <span class='ocrx_word' id='word_1_874' title='bbox 2535 4607 2644 4645; x_wconf 91' lang='lat' dir='ltr'><strong>non</strong></span> <span class='ocrx_word' id='word_1_875' title='bbox 2676 4590 2911 4645; x_wconf 89' lang='lat' dir='ltr'><strong>adducat</strong></span> <span class='ocrx_word' id='word_1_876' title='bbox 2943 4589 3285 4660; x_wconf 68' lang='lat' dir='ltr'><strong>praeputium.</strong></span> <span class='ocrx_word' id='word_1_877' title='bbox 3346 4586 3404 4640; x_wconf 88' lang='lat' dir='ltr'><strong>ln</strong></span> 
     </span>
    </p>
   </div>
   <div class='ocr_carea' id='block_1_106' title="bbox 1824 4679 3401 4754">
    <p class='ocr_par' dir='ltr' id='par_1_106' title="bbox 1824 4679 3401 4754">
     <span class='ocr_line' id='line_1_106' title="bbox 1824 4679 3401 4754; baseline -0.001 -20"><span class='ocrx_word' id='word_1_878' title='bbox 1824 4702 1842 4734; x_wconf 73' lang='grc' dir='ltr'>ι</span> <span class='ocrx_word' id='word_1_879' title='bbox 1877 4683 2142 4754; x_wconf 64' lang='lat' dir='ltr'><strong>praeputio</strong></span> <span class='ocrx_word' id='word_1_880' title='bbox 2173 4682 2372 4753; x_wconf 91' lang='lat' dir='ltr'><strong>aliquis</strong></span> <span class='ocrx_word' id='word_1_881' title='bbox 2403 4691 2630 4737; x_wconf 88' lang='lat' dir='ltr'><strong>vocatus</strong></span> <span class='ocrx_word' id='word_1_882' title='bbox 2669 4682 2786 4736; x_wconf 84' lang='lat' dir='ltr'><strong>est?</strong></span> <span class='ocrx_word' id='word_1_883' title='bbox 2819 4697 2928 4735; x_wconf 90' lang='lat' dir='ltr'><strong>non</strong></span> <span class='ocrx_word' id='word_1_884' title='bbox 2961 4679 3401 4735; x_wconf 87' lang='lat' dir='ltr'><strong>circumcidatur.</strong></span> 
     </span>
    </p>
   </div>
   <div class='ocr_carea' id='block_1_107' title="bbox 1824 4769 3406 4843">
    <p class='ocr_par' dir='ltr' id='par_1_107' title="bbox 1824 4769 3406 4843">
     <span class='ocr_line' id='line_1_107' title="bbox 1824 4769 3406 4843; baseline -0.003 -17"><span class='ocrx_word' id='word_1_885' title='bbox 1824 4793 1841 4826; x_wconf 75' lang='grc' dir='ltr'>ι</span> <span class='ocrx_word' id='word_1_886' title='bbox 1880 4774 2241 4832; x_wconf 88' lang='lat' dir='ltr'><strong>Circumcisio</strong></span> <span class='ocrx_word' id='word_1_887' title='bbox 2267 4774 2402 4829; x_wconf 90' lang='lat' dir='ltr'><strong>nihil</strong></span> <span class='ocrx_word' id='word_1_888' title='bbox 2432 4783 2537 4840; x_wconf 89' lang='lat' dir='ltr'><strong>est,</strong></span> <span class='ocrx_word' id='word_1_889' title='bbox 2574 4782 2630 4828; x_wconf 90' lang='lat' dir='ltr'><strong>et</strong></span> <span class='ocrx_word' id='word_1_890' title='bbox 2656 4773 2978 4843; x_wconf 70' lang='lat' dir='ltr'><strong>prmputium</strong></span> <span class='ocrx_word' id='word_1_891' title='bbox 3014 4771 3148 4824; x_wconf 91' lang='lat' dir='ltr'><strong>nihil</strong></span> <span class='ocrx_word' id='word_1_892' title='bbox 3175 4779 3278 4836; x_wconf 84' lang='lat' dir='ltr'><strong>est,</strong></span> <span class='ocrx_word' id='word_1_893' title='bbox 3309 4769 3406 4823; x_wconf 89' lang='lat' dir='ltr'><strong>sed</strong></span> 
     </span>
    </p>
   </div>
   <div class='ocr_carea' id='block_1_108' title="bbox 1823 4860 3406 4931">
    <p class='ocr_par' dir='ltr' id='par_1_108' title="bbox 1823 4860 3406 4931">
     <span class='ocr_line' id='line_1_108' title="bbox 1823 4860 3406 4931; baseline -0.004 -9"><span class='ocrx_word' id='word_1_894' title='bbox 1823 4883 1842 4916; x_wconf 72' lang='grc' dir='ltr'><strong>ε</strong></span> <span class='ocrx_word' id='word_1_895' title='bbox 1879 4866 2186 4922; x_wconf 88' lang='lat' dir='ltr'><strong>observatio</strong></span> <span class='ocrx_word' id='word_1_896' title='bbox 2223 4866 2604 4920; x_wconf 86' lang='lat' dir='ltr'><strong>mandatorum</strong></span> <span class='ocrx_word' id='word_1_897' title='bbox 2638 4863 2752 4917; x_wconf 88' lang='lat' dir='ltr'><strong>Dei.</strong></span> <span class='ocrx_word' id='word_1_898' title='bbox 2791 4861 3178 4931; x_wconf 89' lang='lat' dir='ltr'><strong>Unusquisque</strong></span> <span class='ocrx_word' id='word_1_899' title='bbox 3211 4860 3265 4914; x_wconf 93' lang='lat' dir='ltr'><strong>in</strong></span> <span class='ocrx_word' id='word_1_900' title='bbox 3296 4875 3406 4929; x_wconf 76' lang='lat' dir='ltr'><strong>qua</strong></span> 
     </span>
    </p>
   </div>
   <div class='ocr_carea' id='block_1_109' title="bbox 1819 4951 3403 5024">
    <p class='ocr_par' dir='ltr' id='par_1_109' title="bbox 1819 4951 3403 5024">
     <span class='ocr_line' id='line_1_109' title="bbox 1819 4951 3403 5024; baseline -0.001 -15"><span class='ocrx_word' id='word_1_901' title='bbox 1819 4977 1837 5009; x_wconf 73' lang='grc' dir='ltr'>ι</span> <span class='ocrx_word' id='word_1_902' title='bbox 1873 4960 2160 5015; x_wconf 91' lang='lat' dir='ltr'><strong>vocatione</strong></span> <span class='ocrx_word' id='word_1_903' title='bbox 2190 4966 2416 5014; x_wconf 89' lang='lat' dir='ltr'><strong>vocatus</strong></span> <span class='ocrx_word' id='word_1_904' title='bbox 2447 4965 2551 5022; x_wconf 90' lang='lat' dir='ltr'><strong>est,</strong></span> <span class='ocrx_word' id='word_1_905' title='bbox 2595 4955 2650 5009; x_wconf 89' lang='lat' dir='ltr'><strong>in</strong></span> <span class='ocrx_word' id='word_1_906' title='bbox 2701 4970 2764 5009; x_wconf 89' lang='lat' dir='ltr'><strong>ea</strong></span> <span class='ocrx_word' id='word_1_907' title='bbox 2817 4962 3151 5024; x_wconf 88' lang='lat' dir='ltr'><strong>permaneat.</strong></span> <span class='ocrx_word' id='word_1_908' title='bbox 3201 4951 3403 5008; x_wconf 76' lang='lat' dir='ltr'><strong>Servus</strong></span> 
     </span>
    </p>
   </div>
   <div class='ocr_carea' id='block_1_110' title="bbox 1821 5045 3399 5116">
    <p class='ocr_par' dir='ltr' id='par_1_110' title="bbox 1821 5045 3399 5116">
     <span class='ocr_line' id='line_1_110' title="bbox 1821 5045 3399 5116; baseline 0 -14"><span class='ocrx_word' id='word_1_909' title='bbox 1821 5070 1840 5102; x_wconf 69' lang='grc' dir='ltr'><em>ς</em></span> <span class='ocrx_word' id='word_1_910' title='bbox 1873 5061 2101 5107; x_wconf 90' lang='lat' dir='ltr'><strong>vocatus</strong></span> <span class='ocrx_word' id='word_1_911' title='bbox 2130 5053 2222 5108; x_wconf 85' lang='lat' dir='ltr'><strong>es?</strong></span> <span class='ocrx_word' id='word_1_912' title='bbox 2246 5049 2354 5106; x_wconf 76' lang='lat' dir='ltr'><strong>non</strong></span> <span class='ocrx_word' id='word_1_913' title='bbox 2387 5050 2459 5105; x_wconf 88' lang='lat' dir='ltr'><strong>sit</strong></span> <span class='ocrx_word' id='word_1_914' title='bbox 2486 5048 2582 5103; x_wconf 92' lang='lat' dir='ltr'><strong>tibi</strong></span> <span class='ocrx_word' id='word_1_915' title='bbox 2608 5063 2755 5102; x_wconf 61' lang='lat' dir='ltr'><strong>cura:</strong></span> <span class='ocrx_word' id='word_1_916' title='bbox 2784 5066 2796 5101; x_wconf 94' lang='lat'>:</span> <span class='ocrx_word' id='word_1_917' title='bbox 2823 5046 2918 5102; x_wconf 90' lang='lat' dir='ltr'><strong>sed</strong></span> <span class='ocrx_word' id='word_1_918' title='bbox 2947 5055 3002 5101; x_wconf 90' lang='lat' dir='ltr'><strong>et</strong></span> <span class='ocrx_word' id='word_1_919' title='bbox 3021 5045 3068 5102; x_wconf 90' lang='lat' dir='ltr'><strong>si</strong></span> <span class='ocrx_word' id='word_1_920' title='bbox 3100 5055 3256 5116; x_wconf 91' lang='lat' dir='ltr'><strong>potes</strong></span> <span class='ocrx_word' id='word_1_921' title='bbox 3285 5048 3399 5102; x_wconf 81' lang='lat' dir='ltr'><strong>fieri</strong></span> 
     </span>
    </p>
   </div>
   <div class='ocr_carea' id='block_1_111' title="bbox 1817 5125 3405 5223">
    <p class='ocr_par' dir='ltr' id='par_1_111' title="bbox 1817 5125 3405 5223">
     <span class='ocr_line' id='line_1_111' title="bbox 1817 5125 3405 5223; baseline 0.002 -30"><span class='ocrx_word' id='word_1_922' title='bbox 1817 5162 1837 5193; x_wconf 68' lang='grc' dir='ltr'><strong><em>ι</em></strong></span> <span class='ocrx_word' id='word_1_923' title='bbox 1879 5143 2033 5210; x_wconf 88' lang='lat' dir='ltr'><strong>liber,</strong></span> <span class='ocrx_word' id='word_1_924' title='bbox 2081 5125 2258 5214; x_wconf 79' lang='lat' dir='ltr'><strong>magis</strong></span> <span class='ocrx_word' id='word_1_925' title='bbox 2292 5151 2463 5196; x_wconf 87' lang='lat' dir='ltr'><strong>utere.</strong></span> <span class='ocrx_word' id='word_1_926' title='bbox 2497 5139 2602 5207; x_wconf 92' lang='lat' dir='ltr'><strong>Qui</strong></span> <span class='ocrx_word' id='word_1_927' title='bbox 2634 5139 2781 5194; x_wconf 91' lang='lat' dir='ltr'><strong>enim</strong></span> <span class='ocrx_word' id='word_1_928' title='bbox 2817 5140 2870 5194; x_wconf 89' lang='lat' dir='ltr'><strong>in</strong></span> <span class='ocrx_word' id='word_1_929' title='bbox 2905 5139 3134 5195; x_wconf 90' lang='lat' dir='ltr'><strong>Domino</strong></span> <span class='ocrx_word' id='word_1_930' title='bbox 3175 5152 3405 5223; x_wconf 67' lang='lat' dir='ltr'><strong>vocatus</strong></span> 
     </span>
    </p>
   </div>
   <div class='ocr_carea' id='block_1_112' title="bbox 1822 5231 3402 5304">
    <p class='ocr_par' dir='ltr' id='par_1_112' title="bbox 1822 5231 3402 5304">
     <span class='ocr_line' id='line_1_112' title="bbox 1822 5231 3402 5304; baseline -0.001 -17"><span class='ocrx_word' id='word_1_931' title='bbox 1822 5254 1840 5286; x_wconf 86' lang='grc'><em>‹</em></span> <span class='ocrx_word' id='word_1_932' title='bbox 1876 5244 1960 5290; x_wconf 89' lang='lat' dir='ltr'><strong>est</strong></span> <span class='ocrx_word' id='word_1_933' title='bbox 1981 5251 2192 5301; x_wconf 86' lang='lat' dir='ltr'><strong>servus,</strong></span> <span class='ocrx_word' id='word_1_934' title='bbox 2222 5234 2448 5289; x_wconf 90' lang='lat' dir='ltr'><strong>libertus</strong></span> <span class='ocrx_word' id='word_1_935' title='bbox 2469 5241 2555 5288; x_wconf 91' lang='lat' dir='ltr'><strong>est</strong></span> <span class='ocrx_word' id='word_1_936' title='bbox 2576 5231 2792 5287; x_wconf 90' lang='lat' dir='ltr'><strong>Domini</strong></span> <span class='ocrx_word' id='word_1_937' title='bbox 2823 5251 2836 5288; x_wconf 90' lang='lat'><strong>:</strong></span> <span class='ocrx_word' id='word_1_938' title='bbox 2865 5233 3118 5289; x_wconf 89' lang='lat' dir='ltr'><strong>similiter</strong></span> <span class='ocrx_word' id='word_1_939' title='bbox 3140 5234 3234 5304; x_wconf 91' lang='lat' dir='ltr'><strong>qui</strong></span> <span class='ocrx_word' id='word_1_940' title='bbox 3265 5233 3402 5287; x_wconf 89' lang='lat' dir='ltr'><strong>liber</strong></span> 
     </span>
    </p>
   </div>
   <div class='ocr_carea' id='block_1_113' title="bbox 1821 5321 3398 5396">
    <p class='ocr_par' dir='ltr' id='par_1_113' title="bbox 1821 5321 3398 5396">
     <span class='ocr_line' id='line_1_113' title="bbox 1821 5321 3398 5396; baseline 0.001 -18"><span class='ocrx_word' id='word_1_941' title='bbox 1821 5346 1838 5378; x_wconf 76' lang='grc' dir='ltr'>ι</span> <span class='ocrx_word' id='word_1_942' title='bbox 1878 5336 2101 5382; x_wconf 87' lang='lat' dir='ltr'><strong>vocatus</strong></span> <span class='ocrx_word' id='word_1_943' title='bbox 2123 5335 2226 5393; x_wconf 88' lang='lat' dir='ltr'><strong>est,</strong></span> <span class='ocrx_word' id='word_1_944' title='bbox 2251 5342 2442 5382; x_wconf 88' lang='lat' dir='ltr'><strong>servus</strong></span> <span class='ocrx_word' id='word_1_945' title='bbox 2467 5334 2553 5382; x_wconf 90' lang='lat' dir='ltr'><strong>est</strong></span> <span class='ocrx_word' id='word_1_946' title='bbox 2586 5324 2814 5380; x_wconf 89' lang='lat' dir='ltr'><strong>Christi.</strong></span> <span class='ocrx_word' id='word_1_947' title='bbox 2851 5325 3032 5381; x_wconf 89' lang='lat' dir='ltr'><strong>Pretio</strong></span> <span class='ocrx_word' id='word_1_948' title='bbox 3058 5321 3398 5396; x_wconf 81' lang='lat' dir='ltr'><strong>empti&#39;estis;</strong></span> 
     </span>
    </p>
   </div>
   <div class='ocr_carea' id='block_1_114' title="bbox 1822 5417 3400 5488">
    <p class='ocr_par' dir='ltr' id='par_1_114' title="bbox 1822 5417 3400 5488">
     <span class='ocr_line' id='line_1_114' title="bbox 1822 5417 3400 5488; baseline -0.001 -17"><span class='ocrx_word' id='word_1_949' title='bbox 1822 5439 1840 5471; x_wconf 88' lang='grc'><strong><em>‹</em></strong></span> <span class='ocrx_word' id='word_1_950' title='bbox 1877 5419 2044 5475; x_wconf 90' lang='lat' dir='ltr'><strong>nolite</strong></span> <span class='ocrx_word' id='word_1_951' title='bbox 2077 5418 2196 5474; x_wconf 87' lang='lat' dir='ltr'><strong>fieri</strong></span> <span class='ocrx_word' id='word_1_952' title='bbox 2231 5420 2373 5476; x_wconf 90' lang='lat' dir='ltr'><strong>servi</strong></span> <span class='ocrx_word' id='word_1_953' title='bbox 2404 5420 2708 5476; x_wconf 90' lang='lat' dir='ltr'><strong>hominum.</strong></span> <span class='ocrx_word' id='word_1_954' title='bbox 2749 5417 3138 5488; x_wconf 90' lang='lat' dir='ltr'><strong>Unusquisque</strong></span> <span class='ocrx_word' id='word_1_955' title='bbox 3174 5433 3303 5488; x_wconf 89' lang='lat' dir='ltr'><strong>ergo</strong></span> <span class='ocrx_word' id='word_1_956' title='bbox 3342 5418 3400 5471; x_wconf 90' lang='lat' dir='ltr'><strong>in</strong></span> 
     </span>
    </p>
   </div>
   <div class='ocr_carea' id='block_1_115' title="bbox 1822 5509 3398 5585">
    <p class='ocr_par' dir='ltr' id='par_1_115' title="bbox 1822 5509 3398 5585">
     <span class='ocr_line' id='line_1_115' title="bbox 1822 5509 3398 5585; baseline -0.002 -19"><span class='ocrx_word' id='word_1_957' title='bbox 1822 5534 1840 5566; x_wconf 71' lang='grc' dir='ltr'><strong><em>ι</em></strong></span> <span class='ocrx_word' id='word_1_958' title='bbox 1873 5532 1983 5585; x_wconf 89' lang='lat' dir='ltr'><strong>quo</strong></span> <span class='ocrx_word' id='word_1_959' title='bbox 2012 5523 2240 5569; x_wconf 89' lang='lat' dir='ltr'><strong>vocatus</strong></span> <span class='ocrx_word' id='word_1_960' title='bbox 2293 5523 2377 5570; x_wconf 91' lang='lat' dir='ltr'><strong>est</strong></span> <span class='ocrx_word' id='word_1_961' title='bbox 2413 5513 2600 5582; x_wconf 88' lang='lat' dir='ltr'><strong>frater,</strong></span> <span class='ocrx_word' id='word_1_962' title='bbox 2645 5514 2702 5568; x_wconf 91' lang='lat' dir='ltr'><strong>in</strong></span> <span class='ocrx_word' id='word_1_963' title='bbox 2740 5514 2845 5568; x_wconf 90' lang='lat' dir='ltr'><strong>hoc</strong></span> <span class='ocrx_word' id='word_1_964' title='bbox 2891 5518 3208 5582; x_wconf 88' lang='lat' dir='ltr'><strong>permaneat</strong></span> <span class='ocrx_word' id='word_1_965' title='bbox 3254 5509 3398 5578; x_wconf 87' lang='lat' dir='ltr'><strong>apud</strong></span> 
     </span>
    </p>
   </div>
   <div class='ocr_carea' id='block_1_116' title="bbox 1819 5600 3395 5677">
    <p class='ocr_par' dir='ltr' id='par_1_116' title="bbox 1819 5600 3395 5677">
     <span class='ocr_line' id='line_1_116' title="bbox 1819 5600 3395 5677; baseline -0.003 -18"><span class='ocrx_word' id='word_1_966' title='bbox 1819 5627 1836 5659; x_wconf 83' lang='grc'><em>‹</em></span> <span class='ocrx_word' id='word_1_967' title='bbox 1876 5606 2064 5662; x_wconf 91' lang='lat' dir='ltr'><strong>Deum.</strong></span> <span class='ocrx_word' id='word_1_968' title='bbox 2090 5604 2166 5661; x_wconf 90' lang='lat' dir='ltr'><strong>De</strong></span> <span class='ocrx_word' id='word_1_969' title='bbox 2188 5606 2491 5677; x_wconf 87' lang='lat' dir='ltr'><strong>virginibus</strong></span> <span class='ocrx_word' id='word_1_970' title='bbox 2510 5614 2690 5660; x_wconf 89' lang='lat' dir='ltr'><strong>autem</strong></span> <span class='ocrx_word' id='word_1_971' title='bbox 2700 5612 3030 5674; x_wconf 70' lang='lat' dir='ltr'><strong>praeceptum</strong></span> <span class='ocrx_word' id='word_1_972' title='bbox 3046 5600 3260 5655; x_wconf 90' lang='lat' dir='ltr'><strong>Domini</strong></span> <span class='ocrx_word' id='word_1_973' title='bbox 3285 5615 3395 5654; x_wconf 91' lang='lat' dir='ltr'><strong>non</strong></span> 
     </span>
    </p>
   </div>
   <div class='ocr_carea' id='block_1_117' title="bbox 1817 5691 3392 5764">
    <p class='ocr_par' dir='ltr' id='par_1_117' title="bbox 1817 5691 3392 5764">
     <span class='ocr_line' id='line_1_117' title="bbox 1817 5691 3392 5764; baseline -0.003 -15"><span class='ocrx_word' id='word_1_974' title='bbox 1817 5719 1836 5749; x_wconf 87' lang='grc'><em>‹</em></span> <span class='ocrx_word' id='word_1_975' title='bbox 1876 5699 2048 5753; x_wconf 89' lang='lat' dir='ltr'><strong>habeo</strong></span> <span class='ocrx_word' id='word_1_976' title='bbox 2085 5717 2098 5752; x_wconf 92' lang='lat'>:</span> <span class='ocrx_word' id='word_1_977' title='bbox 2132 5698 2421 5753; x_wconf 89' lang='lat' dir='ltr'><strong>consilium</strong></span> <span class='ocrx_word' id='word_1_978' title='bbox 2450 5711 2632 5752; x_wconf 88' lang='lat' dir='ltr'><strong>autem</strong></span> <span class='ocrx_word' id='word_1_979' title='bbox 2666 5696 2758 5761; x_wconf 87' lang='lat' dir='ltr'><strong>do,</strong></span> <span class='ocrx_word' id='word_1_980' title='bbox 2793 5704 3052 5764; x_wconf 90' lang='lat' dir='ltr'><strong>tanquam</strong></span> <span class='ocrx_word' id='word_1_981' title='bbox 3084 5691 3392 5745; x_wconf 76' lang='lat' dir='ltr'><strong>misericor~</strong></span> 
     </span>
    </p>
   </div>
   <div class='ocr_carea' id='block_1_118' title="bbox 1816 5781 3385 5861">
    <p class='ocr_par' dir='ltr' id='par_1_118' title="bbox 1816 5781 3385 5861">
     <span class='ocr_line' id='line_1_118' title="bbox 1816 5781 3385 5861; baseline -0.002 -19"><span class='ocrx_word' id='word_1_982' title='bbox 1816 5811 1832 5842; x_wconf 84' lang='grc'><strong><em>‹</em></strong></span> <span class='ocrx_word' id='word_1_983' title='bbox 1870 5790 2014 5846; x_wconf 86' lang='lat' dir='ltr'><strong>diam</strong></span> <span class='ocrx_word' id='word_1_984' title='bbox 2052 5789 2211 5861; x_wconf 76' lang='lat'><strong>108</strong></span> <span class='ocrx_word' id='word_1_985' title='bbox 2235 5797 2562 5848; x_wconf 82' lang='lat' dir='ltr'><strong>consecutus</strong></span> <span class='ocrx_word' id='word_1_986' title='bbox 2601 5804 2628 5842; x_wconf 91' lang='lat' dir='ltr'><strong>a</strong></span> <span class='ocrx_word' id='word_1_987' title='bbox 2665 5785 2912 5853; x_wconf 87' lang='lat' dir='ltr'><strong>Domino,</strong></span> <span class='ocrx_word' id='word_1_988' title='bbox 2957 5781 3151 5838; x_wconf 83' lang='lat' dir='ltr'><strong>ut&#39;sim</strong></span> <span class='ocrx_word' id='word_1_989' title='bbox 3192 5781 3385 5839; x_wconf 85' lang='lat' dir='ltr'><strong>fidelis.</strong></span> 
     </span>
    </p>
   </div>
  </div>
