3978 6406
570 401 675 458 155

1145 397 1203 454 ὃ.
1241 395 1586 454 BRUNONIS
1622 391 2262 453 CARTIIUSIANORUM
2304 391 2788 448 lNSTlTUTORlS
2825 391 2974 448 OPP.
3013 391 3192 449 PARS
3225 393 3289 448 Il.
3675 405 3748 458 ηδ

577 537 595 568 ε
629 515 896 572 Existimo
917 529 1047 586 ergo
1077 514 1184 570 hoc
1215 515 1421 570 bonum
1453 529 1573 569 esse
1610 520 1828 582 propter
1853 511 2149 566 instantem
2179 513 2224 568 A
2251 509 2445 563 tionem
2473 509 2826 579 unusquisque
2854 509 3044 563 habeat
3067 525 3219 564 suam
3239 479 3465 578 uxorem,
3485 523 3530 568 et
3549 531 3749 588 unaque-

577 631 594 658 σ
633 607 1031 674 necessitatem,
1053 607 1314 676 quoniam
1337 607 1537 662 bonum
1562 613 1645 660 cst
1667 603 1875 659 homini
1895 604 1977 659 sic
2002 618 2144 658 esse.

577 721 593 749 ι
632 700 898 771 Alligatus
919 713 980 754 es
1001 699 1195 754 uxori?
1217 698 1329 754 noli
1349 712 1592 768 quaerere
1613 697 1960 752 solutionem.
1988 695 2148 750 Solu-

575 811 593 837 ι
633 796 720 841 tus
742 804 802 843 es
837 788 908 844 ab
943 787 1146 842 uxore?
1181 787 1294 842 noli
1322 801 1566 857 quaerere
1596 801 1842 842 uxorem.
1875 783 1933 839 Si
1964 794 2149 840 autem

575 897 592 926 ι
633 879 907 948 acceperis
951 893 1200 944 uxorem,
1249 893 1356 932 non
1397 877 1670 948 peccasti;
1721 887 1776 934 et
1818 877 1866 933 si
1902 877 2150 948 nupserit

573 988 593 1019 ι
631 968 782 1038 virgo
803 985 910 1023 non
934 969 1621 1040 peceavit;tribulationem
1640 979 1822 1025 tamen
1843 969 2026 1026 carnis
2050 969 2148 1024 ha-

575 1076 593 1106 ι
634 1057 838 1113 hebant
880 1059 1211 1130 hujusmodi.
1261 1059 1374 1132 Ego
1415 1069 1599 1116 autem
1637 1061 1794 1117 vobis
1824 1076 2010 1132 parco.
2033 1059 2150 1117 Hoc

576 1165 594 1195 ‹
636 1150 815 1217 itaque
848 1149 1199 1216 dico,fratres
1224 1168 1239 1205 :
1265 1149 1504 1220 Tempus
1528 1151 1689 1207 breve
1716 1161 1801 1206 est
1832 1170 1846 1206 :
1878 1152 2149 1223 reliquum

576 1256 594 1285 ι
632 1247 734 1305 εει,
770 1248 830 1294 ιιι
854 1247 909 1296 ει
934 1242 1026 1311 qui
1051 1241 1254 1296 habent
1280 1257 1499 1308 uxores,
1526 1251 1785 1313 tanquam
1815 1260 1924 1300 non
1945 1244 2150 1300 haben-

575 1349 594 1378 σ
635 1338 716 1385 ιεε
749 1331 890 1399 sint;
921 1341 975 1387 et
994 1333 1089 1403 qui
1111 1333 1272 1400 ﬁent,
1299 1343 1559 1403 tanquam
1593 1349 1704 1389 non
1731 1333 2033 1402 flentes;et
2053 1335 2148 1406 qui

573 1439 593 1470 ι
631 1421 888 1491 gaudent,
925 1430 1186 1494 tanquam
1212 1438 1324 1478 non
1353 1425 1680 1496 gaudentes;
1716 1435 1771 1481 et
1809 1426 1904 1497 qui
1929 1439 2146 1494 emunt,

574 1533 592 1563 ι
631 1521 892 1584 tanquam
940 1531 1048 1570 non
1100 1515 1468 1585 possidentes;
1521 1526 1576 1572 et
1621 1519 1716 1589 qui
1765 1527 1992 1575 utuntur
2045 1521 2149 1576 hoc

575 1623 593 1654 ι
632 1605 860 1674 mundo,
877 1615 1135 1676 tanquam
1152 1622 1261 1662 non
1279 1616 1502 1665 utantur
1527 1628 1540 1665 :
1562 1610 1800 1680 praeterit
1816 1611 1961 1666 enim
1977 1611 2148 1684 ﬁgura

575 1715 592 1745 ι
631 1695 796 1766 hujus
843 1698 1053 1752 mundi.
1098 1697 1234 1754 Volo
1269 1708 1450 1754 autem
1492 1716 1591 1756 vos
1625 1701 1744 1756 sine
1783 1701 2150 1759 sollicitudine

576 1811 593 1838 ο
629 1805 771 1845 εεεε.
804 1790 909 1858 Qui
925 1793 1043 1848 sine
1071 1809 1238 1848 uxore
1263 1802 1366 1860 est,
1398 1793 1660 1850 sollicitus
1685 1804 1770 1850 est
1789 1810 1912 1865 qua:
1931 1794 2148 1851 Domini

2247 615 2346 670 que
2387 598 2578 654 mulier
2619 599 2807 654 habeat
2845 615 3001 654 suum
3039 602 3229 668 uirum,
3267 602 3368 657 hoc
3397 606 3634 663 concedo.
3677 609 3752 666 lilii

2247 688 2324 744 ait
2343 705 2498 743 suam
2522 705 2758 756 umorem,
2776 689 3014 744 excludit
3035 705 3131 746 eos
3159 691 3356 762 quibus
3377 708 3480 748 non
3499 695 3677 752 licitum
3692 713 3754 756 est

2247 780 2485 853 legitime
2505 781 2702 837 ducere
2721 797 2970 850 uxorem,
2995 791 3057 837 ut
3078 797 3174 838 eos
3191 784 3285 854 qui
3308 783 3460 839 altari
3477 787 3752 845 ministrant.

2249 871 2349 926 Ubi
2381 871 2459 926 ait
2476 871 2666 926 mulier
2689 871 2878 926 habeat
2907 873 3078 926 virum
3098 913 3116 940 ,
3145 873 3380 930 excludit
3403 889 3522 942 eas,
3547 892 3653 947 quae
3675 896 3754 934 non

2249 963 2486 1034 legitime
2505 963 2851 1034 copulantur,
2876 979 2976 1018 nec
2998 963 3198 1017 habent
3230 963 3398 1031 viros,
3418 963 3562 1034 juxta
3581 967 3687 1022 illud
3717 970 3756 1022 in

2249 1054 2540 1122 Evangelia
2570 1073 2582 1110 :
2616 1054 2716 1110 Hic
2760 1071 2923 1126 quem
2958 1074 2977 1107 ι
3018 1071 3164 1110 nunc
3192 1056 3377 1124 habes,
3416 1073 3520 1114 non
3565 1071 3642 1116 est
3662 1071 3758 1117 tuus

2247 1147 2330 1201 vir
2353 1145 2534 1216 (Joan.
2569 1163 2640 1214 tv,
2671 1145 2780 1218 l8).
2813 1166 2832 1198 ι
2870 1145 3022 1202 Licet
3045 1163 3212 1202 unum
3245 1148 3443 1203 bonum
3467 1150 3759 1221 conjugiihlc

2248 1243 2590 1299 solummodo
2629 1251 2877 1313 reponat,
2916 1242 3125 1298 scilicet
3155 1242 3466 1298 vitationem
3501 1243 3760 1300 fornicatio-

2249 1335 2354 1399 nis,
2383 1335 2485 1390 ista
2517 1344 2696 1390 tamen
2733 1342 2882 1400 sunt,
2925 1332 3132 1389 scilicet
3167 1333 3394 1389 intentio
3424 1335 3629 1402 sobolis,
3660 1335 3761 1390 ﬁdes
3866 1356 3872 1365 ·

2248 1427 2375 1492 tori,
2429 1427 2484 1482 id
2517 1436 2600 1483 est
2642 1441 2711 1482 ne
2755 1425 3112 1494 fornicentur,
3141 1435 3199 1481 et
3229 1426 3398 1497 figura
3435 1428 3540 1482 veri
3573 1427 3760 1498 coniugii

2247 1517 2452 1574 Christi
2479 1528 2532 1581 et
2560 1517 2834 1575 Ecclesiae.
2864 1517 3094 1586 Quando
3127 1518 3271 1574 enim
3309 1517 3448 1574 Deus
3473 1519 3679 1590 primum
3705 1519 3760 1572 le-

2249 1611 2452 1666 minam
2483 1610 2668 1681 junxit
2687 1610 2824 1678 viro,
2849 1597 2915 1668 de
2937 1619 3087 1666 costa
3122 1611 3224 1665 viri
3249 1610 3548 1678 formatam,
3563 1609 3762 1682 ﬁguravit

2249 1701 2545 1758 Ecclesiam
2573 1696 2906 1774 jungendam
2931 1701 3150 1760 Christo
3171 1703 3236 1759 de
3253 1703 3416 1781 latere
3445 1702 3556 1772 ejus
3581 1702 3628 1756 in
3640 1717 3760 1756 cruce

2248 1793 2558 1850 formatam.
2581 1792 2690 1850 Nec
2711 1794 2788 1850 ita
2803 1795 2889 1850 vir
2907 1801 2964 1850 et
2982 1809 3121 1849 uxor
3141 1795 3465 1850 conveniant
3505 1793 3652 1865 (sicut
3667 1793 3760 1864 qui-

577 1899 596 1931 ι
635 1891 784 1948 sunt,
807 1883 1081 1953 quomodo
1102 1885 1313 1954 placeat
1338 1884 1468 1941 Deo.
1493 1885 1606 1952 Qui
1627 1895 1809 1942 autem
1828 1903 1954 1942 cum
1977 1903 2149 1943 uxore
2177 1875 2221 1936 Β
2249 1887 2374 1942 dant
2419 1886 2624 1958 pseudo
2659 1886 2978 1958 praedicant)
3039 1887 3160 1942 sine
3221 1885 3602 1952 commistione,
3654 1886 3762 1940 velut

577 1993 594 2023 ι
634 1983 736 2041 εει,
767 1975 1032 2031 sollicitus
1059 1983 1145 2032 est
1175 1993 1298 2047 qua:
1321 1988 1450 2033 sunt
1476 1977 1685 2044 mundi,
1708 1977 1994 2048 quomodo
2027 1979 2148 2050 pla-

573 2083 594 2116 c
633 2073 752 2121 ceat
792 2067 970 2133 uxori,
1019 2076 1074 2122 et
1099 2067 1318 2125 divisus.
1343 2078 1444 2125 est.
1489 2069 1555 2125 Et
1586 2071 1784 2127 mulier
1822 2071 2049 2142 innupta
2094 2080 2151 2128 et

574 2174 592 2204 ι
629 2155 780 2226 virgo
807 2155 1008 2226 cogitat
1041 2174 1165 2228 qua;
1197 2157 1414 2214 Domini
1448 2170 1596 2228 sunt,
1629 2171 1688 2217 ut
1712 2162 1784 2217 sit
1807 2173 1994 2218 saneta
2021 2178 2147 2219 cor-

575 2265 594 2295 ι
633 2261 764 2314 pore
782 2255 838 2301 et
860 2247 1078 2317 spiritu.
1115 2247 1248 2315 Quae
1269 2259 1449 2310 autem
1471 2260 1640 2320 nupta
1675 2261 1779 2320 est,
1807 2253 2010 2324 cogitat
2027 2269 2152 2324 qua:

576 2357 596 2386 ι
634 2344 766 2390 sunt
795 2339 1008 2406 mundi,
1055 2341 1332 2410 quomodo
1363 2341 1576 2412 placeat
1600 2343 1739 2398 viro.
1763 2343 1934 2401 Porro
1957 2345 2063 2402 hoc
2081 2330 2151 2402 ad

577 2444 596 2476 ι
637 2426 922 2483 utilitatem
946 2438 1184 2486 vestram
1211 2431 1353 2500 dico,
1380 2447 1490 2489 non
1517 2444 1580 2489 ut
1606 2434 1862 2506 laqueum
1885 2436 2042 2493 vobis
2069 2437 2153 2492 in-

549 2537 596 2570 ,ι
631 2517 838 2586 jiciam,
871 2521 966 2576 sed
997 2521 1066 2576 ad
1093 2521 1146 2578 id
1179 2525 1326 2594 quod
1356 2525 1644 2583 honestum
1682 2535 1786 2594 est,
1805 2535 1861 2586 et
1892 2529 2039 2599 quod
2066 2527 2151 2584 fa-

578 2629 595 2658 c
633 2609 891 2665 cultatem
919 2613 1155 2682 praebeat
1177 2615 1297 2671 sine
1321 2615 1710 2688 impedimento
1737 2617 2026 2676 Dominum
2049 2621 2150 2676 ob-

577 2717 597 2750 t
633 2701 882 2756 secrandi
913 2701 1170 2774 [Domino
1189 2707 1558 2782 observandi].
1586 2707 1645 2764 Si
1673 2710 2002 2781 quis'autem
2031 2719 2152 2768 tur-

577 2809 594 2840 ι
635 2807 756 2860 pem
786 2808 846 2848 se
864 2794 1033 2850 videri
1061 2795 1337 2854 existimat
1359 2816 1524 2871 super
1551 2801 1758 2873 virgine
1785 2819 1884 2858 sua
1905 2803 2052 2876 quod
2080 2804 2154 2860 sit

577 2901 595 2932 ι
630 2885 1002 2954 supcradulta,
1024 2897 1080 2943 et
1101 2889 1176 2944 ita
1207 2900 1422 2964 oportet
1443 2893 1592 2960 fieri;
1621 2895 1766 2964 quod
1779 2895 1918 2963 vult,
1941 2894 2105 2952 faciat
2134 2915 2148 2952 :

575 2997 594 3024 ι
634 2991 744 3030 non
765 2987 974 3047 peccat,
998 2980 1045 3036 si
1067 2961 1268 3036 nubat:
1295 2981 1429 3038 Nam
1444 2984 1538 3054 Qui
1567 2961 1756 3042 statuit
1783 2987 1838 3040 in
1867 2961 2029 3043 corde
2051 3003 2154 3044 suo

575 3086 594 3117 ι
631 3066 840 3136 ﬁrmus,
871 3087 980 3126 non
1015 3072 1221 3130 habens
1257 3076 1658 3142 necessitatem,
1693 3085 2016 3148 potestatem
2048 3095 2151 3134 au-

575 3175 595 3207 t
629 3166 734 3213 tein
776 3161 980 3217 habens
1025 3178 1138 3218 sua:
1169 3165 1488 3234 voluntatis,
1535 3177 1591 3224 et
1644 3169 1748 3224 hoc
1791 3169 2056 3240 judicavit
2095 3171 2152 3226 in

2249 1978 2416 2033 frater
2467 1987 2524 2035 et
2581 1994 2738 2036 soror
2788 1979 3141 2056 cohabitent;
3177 1981 3272 2036 sed
3324 1981 3404 2034 vir
3446 1979 3618 2035 reddat
3656 1977 3762 2031 deli-

2249 2077 2359 2122 tum
2399 2069 2556 2122 uxori
2591 2085 2610 2123 :
2639 2069 2892 2124 similiter
2944 2078 3130 2136 autem”
3159 2079 3228 2135 et
3268 2085 3400 2125 uxor
3436 2066 3614 2124 reddat
3654 2065 3760 2121 debi-

2245 2168 2363 2214 tum
2405 2159 2536 2214 viro.
2567 2158 2759 2220 Sciens
2791 2159 2897 2216 hoc
2920 2159 3050 2230 quia
3081 2160 3276 2223 mulier
3299 2176 3400 2214 tton
3419 2158 3562 2213 habet
3582 2165 3757 2228 potestt-

2251 2259 2353 2303 tent
2383 2251 2467 2303 sui
2488 2251 2743 2321 corporis,
2767 2259 2828 2306 ιιι
2852 2241 2900 2306 si
2922 2251 3051 2306 velit
3074 2250 3372 2317 contineat,
3406 2249 3492 2305 sed
3530 2249 3619 2302 rit.
3645 2245 3754 2301 Sitti-

2247 2341 2371 2396 liter
2393 2350 2443 2396 et
2466 2341 2545 2396 vir
2578 2358 2682 2396 non
2701 2341 2853 2396 habet
2879 2350 3190 2413 potestatem
3211 2343 3310 2408 sui.
3329 2342 3572 2412 carparis,
3593 2338 3668 2392 sed
3679 2351 3746 2388 ιι-

2249 2432 2349 2488 lier
2369 2474 2386 2501 ,
2438 2433 2494 2489 id
2538 2441 2624 2490 est
2680 2442 2870 2490 neuter
2913 2442 3239 2506 potestatem
3301 2434 3459 2490 habet
3511 2425 3748 2487 continenti

2255 2525 2415 2597 109
2429 2525 2546 2582 sine
2555 2541 2823 2583 consensu
2845 2527 3089 2584 alterius.
3109 2525 3175 2583 Et
3198 2535 3478 2598 propterea
3499 2523 3644 2578 nolite
3658 2520 3755 2590 fm-

2223 2631 2229 2637 ·
2250 2617 2380 2672 dare
2389 2618 2627 2686 invicem,
2642 2618 2696 2675 id
2707 2627 2795 2674 est
2805 2627 2913 2675 non
2925 2618 3214 2675 subtrahat
3227 2635 3285 2676 se
3297 2619 3429 2674 alter
3448 2615 3590 2672 alteri
3611 2613 3656 2666 in
3665 2626 3756 2681 ope-

2251 2725 2311 2764 re
2340 2710 2580 2782 conjugii
2607 2729 2620 2766 :
2649 2711 2752 2766 nisi
2791 2711 2928 2782 forte
2965 2711 3070 2768 hoc
3104 2712 3202 2768 liat
3240 2729 3306 2768 ea:
3332 2725 3572 2766 consensu
3602 2703 3757 2761 utrius-

2251 2817 2358 2874 que
2384 2822 2398 2858 :
2424 2813 2479 2859 et
2501 2805 2605 2860 hoc
2625 2819 2737 2860 non
2761 2805 3040 2873 continue,
3068 2805 3162 2862 sed
3189 2807 3263 2860 ad
3285 2815 3500 2875 tempus,
3520 2810 3570 2857 et
3585 2814 3668 2871 pro
3688 2797 3760 2850 hac

2245 2907 2421 2955 .causa
2450 2905 2508 2950 ut
2550 2896 2745 2967 purius
2785 2898 2980 2951 vacetis
3004 2899 3260 2953 orationi.
3297 2896 3451 2965 Quod
3495 2910 3539 2950 St
3578 2887 3762 2961 legitime

2253 2995 2454 3057 nuptos
2481 2996 2696 3058 oportet
2719 2988 3021 3056 continere,
3047 2997 3109 3043 ut
3127 2989 3294 3062 digne
3311 2993 3607 3044 mereantur
3627 2992 3760 3040 orant.

2254 3079 2428 3135 multo
2459 3080 2636 3150 magis
2679 3079 2803 3136 illos
2832 3080 2926 3151 qui
2977 3079 3344 3138 fornicamur.
3378 3079 3442 3133 Et
3463 3091 3552 3133 eos
3585 3071 3760 3165 quiﬁt)“

2254 3171 2432 3227 solum
2467 3179 2650 3240 orant,
2686 3173 2779 3228 sed
2816 3187 3050 3243 quorum
3093 3189 3296 3230 manus
3335 3171 3492 3228 etiam
3537 3160 3762 3220 Dominica

578 3269 597 3298 ι
632 3250 796 3305 corde
817 3267 918 3306 suo
943 3268 1162 3311 servare
1194 3257 1457 3329 virginem
1487 3275 1664 3324 suam,
1701 3261 1836 3316 bene
1867 3260 2015 3318 facit.
2040 3261 2147 3334 lgi-
2177 3247 2218 3304 ο
2252 3280 2408 3321 sacra
2437 3269 2722 3331 tractant,
2762 3273 2814 3320 et
2856 3267 3057 3336 populo
3084 3266 3427 3337 dispensant.
3459 3261 3538 3326 Et,
3573 3263 3764 3324 ιειιψοτθ

577 3358 595 3389 ι
634 3348 724 3394 tur
743 3350 796 3396 et
820 3343 914 3412 qui
937 3346 1284 3406 matrimonio
1301 3349 1481 3420 jungit
1511 3351 1773 3422 virginem
1797 3371 1974 3422 suam,
2014 3357 2152 3412 bene

576 3451 595 3480 ‹
632 3429 764 3487 facit
789 3451 802 3486 ε
829 3441 884 3488 ει
901 3436 995 3505 qui
1031 3452 1140 3492 non
1169 3438 1369 3510 jungit,
1397 3443 1592 3498 melius
1619 3443 1766 3500 facit.
1798 3464 1816 3496 ι
1850 3445 2044 3502 Mulier
2067 3447 2150 3502 al-

578 3543 596 3573 ι
629 3523 792 3594 ligata
820 3535 905 3582 est
922 3527 1047 3598 legi,
1067 3539 1274 3600 quanto
1299 3539 1540 3603 tempore
1568 3535 1654 3589 vir
1671 3535 1794 3606 ejus
1823 3537 1983 3606 vivit;
2006 3539 2150 3608 quod

579 3637 597 3667 ι
638 3615 684 3670 si
709 3615 994 3674 dormierit
1024 3619 1111 3675 vir
1132 3621 1274 3692 ejus,
1305 3623 1531 3680 liberata
1551 3633 1637 3681 est
1660 3626 1834 3697 (Rom.
1861 3643 1956 3695 vn,
1989 3628 2047 3700 2)
2079 3648 2092 3684 :
2127 3648 2146 3681 ι

577 3727 595 3756 ι
635 3705 726 3761 cui
753 3707 867 3762 vult
886 3709 1075 3778 nubat,
1105 3719 1318 3770 tantum
1346 3713 1404 3768 in
1445 3713 1696 3772 Domino.
1729 3711 1948 3773 Beatior
1969 3726 2152 3774 autem

576 3817 595 3848 ς
629 3797 753 3865 erit,
792 3799 840 3856 si
879 3801 960 3858 sic
1003 3806 1366 3874 permanserit
1406 3809 1708 3865 secundum
1744 3825 1924 3865 meum
1966 3813 2151 3868 censi--

575 3911 594 3941 ι
631 3891 762 3946 lium
792 3911 805 3946 τ
835 3903 966 3964 puto
984 3905 1165 3953 autent
1196 3940 1212 3966 ,
1250 3900 1398 3970 quod
1423 3911 1480 3957 et
1501 3915 1603 3972 ego
1627 3900 1891 3974 Spiritum
1921 3902 2016 3959 Dei
2054 3904 2152 3959 ha-

575 3983 848 4040 «beam.»

1207 4099 1508 4141 EXPOSITIO.

639 4163 739 4220 llic
762 4165 829 4222 de
856 4165 1184 4225 fornicatore
1201 4170 1294 4226 illo
1313 4171 1436 4228 linis
1456 4183 1570 4240 est;
1603 4174 1696 4229 sed
1717 4173 1820 4230 hac
1840 4176 2148 4244 occasione,

567 4255 698 4324 quia
719 4255 786 4311 de
813 4256 1174 4318 fornicatione
1195 4262 1347 4334 loqui
1376 4275 1634 4335 coeperat,
1657 4267 2042 4323 convenienter
2065 4283 2150 4324 re-

569 4347 1150 4420 spondet-Corinthiis,
1195 4355 1291 4425 qui
1328 4371 1426 4426 per
1457 4357 1666 4413 litteras
1692 4373 1817 4414 eum
1849 4359 2152 4431 interroga-

570 4449 778 4508 verant,
813 4442 1020 4500 scilicet
1041 4454 1096 4500 et
1117 4447 1372 4519 conjugia
1415 4450 1708 4506 celebrare.
1739 4449 1822 4505 An
1853 4453 2151 4508 necessitas

565 4529 897 4588 Christianae
929 4535 1207 4608 religionis
1231 4547 1389 4610 coget
1413 4553 1530 4605 eos,
1557 4539 1753 4596 debere
1781 4541 1834 4594 in
1865 4542 2150 4598 continen-

565 4622 640 4676 tia
688 4624 1015 4693 perdurare?
1043 4627 1210 4684 Erant
1249 4630 1394 4686 enim
1425 4631 1568 4702 apud
1596 4648 1692 4688 eos
1718 4633 1940 4703 quidam
1983 4650 2148 4705 supra

568 4712 794 4770 modum
837 4717 1100 4790 religiosi,
1157 4721 1252 4792 qui
1302 4721 1545 4777 dicerent
1587 4723 1858 4779 neminem
1893 4724 1948 4778 in
1983 4739 2148 4796 opere

569 4805 809 4876 conjugii
853 4817 1163 4864 manentem
1218 4826 1382 4881 posse
1429 4811 1647 4867 salvari.
1695 4811 1799 4868 Sed
1853 4813 2147 4882 Apostolus

569 4896 748 4952 sciens
777 4898 1141 4958 infirmitatem
1166 4903 1288 4960 ﬁdei
1311 4920 1522 4971 eorum,
1549 4905 1852 4976 patiebatur
1872 4906 1978 4961 hoc
1999 4906 2054 4960 in
2081 4906 2148 4961 il-

569 4987 658 5042 lis.
683 4985 802 5044 Non
828 4993 974 5061 quod
993 4995 1235 5050 crederet
1251 5012 1348 5053 eos
1371 4997 1680 5064 salvandos,
1695 4997 1796 5053 sed
1822 5005 1881 5052 ut
1905 4998 1986 5054 sie
2015 5013 2146 5053 enu-

569 5079 726 5135 triret
753 5079 1048 5139 Ecclesiam
1079 5088 1334 5154 paulatim
1369 5073 1622 5144 ducendo
1657 5088 1710 5144 in
1734 5088 2141 5160 perfectionem.

571 5170 775 5227 Littera
797 5173 878 5229 sic
893 5174 1156 5247 jungitur.
1184 5177 1496 5235 Fornicatio
1514 5191 1598 5236 est
1611 5181 1866 5252 fugienda
1893 5201 1906 5236 :
1937 5198 2036 5238 nec
2059 5191 2144 5237 ta-

569 5276 694 5316 men
731 5262 812 5318 sie
845 5272 906 5319 ut
945 5265 1258 5337 conjugium
1295 5269 1660 5339 destruamus,
1697 5273 1791 5328 sed
1835 5281 1895 5327 ut
1929 5281 2147 5343 propter

566 5350 984 5412 fornicationem
1011 5358 1288 5414 vitandam
1317 5363 1694 5433 unusquisque
1727 5365 1924 5442 habeat
1959 5381 2139 5420 suam.

565 5445 636 5500 Et
681 5447 786 5503 hoc
823 5447 950 5503 dico
982 5452 1314 5520 respondens
1343 5453 1410 5508 ad
1438 5469 1503 5509 ea
1531 5455 1596 5508 de
1635 5457 1824 5526 quibus
1854 5459 2142 5528 scripsistis

567 5537 720 5606 mihi,
751 5538 1150 5612 interrogantes
1168 5557 1237 5597 an
1254 5543 1440 5600 liceret
1466 5545 1689 5613 nubere,
1713 5563 1783 5602 an
1808 5563 2029 5606 necesse
2051 5565 2141 5606 es-

565 5632 651 5678 set
697 5626 997 5682 continere.
1038 5625 1106 5684 Et
1143 5629 1211 5684 de
1250 5630 1355 5686 hoc
1392 5634 1692 5704 respondeo
1740 5635 1894 5692 vobis
1933 5655 1947 5692 :
1987 5636 2144 5704 Quod

567 5715 761 5772 bonum
791 5727 871 5774 est
905 5720 1092 5792 utique
1127 5721 1326 5777 homini
1363 5725 1632 5780 mulierem
1669 5743 1770 5780 non
1808 5735 2016 5798 tangere
2053 5729 2145 5785 illo

566 5808 728 5864 modo
761 5812 1011 5881 coeundi,
1039 5813 1128 5870 set!
1153 5823 1329 5870 tamen
1354 5827 1563 5886 propter
1600 5818 1873 5874 vitandam
1906 5820 2141 5889 fornica-

2177 4592 2226 4652 D

2253 3356 2518 3413 orationis
2541 3357 2836 3431 praeterito,
2870 3357 3188 3412 revertimini
3229 3359 3288 3412 in
3327 3357 3492 3428 ipsum
3525 3362 3646 3419 opus
3667 3356 3763 3398 con-

2247 3449 2404 3521 iugii.
2431 3465 2495 3504 ne
2535 3466 2622 3504 vos
2657 3466 2688 3504 a
2743 3437 2984 3520 legitimo
3040 3461 3322 3507 cessantes
3367 3453 3518 3503 tentet
3561 3438 3762 3494 Satanas.

2253 3541 2540 3597 stimulans
2565 3556 2663 3598 vos
2695 3541 2763 3597 ad
2789 3541 2998 3597 illicita.
3022 3541 3098 3602 .Et
3124 3543 3233 3598 hoc
3254 3543 3374 3598 dico
3400 3543 3595 3610 prapter
3625 3530 3762 3582 ἱπεοπσ

2253 3631 2529 3686 tinentittm
2552 3641 2797 3686 vestram.
2832 3631 2960 3688 Scio
3001 3634 3149 3688 enim
3189 3633 3534 3706 fragilitatem
3557 3629 3756 3678 vestiam.

2251 3736 2375 3792 qua;
2411 3721 2586 3793 magis
2622 3737 2720 3793 per
2764 3722 3153 3794 indulgentiam
3199 3722 3488 3783 nutrienda
3525 3724 3607 3780 est,
3630 3716 3747 3779 quam

2252 3825 2348 3880 Per
2373 3811 2720 3894 asperitatem
2746 3813 3088 3870 deterrenda.
3120 3815 3273 3874 Licet
3301 3822 3520 3888 propter
3541 3797 3752 3894 vitandam

2252 3891 2667 3958 fornicationem
2715 3904 3082 3960 concesserim
3115 3907 3288 3964 .vobis
3339 3907 3532 3962 ducere
3559 3891 3760 3992 uxorem:

2251 3991 2356 4048 hoc
2399 4001 2580 4050 tamen
2626 3994 2750 4051 dico
2790 3996 3075 4050 secundum
3113 3997 3512 4071 indulgentiam,
3541 4002 3601 4043 ne
3625 3977 3766 4071 videar

2249 4100 2347 4142 vos
2397 4085 2750 4158 intemperata
2795 4103 3009 4160 cogere.
3073 4088 3196 4144 Non
3237 4069 3344 4146 hoc
3383 4087 3504 4144 dico
3537 4069 3767 4135 secundum

2249 4177 2550 4248 imperium,
2595 4188 2656 4234 ut
2683 4179 2848 4254 hujus
2876 4180 2954 4235 rei
2985 4191 3320 4254 prazceptum
3365 4177 3572 4236 faciam.
3607 4160 3771 4263 Si

2249 4269 2395 4324 enim
2446 4279 2779 4342 praeceptum
2823 4281 2986 4340 esset,
3017 4273 3130 4344 jam
3171 4289 3366 4330 omnes
3397 4285 3462 4326 ex
3503 4254 3773 4320 ηθοεδδίυίθ

2248 4375 2447 4416 uxores
2474 4361 2754 4418 ducerent.
2785 4361 2851 4418 Et
2896 4363 3022 4419 licet
3055 4364 3130 4419 ita
3171 4365 3332 4421 vobis
3360 4357 3670 4426 indulgeam.
3709 4347 3772 4392 ιδ’

2249 4466 2374 4506 men
2411 4467 2512 4522 ego
2533 4452 2648 4506 volo
2677 4469 2852 4507 omnes
2885 4453 3117 4508 homines
3139 4471 3249 4508 esse
3274 4455 3414 4509 sicut
3438 4443 3707 4522 Μίρδνπί
3731 4429 3776 4476 ω

2249 4517 2708 4612 quemadmodum
2733 4558 2854 4614 ego,
2883 4544 2963 4598 sic
3010 4559 3201 4600 omnes
3225 4539 3576 4600 continerent.
3601 4517 3777 4614 Exime

2251 4610 2420 4689 verbo
2469 4610 2808 4706 intelligitur,
2839 4633 3043 4691 Paulus
3073 4635 3148 4706 (et
3181 4624 3286 4692 hoc
3330 4636 3554 4689 testatur
3583 4610 3779 4670 Ambm'

2255 4723 2392 4792 sius)
2421 4723 2574 4795 virgo
2601 4705 2771 4780 fuisse
2797 4743 2808 4778 :
2839 4724 2933 4780 sed
2983 4705 3207 4796 quitiam
3237 4723 3560 4780 attestantur
3582 4705 3775 4808 Ilioni'f‘

2252 4829 2376 4870 eum
2407 4793 2562 4886 prius
2592 4816 2870 4872 habuisse.
2904 4793 3187 4873 Hic—etiam
3217 4815 3498 4889 objiciunt,
3526 4793 3780 4906 (ιυίῇ

2251 4906 2376 4960 volo
2416 4907 2694 4962 continere
2735 4923 2946 4975 omnes,
2991 4909 3134 4979 quod
3183 4905 3496 4981 conjugium
3537 4891 3780 5013 design“;

2248 4998 2428 5062 vellet,
2459 4998 2552 5053 sed
2579 4998 2716 5052 nihil
2743 5008 2864 5054 est:
2895 4971 3024 5070 quia
3070 5000 3118 5056 si
3146 4971 3340 5055 omnes
3377 4981 3617 5054 εκειιιριο

2249 5091 2614 5157 continerent,
2666 5090 2768 5161 ipsi
2807 5067 2948 5146 idem
2991 5091 3206 5162 aliquos
3227 5109 3295 5148 ex
3338 5079 3531 5154 seipsis
3555 5067 3778 5163 coﬂlf'S'E'

2249 5183 2388 5238 inire
2435 5152 2712 5253 cogerent,
2761 5199 2830 5238 ne
2869 5152 3204 5240 bonum-Dei
3247 5181 3548 5240 institutum

2249 5273 2390 5331 Dicit
2422 5249 2586 5328 etiam
2618 5249 2756 5375 bene
2785 5273 3124 5346 Augustinus
3150 5276 3266 5348 (lib.
3285 5249 3779 5375 .m-boiffnﬂ’fj'g;

2247 5383 2368 5438 cap.
2397 5365 2508 5434 l0),
2536 5369 2665 5436 quia
2712 5365 2758 5420 si
2801 5342 2996 5420 omnes
3034 5342 3220 5421 essent
3255 5366 3396 5421 sicut
3440 5345 3651 5406 Paulus,
3688 5342 3730 5381 cl

2247 5458 2442 5514 civitas
2468 5456 2636 5511 Dciet
2667 5472 2930 5528 numerus
2964 5457 3196 5512 fratrum
3237 5453 3618 5558 ἰωβωτθωηῗψ
3657 5506 3776 5558 sic“;

2315 5546 2392 5603 Ne
2438 5548 2655 5614 item“),
2702 5525 2838 5618 quia
2883 5547 3098 5601 dixerat
3135 5565 3149 5601 :
3185 5546 3320 5602 Volo
3365 5551 3461 5594 vos

2248 5656 2356 5707 me,
2391 5648 2644 5710 putarent
2670 5654 2730 5694 se
2751 5655 2866 5694 non
2898 5639 3134 5706 salvari,.
3149 5639 3254 5696 nisi
3298 5610 3776 5746 ρεΐηοοτξίέῗῗηὶἒῖἒ

2344 5731 2356 5744 ο
2421 5731 2455 5746 οι
2597 5740 2608 5746 Α
2771 5731 2783 5742 ο
2966 5741 2976 5746 -
3109 5731 3123 5746 ι
3307 5729 3342 5746 ο.
3437 5730 3500 5746 nll
3525 5725 3538 5746 Ι
3563 5721 3583 5746 ,⁸
3610 5739 3622 5746 .

2250 5731 2683 5788 assimilarcntur
2735 5731 2806 5797 ei,
2857 5741 3047 5786 contra
3109 5731 3214 5788 hoc
3272 5729 3346 5784 ait
3393 5704 3754 5827 Ρειυξξιξηῖιέὲὲ

2250 5824 2425 5878 diram
2456 5824 2598 5893 quod
2625 5821 2813 5877 vellem
2838 5839 2932 5876 vos
2956 5822 3155 5878 imitari
3185 5840 3268 5878 mc
3291 5831 3383 5890 per
3403 5793 3771 5866 continentiam,
