3978 6428
153 412 253 469 15⁵1

754 408 1118 468 uxrosrno
1153 410 1222 467 IN
1260 410 1648 493 EPlS'l‘OLAS
1684 363 1911 472 pinu.
1948 450 2019 463 ..-
2048 402 2124 473 ιιι
2154 417 2376 476 EPIS'I‘.
2418 421 2439 475 1
2476 422 2571 476 an
2602 420 2761 477 con.

3294 424 3397 482 l58

153 527 976 630 ψιεκαεῇἰφιιεεειῑηηι
1018 528 1173 585 habet
1204 531 1478 630 proprium
1502 531 1719 599 donum,
1750 541 1795 597 Α
1824 550 1922 604 per
1944 537 2123 591 virum
2166 537 2398 605 ﬁdelem,
2436 538 2560 595 inde
2593 540 2874 594 docenqu
2906 554 3050 595 eam.
3081 539 3176 596 Vel
3199 542 3355 597 aliter
3381 562 3394 598 :

152 618 425 676 adiciens
474 618 581 673 sibi
609 619 676 673 ad
716 619 990 675 salutem:
1018 621 1166 691 quod
1189 637 1291 693 ego
1318 620 1570 679 fortassis
1610 640 1720 679 non

153 712 338 767 habeo.
358 708 432 764 Et
454 711 557 765 hoc
576 709 780 766 donum
805 712 968 766 habet
988 728 1054 766 ea:
1070 711 1201 767 Deo.
1220 712 1372 768 Alius
1392 715 1603 785 quidem
1624 717 1722 784 sic,

152 804 269 873 quia
318 804 512 873 largus
550 802 612 858 in
653 803 1017 876 eleemosyna.
1059 804 1214 859 Alius
1260 822 1379 860 vero
1417 807 1516 874 sic,
1565 809 1726 878 quasi

154 896 298 951 fortis
334 896 391 949 in
428 895 714 965 patientia,
750 913 985 968 magnus
1007 898 1062 952 in
1090 898 1356 954 oratione.
1388 898 1481 956 Sic
1507 899 1631 955 dico
1657 901 1726 957 de

158 971 482 1056 coniugatis.
504 984 623 1042 Hoc
647 996 825 1041 autem
846 987 967 1041 dico
992 1003 1095 1042 non
1129 991 1329 1059 nuptis,
1360 989 1416 1046 id
1451 998 1537 1047 est
1556 990 1727 1063 virgi-

158 1080 302 1135 nibus
329 1080 388 1134 in
422 1086 663 1150 utroque
692 1095 848 1147 sexu,
887 1090 944 1135 et
980 1080 1163 1137 viduis
1203 1082 1259 1137 in
1295 1091 1531 1154 utroque
1565 1098 1723 1149 sexu,

153 1172 269 1241 quia
290 1173 498 1227 bonum
532 1180 620 1227 est
644 1171 756 1228 illis
786 1172 833 1228 si
859 1173 941 1229 sic
973 1173 1302 1230 continendo
1328 1184 1722 1246 permaneant:

152 1264 288 1319 sicut
310 1264 519 1334 plures,
541 1272 600 1319 et
625 1272 728 1335 ego
751 1264 1027 1320 contineo.
1060 1264 1215 1331 Quod
1242 1267 1292 1321 si
1329 1283 1432 1321 non
1473 1265 1529 1322 'se
1553 1269 1727 1322 conti-

155 1366 290 1421 nent,
324 1355 376 1411 id
402 1364 488 1411 est
515 1356 801 1412 continere
827 1358 1062 1425 nolunt,
1091 1358 1176 1413 vel
1203 1373 1313 1414 non
1342 1368 1574 1430 possunt
1598 1376 1611 1412 :
1639 1375 1728 1416 se-

153 1448 381 1503 cundum
433 1447 834 1518 indulgentiam
884 1449 1010 1505 dico
1051 1449 1255 1504 nubant
1296 1466 1315 1505 :
1350 1450 1474 1506 ideo
1521 1452 1728 1508 nubere

158 1538 451 1610 huiusmodi
465 1540 713 1596 concedo
746 1559 761 1595 :
778 1542 909 1611 quia
927 1540 1115 1595 melius
1134 1551 1215 1596 est
1236 1543 1427 1597 nubere
1454 1542 1587 1614 (non
1601 1543 1726 1599 dico

161 1646 303 1700 quam
323 1629 635 1703 fornicari),
667 1633 763 1687 sed
793 1631 962 1703 (quod
982 1633 1165 1689 minus
1193 1633 1300 1706 est)
1328 1650 1496 1704 quam
1522 1635 1629 1702 uri,
1672 1634 1726 1689 id

167 1731 240 1778 est
271 1721 557 1778 desideriis
599 1722 845 1779 libidinis
879 1724 1078 1796 agitari
1103 1733 1160 1780 et
1195 1725 1361 1782 vinci.
1390 1724 1511 1781 Non
1542 1726 1727 1797 nuptis

163 1821 211 1868 et
225 1813 387 1869 viduis
410 1815 646 1870 alterum
668 1816 969 1871 secundum
991 1817 1380 1888 indulgentiam
1395 1819 1625 1874 alterum
1642 1834 1722 1875 se-

1827 627 2021 683 Mulier
2043 629 2274 685 inﬁdelis
2312 631 2366 685 in
2401 631 2521 701 ipso
2563 631 2709 687 coitu
2759 633 3094 688 sanctilicata
3114 642 3168 688 et
3196 635 3397 689 munda

1825 731 1930 789 est,
1975 724 2299 792 praevalente
2346 724 2451 781 lide
2505 725 2607 780 viri
2652 726 2759 780 sui.
2806 724 2926 781 Non
2970 726 3167 780 debent
3212 727 3399 797 utique

1825 812 2069 868 vicissim
2113 828 2173 869 se
2219 814 2492 870 dimittere
2518 826 2742 886 prepter
2776 817 3081 887 praemissa,
3112 817 3206 873 sed
3235 817 3399 872 simul

1825 920 2047 960 manere
2071 921 2084 957 :
2114 907 2241 976 quia
2262 905 2519 978 alioquin,
2542 908 2596 963 id
2618 917 2721 975 est,
2749 909 2796 963 si
2822 908 2960 964 alter
2987 909 3216 964 alterum
3239 910 3400 964 dimi-

1826 996 1978 1063 serit,
2010 996 2114 1067 ﬁlii
2138 999 2295 1052 vestri
2320 1008 2491 1053 essent
2519 1000 2799 1067 immundi,
2830 999 2884 1055 id
2907 1008 2992 1056 est
3014 1017 3125 1056 non
3153 1000 3398 1072 legitimi,

1826 1088 1920 1145 sed
1945 1089 2137 1160 spurii.
2184 1088 2241 1144 Si
2272 1090 2419 1145 enim
2449 1091 2784 1147 connubium
2814 1090 3066 1159 solvitur,
3096 1092 3400 1164 legitimum

1827 1180 1999 1238 fuisse
2026 1197 2139 1238 non
2178 1182 2461 1250 creditur;
2491 1192 2546 1239 et
2576 1185 2698 1241 ideo
2722 1185 2817 1240 ﬁlii
2858 1201 2969 1242 non
3012 1186 3236 1257 legitimi
3269 1186 3315 1242 si
3342 1201 3402 1242 se

1824 1274 2137 1351 dimittunt,
2154 1272 2251 1328 ﬁlii
2294 1284 2424 1331 sunt
2460 1275 2769 1332 immundi:
2801 1276 2891 1331 sed
2924 1293 3081 1344 nunc,
3114 1278 3167 1332 id
3212 1285 3317 1343 est,
3353 1279 3399 1332 si

1824 1365 2144 1422 cohabitant
2169 1385 2182 1421 :
2213 1367 2311 1421 ﬁlii
2340 1375 2464 1421 sunt
2486 1367 2680 1435 sancti,
2711 1366 2764 1422 id
2787 1374 2891 1435 est,
2917 1367 3235 1437 iudicantur
3269 1367 3393 1441 legi-

1827 1458 1964 1513 timi.
1992 1457 2089 1513 Vel
2129 1459 2325 1514 aliter:
2351 1458 2475 1515 Ideo
2518 1474 2628 1513 non
2660 1460 3007 1529 separemini,
3038 1459 3303 1532 alioquin,
3348 1459 3399 1511 id

1824 1558 1930 1617 est,
1962 1551 2009 1606 si
2039 1550 2196 1607 aliter
2224 1552 2337 1618 ﬁat,
2362 1551 2459 1607 ﬁlii
2494 1550 2661 1607 vestri
2691 1560 2876 1606 essent
2906 1551 3196 1618 immundi,
3239 1552 3291 1606 id
3318 1558 3400 1605 est

1826 1639 1882 1694 in
1908 1639 2224 1697 inﬁdelitate
2247 1650 2651 1712 permanerent.
2682 1642 2740 1696 Si
2762 1642 2910 1697 enim
2941 1643 3075 1696 alter
3091 1651 3399 1712 parentum,

1825 1745 1953 1785 cum
1979 1730 2213 1787 inﬁdelis
2253 1739 2419 1799 esset,
2447 1732 2515 1787 ad
2563 1722 2724 1787 ﬁdem
2767 1732 3046 1798 transiret,
3087 1731 3184 1785 ﬁlii
3213 1731 3403 1800 utique

1828 1821 1906 1876 illi
1936 1822 2151 1893 parenti
2199 1823 2564 1891 adhaererent,
2600 1823 2693 1894 qui
2734 1823 2786 1878 in
2818 1823 2987 1895 priori
3033 1833 3178 1879 secta
3220 1838 3402 1879 rema-

163 1904 378 1961 cnndum
424 1903 722 1962 consilium
769 1907 892 1965 dico
934 1924 948 1962 ;
983 1909 1080 1964 sed
1126 1909 1209 1965 his
1252 1911 1344 1981 qui
1380 1911 1724 1965 matrimonio
1757 1890 1801 1945 Β
1825 1890 1979 1968 neret
2008 1932 2021 1968 :
2054 1914 2107 1969 in
2154 1930 2264 1984 qua
2303 1914 2399 1970 ﬁlii
2438 1915 2553 1970 nati
2599 1890 2898 1983 essentﬁet
2928 1915 2983 1969 in
3015 1931 3120 1985 qua
3165 1930 3403 1970 consue-

157 1995 309 2064 iuncti
366 2008 493 2052 sunt
523 2016 541 2054 :
570 2015 675 2054 non
718 2000 897 2055 solum
957 1999 1084 2056 dico
1133 2001 1228 2056 sed
1275 2002 1525 2072 praecipio
1548 2044 1564 2069 ,
1610 2018 1724 2058 non

161 2104 272 2159 ego,
335 2090 426 2143 sed
472 2089 731 2146 Dominus
756 2133 772 2159 ,
810 2092 863 2148 id
911 2101 998 2150 est
1042 2109 1153 2149 non
1187 2109 1308 2149 mea
1356 2096 1682 2152 auctoritate
1705 2137 1723 2163 ,

166 2179 240 2234 sed
288 2179 511 2235 Domini
556 2182 921 2252 praecipientis
990 2184 1049 2239 in
1111 2183 1405 2256 Evangelia
1435 2228 1451 2253 ,
1506 2201 1725 2241 uxorem

168 2294 248 2331 son
282 2279 554 2335 discedere
597 2298 630 2336 a
656 2280 788 2335 viro.
845 2279 962 2338 Hoc
1007 2290 1337 2353 praeceptum
1401 2280 1531 2351 quia
1589 2280 1725 2336 satis

166 2379 325 2425 notum
397 2381 518 2426 erat
541 2414 558 2438 ,
642 2372 1023 2444 imperfectum
1096 2374 1283 2445 posuit
1310 2404 1355 2441 ,-
1394 2372 1723 2443 praetermit-

168 2469 264 2517 tens
294 2463 394 2518 hoc
443 2464 550 2518 nisi
583 2481 750 2519 causa
799 2465 1190 2535 fornicationis.
1240 2464 1394 2532 Quod
1424 2465 1471 2519 si
1514 2481 1651 2519 uxor
1689 2481 1723 2518 a

171 2553 262 2606 tiro
282 2554 598 2620 discesserit,
627 2561 853 2626 propter
881 2554 1302 2611 fornicationem
1342 2566 1434 2609 aut
1463 2569 1562 2624 per
1589 2569 1724 2610 con—

175 2659 358 2700 sensum
369 2646 743 2715 continentiae,
757 2647 1017 2719 praecipio
1039 2648 1188 2703 illam
1201 2663 1410 2702 manere
1422 2647 1720 2715 innuptam,

183 2743 260 2786 aut
283 2734 602 2789 reconciliari
624 2736 737 2790 uiro
765 2753 881 2792 suo.
916 2734 985 2793 Et
1005 2737 1091 2791 vir
1124 2736 1376 2792 similiter
1403 2750 1512 2790 non
1536 2734 1721 2791 dimit-

184 2832 247 2879 tat
271 2841 467 2882 uxorem
492 2870 509 2893 ,
544 2827 656 2883 nisi
702 2839 926 2899 propter
968 2842 1192 2885 causam
1227 2827 1568 2899 praemissam
1611 2824 1724 2881 for-

180 2917 450 2974 nicationis.
482 2918 586 2976 llic
614 2920 815 2975 iterum
846 2929 1178 2991 praeceptum
1220 2919 1599 2991 imperfectum
1624 2933 1725 2991 po-

179 3008 279 3072 suit,
316 3011 442 3081 quia
494 3011 857 3082 praemiserat.
910 3012 978 3067 Et
1018 3022 1105 3069 est
1153 3013 1229 3068 ita
1263 3010 1673 3084 intelligendum
1705 3029 1720 3066 :

186 3096 253 3153 Vir
267 3118 363 3192 pou
386 3103 630 3159 dimittat
650 3118 876 3159 uxorem
900 3104 1007 3159 nisi
1034 3113 1255 3175 propter
1279 3103 1720 3171 fornicationem;

1823 2004 2048 2061 vissent.
2083 2004 2150 2060 Et
2178 2006 2299 2061 ideo
2327 2020 2517 2061 amore
2538 2006 2775 2062 ﬁliorum
2804 2006 3007 2060 bonum
3035 2014 3119 2061 est
3150 2014 3405 2076 parentes

1825 2093 1992 2150 simul
2038 2110 2280 2150 manere.
2312 2094 2435 2149 Filii
2478 2094 2669 2166 utique
2710 2095 2877 2150 vestri
2925 2103 3110 2150 essent
3136 2095 3405 2167 immundi

1824 2200 1921 2256 per
1945 2185 2479 2243 inﬁdelitatem.‘Sed
2504 2202 2653 2242 nunc
2692 2186 2741 2243 si
2783 2188 2947 2243 simul
2977 2188 3282 2244 manserint
3308 2203 3406 2257 pa-

1787 2313 1791 2317 ν
1823 2284 2030 2344 rentes,
2058 2284 2189 2334 sunt
2214 2278 2413 2347 sancti,
2439 2278 2492 2333 id
2527 2286 2612 2334 est
2636 2294 2734 2349 per
2752 2278 2913 2334 ﬁdem
2941 2278 3230 2349 puriﬁcati.
3259 2278 3408 2333 Prae-

1824 2368 1970 2439 cipio
1995 2383 2063 2424 ne
2101 2369 2300 2438 ﬁdelis,
2344 2370 2460 2425 sive
2495 2370 2601 2438 vir,
2628 2371 2743 2426 sive
2779 2370 2996 2437 mulier,
3019 2379 3302 2441 separetur
3336 2371 3407 2426 ab

1824 2460 2046 2516 inﬁdeli.
2078 2460 2232 2528 Quod
2250 2463 2301 2516 si
2326 2461 2581 2532 inﬁdelis,
2606 2463 2691 2518 vel
2718 2462 2823 2528 vir,
2846 2463 2932 2518 vel
2967 2479 3127 2530 uxor,
3155 2463 3403 2530 discedit,

1823 2558 1880 2606 et
1901 2566 2010 2606 non
2033 2551 2308 2606 consentit
2339 2551 2587 2607 habitare
2614 2568 2740 2608 cum
2779 2552 2946 2619 ﬁdeli,
2977 2553 3213 2607 discedat
3244 2568 3263 2607 :
3294 2567 3404 2607 non

1824 2652 2088 2712 sequatur
2109 2658 2238 2699 eum
2265 2644 2361 2714 qui
2388 2644 2563 2701 ﬁdelis
2595 2654 2697 2701 est.
2735 2645 2862 2701 Ideo
2899 2644 3025 2700 dico
3054 2645 3409 2715 permittatur

1823 2733 2058 2791 inﬁdelis
2104 2735 2404 2804 discedere,
2442 2745 2760 2793 remanente
2811 2737 2995 2793 ﬁdeli:
3031 2736 3176 2791 Nam
3213 2737 3403 2807 frater,

1825 2834 1923 2881 aut
1945 2842 2105 2882 soror
2131 2828 2327 2897 ﬁdelis,
2358 2844 2464 2883 non
2504 2838 2582 2883 est
2605 2829 2870 2898 subjectus
2894 2830 3137 2884 servituti
3165 2829 3221 2883 in
3242 2828 3407 2885 rebus

1823 2918 2115 2989 ejusmodi,
2138 2935 2262 2990 quae
2285 2919 2446 2975 ﬁdem
2473 2920 2594 2991 ejus
2634 2921 2939 2977 destruant.
2978 2920 3185 2976 Debent
3214 2921 3405 2991 utique

1824 3010 1965 3066 alter
1989 3011 2147 3066 alteri
2175 3011 2488 3068 subservire
2519 3012 2638 3084 lege
2665 3013 2927 3083 coniugii,
2955 3013 3049 3068 sed
3071 3027 3181 3067 non
3211 3020 3403 3068 contra

1827 3103 2012 3161 ﬁdem.
2038 3103 2174 3161 Dico
2201 3103 2248 3160 si
2266 3103 2500 3160 discedit
2532 3104 2780 3160 discedat
2804 3121 2817 3157 :
2852 3103 2946 3159 sed
2974 3112 3157 3159 tamen
3182 3104 3402 3158 mallem

194 3202 303 3256 quam
326 3192 375 3248 si
418 3200 643 3263 propter
688 3192 793 3249 hoc
839 3192 1129 3260 dimiserit,
1180 3200 1400 3248 maneat
1436 3193 1720 3262 innuptus,
1749 3230 1796 3293 ε
1824 3210 1924 3251 vos
1965 3195 2023 3250 in
2076 3211 2210 3266 pace
2258 3195 2593 3252 cohabitare.
2650 3195 2795 3249 Nam
2824 3196 2952 3249 deus
2984 3195 3186 3249 vocavit
3215 3211 3308 3248 nos
3334 3195 3404 3250 ad

190 3278 386 3338 vduxori
398 3283 800 3339 reconcilietur.
816 3283 874 3338 ln
890 3280 1030 3339 libro
1043 3284 1104 3339 Β.
1117 3283 1391 3339 Ambrosii
1414 3284 1520 3339 hoc
1533 3290 1718 3339 tamen
1752 3278 1796 3293 “
1824 3284 1986 3340 ﬁdem
2014 3286 2074 3339 in
2102 3303 2248 3356 pace,
2274 3286 2326 3340 id
2357 3295 2460 3353 εει,
2488 3296 2549 3342 ιιι
2569 3287 2809 3358 coniugii
2835 3286 3084 3357 copulam
3113 3302 3221 3342 non
3251 3302 3403 3341 rum-

180 3370 415 3430 invenitur
447 3394 461 3430 :
496 3375 621 3430 ideo
653 3391 762 3430 non
793 3384 967 3431 totum
991 3376 1059 3431 de
1084 3375 1203 3431 viro
1235 3384 1566 3445 prmceptum
1594 3389 1720 3430 esse

181 3465 299 3532 quod
312 3467 372 3522 de
394 3468 662 3523 muliere:
696 3467 826 3538 quia
873 3484 1012 3522 uxor
1051 3469 1359 3523 membrum
1399 3466 1502 3522 viri
1534 3474 1639 3534 εει,
1664 3474 1721 3523 ει

180 3555 361 3622 penitus
384 3560 498 3614 viro
523 3560 770 3631 subjecta
797 3578 810 3614 :
838 3573 1012 3629 quare
1040 3559 1085 3615 si
1115 3575 1144 3614 a
1174 3560 1295 3614 viro
1323 3558 1577 3626 discedit,
1606 3573 1719 3615 non

180 3644 283 3700 licet
302 3649 564 3707 adhaerere
600 3651 778 3707 alteri.
809 3649 915 3706 Sed
947 3650 1052 3718 vir,
1098 3651 1228 3721 quia
1252 3651 1357 3706 sub
1396 3666 1457 3707 se
1489 3666 1718 3707 uxorem

177 3736 324 3808 habet,
350 3750 404 3797 et
432 3744 639 3814 ubique
691 3744 1008 3801 dominatur
1036 3744 1088 3801 ei
1117 3761 1131 3799 :
1170 3743 1293 3801 ideo
1324 3744 1488 3801 licere
1520 3745 1643 3802 viro
1671 3745 1720 3802 si

176 3827 284 3898 iusta
305 3850 465 3890 causa
490 3836 561 3891 ab
573 3851 746 3892 uxore
763 3837 1098 3904 discesserit,
1111 3835 1313 3893 ducere
1324 3836 1548 3894 alteram
1569 3837 1716 3909 quod

183 3936 257 3977 non
279 3925 398 3982 licet
424 3928 608 3983 uxori.
638 3926 737 3984 llis
768 3943 879 3985 non
905 3943 1008 4000 ego
1032 3929 1326 4000 praecipio:
1359 3945 1489 3985 nam
1511 3933 1716 3987 caeteris

189 4020 340 4074 latum
375 4036 480 4092 ego
511 4022 635 4075 dico
658 4038 762 4075 non
785 4020 1067 4089 Dominus,
1094 4022 1148 4077 id
1175 4031 1262 4079 est
1295 4038 1362 4078 ex
1392 4022 1718 4080 auctoritate

187 4118 277 4163 na.
300 4110 419 4165 Non
441 4112 590 4181 quod
619 4112 883 4169 Dominus
911 4127 1023 4167 non
1074 4112 1402 4181 consentiat,
1443 4113 1538 4170 sed
1585 4114 1713 4185 quia

181 4204 510 4259 auctoritatem
534 4204 657 4274 ejus
683 4203 755 4260 de
779 4204 883 4260 hac
907 4220 968 4259 re
996 4206 1052 4259 in
1089 4205 1372 4277 Scriptura
1413 4220 1525 4262 non
1563 4205 1715 4262 inve-

178 4290 254 4346 nio.
273 4293 495 4352 (laeteris
521 4295 668 4361 dico,
701 4295 755 4351 id
800 4302 887 4352 est
910 4295 1056 4351 ﬁdeli
1100 4305 1157 4353 et
1196 4296 1423 4365 inﬁdeli,
1469 4307 1525 4354 et
1543 4313 1713 4354 econ-

114 4444 115 4451 η
175 4397 290 4442 νει-εει
315 4389 432 4458 lege
459 4387 703 4460 coniugii
726 4385 952 4458 junctis.
985 4386 1101 4444 Hoc
1125 4388 1315 4461 utique
1348 4388 1475 4446 dico
1501 4390 1647 4460 quod
1664 4391 1714 4445 si

1821 3390 2093 3445 peremus.
2126 3376 2184 3432 Si
2209 3377 2356 3432 enim
2388 3378 2556 3433 nollet
2584 3393 2683 3433 nos
2715 3393 3000 3433 remanere
3036 3377 3091 3432 in
3124 3376 3401 3448 coniugio,

1820 3467 1975 3537 prius
2001 3468 2193 3539 utique
2215 3468 2507 3524 amovendi
2526 3484 2748 3527 eramus
2776 3485 2807 3524 a
2828 3468 3103 3541 coniugio,
3133 3478 3189 3524 et
3206 3468 3403 3526 deinde

1820 3560 2050 3615 vocandi
2081 3562 2149 3617 ad
2170 3560 2354 3617 ﬁdem.

1834 3674 1837 3679 ι
1888 3647 2221 3715 Notandum,
2249 3652 2499 3721 qumdam
2549 3667 2671 3708 esse
2720 3653 2777 3707 in
2805 3653 3006 3723 quibus
3055 3651 3199 3707 Deus
3243 3660 3404 3707 vocat

1819 3740 2096 3798 hominem
2128 3762 2141 3797 :
2176 3742 2230 3798 in
2262 3743 2392 3811 illis,
2434 3743 2643 3799 scilicet
2666 3759 2806 3814 opus
2847 3758 3083 3814 quorum
3135 3758 3240 3797 non
3268 3758 3400 3798 con-

1816 3829 2037 3887 tradicit
2059 3830 2185 3886 ﬁdei
2218 3849 2231 3885 :
2256 3838 2319 3886 ut
2340 3829 2564 3887 Petrum
2598 3831 2656 3884 in
2687 3829 3009 3900 piscatione,
3040 3829 3129 3884 cui
3156 3837 3283 3898 post
3303 3844 3401 3883 vo-

1816 3923 2087 3978 cationem
2133 3922 2202 3978 ad
2242 3922 2569 3992 piscandum
2621 3921 2820 3977 reverti
2873 3920 3048 3975 licuit.
3099 3920 3217 3975 Alia
3271 3929 3401 3989 sunt

1816 4031 1847 4070 a
1877 4016 2078 4087 quibus
2120 4023 2301 4083 vocat,
2346 4015 2415 4071 ad
2473 4029 2598 4085 qua:
2641 4022 2769 4085 post
2817 4013 2981 4069 ﬁdem
3034 4013 3231 4068 reverti
3286 4028 3398 4066 non

1813 4107 1960 4175 licet,
1984 4117 2045 4164 ut
2072 4107 2387 4164 Matthaaum
2409 4123 2441 4162 a
2484 4107 2703 4163 teloneo
2727 4115 3005 4173 vocatum,
3029 4120 3131 4161 nec
3164 4105 3233 4161 ad
3258 4119 3398 4175 Opus

1814 4200 2015 4256 telonei
2048 4208 2239 4271 postea
2284 4215 2588 4256 reversum.
2623 4198 2754 4255 lude
2795 4206 3039 4270 apparet,
3089 4197 3217 4268 quia
3260 4197 3397 4252 ﬁdes

1812 4291 2020 4348 Christi
2057 4272 2265 4348 utimini
2304 4300 2507 4349 statum
2544 4291 2785 4363 priorem
2816 4289 3014 4358 aufert,
3051 4290 3397 4346 solummodo

1813 4383 1975 4440 ﬁdem
2000 4399 2112 4440 non
2140 4385 2408 4442 destruat.
2432 4384 2493 4440 lu
2517 4399 2652 4455 pace
2673 4390 2962 4455 propterea
2987 4383 3143 4439 vobis
3168 4382 3392 4439 cohabi-

170 4480 254 4545 quis
273 4483 463 4551 [ωτι-ει·
483 4482 660 4554 ﬁdelis
672 4483 824 4539 habet
840 4483 1107 4554 inﬁdelem
1118 4501 1357 4555 umorem,
1373 4487 1416 4556 ι
1427 4487 1533 4557 ιο
1542 4496 1593 4541 et
1601 4487 1712 4542 lucc

1819 4476 2037 4531 tandum
2064 4484 2171 4545 est,
2199 4477 2328 4548 quia
2349 4477 2487 4533 unde
2508 4478 2636 4545 scis,
2661 4489 2741 4544 ιιι,
2771 4475 2964 4531 mulier
2987 4475 3182 4542 ﬁdelis,
3208 4477 3255 4530 si
3282 4476 3395 4530 sal-

170 4568 358 4632 inﬁdelis
400 4576 662 4632 consentit
695 4575 940 4631 habitare
980 4593 1101 4631 cum
1142 4578 1240 4633 illo
1265 4570 1445 4644 ﬁdeli,
1490 4595 1595 4633 non
1623 4579 1709 4634 di-

1819 4585 1930 4623 vum
1967 4570 2132 4640 facies
2178 4570 2351 4625 virum
2398 4569 2708 4625 inﬁdelem?
2732 4569 2840 4624 Aut
2883 4568 3022 4623 unde
3050 4569 3173 4635 scis,
3202 4576 3281 4634 tu,
3312 4569 3394 4621 vir

170 4662 308 4721 mittat
349 4668 527 4738 illam,
556 4685 659 4726 nec
702 4669 833 4740 quia
872 4668 1048 4726 ﬁdelis
1092 4678 1178 4725 est
1219 4678 1545 4741 aspernetur
1582 4686 1706 4726 eam
1810 4661 2007 4724 ﬁdelis,
2037 4663 2085 4717 si
2117 4661 2324 4718 salvam
2354 4662 2520 4733 facies
2547 4662 2822 4718 mulierem
2853 4660 3164 4716 inﬁdelem?
3190 4660 3294 4713 nisi
3313 4660 3395 4715 sic

169 4748 421 4826 inﬁdelem,
447 4768 505 4815 et
526 4775 845 4818 econverso.
875 4760 937 4818 Si
969 4778 1077 4833 qua
1109 4761 1304 4816 mulier
1334 4762 1509 4833 ﬁdelis
1552 4762 1709 4819 habet
1809 4756 2051 4812 ambulet
2093 4755 2331 4827 quisque
2372 4765 2637 4823 vestrum,
2668 4756 2809 4809 sicut
2851 4753 2995 4808 Deus
3029 4752 3245 4809 divisim
3274 4768 3393 4822 pro-
3432 4750 3437 4755 ’

168 4842 303 4900 virum
347 4849 637 4920 inﬁdelem,
678 4860 727 4906 et
772 4852 859 4905 hic
907 4851 1142 4908 inﬁdelis
1178 4854 1436 4907 consentit
1466 4853 1709 4908 habitare

169 4945 260 4989 cum
281 4938 376 4993 illa
413 4940 579 5007 ﬁdeli,
610 4958 715 4996 non
738 4942 980 4997 dimittat
1002 4943 1196 4997 virum.
1228 4941 1368 4999 Vere
1389 4943 1563 4998 ﬁdelis
1582 4959 1708 4998 mu-

168 5020 246 5081 lier
280 5046 385 5087 non
437 5032 600 5089 debet
662 5034 934 5091 dimittere
998 5034 1179 5090 virum
1224 5035 1517 5090 inﬁdelem.
1557 5034 1705 5090 Nam

166 5115 449 5193 Plerumque
490 5125 571 5177 vir
620 5125 852 5194 inﬁdelis
896 5126 1288 5196 sanctiﬁcatus,
1328 5126 1381 5181 id
1405 5135 1490 5181 est
1536 5126 1712 5184 ﬁdelis

167 5203 309 5270 laetus
340 5222 446 5282 est,
484 5231 576 5284 per
607 5215 880 5270 mulierem
909 5218 1139 5286 ﬁdelem,
1183 5217 1586 5274 cobabitantem
1633 5219 1706 5286 ei,

166 5304 207 5352 α
226 5307 411 5376 saepius
430 5317 870 5363 commonentem
897 5323 1023 5364 eum
1068 5309 1138 5364 ad
1167 5309 1348 5365 ﬁdem.
1383 5308 1480 5365 Vel
1506 5309 1664 5366 aliter
1690 5330 1704 5366 :

169 5385 331 5454 ﬁdelis
366 5399 568 5455 mulier
610 5414 723 5455 non
770 5400 1009 5456 dimittat
1033 5401 1213 5457 virum
1252 5401 1547 5470 inﬁdelem,
1578 5419 1707 5459 nam

170 5478 231 5534 vir
247 5483 467 5545 inﬁdelis
495 5489 552 5544 in
597 5489 718 5560 ipso
744 5505 909 5561 opere
946 5490 1189 5563 coniugii
1230 5491 1621 5560 sanctiﬁcatus,
1650 5491 1706 5547 id

170 5581 231 5625 εει
252 5580 495 5647 mundus,
529 5591 634 5649 est,
655 5590 712 5636 et
727 5582 831 5638 hoc
854 5598 952 5652 per
974 5566 1255 5639 mulierem
1283 5583 1516 5651 ﬁdelem,
1541 5584 1595 5640 id
1625 5592 1712 5640 est

174 5672 244 5726 Per
263 5670 529 5738 virtutem,
562 5672 686 5727 ﬁdei
709 5689 876 5743 quam
911 5674 1073 5730 habet
1119 5675 1331 5730 mulier.
1361 5674 1427 5731 Et
1467 5675 1663 5731 iterum
1690 5694 1706 5730 :

176 5745 243 5806 Vir
260 5759 420 5818 ﬁdelis
451 5779 560 5819 non
586 5765 826 5820 dimittat
852 5781 1078 5821 uxorem
1109 5765 1402 5821 inﬁdelem.
1436 5765 1570 5821 Nam
1593 5767 1706 5836 ple-

179 5854 363 5921 rumque
390 5855 589 5911 mulier
614 5856 847 5913 inﬁdelis
870 5858 1203 5915 sanctiﬁcata
1236 5867 1318 5915 est
1342 5869 1560 5930 accepta
1605 5859 1707 5914 ﬁde

1807 4849 1986 4919 posuit
2039 4849 2322 4920 unicuique
2374 4856 2627 4904 vestrum.
2676 4845 2809 4902 Viro
2860 4846 3089 4913 scilicet,
3141 4854 3202 4900 ut
3240 4844 3395 4916 regat

1808 4956 2058 5011 uxorem,
2102 4940 2267 4999 uxori
2304 4948 2366 4996 ut
2404 4938 2713 4996 subserviat
2756 4938 2921 4993 viro:
2958 4946 3013 4993 et
3038 4937 3184 4992 unde
3214 4938 3394 4994 adhuc

1813 5033 1917 5087 hoc
1941 5033 2111 5088 scitis
2136 5032 2243 5088 nisi
2269 5032 2528 5087 ambulet
2578 5030 2812 5101 quisque
2837 5038 3093 5086 'vestrum
3137 5029 3209 5084 ita
3251 5031 3392 5087 sient

1813 5121 1959 5179 Deus
1977 5124 2194 5181 vocavit
2219 5137 2690 5193 unumquemque,
2713 5131 2775 5177 ut
2795 5122 2839 5179 si
2869 5122 2926 5177 in
2948 5123 3206 5194 coniugio
3226 5134 3393 5178 voca-

1811 5222 1902 5271 tus
1930 5215 2054 5281 fuit,
2086 5222 2305 5270 maneat
2328 5214 2384 5269 in
2418 5214 2719 5286 coniugio?
2745 5215 2803 5270 Si
2826 5214 2990 5271 simul
3016 5215 3391 5272 habitaveritis

1811 5315 1945 5363 tunc
1974 5306 2104 5363 sciri
2149 5305 2371 5378 poterit,
2411 5321 2483 5361 an
2524 5307 2704 5364 ﬁdelis
2737 5306 3009 5364 inﬁdelem
3043 5307 3385 5363 lucrabitur:

1813 5397 1910 5453 sed
1944 5397 1991 5453 si
2036 5399 2389 5470 scparamini,
2434 5400 2712 5471 quomodo
2749 5400 2854 5455 hoc
2886 5400 3136 5456 scietur?
3176 5399 3242 5454 Et
3284 5400 3391 5456 hoc

1810 5491 1937 5547 dico
1963 5492 2120 5548 vobis
2140 5493 2196 5548 in
2223 5494 2478 5566 coniugio
2507 5493 2673 5549 simul
2701 5508 2940 5561 manere,
2963 5494 3102 5548 sicut
3130 5494 3188 5547 in
3211 5493 3385 5546 omni-

1809 5583 1905 5638 bus
1936 5583 2192 5640 Ecclesiis
2239 5586 2417 5640 doceo.
2462 5584 2580 5642 Hoc
2623 5586 2745 5642 ideo
2770 5585 2923 5653 dicit,
2967 5586 3095 5656 quia
3128 5586 3383 5657 impone-

1807 5675 1941 5731 bant
1959 5676 2008 5731 ei
2033 5677 2255 5748 quidam
2277 5676 2426 5748 quod
2448 5676 2750 5732 Corinthiis
2774 5676 2923 5748 (quia
2947 5675 3111 5731 nimis
3134 5676 3384 5733 carnales

1809 5768 1987 5837 erant)
2030 5768 2285 5840 coniugia
2333 5768 2666 5841 indulgebat,
2695 5784 2818 5840 quae
2861 5767 2929 5823 ab
2969 5766 3092 5822 aliis
3120 5765 3382 5824 Ecclesiis

1810 5861 2026 5929 penitus
2079 5860 2452 5934 interdicebat.
2506 5859 2659 5922 Sicut
2707 5858 2866 5916 modo
2920 5858 3055 5914 dixit
3103 5874 3211 5915 non
3259 5874 3380 5915 esse
