3978 6420
561 385 663 442 I59

1086 381 1144 437 S.
1187 377 1533 436 BRUNONIS
1569 371 2212 434 CARTHUSI’ANORUM
2255 375 2742 433 INSTITUTORIS
2778 375 2930 433 OPP.
2969 375 3153 432 PARS
3189 375 3256 432 ll.

3685 383 3762 436 160

557 497 878 555 mutandum
931 502 1134 550 statum
1181 492 1420 564 coniugii
1461 500 1680 562 propter
1705 488 1887 555 ﬁdem,
1939 488 2020 544 sic
2043 501 2138 557 per-
2165 494 2212 550 Α
2243 503 2424 544 meum
2457 490 2748 544 tenendum
2773 498 2877 546 est.
2909 487 3022 545 Hoc
3053 489 3198 544 enim
3225 489 3352 544 dico
3369 505 3390 555 ',
3435 497 3666 562 tanquam
3687 497 3764 550 sii-

558 591 738 644 simile
770 588 910 642 alios
938 595 1136 652 status,
1165 586 1216 640 in
1243 585 1443 654 quibus
1471 582 1650 638 vocati
1687 591 1834 646 sunt,
1865 579 2136 644 concedit;

560 681 708 735 salva
763 687 945 732 tamen
1021 675 1330 745 integritate
1401 673 1545 728 fidei.
1619 671 1687 725 Et
1754 671 1934 726 illud:
1987 669 2142 724 Sicut

560 773 615 825 in
691 769 949 824 omnibus
1014 766 1276 823 Ecclesiis
1344 767 1556 831 doceo,
1626 764 1878 835 sequenti
1949 764 2142 819 littera:

563 863 718 932 ιιι
748 861 1058 931 coniungit,
1105 861 1178 914 ita
1207 879 1220 913 :
1251 859 1354 924 Qui
1379 868 1606 913 vocatus
1635 867 1720 912 est
1753 857 1808 912 in
1849 856 2139 926 coniugio,

559 963 880 1024 permaneat
911 954 968 1008 in
994 967 1080 1008 eo.
1110 951 1176 1005 Et
1203 952 1346 1006 sicut
1368 965 1471 1020 ego
1511 950 1568 1003 in
1597 950 1854 1006 omnibus
1883 947 2142 1005 Ecclesiis

558 1045 730 1098 doceo
757 1063 770 1098 :
797 1041 858 1098 Si
879 1043 1074 1114 aliquis
1097 1041 1462 1097 circumcisus
1489 1047 1704 1094 uocatus
1731 1041 1838 1105 est,
1865 1039 1919 1094 id
1945 1048 2061 1106 est,
2085 1039 2142 1094 in

559 1135 760 1191 ritibus
791 1133 1102 1190 Iudaeorum
1133 1133 1225 1202 qui
1265 1132 1431 1188 ﬁdem
1469 1147 1581 1186 non
1629 1131 1874 1206 violant,
1913 1131 2006 1186 ille
2039 1147 2144 1185 non

561 1235 787 1296 cogatur
817 1225 1076 1280 adducere
1102 1224 1424 1295 praeputium
1443 1264 1462 1290 ,
1491 1223 1545 1278 id
1573 1231 1660 1278 est
1691 1237 1900 1278 morem
1923 1223 2141 1294 gentili-

561 1317 718 1380 tatis,
751 1325 812 1372 ut
837 1307 1063 1387 cogatur
1089 1316 1166 1370 uti
1203 1315 1372 1381 cibis,
1405 1330 1546 1384 quos
1577 1329 1686 1370 non
1714 1305 2141 1380 consueverunt,

559 1410 653 1480 qui
683 1425 782 1464 nec
821 1417 1052 1478 nocent,
1097 1425 1197 1463 nec
1225 1407 1487 1477 adiuvant
1509 1407 1746 1474 comesi,
1783 1407 1866 1462 vel
1893 1421 2003 1461 non
2045 1421 2143 1462 co-

558 1501 715 1557 mesi.
761 1500 960 1556 lterum
1005 1501 1052 1556 si
1081 1501 1282 1570 aliquis
1312 1510 1526 1554 vocatus
1555 1509 1632 1554 est
1676 1501 1732 1554 in
1767 1500 2057 1569 prwputio,
2089 1497 2156 1552 id-

556 1603 643 1650 est
679 1595 736 1648 in
758 1594 1078 1664 gentilitate,
1111 1610 1212 1646 non
1237 1593 1656 1646 circumcidatur
1679 1633 1696 1658 ,
1723 1591 1776 1646 id
1799 1600 1886 1646 est
1909 1607 2017 1646 non
2049 1605 2145 1646 co-

559 1693 719 1754 gatur
747 1684 902 1753 sequi
927 1684 1066 1738 ritus
1086 1681 1278 1738 Iudici.
1304 1681 1506 1738 Neuter
1529 1683 1716 1753 utique
1741 1683 2019 1752 cogendus
2037 1691 2144 1750 est,

560 1775 686 1844 quia
717 1791 808 1828 nec
831 1775 1170 1828 circumcisio
1207 1773 1413 1844 aliquid
1436 1783 1547 1840 est,
1579 1791 1670 1828 nec
1704 1775 2025 1844 prwputium
2045 1773 2146 1828 ali-

2242 581 2588 636 sericordiam
2643 591 2953 636 consecutus
3000 598 3034 635 a
3086 581 3338 636 Domino.
3393 579 3769 642 Misericordiam

2239 683 2402 730 vocat
2433 675 2526 730 hic
2554 683 2609 731 et
2651 674 3038 731 remissionem
3065 671 3455 744 peccatorum,
3485 683 3540 730 et
3577 679 3772 735 maxime

2240 765 2604 834 apostolatum
2659 780 2859 832 suum,
2905 768 3054 835 quod
3095 773 3398 834 utrumque
3439 780 3536 836 per
3584 767 3772 838 gratiam

2241 859 2449 928 accepit
2499 874 2532 914 a
2579 858 2832 914 Domino.
2874 856 2954 914 lta
2998 857 3438 918 miscricordiam
3487 870 3772 918 consecutus

2242 961 2364 1002 sum
2377 988 2394 1013 ,
2416 955 2472 1000 ut
2500 948 2604 1002 sim
2622 947 2796 1017 ﬁdelis
2823 948 2879 1004 in
2900 947 3196 1004 commisso
3219 948 3530 1018 apostolatu
3554 967 3566 1004 :
3591 949 3776 1006 ﬁdeliter

2239 1038 2388 1100 extim
2411 1039 2672 1110 dispenso
2693 1039 2952 1112 mysteria
2985 1039 3110 1096 ﬁdei
3138 1039 3352 1096 credita
3381 1040 3518 1098 mihi
3543 1057 3573 1096 a
3597 1039 3712 1110 Deo,
3734 1043 3776 1098 in

2241 1144 2354 1201 quo
2391 1131 2522 1200 quia
2559 1131 2736 1188 ﬁdelis
2769 1147 2893 1188 sum
2913 1172 2930 1199 ,
2977 1147 3090 1188 non
3117 1141 3203 1188 est
3243 1132 3649 1204 ambigendum,
3675 1136 3776 1204 quin

2243 1223 2376 1278 utile
2397 1223 2470 1278 sit
2493 1224 2790 1280 consilium
2827 1240 3034 1282 meum.
3062 1224 3130 1281 Et
3152 1224 3284 1296 quia
3307 1225 3486 1290 ﬁdelis
3505 1240 3646 1290 sum,
3678 1239 3777 1296 ergo

2243 1313 2543 1370 secundum
2569 1314 2742 1370 ﬁdem.
2759 1317 3009 1372 existimo
3039 1317 3136 1371 hoc
3161 1317 3486 1388 praedictum
3531 1316 3774 1382 consilium

2242 1421 2352 1460 esse
2393 1404 2586 1460 bonum
2609 1448 2626 1472 ,
2674 1407 2882 1464 scilicet
2913 1422 3236 1478 permanere
3287 1408 3346 1464 in
3387 1408 3703 1480 virginitate,
3743 1411 3776 1466 si

2243 1507 2500 1570 possunt,
2533 1509 2592 1554 ut
2613 1515 2735 1572 ego.
2765 1499 2979 1556 Bonum
3023 1501 3246 1571 utique,
3279 1507 3368 1557 est
3405 1507 3610 1570 propter
3633 1499 3774 1556 vita-

2243 1591 2370 1647 dam
2405 1593 2769 1648 necessitatem
2802 1593 3086 1648 instantem
3105 1633 3121 1662 ,
3168 1592 3226 1648 id
3259 1601 3378 1660 est,
3425 1607 3547 1662 quae
3581 1591 3777 1662 quoddie

2243 1681 2410 1736 instat
2463 1682 2772 1753 coniugatis
2815 1683 2874 1738 in
2911 1682 3220 1740 nutriendis
3253 1681 3386 1738 ﬁliis
3407 1724 3424 1750 ,
3456 1689 3511 1738 et
3553 1681 3608 1738 in
3634 1697 3684 1738 se
3717 1683 3776 1738 al-

2247 1777 2515 1826 terutrum
2531 1773 2942 1840 sustentandis,
2983 1783 3089 1830 etc.
3117 1773 3298 1845 Maius
3325 1775 3528 1833 bonum
3551 1782 3631 1830 est
3647 1773 3774 1846 virgi-

561 1863 696 1933 quid
717 1874 829 1932 est,
863 1865 919 1920 id
943 1874 1026 1920 est
1051 1881 1150 1920 nec
1185 1867 1458 1921 abstinere
1487 1881 1589 1922 nec
1617 1867 1904 1922 comedere
1927 1867 2029 1922 hos
2058 1866 2142 1922 ci-
2173 1865 2220 1924 B
2247 1863 2432 1920 uitatis
2462 1864 2741 1922 boatitudo
2775 1881 3138 1936 permanens,
3175 1879 3302 1938 quae
3327 1867 3524 1948 merito
3545 1866 3774 1936 virginita-

561 1955 663 2011 bos
683 1956 937 2026 prodest,
962 1958 1048 2012 vel
1075 1968 1236 2014 nocet
1264 1959 1332 2014 ad
1353 1958 1777 2024 beatitudinem,
1807 1958 1898 2012 sed
1931 1957 2142 2014 solum-
2239 1954 2315 2009 tis
2361 1953 2698 2024 acquiritur,
2743 1971 2910 2026 quam
2954 1956 3132 2012 vitare
3175 1957 3439 2028 penuriae
3477 1955 3680 2020 mundi,
3703 1955 3772 2010 sed

562 2047 726 2101 modo
777 2049 1068 2103 obseruatio
1124 2049 1500 2104 mandatorum
1561 2049 1662 2104 Dei
1710 2050 1778 2104 ad
1833 2048 2146 2108 habendam

561 2136 954 2192 beatitudinem
980 2139 1198 2196 sufﬁcit.
1232 2139 1298 2194 Et
1321 2140 1464 2202 sicut
1479 2139 1548 2196 de
1569 2139 1898 2196 circumciso
1925 2147 1980 2195 et
2016 2155 2143 2211 pre—

561 2228 774 2296 putiato
819 2229 922 2284 hoc
967 2230 1348 2286 universaliter
1383 2231 1539 2297 dico,
1587 2230 1736 2301 quod
1766 2229 2148 2300 unusquisque

561 2319 788 2375 veniens
819 2321 886 2374 ad
915 2321 1104 2389 ﬁdem,
1133 2329 1454 2391 permaneat
1473 2322 1530 2374 in
1551 2334 1618 2376 eo
1642 2327 1791 2378 statu
1819 2319 1877 2374 in
1909 2335 2024 2389 quo
2049 2335 2148 2375 νο-
2173 2311 2175 2313 ’

563 2420 719 2468 catus
761 2422 882 2480 est;
929 2422 984 2468 et
1019 2415 1156 2470 sciat
1203 2415 1353 2468 hunc
1386 2422 1592 2470 statum
1628 2412 1973 2468 vocationem
2017 2411 2145 2479 Dei,

563 2503 692 2574 quia
720 2505 886 2575 (sicut
907 2521 1074 2576 supra
1101 2505 1234 2577 dixi“)
1259 2506 1304 2562 si
1331 2505 1474 2561 Deus
1495 2506 1644 2560 hunc
1671 2513 1878 2560 statum
1905 2505 2148 2576 neglige-

559 2605 677 2662 ,ret,
715 2613 993 2667 nunquam
1024 2609 1276 2656 vocasset
1304 2614 1431 2654 eum
1475 2599 1542 2654 ad
1591 2599 1784 2666 ﬁdem,
1811 2599 2056 2669 quandiu
2092 2599 2152 2655 in

565 2703 632 2746 eo
656 2689 867 2758 fuisset,
905 2699 960 2745 et
987 2691 1110 2745 ideo
1131 2691 1180 2747 si
1211 2699 1270 2745 tu
1299 2701 1514 2746 vocatus
1535 2708 1590 2746 es
1611 2708 1819 2758 seruus,
1859 2707 1964 2746 non
1983 2691 2054 2745 sit
2075 2691 2150 2744 ti-

568 2781 621 2835 bi
645 2798 787 2836 cura:
827 2798 1048 2838 manere
1093 2783 1150 2838 in
1199 2785 1497 2851 servitute;
1547 2784 1636 2838 sed
1669 2792 1720 2839 et
1761 2785 1808 2838 si
1829 2792 1976 2854 potes
2017 2783 2152 2838 liber

567 2872 687 2942 ﬁeri
723 2873 907 2943 aliquo
947 2875 1142 2942 modo,
1176 2877 1344 2947 magis
1384 2885 1528 2930 utere
1563 2875 1678 2946 ipsa
1714 2875 2150 2946 servitute,quia

567 2973 776 3032 quanto
807 2966 930 3034 plus
962 2981 1111 3021 nunc
1149 2967 1508 3037 deprimeris,
1538 2975 1692 3022 tanto
1731 2967 1856 3038 plus
1879 2966 1936 3022 in
1964 2966 2152 3022 futuro

565 3056 912 3112 eXaltaberis.
945 3057 1072 3114 Ideo
1113 3059 1240 3114 dico
1285 3059 1460 3130 magis
1493 3067 1646 3114 utere
1685 3059 1981 3127 servitute;
2023 3059 2151 3129 quia

567 3149 656 3204 ille
677 3152 768 3220 qui
795 3159 1007 3206 vocatus
1034 3160 1112 3206 est
1133 3169 1311 3206 servus
1334 3169 1563 3208 manens
1591 3154 1648 3207 in
1677 3153 1936 3221 Domino,
1965 3153 2051 3208 hic
2071 3159 2152 3208 est

2244 2045 2478 2102 infirmis
2523 2047 2863 2104 auditoribus
2913 2049 3215 2119 temporale
3252 2049 3462 2106 bonum
3501 2047 3770 2119 virginitatis

2243 2141 2548 2210 praetendit.
2593 2141 2734 2208 Quia
2759 2142 2905 2196 enim
2947 2141 3216 2206 carnales,
3247 2149 3436 2206 erant,
3481 2138 3668 2194 sciebat
3701 2150 3766 2190 eos

2245 2229 2421 2300 magis
2449 2230 2683 2286 utilitate
2704 2231 2888 2286 carnis
2913 2245 3076 2300 posse
3103 2231 3172 2286 ad
3194 2230 3401 2286 bonum
3425 2227 3628 2294 induci,
3649 2239 3760 2296 quam

2247 2321 2478 2378 utilitate
2526 2322 2789 2392 spiritus;
2825 2322 2954 2392 quia
2977 2321 3296 2393 spirituales
3325 2322 3449 2389 [non
3487 2325 3652 2374 erant.
3685 2314 3754 2368 Hoc

2247 2413 2370 2468 ideo
2389 2413 2641 2470 existimo
2663 2405 2866 2470 bonum
2887 2429 3032 2480 esse,
3053 2414 3320 2484 quoniam
3347 2413 3421 2468 ita
3443 2411 3590 2468 estin
3601 2405 3758 2464 rcimi-

2247 2505 2540 2573 tate.Quod
2551 2507 2632 2564 sic
2641 2507 2720 2562 ait
2733 2525 2744 2561 :
2759 2506 2968 2560 Bonum
2977 2515 3054 2562 est
3067 2505 3272 2560 homini
3285 2505 3566 2573 utriusque
3575 2497 3760 2557 sexusdc

2248 2614 2358 2653 esse
2377 2614 2716 2668 permanere,
2732 2599 2939 2656 scilicet
2957 2599 3014 2653 in
3039 2596 3356 2670 virginitate
3379 2597 3464 2652 vel
3477 2589 3764 2652 continentia.

2323 2690 2482 2759 112
2517 2688 2658 2756 Quia
2693 2689 2829 2748 adeo
2859 2690 3064 2744 bonum
3100 2688 3456 2746 continentia;
3490 2682 3770 2755 praetulerat,

2249 2797 2318 2836 ne
2370 2781 2493 2838 ideo
2527 2790 2782 2852 putarent
2836 2781 3114 2853 coniugati
3133 2781 3356 2850 ,deherc
3395 2779 3532 2834 solvi
3559 2775 3777 2831 matrimo-

2249 2874 2340 2928 nia
2359 2915 2373 2940 ,
2397 2882 2454 2928 et
2471 2873 2754 2928 continere
2770 2915 2786 2941 ,
2819 2881 3012 2929 contra
3043 2874 3150 2928 hoc
3182 2871 3256 2928 Pa
3273 2873 3398 2929 ulus
3421 2881 3674 2942 opponens
3689 2863 3774 2919 ait:

2251 2962 2404 3020 Licet
2422 2964 2653 3020 dixerim
2680 2965 2886 3020 bonum
2904 2979 3028 3020 esse
3049 2963 3248 3026 sectari
3285 2963 3583 3020 castitatem
3597 3000 3612 3026 ,
3639 2967 3776 3014 tamen

2250 3055 2298 3110 si
2331 3053 2586 3125 alligatus
2613 3071 2667 3110 es
2697 3055 2890 3122 uxori,
2923 3054 3034 3110 noli
3057 3071 3306 3126 quwrere
3323 3052 3646 3115 solutionem,
3672 3045 3776 3126 130M

2249 3147 2398 3202 enim
2433 3115 2532 3202 Vest
2573 3147 2797 3204 castitas
2852 3115 3176 3218 coniugalis.
3223 3144 3496 3216 Opposita
3547 3115 3776 3198 scutarius.

566 3239 786 3294 libertus
803 3281 817 3307 ,
852 3240 907 3294 id
949 3249 1034 3298 est
1055 3257 1248 3298 servus
1293 3242 1545 3310 Domini;
1575 3252 1631 3299 et
1659 3243 1914 3300 similiter
1955 3257 2150 3298 servus
2175 3221 2218 3280 α
2253 3239 2360 3296 Sed
2379 3239 2508 3310 quia
2531 3239 2821 3296 meliorest
2843 3238 3182 3298 continentia
3205 3235 3528 3304 vidualis,si
3553 3231 3722 3288 solutus
3740 3241 3776 3278 et

567 3341 653 3388 est
675 3331 882 3387 Christi
912 3333 1030 3398 ille,
1061 3334 1154 3404 qui
1187 3335 1322 3389 liber
1350 3344 1579 3391 vocatus
1609 3344 1713 3391 est.
1753 3334 1960 3392 Servus
1998 3344 2052 3391 et
2073 3335 2144 3390 1i-

567 3424 754 3479 bertus
781 3425 871 3479 hic
903 3424 1042 3480 idem
1087 3427 1427 3497 signiﬁcant,
1462 3428 1558 3483 sed
1591 3428 1878 3484 honestius
1905 3429 2149 3485 vocabu—

569 3515 683 3570 lum
714 3531 874 3571 servo
903 3517 1087 3584 dedit,
1131 3527 1194 3572 ut
1218 3520 1395 3590 magis
1423 3519 1670 3574 alliceret
1689 3535 1814 3575 eum
1841 3521 1966 3576 sibi.
1991 3519 2150 3587 Quod

569 3607 699 3678 quia
727 3615 960 3678 uterque
1001 3609 1145 3664 servi
1179 3609 1314 3666 estis
1361 3609 1601 3678 Christi,
1647 3621 1932 3681 propterea
1982 3612 2151 3668 nolite

569 3699 688 3755 ﬁeri
717 3700 860 3756 servi
885 3701 1170 3756 hominum
1197 3719 1212 3769 ;
1246 3702 1320 3758 ita
1353 3702 1581 3772 quodin
1617 3703 1776 3759 vobis
1813 3711 2002 3774 pereat
2033 3718 2152 3759 ser-

568 3792 716 3849 vitus
757 3791 1000 3860 Christi;
1047 3801 1103 3848 et
1147 3803 1232 3850 est
1269 3794 1552 3864 praemissa
1578 3811 1746 3852 causa
1773 3797 1969 3867 :empti
2001 3797 2150 3852 enim

566 3880 694 3934 estis
727 3881 896 3952 pretio
920 3881 1204 3952 sanguinis
1226 3881 1456 3938 Christi.
1487 3881 1554 3937 Et
1577 3883 1707 3939 licet
1735 3883 1916 3939 dicam
1937 3925 1953 3950 ,
1981 3883 2152 3940 nolite

569 3969 688 4024 ﬁeri
721 3970 865 4024 servi
903 3971 1188 4026 hominum
1216 3989 1231 4038 ;
1261 3981 1446 4028 tamen
1474 3975 1829 4044 unusquisque
1851 3974 2052 4044 frater,
2093 3975 2156 4030 id

568 4070 654 4117 est
695 4061 868 4117 ﬁdelis
897 4071 1114 4117 uocatus
1151 4072 1230 4118 est
1263 4064 1317 4118 in
1369 4065 1631 4120 servitute
1671 4065 1754 4120 vel
1783 4065 1839 4120 in
1869 4066 2146 4135 libertate,

569 4153 626 4207 in
659 4152 755 4206 hoc
779 4163 1018 4220 maneat,
1045 4162 1101 4210 et
1120 4155 1197 4209 ita
1224 4157 1370 4225 quod
1401 4155 1544 4225 apud
1587 4155 1775 4210 Deum.
1805 4155 2037 4228 Propter
2071 4159 2150 4214 vi-

572 4243 792 4298 tandam
843 4241 1292 4312 fornicationem,
1340 4247 1615 4302 concessit
1652 4248 1906 4318 superius
1949 4265 2150 4306 unum-

571 4347 846 4402 quemque
890 4334 1228 4390 voluntatem
1285 4335 1488 4392 babere
1550 4353 1728 4394 suam.
1781 4336 1940 4393 Dedit
1983 4336 2148 4392 etiam

571 4435 901 4495 praeceptum
940 4426 1158 4482 Domini
1183 4427 1250 4482 de
1291 4428 1633 4500 coniugatis,
1665 4445 1735 4485 ne
1771 4445 1804 4485 a
1829 4445 1888 4487 se
1915 4429 2144 4486 invicem

573 4514 932 4572 discederent.
963 4515 1122 4572 Dedit
1147 4527 1478 4589 praeceptum
1511 4536 1674 4576 suum
1697 4521 1877 4578 dehis
1911 4537 2145 4593 quorum

572 4605 709 4660 alter
729 4616 874 4664 esset
901 4608 1076 4666 ﬁdelis
1095 4652 1112 4678 ,
1141 4626 1210 4666 ne
1231 4611 1302 4668 ab
1330 4611 1534 4667 inﬁdeli
1563 4613 1888 4670 discederet.

644 4697 748 4754 Sed
789 4701 920 4771 quia
961 4711 1290 4773 praeceptum
1345 4707 1700 4774 permanendi
1732 4707 1788 4762 in
1841 4708 2152 4780 virginitate

573 4807 684 4848 non
713 4793 964 4862 dederat,
991 4807 1242 4865 quaerere
1267 4805 1495 4867 possent
1513 4796 1814 4866 Corinthii,
1846 4816 2018 4869 quare
2046 4800 2154 4857 hoc

573 4879 920 4952 praeterisset.
954 4885 1034 4941 Ad
1083 4888 1188 4944 hoc
1236 4888 1534 4958 respondet
1570 4887 1794 4944 Paulus.
1823 4888 2028 4944 Littera
2071 4890 2152 4948 sic

568 4973 816 5044 jungitur
840 4994 852 5029 :
877 4975 952 5031 De
975 4977 1282 5049 coniugatis
1321 4987 1648 5049 praeceptum
1677 4978 1934 5046 Domini;
1963 4979 2031 5034 de
2063 4981 2152 5036 his

573 5075 754 5121 autem
777 5083 1014 5137 quorum
1055 5071 1190 5125 alter
1219 5071 1394 5128 ﬁdelis
1435 5080 1552 5140 est,
1603 5087 1788 5130 meum
1819 5080 2148 5143 praeceptum

573 5155 719 5212 dedi.
749 5157 856 5214 Sed
883 5159 948 5214 de
981 5161 1270 5231 virginibus
1314 5173 1632 5234 praeceptum
1661 5165 1784 5220 ideo
1813 5180 1924 5220 non
1961 5164 2152 5220 deter-

576 5249 756 5318 mino;
783 5253 910 5321 quia
935 5253 1058 5322 inde
1079 5263 1410 5326 praeceptum
1431 5255 1650 5312 Domini
1676 5274 1780 5312 non
1813 5257 1998 5314 habeo.
2027 5257 2146 5314 Non

575 5343 722 5399 enim
769 5343 986 5399 invenio
1028 5345 1086 5400 in
1115 5346 1354 5416 scriptis,
1383 5347 1676 5404 Dominum
1724 5350 2047 5421 praecepisse
2095 5359 2155 5406 ut

575 5453 766 5494 omnes
784 5448 1128 5508 perseverent
1147 5441 1204 5495 in
1219 5442 1532 5513 virginitate
1559 5462 1571 5497 :
1595 5451 1652 5498 et
1669 5444 1800 5512 quia
1823 5457 2152 5514 praeceptum

574 5531 790 5590 Domini
819 5547 982 5603 super
1009 5533 1114 5590 hoc
1141 5550 1254 5589 non
1288 5535 1498 5604 habeo,
1545 5545 1830 5608 propterea
1861 5537 1930 5591 do
1972 5539 2151 5592 consi-

575 5622 708 5678 lium
753 5623 886 5680 illud
927 5625 1339 5695 supradictum:
1373 5627 1583 5684 Bonum
1629 5638 1714 5684 est
1743 5629 2074 5700 virginibus,
2105 5629 2154 5685 si

576 5717 657 5772 sic
683 5727 1038 5788 permaneant
1067 5730 1130 5776 ut
1151 5735 1283 5791 ego,
1311 5731 1415 5778 etc.
1445 5741 1459 5790 ;
1489 5739 1634 5779 nunc
1654 5732 1837 5780 autem
1859 5723 2150 5780 consilium

579 5809 724 5866 istud
783 5813 1079 5883 approbat,
1133 5814 1324 5872 dicens
1369 5834 1382 5870 :
1433 5815 1546 5872 Hoc
1595 5817 1782 5887 utique
1859 5817 2152 5874 consilium

2180 4565 2226 4620 D

2249 3333 2316 3388 ab
2337 3349 2536 3400 uxore,
2561 3331 2670 3404 noli
2701 3333 2897 3388 iterum
2931 3347 3163 3403 quaerere
3185 3346 3446 3396 uxorem,
3472 3326 3555 3384 sed
3585 3319 3774 3378 contine.

2249 3425 2451 3480 lterum
2504 3441 2572 3482 ne
2623 3425 2836 3495 innupti
2889 3424 3135 3480 dicerent
3193 3421 3456 3479 :Verum
3487 3415 3676 3490 quidem
3719 3421 3780 3464 est

2249 3517 2396 3586 'luOd
2419 3517 2696 3588 coniugati
2723 3532 2834 3571 non
2853 3515 3054 3572 debent
3077 3513 3350 3582 dissolvi,
3395 3512 3487 3570 sed
3529 3523 3618 3602 nos
3641 3502 3715 3574 qui
3735 3499 3776 3602 in

2249 3612 2368 3682 lege
2393 3611 2640 3682 coniugii
2680 3626 2790 3665 non
2839 3617 3121 3676 tenemur,
3170 3617 3466 3678 pec-catum
3506 3601 3698 3660 facimus
3733 3607 3766 3693 ξι

2249 3703 2644 3774 nupserimus?
2682 3711 2872 3760 contra
2919 3703 3024 3758 hoc
3057 3700 3262 3760 Paulus
3303 3699 3490 3757 :Licet
3524 3697 3682 3753 bonum
3711 3693 3764 3783 sit

2251 3795 2464 3850 homini
2499 3810 2620 3850 esse
2643 3794 2700 3849 in
2744 3794 3032 3860 castitate,
3067 3802 3252 3852 tamen
3281 3794 3342 3848 si
3365 3802 3421 3848 tu
3445 3790 3530 3846 vir
3565 3789 3758 3849 πανοπε

2249 3901 2498 3952 uxorem,
2527 3901 2629 3942 non
2659 3885 2928 3954 peccasti;
2957 3891 3008 3938 et
3035 3883 3083 3938 si
3112 3883 3258 3953 virgo
3293 3880 3550 3952 nupserit,
3577 3887 3659 3930 non
3679 3878 3770 3936 Pe“

2249 3979 2408 4034 cavit.
2437 3977 2542 4034 Sed
2561 3977 2690 4032 licet
2709 3975 3017 4048 virginibus
3037 3974 3158 4030 sine
3173 3983 3403 4044 peccato
3427 3972 3614 4028 nubere
3631 3962 3770 4056 liceat,

2251 4079 2426 4124 tamen
2468 4070 2516 4125 si
2559 4069 2844 4139 nupserim
2865 4109 2881 4136 ,
2912 4065 3174 4122 habebunt
3221 4065 3604 4122 tribulationem
3635 4061 3774 4148 εξιπξξε

2255 4159 2582 4228 'mjusmodi,
2615 4159 2670 4214 id
2705 4168 2822 4226 est,
2865 4172 2988 4228 quae
3021 4156 3272 4227 sequitur
3300 4156 3519 4214 modum
3561 4143 3774 4238 coniugi}.

2249 4252 2456 4310 scilicet
2488 4251 2724 4323 gemitus
2749 4250 2956 4308 ventris
2973 4291 2990 4317 ,
3018 4249 3355 4306 nutrimenta
3379 4247 3602 4302 ﬁliorum
3617 4279 3632 4304 ν
3654 4241 3699 4290 ει
3715 4245 3778 4284 ⁸¹⁶

2254 4345 2420 4400 milia.
2457 4344 2776 4416 Coniugatte
2817 4343 3100 4398 habebunt
3145 4342 3370 4412 quidem
3427 4328 3778 4416 tribulationem

2248 4433 2432 4490 carnis
2453 4475 2468 4501 ,
2499 4412 2596 4490 sed
2623 4412 2718 4504 ego
2740 4433 2882 4488 vobis
2926 4431 3296 4502 virginitatem
3335 4424 3600 4486 custodire
3628 4412 3781 4504 volen-

2250 4525 2401 4580 tibus
2427 4540 2618 4593 parca,
2655 4501 2792 4579 dum
2825 4524 2894 4580 ad
2919 4539 2988 4578 ea
3019 4501 3120 4580 vos
3146 4537 3388 4592 provoco
3409 4561 3424 4588 ,
3453 4529 3570 4588 qua:
3592 4501 3782 4566 tribula—

2255 4617 2432 4672 tioues
2461 4614 2646 4672 carnis
2667 4625 2722 4671 et
2743 4624 3076 4672 memoratas
3093 4613 3490 4670 sollicitudines
3509 4597 3780 4662 excludunt.

2255 4707 2550 4778 Ροδιιιιιθπι
2597 4708 2900 4774 concess“.
2944 4715 3006 4762 ut
3033 4722 3160 4776 quae
3183 4707 3378 4762 uolunt
3403 4697 3666 4757 continere
3688 4699 3782 4791 .uu:

2255 4801 2405 4866 bant,
2429 4801 2752 4858 determinat
2767 4800 3042 4870 quomodo
3063 4799 3366 4856 secundum
3385 4787 3786 4880 salutemaninlat

2257 4895 2313 4950 in
2341 4895 2596 4966 COIITUgio
2639 4910 2698 4950 se
2725 4894 2960 4950 debeant
3007 4894 3244 4959 habere,
3275 4879 3460 4947 dieens
3485 4903 3499 4940 :
3524 4878 3652 4947 Quia
3691 4877 3788 4966 sine

2255 4997 2480 5058 peccato
2503 4962 2752 5058 accipere
2774 5001 3000 5042 uxorem
3026 4985 3294 5051 concessi,
3320 4984 3528 5050 itaque.
3553 4969 3606 5026 id
3621 4962 3788 5058 wgf“

2255 5080 2374 5136 sine
2417 5089 2638 5150 peccato
2651 5077 2918 5134 maneatis
2934 5077 2988 5132 in
3011 5076 3288 5147 coniugio,
3335 5064 3624 5128 determino
3639 5051 3786 5150 vobis:

2254 5181 2310 5226 ut
2339 5134 2434 5244 qui
2447 5172 2639 5226 habent
2661 5187 2850 5226 uxores
2869 5211 2886 5237 ,
2917 5170 3026 5224 sint
3052 5179 3308 5239 tanquam
3329 5179 3430 5220 non
3457 5134 3786 5244 habentes,

2252 5227 2368 5333 est;
2401 5281 2508 5320 ιιοη
2546 5264 2719 5334 magis
2741 5227 3008 5334 voluptati
3033 5227 3198 5332 quam
3223 5260 3334 5316 Deo
3357 5248 3706 5311 inser-viantes.
3727 5227 3783 5334 Εξ

2253 5327 2500 5430 φαίνηται
2527 5357 2596 5413 de
2623 5327 2840 5412 damnis
2867 5327 3222 5412 saecularibus
3241 5396 3258 5420 ,
3297 5352 3378 5408 sic
3400 5343 3530 5402 foris
3555 5337 3704 5393 fleam
3735 5327 3786 5376 ιιι

2255 5451 2486 5508 interius
2531 5465 2626 5521 per
2651 5465 2802 5520 spem
2825 5449 3132 5521 gaudeant;
3159 5457 3210 5503 et
3234 5446 3322 5518 qui
3341 5438 3560 5516 gaudent
3581 5433 3646 5483 'ex
3673 5430 3782 5521 βαξ-

2253 5545 2509 5615 speritate
2532 5513 2853 5613 temporali:
2891 5549 2953 5596 ut
2981 5513 3130 5596 intus
3171 5513 3518 5610 spiritualiter
3559 5513 3778 5615 ιίιξιθειῐξξς

2253 5609 2354 5689 nec
2381 5634 2566 5688 dolent
2595 5609 2661 5688 se
2675 5631 3109 5702 corrumpendos
3135 5609 3410 5690 felicitati,
3455 5631 3550 5674 nec
3569 5609 3780 5702 adici“:

2253 5727 2348 5782 tati
2371 5726 2721 5799 frangendos.
2753 5693 2916 5791 Quod
2947 5732 3128 5780 autem
3159 5723 3242 5779 sic
3273 5737 3330 5778 se
3359 5716 3550 5773 habere

2253 5819 2358 5875 hoc
2381 5793 2545 5884 dico,
2567 5817 2764 5874 fratres
2779 5859 2794 5882 ,
2817 5817 2948 5888 quia
2972 5827 3173 5889 tempus
3201 5814 3344 5874 istud
3369 5811 3508 5864 breue
3531 5805 3600 5854 est
3617 5835 3630 5862 ,
3665 5793 3712 5842 οι
3731 5793 3776 5834 ιιι

3857 85 3878 384 ὶ

3869 489 3882 842 Ι
