3978 6406
176 391 273 443 161

790 383 1154 442 EXPOSITIO
1191 383 1258 440 IN
1296 380 1678 438 EPlSTOLAS
1711 377 1939 434 PAULI.
1977 409 2046 419 —
2081 377 2148 432 ΙΝ
2187 378 2405 436 EPIST.
2449 380 2469 436 l
2507 381 2598 436 AD
2635 381 2794 438 C08.

3335 390 3439 446 162

174 502 427 574 proximo
454 510 540 554 est
570 499 729 555 linis;
755 497 908 553 Unde
933 498 1062 568 quia
1083 507 1296 568 tempus
1324 498 1488 552 breve
1510 503 1621 562 est,
1651 495 1756 549 hoc
1784 499 1831 556 Α
1857 493 2089 547 dimeuto
2126 494 2493 550 tribulationis
2523 496 2725 552 carnis.
2759 495 2863 552 Per
2902 497 3006 553 hoc
3033 500 3176 554 enim
3217 505 3442 571 potestis

173 605 246 651 est
267 592 566 662 reliquum,
592 591 647 646 id
680 601 790 656 est,
835 591 940 646 hoc
970 590 1146 644 solum
1184 587 1347 645 saluti
1392 586 1750 656 relinquitur,

173 699 229 740 ut
251 687 343 757 qui
363 685 560 739 habent
584 699 773 738 uxores
793 724 808 748 ,
835 683 941 736 sint
969 693 1222 753 tanquam
1243 698 1346 735 non
1371 682 1619 734 habentes
1643 696 1661 742 ;
1701 687 1752 732 et

172 779 256 849 qui
285 778 418 848 ﬂent
438 818 456 843 ,
488 785 741 847 tanquam
770 790 874 828 non
907 774 1121 842 ﬂentes;
1156 782 1206 826 et
1229 772 1320 843 qui
1345 771 1604 842 gaudent,
1633 778 1753 822 tan-

174 887 327 942 quam
352 886 465 924 non
493 869 810 940 gaudentes,
844 875 904 922 ut
927 865 1190 937 quidquid
1221 867 1276 920 in
1305 866 1411 921 hoc
1438 862 1642 919 mundo
1670 869 1755 916 est

180 979 266 1035 pro
315 961 594 1032 parvitate
636 959 899 1030 temporis
937 959 1134 1030 potius
1181 973 1290 1012 non
1337 972 1457 1012 esse
1505 955 1753 1010 videatur

181 1044 333 1126 quam
357 1068 526 1120 esse;
575 1059 624 1106 et
652 1053 744 1122 qui
784 1061 990 1114 emunt,
1023 1051 1133 1104 sint
1168 1057 1420 1118 tanquam
1457 1062 1558 1099 non
1579 1045 1751 1115 possi-

180 1147 344 1201 dentes
362 1186 380 1211 ,
415 1143 472 1198 id
497 1151 584 1198 est
603 1151 830 1198 utantur
853 1141 998 1195 velut
1013 1140 1129 1194 sine
1148 1139 1348 1210 quibus
1371 1153 1478 1191 non
1501 1145 1750 1206 possunt,

176 1237 266 1292 sed
294 1251 406 1290 non
439 1234 817 1296 delectentur;
844 1242 893 1286 et
915 1232 1005 1302 qui
1035 1240 1259 1312 utuntur
1294 1228 1390 1282 ltoc
1423 1225 1648 1291 mundo,
1673 1223 1754 1278 fa-

179 1331 324 1386 ciant
349 1338 605 1398 tanquam
633 1342 738 1380 non
765 1335 1018 1392 utantur,
1063 1324 1128 1388 ,id
1155 1331 1240 1378 est
1262 1331 1436 1378 totum
1463 1337 1530 1376 ex
1561 1335 1753 1375 neces—

180 1423 362 1488 sitate,
393 1419 530 1475 nihil
553 1434 622 1474 ex
651 1417 1007 1474 delectatione
1036 1435 1049 1470 :
1076 1423 1360 1486 propterea
1387 1414 1470 1470 sic
1499 1428 1757 1483 respuen-

178 1517 276 1570 dus
297 1522 383 1568 est
417 1511 690 1577 mundus,
738 1511 865 1582 quia
889 1510 1063 1581 figura
1093 1509 1250 1578 hujus
1283 1507 1464 1561 mundi
1495 1505 1752 1576 prazterit.

181 1607 408 1663 Mundus
429 1606 651 1676 quidem
675 1619 780 1659 non
813 1601 1136 1672 praeteribit,
1168 1599 1263 1656 sed
1291 1598 1480 1654 forma:
1502 1597 1758 1651 substan-

188 1701 372 1754 tiarum
404 1697 533 1766 ejus
573 1695 954 1759 destruentur,
991 1700 1052 1746 ut
1087 1706 1284 1746 aurum
1323 1689 1523 1744 rubore
1546 1687 1758 1757 perdito

188 1790 369 1846 redibit
393 1790 456 1844 in
482 1797 708 1856 terram,
730 1794 786 1842 et
806 1795 1000 1842 cattera
1022 1783 1288 1840 similiter.
1308 1780 1590 1836 Damnatis
1610 1779 1756 1834 enim

1850 585 2142 640 observare
2181 586 2504 652 munditiam
2555 597 2789 644 vestram
2816 631 2831 656 ,
2894 605 3020 646 cum
3049 592 3130 647 ad
3171 593 3276 647 hoc
3329 611 3439 650 non

1852 676 2113 748 impediat
2175 694 2275 734 vos
2333 679 2616 735 tribulatio
2663 682 2889 748 carnis,
2939 699 3062 752 qua:
3116 684 3440 755 conjugatas

1851 772 2069 840 premit.
2137 771 2409 828 Fortassis
2457 773 2717 828 dicerent
2780 784 3081 844 parentes:
3130 775 3445 848 Virginibus

1850 863 2072 932 quidem
2115 864 2321 918 nubere
2380 864 2551 932 licet,
2581 866 2674 920 sed
2727 874 2914 921 nostra
2961 869 3118 938 culpa
3165 879 3246 924 est
3295 871 3444 939 quod

1851 956 1992 1010 tilias
2020 963 2263 1022 nostras,
2289 966 2350 1011 ut
2377 957 2434 1010 in
2479 957 2790 1029 virginitate
2823 969 3080 1014 maneant
3103 1002 3118 1025 ,
3161 977 3268 1014 non
3292 963 3446 1032 cogi-

1851 1064 1996 1103 mus.
2009 1046 2212 1102 Contra
2226 1049 2332 1104 hoc
2342 1047 2544 1104 Paulus
2565 1051 2641 1104 ait
2658 1069 2671 1104 :
2687 1049 2837 1106 Licet
2854 1051 3196 1107 continentes
3211 1053 3443 1107 dixerim

1854 1142 2054 1196 habere
2084 1137 2397 1197 facultatem
2430 1150 2491 1197 ut
2521 1143 2639 1198 sine
2659 1143 3044 1213 impedimento
3069 1145 3306 1200 serviant
3341 1145 3444 1201 Do—

1855 1235 2024 1302 mino,
2041 1236 2187 1305 quod
2202 1250 2311 1290 non
2325 1235 2526 1290 habent
2536 1236 2858 1307 conjugatae,
2871 1244 3053 1291 tamen
3081 1238 3127 1290 si
3149 1240 3266 1308 quis
3295 1246 3447 1308 pater

1865 1328 2138 1382 existimat
2152 1344 2206 1381 se
2215 1326 2382 1383 videri
2401 1328 2691 1396 turpem,-id
2705 1336 2792 1383 est
2806 1329 2959 1383 timet
2978 1345 3035 1384 se
3057 1329 3309 1384 infamari
3343 1346 3442 1386 su—

1855 1434 1972 1490 per,
1991 1417 2045 1472 id
2061 1428 2169 1485 est,
2188 1419 2254 1474 de
2269 1419 2469 1490 virgine
2490 1436 2588 1473 sua
2605 1420 2813 1475 volente
2835 1421 3038 1476 nubere
3062 1439 3074 1476 :
3100 1423 3239 1492 quod
3263 1422 3350 1476 illa
3376 1423 3447 1475 sit

1858 1525 1966 1564 non
1981 1509 2369 1565 solum'adulta
2397 1528 2409 1564 :
2437 1511 2531 1565 sed
2559 1519 2612 1565 et
2630 1511 2972 1581 supet'adnlla
2998 1528 3016 1565 :
3036 1515 3140 1567 etsi
3159 1515 3235 1566 ita
3247 1521 3446 1577 oportet

1857 1601 1974 1671 ﬁeri
1999 1642 2013 1666 ,
2054 1601 2182 1671 quia
2222 1600 2326 1656 nisi
2358 1602 2646 1656 maritctur
2671 1644 2685 1667 ,
2714 1603 2766 1656 in
2796 1603 3044 1672 proximo
3075 1615 3159 1659 est
3195 1605 3441 1670 infamia,

1859 1693 2029 1763 faciat
2064 1701 2214 1763 pater
2243 1693 2382 1763 quod
2423 1693 2534 1747 vult
2570 1694 2700 1748 ﬁlia.
2727 1693 2786 1748 lu
2815 1695 2917 1749 hoc
2947 1697 3092 1749 enim
3139 1714 3240 1749 non
3267 1707 3446 1766 peccat

1859 1795 2014 1856 pater
2036 1827 2050 1852 ,
2075 1786 2122 1840 si
2149 1786 2313 1839 nubat
2343 1785 2452 1840 ﬁlia
2479 1828 2494 1852 ,
2525 1802 2650 1856 quae
2677 1787 2889 1841 mavult
2925 1787 3239 1858 conjugium
3281 1805 3447 1857 quam

187 1883 386 1954 impiis.
450 1882 621 1953 ﬁgura
657 1880 822 1949 huius
866 1877 1057 1934 mundi
1105 1875 1509 1930 mundanorum
1549 1872 1756 1943 ignium
1790 1863 1831 1920 Β
1860 1878 2190 1933 castitatem.
2247 1877 2495 1944 lterum,
2547 1879 2675 1948 quia
2725 1879 2944 1949 quidam
2999 1888 3180 1949 patres
3224 1880 3365 1934 ﬁlias
3395 1881 3449 1933 in

187 1973 608 2045 conflagratione
629 1971 844 2042 peribit,
870 1969 1010 2025 sicut
1033 1967 1236 2024 factum
1250 1976 1336 2022 est
1357 1963 1757 2020 mundanarum

187 2080 447 2136 aquarum
471 2062 830 2138 inundatione
853 2056 1220 2114 diluvium.Et
1241 2056 1371 2126 quia
1400 2054 1572 2126 figura
1601 2069 1761 2107 mun-

194 2158 235 2212 di
257 2155 530 2227 preterit,
561 2154 684 2210 ideo
713 2152 828 2207 volo
870 2169 957 2206 vos
979 2167 1089 2205 esse
1111 2151 1224 2203 sine
1265 2146 1658 2209 sollicitudine,
1693 2159 1760 2198 ne

196 2248 380 2319 gravati
413 2242 650 2301 terrenis
669 2245 928 2300 damnum
951 2241 1256 2298 caelestium
1288 2237 1602 2294 incurratis.
1630 2233 1760 2289 Sine

196 2340 550 2396 sollicitudine
594 2338 760 2403 dicit,
806 2346 866 2391 ut
917 2335 1198 2405 conjugati
1227 2339 1492 2402 quantum
1530 2337 1761 2400 possunt

195 2440 477 2489 uouerent
515 2446 577 2488 se
622 2429 934 2485 mundanis.
966 2427 1322 2482 Continentes
1362 2423 1472 2478 sint
1511 2430 1760 2492 expertes

198 2527 344 2581 totius
363 2525 661 2580 mundana:
688 2519 1090 2578 sollicitudinis.

260 2614 318 2670 Et
331 2615 407 2670 ita
433 2612 754 2682 exsequitur
774 2610 964 2665 dicens
989 2627 1002 2662 :
1029 2606 1166 2662 Volo
1187 2606 1407 2677 quidem
1429 2619 1620 2660 omnes
1639 2617 1762 2658 esse

206 2705 311 2760 sine
330 2701 689 2759 sollicitudine
708 2742 724 2767 ,
756 2701 850 2756 sed
883 2708 1062 2754 tamen
1106 2698 1239 2752 alter
1261 2695 1562 2766 expeditior
1583 2703 1670 2750 est
1693 2694 1762 2750 ad

211 2794 322 2862 hoc,
345 2795 467 2850 alter
485 2791 817 2864 impeditior.
852 2789 956 2855 Qui
977 2789 1126 2845 enim
1147 2789 1259 2842 sine
1280 2803 1445 2841 uxore
1461 2794 1561 2852 est,
1585 2785 1759 2855 virgo,

208 2889 280 2942 vel
303 2888 576 2943 continens
609 2884 873 2939 sollicitus
897 2870 1004 2948 est,
1035 2880 1091 2936 id
1120 2889 1205 2936 est
1229 2879 1501 2936 sollicitus
1529 2892 1650 2932 esse
1671 2893 1763 2946 po-

205 2989 294 3034 test
321 2979 371 3033 in
407 2978 491 3034 his
521 2993 642 3048 qua:
684 2982 807 3029 sunt
842 2972 1094 3038 Domini,
1141 2971 1192 3025 id
1227 2977 1312 3026 est
1333 2984 1455 3039 qua:
1477 2967 1560 3022 ad
1590 2966 1760 3021 Deum

209 3067 467 3136 pertinent.
492 3066 648 3120 Licet
668 3065 834 3120 etiam
868 3077 993 3118 esse
1017 3059 1342 3125 sollicitum,
1370 3055 1630 3129 quomodo
1651 3055 1766 3125 pla-

218 3172 298 3214 ceat
324 3161 576 3216 Domino.
603 3158 710 3215 Ubi
740 3159 817 3214 ait
847 3177 860 3213 :
895 3156 1172 3212 Sollicitus
1193 3164 1272 3209 est
1293 3169 1411 3224 quae
1434 3161 1555 3206 sunt
1576 3150 1763 3204 Domi-

216 3254 280 3318 si,
305 3251 560 3324 intelligit
606 3251 674 3307 de
722 3250 810 3305 his
849 3265 972 3319 qua:
1000 3246 1164 3302 saluti
1201 3244 1509 3309 sufficiunt,
1559 3249 1615 3296 et
1644 3241 1763 3295 sine

206 3345 380 3412 quibus
413 3359 579 3400 nemo
620 3343 884 3398 salvatur.
935 3338 1040 3394 Ubi
1088 3339 1163 3392 ait
1193 3357 1205 3392 :
1239 3335 1510 3402 Quomodo
1558 3332 1765 3404 placeat

205 3434 336 3503 Deo,
378 3437 628 3508 intelligit
672 3437 819 3490 illam
879 3446 1154 3490 summam
1202 3427 1617 3499 perfectionem,
1675 3424 1764 3480 cui

210 3541 308 3582 non
351 3528 537 3584 sullicit
593 3528 698 3582 hoc
756 3526 964 3591 solum,
1036 3521 1184 3593 quod
1247 3518 1619 3575 necessarium
1680 3526 1765 3573 est

208 3618 391 3684 saluti,
453 3620 557 3675 nisi
620 3619 764 3673 bona
841 3632 942 3672 sua
1012 3613 1345 3686 pauperibus
1414 3609 1761 3681 disperserit,

204 3710 449 3766 mundum
508 3709 853 3774 deseruerit,
922 3707 1102 3761 nudus
1152 3704 1353 3759 nudam
1397 3689 1628 3757 crucem.
1673 3715 1764 3755 se-

201 3809 348 3855 cutus
388 3801 478 3857 sit.
526 3800 633 3868 Qui
681 3799 802 3856 sine
855 3814 1027 3854 uxore
1063 3805 1187 3864 est,
1245 3795 1327 3850 sic
1369 3793 1419 3850 ei
1460 3793 1589 3848 licet
1629 3794 1764 3864 :qui

205 3902 362 3947 autem
380 3911 499 3948 cum
527 3908 691 3947 uxore
709 3901 787 3945 est
812 3932 828 3957 ,
866 3897 1090 3961 cogente
1133 3887 1456 3944 necessitate
1501 3885 1763 3940 sollicitus

209 4000 264 4042 at
297 3989 368 4043 de
407 3987 494 4042 his
532 4001 650 4057 qua:
691 3965 814 4037 sunt
865 3982 1069 4047 mundt,
1102 3990 1163 4035 ut
1185 3979 1457 4034 ministret
1509 3979 1666 4033 uxori
1711 3987 1766 4033 et

211 4079 410 4148 pueris,
459 4077 580 4134 sine
625 4072 826 4146 quibus
875 4073 1075 4128 durare
1128 4079 1422 4141 nequeunt.
1489 4066 1766 4123 Sollicitus

205 4173 348 4228 etiam
379 4180 464 4228 est
492 4167 755 4241 quomodo
799 4165 1007 4237 placeat
1036 4165 1223 4230 uxori,
1275 4162 1454 4217 dando
1506 4161 1764 4228 monilia,

207 4264 346 4336 n3
378 4260 739 4335 praeparando
781 4266 1141 4324 ornamenta,
1173 4264 1228 4310 et
1263 4255 1344 4311 sic
1397 4254 1599 4308 divisus
1647 4262 1764 4318 est,

202 4356 311 4422 quia
342 4370 407 4408 ex
428 4351 672 4408 maxima
706 4357 860 4419 parte
895 4346 1218 4402 distrahitur
1247 4344 1299 4398 in
1317 4344 1468 4399 cultu
1487 4343 1697 4409 uxoris,
1713 4350 1768 4397 et

202 4445 394 4499 cultura
425 4442 680 4498 familiae:
704 4450 758 4496 et
778 4440 912 4497 satis
926 4439 1140 4494 modica
1161 4454 1288 4508 pars
1327 4437 1449 4508 ejus
1500 4436 1768 4507 obsequio

201 4533 283 4590 Dei
312 4534 658 4606 relinquitur.
691 4531 845 4588 Sicut
876 4531 960 4585 vir
987 4531 1273 4586 continens
1311 4529 1514 4601 cogitat
1546 4545 1610 4584 ea
1645 4545 1767 4599 quae

199 4638 314 4684 sunt
345 4627 562 4683 Domini
610 4644 623 4679 :
673 4626 754 4682 sic
796 4625 960 4680 etiam
999 4623 1190 4677 mulier
1231 4639 1353 4693 qua:
1391 4623 1614 4693 innupta
1644 4629 1729 4677 est
1753 4662 1769 4685 ,

201 4722 246 4777 id
284 4732 363 4778 est
393 4723 551 4794 virgo
595 4730 650 4776 et
669 4721 850 4785 vidua,
879 4718 1076 4788 cogitat
1119 4734 1180 4771 ea
1205 4734 1320 4787 qua:
1358 4727 1481 4770 sunt
1520 4716 1772 4770 Domini:

198 4825 251 4867 ut
303 4816 370 4869 sit
421 4823 612 4868 sancta
666 4822 716 4867 et
764 4827 979 4881 corpore
1032 4819 1081 4864 et
1137 4810 1375 4879 spiritu,
1438 4809 1490 4864 id
1541 4817 1626 4863 est
1676 4823 1773 4878 per

198 4912 473 4974 utramque
529 4902 894 4974 integritatem
959 4897 1207 4969 corporis
1261 4906 1316 4952 et
1380 4897 1626 4967 spiritus.
1694 4895 1773 4950 Ea

199 5010 315 5051 vero
339 5013 457 5068 qua:
486 5004 653 5064 nupta
676 5004 774 5060 est,
796 4994 991 5064 cogitat
1036 5008 1098 5046 ea
1130 5007 1248 5062 qua:
1291 4999 1414 5044 sunt
1456 4988 1639 5042 mundi
1666 5030 1682 5056 ,
1718 4989 1773 5044 id

197 5096 278 5142 est
311 5090 620 5144 necessaria
649 5086 876 5152 domui,
936 5093 988 5138 et
1013 5083 1272 5155 quomodo
1319 5081 1526 5153 placeat
1562 5081 1672 5135 viro
1713 5081 1766 5135 in

198 5181 507 5248 superﬂuis;
537 5188 594 5235 et
621 5194 748 5235 cum
783 5178 857 5233 ita
888 5176 1261 5232 commendem
1286 5175 1442 5230 vobis
1481 5174 1768 5229 continen—

202 5270 332 5328 tibus
356 5271 709 5328 continentia:
734 5270 961 5336 bonum,
993 5286 1150 5340 porro
1170 5311 1187 5335 ,
1237 5269 1291 5324 id
1331 5277 1415 5324 est
1443 5284 1554 5323 non
1586 5267 1764 5335 aliter,

202 5361 296 5418 hoc
320 5367 436 5420 dico
462 5407 479 5432 ,
523 5379 688 5434 quam
725 5363 795 5417 ad
841 5363 1128 5417 utilitatem
1162 5371 1409 5430 vestram,
1434 5362 1641 5418 scilicet
1665 5379 1768 5415 non

203 5463 256 5507 ιιι
302 5473 389 5527 per
441 5459 549 5514 hoc
586 5456 829 5527 injiciam
877 5456 1021 5510 vobis
1073 5455 1320 5526 laqueum
1347 5495 1362 5521 ,
1411 5471 1614 5527 cogens
1667 5471 1769 5510 vos

204 5558 382 5604 vovere
407 5548 776 5620 virginitatem
804 5591 820 5616 ,
850 5549 997 5619 quod
1030 5557 1217 5604 votum
1243 5556 1432 5617 postea
1458 5547 1724 5619 frangatis
1753 5568 1765 5603 :

195 5637 291 5691 sed
315 5641 415 5696 hoc
433 5642 558 5697 dico
586 5683 602 5708 ,
639 5641 910 5696 hortando
940 5656 1039 5697 vos
1065 5641 1135 5695 ad
1179 5641 1234 5694 id
1259 5683 1274 5708 ,
1311 5641 1451 5711 quod
1480 5650 1557 5696 est
1607 5642 1768 5696 hone-

209 5735 350 5798 stam,
380 5734 430 5787 id
462 5743 547 5788 est
592 5749 623 5788 a
673 5733 998 5804 contagione
1026 5731 1263 5788 alienum
1287 5774 1302 5799 ,
1347 5741 1402 5787 et
1439 5733 1584 5804 quod
1629 5749 1768 5804 pra:-

215 5815 321 5888 beat
339 5825 658 5908 facultatem
698 5825 1007 5881 obsecrandi
1047 5841 1144 5882 vos
1179 5825 1407 5894 Domino
1443 5827 1554 5880 sine
1602 5827 1766 5897 impe-

1857 1967 2136 2037 proposito
2183 1966 2518 2037 virginitatis
2558 1983 2781 2022 manere
2811 1969 3060 2023 volentes
3089 2010 3104 2032 ,
3154 1970 3450 2039 cupiditate

1857 2058 2002 2114 dotis
2026 2099 2042 2124 ,
2069 2067 2124 2112 et
2151 2066 2212 2112 ut
2237 2058 2474 2112 habeant
2504 2058 2900 2113 incrementum
2929 2060 3145 2129 generis
3178 2102 3192 2125 ,
3230 2071 3284 2115 et
3352 2075 3451 2130 pro

1860 2150 2178 2220 hujusmodi
2252 2159 2463 2220 cogunt
2539 2151 2805 2205 violenter
2879 2151 3123 2218 nubere,
3178 2152 3451 2206 interdicit

1859 2239 2063 2294 Paulus
2089 2281 2104 2305 ,
2142 2255 2211 2294 ne
2246 2240 2350 2294 hoc
2379 2239 2492 2294 ﬁat.
2524 2238 2730 2294 Littera
2759 2239 2842 2294 sic
2869 2239 3118 2309 jungitur
3145 2259 3156 2293 :
3189 2238 3264 2294 De
3291 2238 3452 2294 Patre

1859 2329 1954 2400 qui
1999 2329 2165 2383 filiam
2217 2330 2489 2384 volentem
2522 2328 2786 2399 permittit
2825 2329 3071 2396 nubere,
3127 2330 3252 2384 dico
3302 2329 3448 2399 quod

1861 2439 1971 2477 non
2003 2430 2230 2492 peccat:
2270 2438 2396 2476 nam
2438 2423 2505 2478 de
2531 2422 2625 2476 illo
2673 2421 2767 2492 qui
2799 2421 2968 2476 tiliam
3012 2422 3281 2476 volentem
3323 2438 3451 2476 con-

1861 2515 2002 2571 cedit
2031 2529 2253 2569 manere
2276 2513 2329 2568 in
2354 2514 2671 2585 virginitate
2696 2556 2711 2581 ,
2736 2514 2869 2584 quid
2893 2514 3054 2590 .aliud
3100 2515 3276 2569 dicam
3302 2556 3316 2580 ,
3346 2514 3452 2569 nisi

1861 2605 2008 2677 quod
2044 2604 2363 2661 benefacit?
2392 2603 2485 2659 llle
2520 2605 2710 2674 utique
2737 2605 2826 2674 qui
2849 2605 3038 2658 statuit
3069 2604 3123 2657 in
3153 2605 3309 2658 corde
3333 2621 3449 2670 suo,

1863 2699 1916 2754 id
1961 2705 2044 2753 est
2096 2697 2192 2768 qui
2241 2696 2553 2751 rationabili
2605 2697 2848 2766 disponit
2893 2696 3172 2752 concilio:
3209 2697 3298 2751 ille
3330 2697 3454 2752 dico

1863 2793 2049 2862 ﬁrmus
2081 2831 2096 2857 ,
2148 2799 2202 2844 et
2230 2790 2535 2860 perdurans
2566 2830 2582 2856 ,
2634 2789 2690 2843 in
2726 2789 2848 2864 hoc
2888 2805 2993 2842 non
3027 2789 3216 2860 utique
3261 2789 3454 2842 babm‘s

1864 2884 2226 2954 necessitatem
2253 2881 2568 2952 praedictam
2597 2900 2610 2936 :
2641 2881 2770 2952 quia
2797 2881 2864 2936 de
2907 2881 3018 2935 tilia
3044 2896 3152 2935 non
3192 2882 3346 2936 timet
3372 2881 3455 2934 in-

1864 2973 2089 3029 famiam
2112 2983 2137 3027 ‘:
2170 2973 2261 3028 sed
2285 2972 2479 3026 habens
2525 2980 2840 3041 potestatem
2884 2989 2997 3027 sua:
3029 2972 3314 3026 voluntatis
3337 2970 3453 3025 clli-

1865 3064 2071 3120 ciendae
2095 3106 2110 3131 ,
2135 3064 2266 3135 quia
2302 3063 2412 3118 ﬁlia
2451 3062 2727 3118 consentit
2756 3081 2768 3115 :
2800 3070 2850 3116 et
2893 3062 2988 3133 qui
3013 3062 3109 3115 hoc
3137 3079 3244 3116 non
3274 3062 3453 3116 solum

1867 3158 2056 3213 statuit
2087 3177 2099 3213 :
2131 3158 2225 3214 sed
2271 3157 2436 3212 etiam
2480 3157 2748 3226 judicavit
2783 3198 2800 3226 ,
2834 3156 2886 3211 id
2927 3166 3014 3212 est
3038 3157 3458 3212 deliberationes

1866 3249 1923 3302 in
1953 3249 2106 3302 corde
2143 3265 2238 3301 suo
2265 3247 2435 3302 fecit:
2473 3247 2876 3302 considerando
2905 3247 3120 3318 pondus
3167 3245 3404 3318 coniugii
3437 3287 3452 3312 ,

1868 3335 2190 3395 admirando
2215 3337 2386 3394 decus
2412 3337 2768 3408 virginitatis.
2795 3335 2894 3393 Hic
2918 3337 3105 3408 utique
3129 3339 3173 3394 si
3191 3336 3459 3408 judicavit

1865 3449 2071 3488 servare
2095 3432 2349 3502 virginem
2377 3447 2531 3484 suam
2561 3472 2577 3498 ,
2629 3430 2892 3500 benefacit
2919 3473 2934 3499 ,
2962 3432 3092 3486 dum
3122 3447 3242 3486 eam
3273 3433 3460 3486 volen-

1864 3534 1974 3581 tem
2019 3525 2073 3579 in
2127 3523 2438 3595 virginitate
2518 3524 2774 3579 custodit.
2827 3523 3281 3594 Quandoquidem
3360 3525 3457 3593 qui

1863 3619 2135 3674 volentem
2175 3616 2442 3687 permittit
2490 3617 2738 3684 nubere,
2801 3631 2910 3670 non
2965 3624 3193 3686 peccat;
3253 3625 3311 3671 et
3361 3616 3458 3685 qui

1867 3709 2138 3764 uolentem
2165 3709 2372 3764 nubere
2393 3708 2531 3763 bene
2561 3707 2730 3775 facit,
2759 3709 2806 3763 si
2835 3717 3126 3763 conservat
3156 3708 3208 3762 in
3233 3707 3459 3779 virgini-

1865 3808 1996 3855 tate.
2030 3799 2208 3870 Igitur
2239 3810 2288 3854 et
2315 3801 2405 3871 qui
2433 3800 2772 3855 matrimonio
2787 3800 2969 3870 jungit
2995 3801 3250 3870 virginem
3279 3814 3456 3864 suam,

1866 3889 1941 3945 ita
1978 3890 2250 3945 volentem
2278 3891 2402 3946 bene
2436 3892 2572 3962 facit
2600 3902 2687 3944 :et
2716 3893 2807 3961 qui
2845 3909 2948 3944 non
2969 3892 3149 3963 jungit
3181 3892 3454 3947 nolentem

1861 3981 2040 4053 jungi,
2065 3983 2204 4038 bene
2230 3983 2481 4038 etmelius
2506 3984 2658 4054 facit.
2686 3981 2842 4038 Sicut
2871 3983 2938 4038 de
2973 3983 3274 4056 virginibus
3303 3983 3454 4051 dixi,

1867 4090 1978 4130 non
2015 4083 2205 4146 peccat
2231 4092 2353 4146 qua:
2379 4077 2537 4131 nubit
2566 4095 2578 4131 :
2604 4086 2660 4132 et
2713 4093 2837 4146 qua:
2863 4091 2975 4130 non
3027 4076 3183 4131 nubit
3209 4117 3225 4144 ,
3262 4076 3458 4132 melius

1867 4167 2001 4223 facit
2038 4187 2051 4222 :
2085 4167 2166 4223 sic
2193 4168 2262 4224 de
2295 4169 2641 4237 mulieribus,
2664 4169 2812 4240 quod
2857 4169 2948 4224 illa
2977 4183 3101 4240 qum
3128 4168 3246 4222 viro
3267 4168 3457 4238 juncta

1868 4267 1952 4314 est
1978 4274 2086 4312 non
2108 4269 2298 4328 peccat
2323 4277 2336 4314 :
2363 4259 2459 4314 sed
2483 4275 2606 4330 qua:
2630 4259 2685 4314 in
2709 4261 2960 4317 castitate
2986 4261 3255 4316 manserit
3276 4289 3296 4327 ,-
3329 4260 3458 4316 bea-

1871 4350 1980 4404 tior
2007 4351 2150 4405 erit.
2183 4349 2340 4416 Quod
2375 4351 2449 4405 ita
2495 4352 2616 4407 ait:
2654 4352 2848 4407 Mulier
2896 4353 3125 4424 alligata
3170 4363 3248 4406 est
3297 4353 3408 4406 viro
3441 4394 3456 4416 ,

1871 4451 2070 4513 quanto
2101 4451 2328 4513 tempore
2358 4444 2485 4498 vivit
2521 4445 2604 4498 vir
2633 4445 2766 4515 ejus.
2799 4444 2952 4512 Quod
2987 4447 3035 4499 si
3077 4445 3354 4500 dornticrit
3378 4445 3462 4500 vir

1799 4533 1986 4628 Dejus
2017 4575 2033 4602 ,
2087 4533 2311 4588 liberata
2367 4545 2444 4589 est
2475 4553 2508 4590 a
2558 4536 2668 4608 lege
2706 4539 2828 4593 viri.
2875 4538 2942 4592 Ει
2967 4538 3089 4593 licet
3139 4538 3331 4592 nubere
3371 4538 3459 4590 cui

1875 4626 2026 4695 vult,
2081 4629 2459 4683 tantummodo
2494 4630 2552 4682 in
2590 4628 2818 4684 Domino
2845 4671 2860 4697 ,
2912 4630 2964 4685 id
2994 4639 3077 4685 est
3096 4629 3257 4701 legali
3307 4644 3464 4683 more

1872 4719 2134 4791 conjugii.
2169 4719 2275 4776 Sed
2301 4722 2552 4792 quamvis
2581 4723 2741 4778 liceat
2769 4725 2818 4778 ei
2864 4723 3070 4778 nubere
3100 4743 3113 4778 :
3139 4734 3320 4778 tamen
3357 4724 3458 4778 erit

1870 4812 2154 4881 perfectior
2173 4813 2220 4867 si
2243 4816 2592 4884 permanserit
2626 4816 2703 4868 sic
2736 4857 2751 4881 ,
2775 4815 2829 4869 id
2851 4824 2935 4870 est
2988 4815 3216 4884 innupta
3237 4857 3252 4880 ,
3289 4831 3461 4886 agens

1872 4905 2158 4958 secundum
2203 4905 2485 4959 consilium
2531 4923 2722 4962 meum.
2758 4906 2896 4974 Quid
2922 4907 3048 4962 inde
3072 4907 3315 4964 dicerent
3339 4909 3414 4963 illi
3442 4951 3460 4974 ,

1875 4997 1922 5050 si
1962 5007 2018 5052 tu
2051 4998 2126 5052 ita
2162 4997 2408 5054 consulis
2433 4999 2456 5051 ?
2481 4997 2563 5052 Ad
2609 4999 2717 5053 hoc
2757 4997 2963 5055 Paulus
2992 5019 3005 5054 :
3043 4999 3164 5055 Non
3199 5012 3283 5057 est
3306 5018 3455 5072 sper-

1874 5089 2113 5144 nendum
2167 5089 2460 5144 consilium
2511 5105 2738 5146 meum:
2788 5092 2916 5163 quia
2970 5103 3096 5164 puto
3129 5093 3268 5164 quod
3315 5095 3456 5150 sicut

1872 5182 1964 5236 alii
1985 5183 2216 5252 apostoli
2250 5201 2263 5236 :
2299 5183 2380 5237 sic
2401 5192 2451 5238 ct
2483 5199 2576 5255 ego
2601 5183 2820 5256 habeam
2847 5187 3094 5256 spiritum
3117 5186 3242 5255 Dei,
3284 5195 3340 5242 et
3361 5200 3461 5258 per

1872 5274 2125 5345 spiritum
2158 5315 2173 5341 ,
2202 5275 2433 5345 gratiam
2457 5277 2694 5331 consilii.

2457 5368 2688 5424 CAPUT
2726 5369 2859 5425 Vlll.

1949 5479 1967 5512 ι
2014 5458 2089 5516 De
2123 5460 2572 5534 hisautem,quae
2593 5464 2758 5520 idolis
2777 5465 3190 5528 'sacriﬁcantur,
3243 5463 3454 5519 scimus

1871 5565 1891 5600 ‹
1931 5551 2061 5621 quia
2103 5567 2295 5607 omnes
2344 5553 2630 5608 scientiam
2681 5554 3229 5610 habemuszscientia
3281 5551 3456 5617 inflat,

1875 5662 1894 5696 ε
1935 5644 2177 5701 cbaritas
2234 5660 2366 5700 vero
2418 5645 2669 5701 atdificat.
2707 5646 2865 5718 114
2919 5645 2976 5700 Si
3025 5646 3148 5715 quis
3185 5653 3368 5700 autem
3398 5659 3460 5701 se

1875 5755 1894 5788 ι
1933 5738 2210 5794 existimat
2253 5738 2395 5793 scire
2441 5738 2668 5808 aliquid,
2705 5739 2945 5792 nondum
2991 5736 3240 5808 cognovit
3290 5751 3456 5806 quem

1875 5849 1892 5879 ι
1937 5830 2231 5886 admodum
2253 5837 2502 5898 oporteat
2518 5847 2642 5884 eum
2667 5830 2826 5884 scire.
2849 5828 2906 5882 Si
2926 5829 3051 5900 quis
3070 5836 3252 5884 autem
3277 5829 3459 5902 diligit
