4018 6288
547 348 685 418 ηδε,

1078 344 1137 401 S.
1177 342 1526 401 BRUNONIS
1561 339 2208 400 CARTHUSIANORUM
2249 342 2736 403 INSTITUTORIS
2774 342 2922 403 OPI’.
2962 345 3144 403 PARS
3181 348 3245 403 ll.

3708 344 3811 403 166

548 482 567 515 ι
612 463 804 527 Deum,
837 462 925 515 nic
943 461 1198 531 cognitus
1218 469 1306 516 est
1328 462 1399 516 ab
1417 476 1502 516 eo.
1532 460 1607 515 De
1626 460 1768 514 escis
1790 467 1972 514 autem
2000 476 2124 531 quae
2155 475 2196 526 Α
2227 461 2421 517 Modus
2450 463 2596 517 enim
2628 462 2716 518 hic
2737 470 2841 529 est,
2867 463 3153 519 scientiam
3202 456 3601 532 contemperari
3628 461 3811 518 chari-

548 573 569 606 (
614 555 775 609 idolis
814 553 1187 619 immolantur,
1231 554 1439 609 scimus
1467 552 1597 622 quia
1628 551 1764 607 nihil
1798 560 1882 606 est
1921 552 2127 607 idolum

544 667 563 699 ι
605 647 659 701 in
690 646 896 702 mundo
924 663 936 699 :
960 653 1017 700 et
1057 645 1205 715 quod
1248 645 1431 699 nullus
1462 643 1607 699 Deus
1643 644 1750 699 nisi
1784 660 1949 700 unus.
1989 644 2124 701 Nam

548 759 566 789 ε
607 746 661 793 ct
696 738 745 793 si
772 747 900 793 sunt
932 737 1027 809 qui
1062 737 1316 792 dicantur
1343 735 1441 801 dii,
1470 736 1585 791 sive
1612 736 1670 790 in
1710 737 1872 803 cmlo,
1913 737 2028 793 sive
2073 737 2128 792 in

546 850 564 881 ι
610 839 757 884 terra
784 830 870 901 (si
898 830 1119 901 quidem
1145 837 1273 884 sunt
1296 827 1371 882 dii
1400 827 1579 895 multi,
1611 837 1666 884 et
1691 828 1902 884 domini
1933 829 2127 901 multi)

545 940 563 970 ι
607 921 766 977 nobis
786 930 965 976 tamen
986 936 1128 975 unus
1140 918 1304 985 Deus,
1320 917 1481 973 Pater
1500 935 1567 974 ex
1591 935 1701 991 quo
1719 920 1929 989 omnia,
1954 930 2009 976 et
2029 936 2131 977 nos

546 1032 563 1062 ‹
613 1012 665 1066 in
680 1013 773 1066 illo
798 1033 810 1067 :
833 1021 888 1067 et
907 1026 1050 1066 unus
1072 1010 1337 1065 Dominus
1350 1009 1513 1067 Jesus
1552 1012 1827 1083 Christus,
1848 1028 1946 1083 per
1967 1027 2130 1084 quem

548 1124 566 1155 ι
612 1105 796 1159 omnia
827 1114 881 1160 et
907 1119 1008 1158 nos
1046 1117 1143 1173 per
1172 1102 1374 1172 ipsum,
1403 1104 1502 1159 scd
1534 1119 1643 1159 non
1670 1104 1726 1159 in
1764 1105 2022 1161 omnibus
2049 1114 2133 1161 est

551 1214 569 1246 ι
613 1196 861 1251 scientia.
906 1193 1138 1260 Quidam
1174 1201 1357 1249 autem
1399 1210 1526 1250 cum
1569 1196 1907 1251 conscientia
1957 1212 2132 1266 usque

547 1307 563 1338 ι
611 1303 755 1342 nunc
776 1285 926 1352 idoli,
950 1285 1110 1355 quasi
1142 1285 1507 1358 idolothytum
1530 1286 1897 1354 manducant;
1925 1298 1979 1343 et
2000 1303 2133 1344 con-

554 1397 572 1428 ι
620 1377 846 1433 scientia
878 1377 1121 1447 ipsorum
1146 1392 1270 1431 cum
1303 1377 1376 1433 sit
1409 1376 1648 1443 inﬁrma,
1679 1378 1980 1449 polluitur;
2007 1394 2136 1435 esea

549 1488 568 1520 ι
612 1458 795 1523 autem
847 1484 952 1525 nos
1006 1484 1118 1524 non
1167 1470 1517 1525 commendat
1564 1468 1696 1525 Deo.
1748 1469 1935 1541 Neque
1983 1471 2131 1526 enim

540 1580 560 1611 ι
606 1560 653 1616 si
700 1576 811 1616 non
853 1561 1390 1628 manducaverimus,
1437 1562 1793 1629 deﬁciamus;
1858 1578 2037 1634 neque
2083 1564 2131 1620 si

544 1672 563 1704 ι
611 1653 1147 1721 manducaverimus,
1176 1654 1599 1710 abundabimus.
1633 1653 1816 1711 Videte
1846 1664 2029 1711 autem
2061 1671 2132 1712 ne

543 1766 560 1796 ι
609 1745 750 1802 forte
770 1748 888 1803 haec
924 1747 1142 1803 licentia
1164 1756 1343 1804 vestra
1357 1746 1744 1803 oﬁ'endiculum
1766 1748 1861 1803 ﬁat
1874 1748 2128 1805 inﬁrmis.

2231 562 2361 610 tate.
2387 554 2646 624 Opposita
2666 554 2933 611 sententia
2966 572 2979 607 :
3011 554 3117 621 Qui
3142 554 3380 619 inﬂatur,
3404 554 3655 610 scientiae
3687 568 3811 609 mo-

2231 646 2361 701 dum
2389 660 2500 701 non
2534 646 2790 716 cognovit
2818 664 2831 700 :
2865 647 2958 702 sed
2993 647 3041 702 si
3067 646 3194 717 quis
3231 646 3410 718 diligit
3434 645 3631 713 Deum,
3681 644 3812 717 quia

2233 736 2397 791 habet
2422 736 2747 791 charitatem
2775 737 3031 807 proximi,
3084 738 3175 794 hic
3226 740 3413 810 utique
3458 739 3714 810 cognitus
3757 746 3815 793 et

2231 827 2563 897 approbatus
2584 835 2669 882 est
2696 842 2728 881 a
2772 826 2901 882 Deo.
2951 826 3108 883 Nunc
3152 828 3477 884 determinat
3520 827 3811 886 scientiam

2229 931 2443 983 eorum,
2472 917 2531 971 in
2553 932 2665 987 quo
2711 917 2979 973 laudanda
3003 918 3095 986 sit,
3147 926 3202 974 et
3224 918 3288 972 in
3313 933 3426 989 quo
3464 917 3814 989 reprobanda

2230 1008 2420 1065 dicens
2452 1028 2466 1065 :
2495 1008 2705 1065 Scimus
2734 1011 2874 1082 quod
2906 1010 3133 1082 diligens
3163 1010 3351 1078 Deum,
3400 1027 3434 1066 α
3477 1010 3589 1065 Deo
3616 1025 3815 1081 cogno-

2230 1102 2419 1156 scitur.
2434 1101 2511 1155 De
2528 1103 2661 1156 escis
2687 1110 2865 1157 autem
2886 1119 3005 1173 qua:
3027 1101 3373 1157 immolantur
3390 1101 3572 1169 idolis,
3593 1102 3816 1165 scimus,

2232 1191 2288 1247 id
2321 1200 2425 1260 est,
2456 1208 2559 1250 vos
2585 1193 2691 1249 ﬁde
2732 1194 2876 1249 ﬁrmi
2938 1210 3153 1250 mecum
3202 1194 3378 1261 scitis,
3403 1194 3543 1265 quod
3609 1192 3818 1248 idolum

2233 1284 2369 1339 nihil
2386 1294 2465 1339 est
2494 1286 2553 1339 in
2577 1286 2772 1339 mundo
2794 1326 2811 1352 ,
2842 1285 2895 1341 id
2920 1294 3007 1342 est
3033 1287 3088 1342 in
3115 1287 3391 1342 creatione
3409 1285 3620 1341 mundi.
3672 1283 3820 1339 Deus

2231 1375 2452 1446 quidem
2472 1377 2705 1448 lapidem
2736 1377 2820 1433 vel
2857 1377 3065 1449 lignum
3093 1378 3238 1433 unde
3270 1377 3541 1432 formatur
3582 1377 3819 1441 idolum,

2233 1469 2458 1534 creavit,
2513 1470 2608 1525 sed
2647 1468 2918 1525 facturam
2971 1470 3101 1525 idoli
3150 1485 3260 1525 non
3303 1468 3451 1525 fecit.
3500 1467 3620 1524 Non
3666 1468 3819 1523 enim

2232 1570 2500 1617 creaturae
2520 1561 2598 1616 illi
2624 1577 2693 1617 ex
2713 1552 2826 1617 Deo
2848 1563 2953 1617 hoc
2972 1563 3241 1633 provenit,
3261 1572 3321 1617 ut
3346 1561 3565 1618 dicatur
3583 1560 3818 1624 idolum,

2234 1655 2331 1709 sed
2385 1654 2457 1710 ab
2490 1654 2718 1710 artiﬁce.
2764 1653 2830 1710 Et
2858 1655 2963 1711 hoc
2999 1655 3165 1710 etiam
3205 1654 3379 1721 scitis,
3409 1653 3550 1725 quod
3597 1668 3702 1707 non
3741 1660 3820 1705 est

2233 1744 2376 1800 ullus
2400 1745 2541 1801 Deus
2572 1747 2678 1801 nisi
2704 1762 2840 1800 unus
2864 1745 3031 1813 solus,
3058 1746 3204 1801 unde
3228 1752 3442 1802 constat
3469 1744 3674 1800 idolum
3704 1757 3822 1798 non

546 1856 564 1889 ι
613 1838 672 1892 Si
701 1840 828 1924 quis
854 1839 1001 1894 enim
1030 1839 1226 1894 viderit
1243 1854 1392 1906 eum,
1437 1838 1532 1909 qui
1560 1839 1727 1894 habet
1763 1839 2049 1895 scientiam
2077 1840 2131 1895 in
2165 1832 2209 1887 Β
2233 1853 2356 1894 esse
2379 1836 2572 1893 Deum.
2609 1836 2750 1894 Vere
2775 1854 2921 1894 unus
2945 1845 3161 1893 tantum
3203 1844 3288 1893 est
3319 1835 3485 1892 Deus.
3518 1834 3665 1890 Nam
3692 1845 3748 1890 et
3775 1835 3821 1888 si

544 1948 563 1982 ι
609 1930 777 1986 idolio
800 1931 1202 1987 recumbentem
1230 1948 1242 1983 :
1273 1945 1458 1986 nonne
1479 1931 1814 1986 conscientia
1839 1931 1979 2002 ejus,
2005 1947 2131 1988 cum

541 2040 559 2076 ς
604 2024 678 2080 sit
708 2023 963 2089 ,inﬁrma,
992 2022 1349 2078 aadiﬁcabitur
1387 2022 1457 2078 ad
1485 2022 1927 2078 manducandum
1958 2023 2133 2080 idolo-

539 2134 558 2166 ι
603 2115 789 2187 thyla?
808 2113 874 2168 Et
902 2113 1101 2185 peribit
1124 2113 1377 2169 inﬁrmus
1400 2113 1457 2168 in
1480 2123 1573 2168 tua
1593 2113 1931 2170 conscientia
1960 2113 2131 2170 frater

541 2227 561 2259 ε
607 2217 830 2278 propter
864 2222 1027 2278 quem
1069 2206 1324 2263 Christus
1368 2215 1623 2262 mortuus
1651 2208 1781 2263 est?
1811 2207 1904 2264 Sic
1944 2218 2127 2265 autem

543 2320 561 2350 ι
610 2306 898 2368 peccantes
924 2297 976 2351 in
1000 2295 1219 2364 fratres,
1242 2304 1298 2351 et
1325 2297 1705 2368 percutientes-
1733 2298 2127 2356 conscientiam

543 2416 561 2447 ι
607 2409 797 2450 eorum
869 2393 1163 2461 inﬁrmam,
1229 2393 1284 2449 in
1343 2393 1621 2449 Christum
1682 2396 1939 2465 peccatis.
1983 2396 2132 2465 Qua-

549 2508 568 2537 ε
618 2496 840 2558 propter
887 2485 935 2542 si
974 2502 1097 2542 esca
1138 2485 1472 2542 scandalizat
1514 2485 1736 2543 fratrem
1777 2504 1984 2555 meum,
2020 2505 2130 2545 non

543 2595 562 2627 ι
612 2576 952 2631 manducabo
1001 2591 1221 2633 carnem
1299 2575 1355 2630 in
1417 2587 1707 2644 aeternum,
1767 2595 1835 2634 ne
1902 2579 2126 2635 fratrem

544 2688 562 2719 ι
610 2683 790 2722 meum
821 2666 1205 2723 scandalizem.
1254 2686 1272 2716 ι

1182 2818 1483 2859 EXPOSITIO.

610 2940 777 2997 Error
796 2949 914 2996 erat
938 2941 992 2996 in
1022 2940 1323 2998 Corinthiis
1344 2942 1411 2998 dc
1442 2958 1547 2998 usu
1569 2941 1840 2999 ciborum.
1894 2942 2127 3011 Quidam

538 3032 684 3087 enim
709 3034 943 3089 scientes
979 3034 1165 3089 omnia
1218 3050 1341 3090 esse
1367 3035 1592 3100 munda,
1634 3051 1768 3091 sana
1802 3035 1908 3091 ﬁde
1942 3051 2126 3092 come-

537 3125 737 3180 dehant
764 3122 970 3180 omnia.
999 3124 1065 3179 Hi
1087 3133 1269 3181 autem
1318 3126 1409 3196 qui
1433 3126 1538 3181 ﬁde
1558 3125 1760 3181 inﬁrmi
1781 3136 1959 3194 erant,
1996 3143 2123 3183 cum

539 3217 785 3272 viderent
814 3217 1195 3287 prudentiores
1227 3234 1286 3274 se
1320 3192 1622 3289 idolothyta
1668 3192 1976 3285 comedere,
2007 3235 2128 3275 cre-
2155 3192 2202 3254 ο

540 3307 744 3361 debant
766 3321 861 3363 cos
890 3308 995 3363 sub
1021 3308 1376 3363 veneratione
1402 3308 1533 3363 idoli
1560 3308 1641 3364 sic
1666 3324 1847 3379 agerc,
1890 3317 1947 3364 et
1986 3309 2133 3365 ἀίων

540 3397 713 3452 bant:
745 3398 953 3452 Bonum
985 3409 1068 3454 est
1091 3405 1152 3453 ut
1186 3407 1528 3454 revertamur
1566 3399 1635 3454 ad
1668 3399 1987 3471 idolothyta.
2014 3398 2131 3456 Nisi

540 3489 689 3543 enim
712 3488 1076 3561 intelligerent
1123 3490 1330 3560 aliquid
1361 3505 1487 3547 esse
1529 3490 1758 3557 idolum,
1788 3506 1900 3546 non
1945 3506 2132 3547 come-

541 3581 734 3637 dcrent
763 3583 1041 3637 immolata
1083 3582 1189 3638 illis
1216 3583 1294 3648 hi,
1324 3583 1419 3653 qui
1448 3583 1591 3639 inter
1621 3599 1721 3638 nos
1755 3584 2133 3654 prudentiores

543 3684 692 3732 sunt.
719 3676 855 3731 Cum
889 3685 1071 3731 autem
1097 3676 1177 3732 sic
1197 3676 1421 3746 quidam
1464 3690 1657 3730 eorum
1683 3684 1933 3730 errarent
1977 3677 2130 3731 nole—

543 3767 677 3823 bant
702 3776 882 3824 tamen
912 3768 1174 3824 desistere
1191 3767 1571 3841 prudentiores
1603 3783 1636 3823 a
1657 3767 1796 3823 cibis
1819 3768 1945 3835 illis,
1970 3778 2025 3824 et
2052 3769 2133 3825 sic

542 3859 929 3929 percutiebantv
947 3859 1317 3915 conscientias
1346 3858 1713 3913 inﬁrmorum.
1749 3858 1815 3914 Et
1838 3860 1906 3914 de
1934 3860 2131 3931 hujus-

546 3951 695 4007 modi
726 3952 920 4022 incipit
960 3952 1052 4007 hic
1077 3951 1285 4007 Paulus
1329 3951 1557 4007 dicens:
1592 3948 1691 4007 De'
1717 3952 1988 4023 conjugiis
2037 3968 2133 4022 per

548 4043 835 4113 epistolam
858 4043 1242 4114 interrogastis
1260 4058 1348 4098 me
1379 4061 1392 4096 :
1421 4043 1516 4098 sed
1544 4043 1609 4098 de
1654 4043 1736 4098 his
1769 4061 1887 4115 quae
1923 4038 2134 4113 sacri/i4

545 4145 734 4189 cantur
768 4135 947 4201 idolis,
976 4135 1112 4190 nihil
1142 4134 1457 4205 requisistis
1480 4150 1511 4190 a
1543 4150 1632 4191 me
1659 4154 1672 4167 ο
1700 4151 1803 4192 nec
1856 4136 2129 4207 oportuit,

541 4239 669 4295 quia
705 4227 924 4292 scimus,
957 4225 1011 4279 id
1051 4233 1214 4281 estet
1243 4240 1341 4281 vos
1370 4225 1522 4282 scitis
1543 4234 1598 4282 et
1619 4242 1722 4298 ego
1750 4227 1893 4294 scio;
1925 4236 1979 4282 et
2005 4243 2130 4283 cum

545 4318 826 4387 aequaliter
852 4319 1113 4383 sciamus,
1140 4332 1273 4373 non-
1299 4319 1543 4389 oportuit
1566 4334 1665 4375 vos
1697 4335 1942 4391 quaarere
1965 4336 1996 4376 a
2021 4336 2129 4376 me:

541 4419 597 4464 et
646 4410 753 4465 hoc
776 4409 909 4464 dicit
952 4409 1180 4465 ironicc.
1212 4440 1215 4445 ν
1242 4410 1461 4467 Scimus
1514 4411 1703 4482 utique
1729 4411 1796 4467 de
1827 4412 1913 4468 his
1938 4454 1955 4480 ,
2003 4412 2133 4482 quia

543 4516 738 4555 omnes
765 4515 875 4555 non
915 4501 1059 4556 hanc
1086 4501 1283 4567 solam,
1311 4502 1404 4556 sed
1436 4501 1702 4558 habemus
1746 4517 2133 4573 quamcunque

547 4591 856 4646 scientiam.
919 4589 1080 4646 Modo
1131 4591 1404 4662 improbat
1463 4591 1605 4648 hanc
1668 4593 1976 4661 scientiam,
2034 4608 2133 4663 per
2159 4578 2210 4638 Ῑ)

552 4682 758 4736 malum
813 4682 961 4752 quod
1022 4681 1147 4738 inde
1208 4683 1476 4753 sequitur,
1539 4684 1729 4740 dicens
1792 4700 1896 4740 nos
1947 4684 2137 4755 utique

544 4764 797 4829 scimus:
830 4773 926 4828 sed
948 4774 1171 4828 scientia
1224 4774 1328 4830 ista
1368 4790 1478 4829 non
1517 4775 1652 4831 satis
1685 4775 1957 4831 laudanda
2007 4785 2132 4831 est:

546 4865 676 4935 quia
704 4864 882 4934 inﬂat,
910 4865 1068 4922 idest
1088 4864 1218 4922 facit
1237 4881 1337 4922 vos
1362 4867 1644 4937 superbire
1674 4875 1866 4922 contra
1891 4867 2137 4924 inﬁrmos

544 4953 763 5022 fratres,
791 4956 845 5010 in
874 4957 1074 5027 quibus
1098 4973 1207 5012 non
1235 4974 1305 5013 ex
1338 4958 1603 5016 charitate
1635 4958 1818 5030 agitis,
1844 4958 1939 5015 sed
1960 4959 2133 5014 male:

546 5049 679 5120 quia
707 5050 943 5106 charitas
1004 5052 1259 5124 wdiﬁcat,
1292 5054 1544 5109 nutriens
1590 5054 1822 5109 virtutes
1860 5053 1917 5107 in
1957 5051 2134 5123 perfe-

547 5143 748 5199 ctionis
793 5146 1355 5212 consummationem,
1389 5155 1443 5201 et
1497 5146 1619 5202 ideo
1676 5143 1901 5202 scientia
1952 5154 2132 5201 vestra

549 5235 719 5303 inﬂat,
746 5237 873 5307 quia
922 5254 1033 5293 non
1088 5246 1531 5308 contemperatur
1585 5238 1871 5293 cbaritate.
1925 5236 2134 5307 Impro-

548 5326 697 5383 bavit
721 5330 1007 5385 scientiam
1035 5345 1228 5385 eorum
1259 5344 1355 5399 per
1383 5330 1588 5384 malum
1618 5328 1906 5398 superbiae,
1935 5343 2131 5383 conse-

547 5436 725 5491 quens
753 5422 899 5477 illam
920 5441 936 5489 ;
957 5438 1106 5478 nunc
1141 5422 1317 5492 ipsam
1347 5421 1631 5476 scientiam
1659 5439 1672 5474 :
1706 5420 1999 5475 ostendens
2036 5435 2131 5476 eos

551 5512 864 5581 inscientes,
896 5513 950 5566 in
982 5529 1094 5583 quo
1116 5529 1175 5568 se
1218 5512 1534 5568 existimant
1580 5528 1705 5568 esse
1739 5512 1995 5568 scientes.
2037 5511 2131 5566 Li-

546 5614 635 5661 cet
659 5605 891 5660 dixerim
929 5621 1029 5659 vos
1063 5604 1319 5671 scientes,
1350 5613 1533 5659 tamen
1562 5606 1608 5658 si
1638 5605 1754 5674 quis
1783 5605 2050 5658 existimat
2080 5621 2134 5659 se

550 5698 685 5751 scire
711 5696 940 5767 aliquid,
975 5698 1055 5750 uti
1110 5712 1228 5762 vos,
1284 5697 1404 5752 sine
1433 5697 1700 5752 charitate
1728 5713 1743 5761 ;
1780 5693 2022 5765 profecto
2047 5697 2137 5752 hic

552 5784 806 5839 mundum
829 5782 1062 5855 cognovit
1085 5785 1155 5839 ad
1175 5801 1325 5855 quem
1348 5785 1560 5839 modum
1583 5791 1819 5854 oporteat
1840 5800 1958 5836 eum
1978 5785 2129 5838 scire.

2232 1938 2356 1984 sunt
2380 1932 2472 2002 qui
2494 1931 2747 1986 dicantur
2791 1932 2870 1985 dii
2899 1947 2919 1984 :
2952 1932 3061 1986 sive
3083 1931 3141 1986 in
3173 1930 3322 1996 cwlo,
3358 1937 3421 1985 ut
3464 1929 3682 2000 angeli;
3710 1929 3823 1984 sive

2229 2018 2286 2073 in
2312 2012 2474 2085 terra,
2499 2028 2561 2074 ut
2610 2019 2886 2090 apostoli;
2932 2019 3089 2090 juxta
3119 2019 3252 2075 illud
3278 2036 3291 2072 :
3330 2037 3350 2070 ι
3384 2017 3502 2090 Ego
3545 2017 3659 2073 dixi
3689 2037 3703 2071 :
3730 2015 3818 2071 Dii

2227 2111 2363 2167 estis
2394 2110 2570 2183 (Psal.
2610 2127 2798 2177 xxvxr,
2832 2111 2942 2182 1).)
2983 2111 3128 2167 Bene
3163 2111 3287 2167 dico
3306 2111 3562 2166 dicantur
3579 2110 3678 2175 dii,
3699 2110 3822 2179 qui,

2229 2201 2498 2273 siquidem
2524 2203 2579 2258 in
2613 2203 2843 2259 veritate
2863 2211 2994 2259 sunt
3026 2203 3184 2258 multi
3222 2202 3298 2258 dii
3326 2210 3411 2257 :et
3449 2201 3505 2256 in
3527 2200 3636 2258 diis
3662 2201 3824 2256 multi

2228 2293 2459 2361 domini,
2476 2296 2519 2365 ι
2531 2295 2633 2365 l5
2648 2304 2710 2350 ut
2729 2294 2784 2350 in
2797 2296 2939 2351 caelo
2958 2294 3269 2367 archangeli
3282 2294 3637 2350 dominantur
3650 2308 3822 2364 ange-

2228 2386 2317 2451 lis,-
2355 2387 2412 2441 in
2449 2399 2594 2442 terra
2638 2387 2873 2458 apostoli
2913 2386 3264 2459 martyribus.
3306 2384 3454 2440 Licet
3488 2385 3680 2457 utique
3713 2386 3823 2439 sint

2230 2479 2385 2533 multi
2406 2479 2506 2545 dii,
2535 2479 2682 2534 nobis
2706 2488 2881 2534 tamen
2905 2488 2983 2535 est
3005 2496 3141 2533 unus
3166 2477 3308 2533 Deus
3329 2477 3515 2545 Pater,
3546 2493 3612 2531 etc
3632 2493 3746 2548 quo
3771 2475 3822 2531 in

2231 2571 2500 2642 principio
2518 2579 2699 2627 creata
2727 2581 2857 2627 sunt
2879 2571 3081 2638 omnia,
3117 2580 3168 2625 et
3213 2585 3307 2625 nos
3353 2569 3524 2626 creati
3556 2567 3821 2625 subsisti-

2231 2678 2355 2718 mus
2389 2664 2446 2716 in
2474 2662 2570 2717 illo
2597 2678 2694 2733 per
2726 2662 3175 2735 gubernationem
3204 2662 3361 2733 ejus;
3396 2670 3447 2716 et
3490 2675 3628 2714 unus
3677 2658 3821 2713 Deus

2229 2764 2305 2808 est
2338 2752 2596 2809 Dominus
2617 2753 2773 2808 Iesus
2791 2752 3058 2810 Christus.
3096 2752 3164 2809 Et
3185 2753 3326 2809 bene
3345 2752 3414 2809 de
3430 2752 3640 2808 unitate
3658 2749 3822 2806 Chri-

2230 2845 2300 2900 sti
2335 2860 2462 2900 cum
2504 2844 2668 2901 Patre
2712 2845 2976 2902 subdidit.
3033 2844 3109 2900 De
3152 2845 3263 2924 hoc
3300 2845 3448 2901 enim
3490 2843 3822 2900 hesitahant

2228 2936 2522 3015 Corinthii,
2558 2954 2653 3009 per
2681 2953 2833 3009 quem
2851 2936 3041 2993 Jesum
3069 2935 3349 2993 Christum
3375 2936 3520 2992 facta
3549 2945 3681 2993 sunt
3706 2951 3823 2989 om-

2231 3030 2341 3084 nia.
2381 3029 2543 3085 Pater
2576 3029 2723 3085 enim
2757 3029 2943 3084 omnia
2968 3029 3213 3085 condidit
3241 3029 3297 3084 in
3318 3027 3478 3096 Filio,
3506 3037 3562 3084 et
3602 3044 3700 3082 nos
3733 3043 3821 3098 per

2230 3123 2403 3192 ipsum
2424 3119 2703 3178 Christum
2729 3120 3059 3178 mediantem
3084 3136 3277 3177 sumus
3306 3120 3362 3175 in
3391 3120 3522 3177 Deo.
3562 3118 3673 3176 Sed
3694 3119 3821 3175 licet

2233 3211 2289 3265 in
2315 3211 2403 3268 his
2432 3226 2624 3268 sanam
2654 3212 2958 3269 habeamus
2979 3212 3284 3279 scientiam,
3313 3222 3486 3267 tamen
3506 3213 3692 3266 nonin
3716 3228 3821 3265 om-

2235 3303 2390 3357 nibus
2440 3305 2666 3358 scientia
2708 3313 2891 3360 nostra
2931 3320 3087 3375 teque
3128 3303 3387 3375 perfecta.
3440 3302 3579 3359 Vere
3625 3319 3733 3358 non
3768 3304 3819 3357 in

2232 3395 2503 3461 omnibus;
2526 3397 2747 3468 quidam
2770 3397 2917 3452 enim
2942 3413 3052 3454 non
3082 3396 3307 3468 integra
3339 3396 3485 3464 ﬁdei,
3497 3396 3818 3450 conscientia

2232 3487 2365 3542 idoli
2396 3495 2652 3543 manente
2680 3503 2857 3559 usque
2879 3503 3049 3557 nunc,
3081 3503 3189 3559 qua
3215 3487 3421 3543 idolum
3446 3489 3817 3543 venerandum

2232 3593 2355 3635 esse
2383 3578 2635 3647 credunt,
2672 3579 2996 3634 manducent
3032 3580 3188 3652 quasi
3227 3579 3605 3649 idolothytum,
3647 3579 3702 3634 id
3734 3587 3814 3634 est

2235 3671 2516 3727 immolata
2552 3671 2702 3727 idolo
2747 3672 2852 3728 sub
2895 3672 3245 3727 veneratione
3284 3670 3433 3727 idoli.
3482 3669 3555 3725 Et
3596 3671 3700 3725 hoc
3729 3669 3809 3724 fa-

2233 3763 2428 3819 ciendo
2447 3763 2708 3835 polluitur
2726 3764 3048 3819 conscientia
3069 3764 3324 3834 ipsorum,
3360 3778 3480 3817 cum
3508 3762 3579 3816 sit
3600 3762 3809 3830 infirma

2232 3870 2334 3926 pro
2366 3854 2777 3926 imperfectione
2812 3855 2935 3912 ﬁdei
2965 3874 2979 3910 :
3013 3856 3134 3912 illos
3169 3854 3391 3924 quidem
3431 3854 3626 3925 polluit
3668 3867 3816 3918 esea,

2233 3967 2339 4022 qua
2369 3959 2616 4019 utuntur,
2643 3951 2771 4022 quia
2804 3965 2906 4007 nos
2932 3947 3116 4007 vidé'nt
3140 3951 3242 4019 uti,
3276 3951 3367 4007 sed
3414 3951 3508 4007 illa
3551 3966 3672 4006 esca
3713 3965 3820 4004 non

2234 4044 2564 4099 commendat
2612 4059 2706 4098 nos
2747 4042 2877 4098 Deo.
2908 4041 3200 4115 Nunquam
3238 4042 3385 4099 enim
3424 4053 3649 4115 propter
3676 4043 3823 4099 hanc

2232 4151 2415 4193 escam
2450 4136 2728 4193 ehariores
2753 4136 2961 4192 erimus
2989 4135 3119 4192 Deo.
3155 4135 3337 4204 Quare
3367 4151 3480 4192 non
3512 4137 3570 4192 in
3591 4137 3700 4193 hoc
3725 4136 3824 4193 de-

2234 4228 2490 4285 beremus
2513 4228 2806 4284 offendere.
2849 4227 2990 4283 Vere
3016 4228 3133 4284 hate
3166 4245 3288 4283 esca
3336 4246 3440 4283 non
3484 4229 3824 4283 commendat

2236 4335 2330 4373 nos
2360 4318 2469 4374 Deo
2491 4333 2510 4372 :
2533 4334 2657 4372 nam
2697 4319 2746 4372 si
2787 4334 2890 4371 non
2933 4318 3424 4373 manducaverimus
3458 4319 3603 4374 hanc
3633 4334 3824 4374 escam

2235 4427 2410 4482 neque
2438 4411 2558 4466 ideo
2585 4409 2900 4466 deﬁciamus
2936 4425 2975 4465 an
3006 4409 3139 4478 Deo,
3170 4425 3348 4481 neque
3372 4410 3420 4466 si
3446 4410 3828 4465 manducaveo

2235 4502 2430 4569 rimus,
2460 4507 2747 4572 propterea
2779 4500 3165 4555 abundabimus
3192 4502 3247 4556 in
3273 4502 3435 4557 bono.
3476 4501 3539 4556 Et
3567 4501 3828 4572 quando-

2233 4593 2455 4662 quidem
2480 4592 2561 4647 nil
2587 4592 2812 4663 impedit
2827 4591 3120 4659 abstinere,
3149 4591 3225 4646 nil
3246 4592 3469 4664 adjuvat
3492 4592 3827 4647 comedere:

2248 4683 2428 4739 Videte
2455 4698 2607 4758 ergo,
2649 4696 2715 4739 ne
2743 4684 2879 4755 forte
2899 4685 3011 4740 hazc
3033 4684 3248 4739 licentia
3277 4694 3448 4740 vestra
3473 4694 3686 4741 noceat.
3733 4684 3833 4738 Li-

2234 4786 2321 4832 cet
2340 4776 2857 4848 utique‘secundum
2884 4793 3073 4834 sanam
3098 4778 3260 4834 ﬁdem
3283 4786 3544 4845 vestram,
3579 4777 3676 4834 sed
3707 4791 3832 4832 non

2234 4869 2309 4924 ita
2329 4869 2457 4925 licet
2478 4880 2538 4924 ut
2558 4884 2656 4939 per
2684 4868 2791 4925 hoc
2818 4870 2915 4940 ﬁat
2939 4869 3317 4939 oﬂ'endiculum
3350 4869 3582 4940 inﬁrmis
3625 4870 3831 4939 fratri-

2235 4961 2353 5030 bus,
2388 4962 2536 5032 quod
2574 4962 2823 5017 contuitu
2868 4970 3058 5017 nostro
3097 4960 3480 5017 manducando
3519 4960 3833 5033 idolothyta

2232 5061 2479 5122 peccent,
2517 5050 2647 5120 quia
2677 5050 2781 5106 sub
2806 5051 3156 5105 veneratione
3183 5051 3333 5107 idoli.
3374 5050 3664 5120 Propterea
3691 5049 3835 5105 dico

2234 5159 2304 5198 ne
2331 5143 2427 5213 ﬁat
2453 5130 2829 5211 oﬁ'endiculum
2843 5159 2863 5208 ;
2887 5143 3016 5212 quia
3043 5144 3088 5196 si
3115 5144 3233 5216 quis
3257 5157 3368 5197 non
3402 5158 3550 5198 sanas
3587 5142 3715 5197 ﬁdei
3754 5143 3834 5196 oi-

2233 5236 2373 5289 derit
2403 5250 2521 5289 eum
2556 5236 2933 5290 recumbentem
2967 5236 3025 5289 in
3063 5235 3229 5302 idolo,
3274 5235 3327 5290 id
3364 5243 3449 5291 est
3475 5235 3531 5289 in
3559 5235 3679 5290 loco
3727 5236 3836 5290 ubi

2232 5328 2549 5382 immolatur
2572 5327 2747 5396 idolo;
2779 5344 2898 5382 eum
2922 5327 3046 5383 dico
3074 5330 3163 5399 qui
3189 5329 3339 5383 habet
3362 5328 3637 5383 scientiam
3666 5329 3835 5399 quod

2235 5418 2416 5473 omnis
2457 5426 2706 5473 creatura
2746 5418 2843 5475 Dei
2890 5420 3093 5475 munda
3137 5421 3228 5486 sit,
3279 5436 3380 5476 nec
3418 5420 3838 5476 contaminetur

2234 5518 2454 5579 propter
2480 5509 2684 5566 idolum
2728 5511 2775 5566 si
2817 5505 2949 5567 sana
2989 5513 3121 5568 ﬁdes
3154 5513 3254 5579 sit,
3292 5513 3484 5569 videns
3510 5514 3626 5568 .hoc
3658 5512 3830 5568 inﬁr-

2235 5619 2378 5671 mus,
2415 5621 2582 5658 nonne
2606 5606 2926 5660 conscientia
2959 5606 3073 5674 ejus
3096 5621 3215 5659 cum
3244 5608 3314 5660 sit
3346 5607 3560 5676 inﬁrma
3609 5606 3830 5658 anima-

2234 5696 2381 5749 bitur
2414 5696 2662 5766 exemplo
2687 5704 2783 5751 tuo
2811 5698 2881 5750 ad
2903 5699 3331 5752 manducandum
3357 5698 3674 5768 idolothyta,
3714 5696 3837 5751 sub

2232 5787 2584 5843 veneratione
2613 5787 2786 5845 idoli?
2821 5787 2915 5860 .Et»
2945 5789 3026 5844 sie
3071 5805 3167 5860 per
3213 5788 3486 5845 inﬁrmam
3530 5787 3833 5845 conscien-
