3978 6404
206 346 309 399 165

807 342 1168 399 ΙίΧΡΟΒΙΤΙΟ
1207 343 1271 397 IN
1314 343 1693 398 EPISTOLAS
1729 343 1768 396 Ρ

1878 342 1954 396 l.l.
1998 374 2065 381 —-
2107 342 2168 396 IN
2211 343 2425 398 l‘ll‘lST.
2474 344 2488 396 Ι
2532 343 2620 396 Μ)
2654 343 2803 399 COll.

3348 330 3447 391 195

197 459 325 512 tiam
359 457 552 527 peribit
584 457 826 526 inﬁrmus
878 458 1045 525 frater
1087 459 1142 511 in
1182 467 1275 511 tua
1318 458 1561 517 scientia.
1613 457 1773 527 cujus
1808 469 1844 518 Α
1882 476 1901 506 ι
1944 457 2277 526 dispensatio
2305 457 2435 511 inihi
2458 458 2664 513 credita
2690 466 2793 512 est.
2833 455 2965 524 Qua:
2984 465 3213 529 estergo
3242 474 3454 516 merces

192 547 437 617 exemplo
473 546 727 602 comedit.

257 634 368 692 Nec
404 636 512 692 hoc
541 637 657 692 leve
684 646 865 707 putes.
896 638 1026 708 quia
1065 637 1154 693 hic
1206 646 1289 694 est
1330 637 1515 704 frater,
1557 647 1767 708 propter

189 743 336 799 quem
366 727 612 784 Christus
654 738 892 783 mortuus
941 738 1038 797 est,
1074 738 1127 785 et
1155 739 1375 801 propter
1402 745 1565 801 quem
1593 730 1768 784 modi-

190 837 309 876 cum
351 821 541 877 cibum
572 837 682 877 non
713 820 795 877 vis
834 822 1127 889 dimittere,
1171 822 1305 877 nihil
1340 822 1437 877 tibi
1482 820 1768 878 conferen—

188 923 289 967 tem
311 912 337 965 τ
370 910 440 967 Et
472 900 607 983 quia
650 912 707 966 in
756 920 850 967 tua
888 912 1339 983 scientia.peribit
1367 909 1556 978 frater,
1585 926 1767 980 peccas

192 1005 239 1057 in
260 1003 510 1073 fratrem.
554 1002 645 1058 Sic
671 1012 854 1059 autem
888 1013 1163 1074 peccantes
1204 1005 1262 1057 in
1304 1003 1517 1073 fratres,
1555 1011 1607 1056 et
1646 1018 1766 1071 per-

149 1094 156 1101 ’
191 1097 441 1149 αιὶεηιεε
480 1095 604 1151 cibo
626 1105 808 1151 vestro
842 1096 1112 1167 inﬁrmam
1149 1096 1521 1149 conscientiam
1549 1078 1761 1160 eorum,

190 1188 426 1257 peccatis
456 1200 645 1243 contra
669 1187 949 1243 Christum
989 1188 1084 1259 qui
1126 1197 1379 1242 mortuus
1424 1195 1507 1242 est
1542 1194 1763 1256 propter

192 1278 486 1333 infirmum.
530 1277 882 1350 Quapropter,
922 1280 973 1341 id
1005 1287 1107 1346 est,
1148 1278 1276 1350 quia
1316 1292 1541 1348 peccare
1564 1277 1619 1331 in
1650 1276 1762 1331 fra-

198 1379 350 1437 trem,
383 1384 611 1441 peccare
639 1371 801 1426 estin
823 1370 1124 1437 Christum,
1149 1372 1196 1425 si
1221 1386 1341 1425 esca
1378 1384 1499 1424 mea
1533 1368 1764 1422 scanda-

195 1461 319 1514 lizat
338 1461 562 1531 fratrem
598 1477 790 1528 meum,
822 1477 924 1515 non
953 1461 1282 1515 manducabo
1302 1477 1513 1515 carnem
1536 1461 1591 1513 in
1614 1470 1767 1514 auer-

194 1567 330 1604 num.
372 1549 579 1606 Verum
603 1550 825 1622 quidem
851 1558 956 1616 est,
1000 1550 1129 1621 quia
1170 1551 1226 1605 in
1260 1549 1562 1605 aeternitate
1605 1563 1766 1603 nemo

197 1651 373 1697 utetur
401 1642 528 1697 cibo
567 1641 768 1707 carnis,
797 1642 893 1697 sed
921 1640 1043 1697 ideo
1072 1642 1155 1698 sic
1186 1641 1263 1697 ait
1292 1648 1352 1696 ut
1380 1640 1554 1711 magis
1588 1640 1767 1695 deter-

196 1743 298 1789 reat
325 1749 358 1788 a
388 1727 648 1789 seandalo
681 1731 886 1800 fratris,
916 1748 1042 1788 cum
1062 1732 1195 1788 dicit
1224 1750 1236 1786 :
1270 1731 1407 1799 Quia
1438 1732 1485 1787 si
1524 1731 1578 1786 in
1609 1740 1767 1786 aeter-

1875 566 1894 598 ‹
1936 547 2101 602 mea?
2137 546 2209 603 Ut
2231 546 2581 619 Evangelium
2608 547 2931 619 praedicans,
2957 548 3076 603 sine
3104 559 3321 620 sumptu
3352 566 3451 622 pe-

1876 659 1893 690 c
1936 655 2064 695 nam
2086 638 2460 711 Evangelium,
2490 648 2552 695 ut
2576 636 2684 695 non
2712 641 2906 695 abutar
2943 648 3211 710 potestate
3241 657 3361 697 mea
3393 644 3449 699 in

1875 752 1891 780 ι
1936 730 2243 801 Evangelio.
2303 730 2437 785 Nam
2487 747 2610 785 eum
2646 732 2785 787 liber
2837 746 3012 786 essem
3068 747 3135 787 ex
3170 732 3447 795 omnibus.

1876 841 1893 873 ι
1939 821 2184 875 omnium
2216 836 2302 875 me
2333 837 2549 876 servum
2583 820 2705 887 feci,
2740 831 2799 875 ut
2838 821 3022 892 plures
3046 818 3467 877 lucrifaceremf

1876 932 1894 963 ι
1938 911 2005 966 Et
2034 912 2209 966 factus
2236 927 2355 967 sum
2371 911 2572 966 Jndtcls
2595 921 2854 981 tanquam
2881 910 3122 978 Judaeus,
3151 922 3210 966 nt
3231 911 3451 968 Iudaeos

1875 1024 1894 1054 ι
1942 1004 2217 1069 lucrarer;
2265 1003 2332 1057 iis
2384 1003 2474 1072 qui
2520 1003 2622 1057 sub
2659 1002 2776 1073 lege
2821 1012 2970 1068 sunt,
3001 1004 3158 1073 quasi
3184 1004 3294 1079 sub
3339 1003 3455 1073 lege

1877 1115 1895 1147 ι
1935 1111 2111 1151 essem
2149 1095 2294 1165 (cum
2325 1095 2442 1164 ipse
2464 1110 2573 1148 non
2609 1110 2785 1149 essem
2817 1095 2918 1149 sub
2952 1095 3111 1164 lege),
3145 1104 3201 1149 ut
3226 1110 3321 1151 eos
3357 1095 3453 1164 qni

1876 1208 1893 1238 ε
1941 1187 2042 1242 sub
2066 1187 2180 1256 lege
2201 1195 2355 1240 erant
2375 1184 2770 1251 lucrifacerem;
2797 1185 2863 1239 iis
2886 1184 2979 1255 qui
3002 1185 3119 1240 sine
3140 1186 3256 1255 lege
3275 1192 3449 1248 erant,

1877 1299 1895 1330 ι
1940 1288 2197 1348 tanquam
2227 1277 2343 1331 sine
2364 1278 2481 1347 lege
2504 1292 2678 1332 essem
2711 1279 2855 1348 (cum
2889 1276 3006 1330 sine
3042 1277 3158 1346 lege
3202 1275 3293 1331 Dei
3339 1292 3448 1329 non

1877 1389 1897 1421 ς
1937 1386 2146 1437 essem,
2178 1370 2273 1425 sed
2305 1369 2359 1422 in
2400 1369 2517 1440 lege
2546 1384 2721 1424 essem
2759 1367 3007 1436 Christi),
3058 1375 3119 1421 ut
3167 1366 3452 1424 lucriface-

1875 1482 1893 1513 ι
1935 1477 2051 1517 rem
2072 1476 2187 1527 eos,
2219 1458 2314 1532 qui
2342 1460 2460 1517 sine
2492 1461 2607 1531 lege
2635 1467 2810 1514 erant.
2849 1458 3047 1514 Factus
3076 1475 3199 1515 sum
3221 1459 3455 1515 inﬁrmis

1876 1573 1894 1604 α
1941 1553 2210 1621 inﬁrmus,
2236 1563 2297 1608 ut
2331 1550 2576 1607 inﬁrmes
2599 1550 2996 1607 lucrifacerem.
3040 1549 3306 1607 Omnibus
3331 1566 3451 1606 om-

1880 1665 1897 1697 ι
1941 1646 2030 1700 nia
2052 1643 2230 1700 factus
2254 1660 2400 1711 sum,
2435 1651 2497 1699 ut
2526 1658 2717 1713 qmncs
2744 1641 2978 1698 facerem
3015 1643 3216 1697 salvos.
3255 1641 3451 1698 Omnia

1884 1758 1901 1787 ε
1948 1745 2128 1792 autem
2153 1735 2295 1792 facio
2315 1743 2536 1807 propter
2565 1734 2938 1806 Evangelium,
2963 1742 3023 1788 nt
3045 1734 3311 1804 particeps
3332 1733 3453 1803 ejus

195 1839 315 1878 num
348 1823 510 1880 cibus
537 1823 719 1879 carnis
743 1823 1121 1879 comederetur
1152 1822 1278 1889 sibi,
1320 1830 1601 1892 respueret
1637 1836 1764 1877 eum
1795 1809 1839 1867 Β
1872 1848 1891 1880 ‹
1932 1828 2154 1884 etIiciar.
2193 1826 2446 1894 Nescitis,
2489 1825 2636 1897 quod
2670 1826 2727 1880 hi
2758 1825 2853 1896 qui
2888 1826 2942 1880 in
2985 1825 3161 1880 stadio
3203 1833 3452 1890 currunt,

197 1930 255 1969 ne
281 1922 516 1985 poneret
538 1914 924 1970 oﬂ'endiculum
950 1913 1125 1981 fratri,
1150 1914 1272 1970 ideo
1299 1914 1499 1969 nollem
1527 1914 1583 1968 in
1604 1922 1763 1969 aeter-

198 2020 315 2060 num
345 2006 680 2062 manducare
705 2021 946 2062 carnem.
986 2004 1104 2061 Non
1143 2006 1264 2061 ideo
1308 2006 1486 2061 solum
1537 2020 1607 2060 ne
1650 2004 1765 2059 fra-

199 2110 321 2152 trem
352 2112 540 2152 meum
564 2112 789 2168 peccare
814 2096 1076 2165 facerem,
1117 2097 1211 2153 sed
1251 2113 1316 2152 ne
1347 2096 1767 2175 eum'scandali-

210 2206 313 2256 λείη,
344 2189 403 2244 id
425 2198 513 2244 est
541 2189 731 2245 saltem
767 2190 952 2244 animo
981 2189 1320 2245 contristem.

795 2280 1025 2336 CAPUT
1064 2279 1155 2335 IX.

266 2390 281 2422 ι
321 2370 443 2427 Non
483 2388 610 2428 sum
656 2373 839 2428 liber?
874 2371 993 2427 Non
1036 2388 1157 2428 sum
1203 2372 1525 2443 apostolus?
1578 2370 1769 2426 Nonne

214 2482 229 2513 ι
263 2463 539 2521 Christum
570 2464 756 2522 Jesum
802 2465 1091 2519 Dominum
1122 2475 1371 2541 nostrum
1398 2464 1546 2520 vidi?
1576 2463 1769 2519 Nonne

218 2573 234 2605 ι
268 2571 392 2626 opus
418 2572 607 2611 meum
636 2571 734 2611 vos
757 2557 893 2612 estis
924 2557 978 2610 in
1005 2555 1281 2612 Domino?
1315 2555 1381 2609 Et
1415 2556 1462 2611 si
1496 2556 1618 2611 aliis
1658 2570 1767 2611 non

223 2665 239 2695 ι
278 2662 386 2701 sum
423 2647 727 2717 apostolus,
772 2649 865 2703 sed
909 2658 1088 2703 tamen
1130 2636 1286 2703 vobis
1319 2664 1479 2702 sum:
1519 2664 1643 2702 nam
1690 2648 1768 2703 si~

230 2757 247 2788 ι
282 2740 547 2808 gnaculum
578 2740 916 2809 apostolatus
956 2740 1061 2795 mei
1104 2755 1201 2794 vos
1240 2739 1372 2794 estis
1416 2740 1470 2793 in
1514 2738 1766 2793 Domino.

233 2848 249 2879 ι
287 2829 386 2885 Mea
419 2830 664 2886 defensio
699 2831 839 2901 apud
874 2847 970 2886 eos
1005 2831 1099 2901 qui
1134 2846 1222 2886 me
1251 2826 1608 2901 interrogant,
1655 2831 1770 2886 haec

227 2939 244 2971 ι
279 2929 367 2976 est.
403 2920 663 2993 Nunquid
705 2937 812 2976 non
852 2922 1115 2977 habemus
1160 2931 1484 2992 potestatem
1535 2922 1770 2978 mandu-

221 3029 238 3062 ι
270 3012 413 3067 candi
436 3022 493 3069 et
521 3014 785 3069 bibendi?
816 3012 1070 3084 Nunquid
1095 3028 1205 3069 non
1241 3014 1508 3071 habemus
1531 3024 1773 3085 potesta-

231 3104 367 3159 tten'i
412 3106 702 3161 mulierem
747 3121 990 3161 sororem
1030 3105 1491 3176 circumducendi,
1531 3107 1674 3163 sicut
1718 3116 1773 3165 et

233 3197 438 3252 «caeteri
482 3197 742 3268 apostoli,
786 3205 841 3253 et
882 3196 1080 3253 fratres
1134 3196 1376 3267 Domini,
1419 3206 1475 3255 et
1518 3199 1774 3270 Cepbas?
1800 3179 1844 3241 Ο

227 3306 241 3335 ι
271 3288 365 3343 Aut
392 3290 550 3346 solus
569 3306 669 3361 ego
698 3299 752 3345 et
782 3289 1081 3358 Barnabas,
1106 3306 1215 3345 non
1244 3291 1509 3347 habemus
1536 3299 1773 3361 potesta-

221 3396 237 3427 ι
270 3389 370 3434 tem
412 3381 522 3436 hoc
559 3381 865 3451 operandi?
901 3380 1035 3448 Quis
1076 3382 1271 3436 militat
1324 3382 1440 3438 suis
1490 3381 1774 3453 stipendiis

224 3488 239 3517 ι
276 3472 548 3541 unquam?
584 3470 719 3538 Quis
757 3472 967 3541 plantat
998 3473 1236 3539 vineam,
1265 3480 1321 3527 et
1352 3472 1420 3527 de
1450 3470 1631 3527 fructu
1654 3472 1775 3542 ejus

222 3577 239 3607 ς
278 3575 377 3614 non
400 3561 560 3616 edit?
595 3560 730 3628 Quis
759 3562 934 3631 pascit
958 3577 1193 3633 gregem,
1223 3571 1276 3617 et
1314 3561 1382 3617 de
1424 3562 1562 3618 lacte
1597 3564 1775 3634 gregis

221 3670 236 3700 ι
279 3668 379 3706 non
425 3654 773 3708 manducat?
826 3652 1083 3723 Nunquid
1142 3653 1441 3709 secundum
1497 3655 1774 3712 hominem

220 3764 234 3789 ι
277 3744 387 3799 haec
414 3745 580 3801 dico?
616 3744 701 3799 An
738 3754 793 3809 et
827 3747 913 3800 lex
952 3746 1067 3801 haec
1112 3762 1222 3802 non
1267 3746 1442 3802 dicit?
1500 3745 1775 3818 Scriptum

221 3854 236 3883 ι
272 3845 353 3890 est
376 3838 519 3892 enim
558 3839 613 3893 in
652 3839 769 3910 lege
798 3839 967 3912 Moysi
998 3859 1011 3895 :
1049 3859 1068 3892 ι
1098 3838 1217 3897 Non
1262 3841 1510 3913 alligabis
1548 3857 1612 3897 os
1650 3842 1776 3897 bovi

222 3946 239 3978 ι
274 3929 546 3984 trituranti
569 3928 748 4000 (Deut.
772 3948 898 3999 xxv,
929 3934 996 3998 ὣς
1022 3931 1049 3985 1
1075 3932 1211 3987 Tim.
1236 3949 1291 3999 v,
1317 3932 1426 4004 18);
1460 3952 1478 3985 ι
1518 3932 1778 4005 Nunquid

225 4037 239 4070 t
275 4021 342 4075 de
381 4022 555 4078 bobus
599 4038 731 4079 cura
760 4033 844 4080 est
879 4024 1034 4079 Deo?
1070 4025 1153 4079 An
1197 4034 1418 4096 propter
1460 4041 1562 4081 nos
1591 4027 1779 4096 utique

224 4131 238 4161 ι
280 4114 382 4169 hoc
406 4114 581 4169 dicit?
614 4113 747 4169 Nam
795 4125 1013 4186 propter
1054 4132 1155 4171 nos
1201 4117 1403 4187 scripta
1444 4125 1596 4185 sunt,
1640 4132 1779 4188 quo-

225 4222 241 4255 ι
279 4206 417 4260 niam
444 4208 604 4279 116
623 4208 781 4263 debet
808 4208 862 4262 in
898 4224 992 4279 spe
1018 4209 1112 4280 qui
1133 4219 1253 4264 arat
1280 4224 1469 4276 arare;
1492 4218 1546 4264 et
1565 4209 1659 4280 qui
1683 4210 1781 4264 tri-

225 4316 240 4346 ι
277 4307 436 4366 turat,
476 4300 534 4353 in
563 4315 658 4369 spe
704 4299 915 4355 fructus
960 4301 1312 4371 percipiendi.
1373 4300 1431 4356 Si
1482 4316 1583 4357 nos
1626 4301 1780 4357 vobis

226 4410 240 4440 ι
280 4391 577 4461 spiritualia
608 4392 1018 4458 seminavimus,
1051 4407 1308 4464 magnum
1337 4401 1420 4449 est
1445 4392 1488 4449 si
1524 4407 1627 4448 nos
1660 4408 1781 4448 car-

227 4501 241 4524 ο
280 4483 418 4537 nalia
452 4491 631 4538 vestra
670 4483 983 4540 metamus?
1021 4481 1078 4537 Si
1128 4484 1221 4538 alii
1262 4484 1547 4555 potestatis
1586 4493 1781 4539 vestrm

227 4592 241 4621 ι
277 4574 561 4644 participes
609 4583 756 4639 sunt,
786 4590 955 4644 quare
990 4590 1102 4629 non
1127 4576 1307 4646 potius
1350 4577 1495 4631 nos?
1539 4576 1634 4632 sed
1668 4592 1777 4631 non

230 4682 243 4714 ι
279 4665 358 4720 usi
393 4681 586 4721 sumus
616 4666 719 4721 hac
758 4675 1041 4736 potestate.
1084 4664 1188 4722 Sed
1216 4667 1398 4722 omnia
1423 4668 1778 4733 sustinemus,

228 4775 241 4805 ‹
279 4772 342 4812 ne
365 4759 511 4829 quod
550 4757 934 4813 olfendiculum
985 4759 1179 4815 demus
1220 4758 1512 4830 Evangelio
1556 4759 1777 4815 Christi.

229 4865 241 4892 ι
280 4845 524 4914 Nescitis,
553 4848 813 4918 quoniam
835 4849 931 4919 qui
964 4849 1019 4903 in
1052 4833 1291 4904 sacrario
1319 4857 1630 4918 operantur,
1659 4864 1782 4919 quae

230 4955 245 4983 ε
280 4938 338 4993 de
364 4940 609 4995 sacrario
632 4948 778 5006 sunt,
807 4940 1011 4995 edunt?
1045 4939 1110 4995 Et
1134 4941 1228 5009 qui
1252 4940 1412 4994 altari
1447 4941 1778 5005 deserviunt,

231 5047 246 5076 ι
284 5046 395 5086 cum
435 5032 596 5086 altari
627 5032 994 5103 participant?
1026 5031 1101 5087 lta
1138 5041 1190 5086 et
1222 5032 1485 5086 Dominus
1513 5031 1783 5086 ordinavit

232 5139 248 5167 ι
286 5122 360 5179 his
380 5126 473 5195 qui
505 5123 855 5195 Evangelinm
882 5125 1227 5191 annuntiant,
1257 5124 1324 5179 de
1360 5123 1650 5194 Evangelio
1695 5124 1780 5177 vi-

235 5232 251 5261 σ
289 5229 419 5271 vere.
463 5216 578 5285 Ego
625 5226 805 5271 autem
851 5218 1001 5271 nullo
1048 5217 1243 5271 horum
1286 5232 1419 5272 usus
1466 5231 1607 5271 sum.
1662 5214 1782 5270 Non

236 5322 252 5352 ι
292 5318 457 5364 autem
476 5310 685 5388 scripsi
708 5309 843 5375 hmo,
872 5320 931 5365 ut
959 5310 1031 5364 ita
1062 5309 1196 5363 ﬁant
1223 5308 1278 5362 in
1312 5324 1418 5364 me.
1458 5308 1667 5362 Bonum
1700 5317 1783 5363 est

238 5413 255 5444 ι
290 5401 421 5455 enim
446 5402 584 5457 mihi
610 5404 781 5473 magis
810 5404 970 5469 mori,
1014 5420 1179 5473 quam
1228 5411 1287 5457 ut
1334 5402 1563 5473 gloriam
1607 5417 1780 5456 meam

242 5504 260 5536 ι
292 5492 403 5560 quis
426 5503 672 5550 evacuet.
711 5494 844 5548 Nam
867 5496 912 5550 si
936 5494 1393 5565 evangelizavero,
1418 5511 1525 5548 non
1548 5503 1630 5549 est
1650 5493 1783 5548 mihi

244 5596 262 5629 ι
295 5584 449 5652 gloria
478 5606 491 5641 :
525 5588 823 5643 necessitas
842 5588 988 5642 enim
1023 5587 1156 5642 mihi
1184 5588 1449 5643 incumbit
1475 5606 1487 5641 :
1511 5603 1592 5641 va:
1638 5586 1783 5641 enim

247 5687 266 5720 ι
297 5676 418 5731 mihi
440 5687 546 5745 est,
587 5679 635 5733 si
664 5694 772 5732 non
815 5679 1276 5748 evangelizavero.
1320 5677 1376 5732 Si
1422 5678 1567 5732 enim
1603 5677 1788 5730 volens

251 5781 270 5813 ι
304 5768 394 5823 hoc
445 5786 564 5841 agn,
616 5771 916 5825 mercedem
962 5770 1170 5834 habeo;
1217 5770 1264 5824 si
1317 5779 1495 5822 autem
1552 5767 1789 5831 invitus,

1873 1935 1893 1969 ι
1933 1933 2124 1973 omnes
2145 1917 2364 1988 quidem
2391 1925 2639 1981 currunt,
2660 1916 2752 1970 sed
2778 1931 2923 1970 unus
2946 1915 3144 1985 accipit
3165 1914 3455 1969 bravium?
3485 1926 3497 1941 '

1873 2029 1892 2060 α
1934 2008 2025 2065 Sic
2052 2009 2256 2064 currite
2299 2017 2357 2062 ut
2392 2007 2883 2077 comprehendatis.
2922 2004 3114 2061 Omnis
3145 2013 3326 2061 autem
3356 2004 3453 2075 qui

1874 2118 1892 2151 ι
1935 2100 1990 2153 in
2033 2115 2203 2170 agone
2242 2098 2544 2164 contendit,
2593 2098 2661 2151 ab
2702 2097 2958 2151 omnibus
2992 2111 3051 2151 se
3098 2096 3334 2151 abstinet
3360 2114 3373 2149 :
3399 2106 3455 2150 et

1876 2211 1893 2242 ι
1936 2192 2012 2245 illi
2040 2190 2258 2261 quidem
2304 2198 2364 2245 ut
2405 2188 2811 2258 corruptibilem
2860 2202 3119 2241 coronam
3158 2186 3450 2257 accipiant,

1806 2274 1809 2277 λ
1874 2303 1892 2335 ι
1939 2298 2038 2339 nos
2062 2292 2242 2338 autem
2263 2282 2655 2351 incorruptam.
2696 2278 2809 2350 Ego
2829 2279 2993 2349 igitur
3019 2278 3100 2333 sic
3122 2292 3306 2343 curro,
3337 2292 3446 2332 non

1876 2395 1893 2425 ι
1941 2375 2100 2445 quasi
2145 2373 2202 2428 in
2250 2374 2515 2428 incertum
2558 2371 2680 2436 ;sie
2700 2385 2900 2442 pugno,
2931 2384 3039 2425 non
3072 2368 3231 2439 quasi
3269 2384 3453 2424 aerem

1875 2487 1893 2517 ι
1938 2465 2261 2532 verberans;
2310 2465 2403 2520 sed
2445 2463 2655 2534 castigo
2687 2476 2886 2532 corpus
2934 2476 3140 2528 meum,
3173 2461 3311 2516 etin
3337 2475 3455 2515 ser-

1877 2575 1894 2605 ι
1937 2556 2165 2609 vitutem
2190 2554 2396 2623 redigo,
2428 2568 2497 2607 ne
2524 2551 2666 2607 forte
2707 2566 2833 2607 cum
2864 2550 2988 2606 aliis
3020 2548 3453 2621 praedicaverim,

1877 2667 1894 2699 ‹
1939 2646 2054 2717 ipse
2074 2645 2341 2716 reprobus
2363 2643 2585 2699 eiliciar.
2619 2660 2636 2695 ι

2508 2769 2812 2811 EXPOSITIO.

1945 2847 2231 2903 Dissuadet
2279 2846 2474 2901 iterum
2524 2845 2593 2900 ab
2633 2842 2959 2899 oll‘endiculo
3001 2841 3188 2897 fratris
3219 2841 3405 2897 dicens
3438 2859 3453 2895 :

1872 2939 2023 2995 Licet
2052 2956 2185 2995 sana
2208 2940 2277 2994 sit
2311 2939 2444 2993 fides
2469 2946 2669 3003 vestra,
2693 2935 2899 2991 debetis
2929 2944 3110 3006 tamen
3128 2933 3403 2987 abstinere
3422 2946 3454 2986 a

1874 3032 2011 3088 cibis
2035 3048 2133 3102 pro
2152 3032 2353 3102 quibus
2378 3029 2669 3085 ollenditur
2694 3027 2983 3081 inﬁrmitas
3016 3023 3231 3092 fratris;
3263 3037 3455 3093 quem-

1877 3124 2171 3179 admodum
2214 3121 2408 3176 videtis
2443 3135 2549 3187 me,
2583 3119 2676 3189 qui
2706 3133 2832 3173 cum
2865 3115 3090 3170 habeam
3134 3122 3455 3184 potestatem

1874 3212 2172 3283 accipiendi
2197 3209 2515 3281 temporalia
2548 3224 2579 3263 a
2613 3205 2926 3271 Corinthiis,
2969 3204 3169 3275 quibus
3194 3201 3452 3273 praedico,

1875 3308 2005 3362 nolo
2027 3315 2209 3361 tamen
2233 3302 2620 3359 oll'endiculum
2645 3299 2885 3370 praebere
2908 3295 3208 3352 infirmitati
3239 3311 3451 3350 eorum.

1874 3397 1943 3452 Et
1971 3396 2118 3467 quod
2156 3401 2342 3466 posset
2378 3392 2624 3463 accipere
2651 3390 2721 3445 ab
2764 3390 2845 3444 eis
2880 3387 3004 3459 jure
3057 3386 3461 3458 praedicationis

1874 3487 2172 3559 praemittit,
2199 3485 2386 3541 dicens
2411 3502 2423 3538 :
2454 3482 2689 3538 Possum
2720 3479 2940 3551 quidem
2968 3494 3000 3534 a
3027 3477 3183 3533 vobis
3216 3477 3460 3533 carnalia

1876 3592 2141 3649 acetperc,
2184 3574 2233 3632 si
2278 3574 2535 3639 voluero;
2578 3570 2707 3642 quia
2759 3584 2927 3623 nonne
2966 3583 3083 3621 sum
3136 3580 3237 3638 ego
3282 3565 3465 3620 liber?

1876 3673 2067 3729 Nonne
2098 3671 2272 3725 habeo
2295 3669 2599 3723 libertatem
2622 3665 2770 3720 illam
2795 3678 2960 3734 quam
2989 3661 3189 3716 habent
3216 3660 3305 3715 alii
3328 3674 3464 3729 apo-

1878 3766 2024 3833 stoli,
2066 3764 2161 3835 qui
2193 3763 2260 3817 de
2293 3757 2674 3832 praedicatione
2718 3763 2969 3825 sumptus
3011 3749 3330 3823 accipiunt?
3367 3748 3463 3806 Sic

1878 3860 2000 3915 ideo
2030 3858 2126 3924 ait,
2150 3855 2279 3926 quia
2304 3854 2508 3909 bonum
2538 3865 2700 3906 suum
2738 3849 2815 3903 illi
2857 3846 3065 3917 pseudo
3105 3852 3379 3899 verterant
3405 3843 3464 3899 in

1880 3948 2084 4002 malum
2126 3944 2369 3999 dicentes
2394 3960 2407 3995 :
2440 3939 2566 3996 Ideo
2603 3952 2713 3993 non
2744 3953 2774 3992 a
2803 3935 2958 3992 vobis
2981 3934 3289 3991 necessaria
3318 3933 3464 3989 acci-

1878 4039 1984 4110 pit;
2016 4037 2147 4109 quia
2172 4035 2275 4090 scit
2296 4049 2358 4091 se
2380 4049 2488 4088 non
2513 4046 2635 4088 esse
2663 4029 2993 4101 apostolum,
3019 4041 3147 4083 eum
3171 4026 3246 4083 illi
3278 4026 3458 4081 solum

1880 4130 1991 4185 sint
2011 4126 2266 4199 apostoli,
2297 4127 2390 4195 qui
2419 4139 2544 4179 cum
2588 4122 2810 4177 Christo
2846 4120 2902 4175 in
2941 4119 3102 4174 terris
3150 4118 3463 4173 conversati

1882 4230 2030 4287 sunt,
2060 4220 2151 4277 hic
2186 4226 2366 4273 autem
2400 4231 2510 4271 non
2538 4214 2673 4269 vidit
2709 4228 2855 4269 eum.
2899 4210 3039 4268 Vere
3074 4209 3207 4264 liber
3234 4226 3372 4276 sum,
3404 4218 3468 4265 ut

1882 4312 1973 4367 alii
2003 4329 2018 4365 :
2047 4308 2236 4364 Nonne
2272 4323 2373 4378 ego
2396 4322 2513 4360 sum
2538 4303 2806 4375 apostolus
2831 4303 2857 4357 ?
2906 4299 3048 4367 Non,
3079 4300 3324 4356 dicerent
3351 4299 3461 4366 illi;

1882 4402 2012 4473 quia
2028 4400 2137 4456 non
2157 4399 2337 4455 vidisti
2357 4396 2659 4452 Christum.
2695 4392 2898 4449 Contra
2925 4393 3030 4448 hoc
3048 4392 3252 4447 Paulus
3284 4411 3296 4446 :
3328 4390 3463 4446 Sum

1815 4520 1856 4575 ο
1882 4497 2072 4569 utique
2123 4490 2420 4563 apostolus.
2487 4487 2673 4542 Nonne
2714 4487 2824 4541 uidi
2865 4484 3137 4575 Christum
3179 4483 3465 4575 Dominum

1883 4594 2120 4637 nostrum
2145 4583 2170 4635 ?
2202 4578 2351 4635 Vidit
2376 4594 2503 4633 eum
2546 4577 2601 4631 in
2639 4577 2771 4631 hora
2792 4574 3115 4641 vocationis,
3142 4572 3361 4644 quando
3388 4572 3467 4626 di-

1884 4683 2031 4729 ctum
2052 4682 2136 4727 est
2167 4670 2217 4726 ei
2248 4690 2261 4724 :
2305 4688 2323 4720 ι
2355 4667 2536 4734 Saule,
2562 4666 2745 4734 Saule,
2768 4666 2896 4737 quid
2927 4681 3015 4720 me
3030 4662 3415 4735 persequeris?
3441 4681 3460 4713 ι

1886 4763 2026 4830 (Act.
2057 4777 2133 4828 rx,
2169 4759 2249 4830 4.)
2282 4757 2427 4813 Vidit
2455 4758 2650 4812 iterum
2677 4772 2827 4822 eum,
2856 4754 3074 4824 quando
3101 4752 3180 4806 illi
3207 4751 3386 4806 oranti
3407 4751 3465 4805 in

1883 4852 2086 4921 templo
2112 4850 2316 4905 dictum
2344 4857 2428 4904 est
2454 4867 2467 4902 :
2502 4866 2520 4898 ι
2546 4846 2794 4901 Portabis
2818 4858 3017 4898 nomen
3045 4856 3226 4895 meum
3252 4839 3308 4894 in
3337 4855 3468 4912 gen—

1884 4944 2053 5008 tibus,
2086 4962 2103 4993 ›
2145 4951 2250 4997 etc.
2296 4941 2435 5011 (Act.
2483 4954 2642 5003 nm,
2688 4935 2801 5006 ll.)
2843 4933 2971 4989 Sunt
3014 4932 3304 5002 apostolus,
3337 4931 3467 5003 quia

1886 5035 1995 5088 vidi
2044 5032 2343 5086 Christum.
2398 5029 2528 5085 Sum
2564 5028 2728 5083 etiam
2775 5027 2929 5092 ideo,
2968 5025 3098 5096 quia
3136 5040 3304 5078 nonne
3337 5040 3467 5093 opus

1888 5141 2079 5188 meum,
2133 5124 2185 5178 id
2235 5132 2316 5177 est
2355 5122 2456 5175 mei
2498 5118 2825 5190 apostolatus
2861 5135 2949 5172 vos
2986 5118 3159 5172 estis:
3188 5126 3242 5171 et
3280 5116 3468 5172 hocin

1890 5217 2134 5280 Domino,
2162 5215 2318 5284 cnjus
2343 5214 2515 5284 gratia
2547 5214 2601 5267 in
2643 5227 2750 5279 me,
2794 5221 2853 5267 et
2893 5212 2949 5266 in
2993 5211 3151 5266 vobis
3189 5218 3467 5280 operatur,

1890 5310 2006 5364 sine
2033 5308 2183 5363 omni
2214 5309 2428 5362 merito.
2468 5306 2578 5361 Vos
2613 5306 2799 5377 utique
2824 5305 2959 5360 estis
2987 5319 3171 5359 meum
3222 5316 3362 5372 opus
3408 5300 3466 5354 in

1890 5400 2121 5454 Domino
2149 5402 2274 5470 quia
2299 5400 2419 5465 etsi,
2453 5399 2504 5454 id
2535 5407 2619 5453 est
2645 5398 2789 5462 licet,
2823 5396 2946 5450 aliis
2971 5411 3073 5449 non
3104 5410 3222 5448 sum
3258 5400 3470 5462 aposto-

1884 5493 1965 5545 lus
2000 5492 2166 5563 (quod
2207 5492 2395 5562 utique
2431 5492 2598 5561 sum),
2630 5489 2719 5544 sed
2770 5499 2943 5542 tamen
2998 5487 3141 5541 vobis
3188 5482 3471 5554 apostolus

1886 5602 2023 5638 sum.
2070 5582 2205 5639 Vere
2231 5584 2373 5639 vobis
2400 5583 2688 5655 przeeipue.
2735 5579 2877 5634 Nam
2916 5596 3003 5633 eos
3040 5582 3166 5631 estis
3214 5576 3468 5645 signacu-

1888 5676 1997 5729 lum
2021 5676 2347 5747 apostolatus
2372 5675 2493 5741 mei,
2522 5674 2572 5727 id
2595 5681 2680 5728 est
2706 5672 2834 5742 quia
2865 5670 3090 5740 signata:
3112 5677 3167 5721 et
3195 5680 3469 5735 expressae

1891 5776 2017 5823 sunt
2041 5768 2095 5823 in
2116 5766 2272 5823 vobis
2308 5766 2493 5838 gratiae
2519 5765 2635 5828 Dei,
2675 5778 2772 5833 per
2802 5757 3305 5816 ministeriummei
3334 5770 3441 5826 apo
