3978 6396
612 375 715 432 167

607 488 862 543 stolatus.
904 485 1030 542 Ideo
1059 501 1160 543 vos
1189 488 1325 544 estis
1354 489 1676 559 approbatio
1703 490 2039 560 apostolatus
2059 494 2199 549 mei:

604 586 661 634 et
685 579 790 634 hoc
807 586 983 633 totum
1006 579 1062 632 in
1090 577 1336 646 Domino,
1357 580 1486 651 quia
1517 589 1572 634 et
1610 575 1950 665 apostolatus
1993 583 2100 667 mei
2141 593 2196 640 et

607 669 799 741 gratia:
825 669 983 725 vobis
1005 670 1144 725 data:
1178 678 1325 736 sunt,
1349 685 1445 740 per
1466 670 1897 727 misericordiam
1916 660 2037 728 Dei.
2077 660 2195 730 Hoc

607 760 731 816 ideo
782 760 1020 829 dicebat,
1067 760 1198 832 quia
1251 758 1523 816 Corinthii
1571 773 1896 832 acceperant
1935 764 2194 822 diversas

607 853 832 923 gratias,
857 862 917 908 ut
946 854 1278 921 curationes,
1319 862 1373 908 et
1409 868 1607 924 genera
1652 855 1985 927 linguarum,
2026 873 2192 928 quam

607 945 841 1015 gratiam
903 945 1025 1000 aliis
1085 943 1481 1023 praeferebant,
1542 960 1669 1000 cum
1729 954 1876 1002 esset
1923 948 2147 1004 minima
2174 991 2191 1017 ,

613 1032 658 1102 ι
671 1033 775 1103 17
786 1041 846 1087 ut
858 1033 972 1103 ipse
982 1033 1341 1089 dicturusest.
1359 1033 1581 1106 thuod
1594 1051 1691 1106 per
1712 1037 1919 1107 gratias
1941 1048 2191 1110 acceptas

602 1124 737 1179 estis
775 1125 1112 1195 signaculum
1136 1125 1244 1181 mei
1273 1128 1632 1197 apostolatus,
1687 1127 1804 1184 haec
1825 1138 1903 1184 est
1943 1146 2059 1186 mea
2099 1132 2193 1186 de-

604 1215 796 1285 fensio,
821 1215 876 1270 id
903 1224 1005 1281 est,
1032 1232 1130 1286 per
1155 1217 1260 1273 hoc
1296 1217 1561 1274 defendor
1598 1227 1655 1275 et
1694 1221 2022 1292 comprobor
2066 1237 2191 1280 esse

602 1307 884 1377 apostolus
917 1309 1059 1378 apud
1086 1325 1196 1377 eos,
1219 1312 1309 1381 qui
1331 1326 1411 1365 me
1436 1312 1789 1383 interrogant,
1835 1313 1890 1369 id
1933 1324 2039 1383 est,
2094 1319 2191 1388 qui

600 1398 852 1453 dubitant
871 1398 940 1454 de
961 1414 1076 1466 me;
1117 1401 1248 1470 quia
1280 1416 1391 1455 non
1413 1418 1644 1473 corpore
1665 1420 1790 1460 cum
1811 1405 2032 1463 Christo
2056 1423 2191 1465 con-

596 1499 848 1547 versatus
875 1492 1002 1557 sim,
1026 1501 1213 1547 utrum
1251 1493 1355 1549 sim
1401 1496 1703 1565 apostolus,
1734 1514 1805 1553 an
1851 1515 1983 1555 non.
2026 1499 2188 1558 Post-

600 1600 768 1655 quam
797 1584 1049 1655 probavit
1078 1599 1139 1639 se
1163 1586 1495 1655 apostolum,
1521 1589 1716 1665 prohat
1737 1590 1883 1662 quod
1904 1592 2031 1662 jure
2052 1610 2188 1665 apo-

597 1676 830 1731 stolatus
862 1676 1037 1746 possit
1090 1676 1337 1747 accipere
1384 1681 1703 1750 temporalia
1734 1684 1804 1739 ab
1829 1684 1946 1751 his,
1987 1687 2190 1765 quibus

596 1766 881 1821 ministrat
908 1766 1236 1837 spiritualia,
1263 1769 1451 1825 dicens
1486 1788 1498 1824 :
1525 1769 1980 1845 Quandoquidem
2012 1778 2190 1848 (sicut

595 1856 887 1926 probatum
916 1858 1021 1928 est)
1050 1859 1333 1928 apostolus
1357 1877 1501 1917 sum.
1529 1861 1787 1936 Nunquid
1810 1882 1914 1921 non
1934 1868 2185 1925 habemus

594 1956 910 2018 potestatem
936 1949 1297 2006 manducandi
1322 1962 1373 2006 et
1394 1954 1603 2009 bibendi
1643 1958 1788 2028 apud
1840 1974 1937 2015 eos
1984 1961 2186 2032 quibus

593 2040 991 2109 praedicamus?
1025 2040 1092 2097 Et
1139 2045 1377 2115 nunquid
1422 2062 1526 2100 non
1573 2047 1825 2103 habemus
1862 2060 2182 2121 potestatem

592 2132 1018 2189 circumducendi
1069 2135 1365 2204 mulierem,
1390 2137 1444 2193 id
1492 2148 1597 2206 est,
1649 2149 1708 2196 ut
1757 2142 2187 2217 circumquaque

595 2224 881 2280 nobiscum
923 2226 1190 2283 ducamus
1242 2229 1522 2297 mulieres,
1567 2248 1691 2302 quae
1735 2235 1897 2292 nobis
1940 2230 2014 2292 de
2065 2239 2184 2295 suis

589 2317 983 2385 temporalibus
1030 2318 1362 2376 ministrent.
1416 2321 1695 2379 Mulierem
1752 2326 1878 2384 dico
1945 2344 2056 2384 non
2116 2330 2176 2385 in

591 2418 756 2474 opere
776 2407 983 2474 carnis,
1006 2409 1103 2465 sed
1134 2410 1240 2466 ﬁde
1269 2419 1326 2467 et
1354 2413 1443 2482 pia
1463 2417 1883 2474 conversatione
1923 2435 2178 2482 sororem.

591 2492 747 2554 Hanc
773 2496 1005 2554 formam
1035 2500 1270 2557 habendi
1300 2503 1487 2561 ﬁdeles
1516 2507 1777 2565 mulieres
1811 2509 1868 2565 in
1918 2513 2181 2570 comitatu

591 2602 696 2643 suo
732 2596 1019 2647 traxerunt
1042 2595 1277 2663 apostoli
1296 2611 1329 2651 a
1358 2596 1593 2654 Domino
1612 2598 1767 2668 Jesu,
1786 2602 1881 2673 qui
1914 2603 2036 2660 ideo
2059 2620 2183 2661 mu-

588 2677 753 2734 lieres
776 2696 963 2737 secum
996 2685 1315 2743 cohabitarc
1347 2690 1538 2759 voluit,
1567 2700 1629 2746 ut
1671 2694 1982 2752 ostenderet
2038 2698 2182 2754 sicut

574 2769 792 2838 ‘virum,
818 2772 892 2827 ita
915 2789 975 2830 se
1000 2776 1272 2834 redimere
1298 2781 1605 2838 mulierem.
1631 2782 1788 2842 Unde
1808 2787 2032 2857 quidam
2072 2790 2178 2845 du-

587 2859 665 2914 bii
692 2870 852 2917 erant
876 2878 1183 2936 propterea,
1207 2871 1337 2941 quia
1388 2875 1586 2930 mulier
1629 2892 1799 2934 causa
1858 2878 1963 2935 fuit
2010 2882 2178 2939 totius

585 2949 932 3019 perditionis.
958 2952 1238 3027 Nunquid,
1261 2960 1508 3032 inquam,
1549 2980 1844 3035 possumus
1895 2969 2000 3027 hoc
2039 2973 2179 3026 sicut

584 3050 636 3094 et
670 3044 848 3097 caeteri
889 3049 1117 3116 apostoli
1156 3063 1428 3123 possunt;
1486 3058 1650 3112 etiam
1698 3060 1892 3130 fratres
1938 3062 2174 3133 Domini,

584 3131 816 3201 scilicet,
838 3133 1077 3196 Iacobus
1100 3140 1651 3219 Hierosolymi‘tanus,
1678 3162 1731 3207 ct
1750 3152 1919 3212 .ludas
1941 3131 2174 3223 Zelotes,

584 3225 680 3294 qui
707 3223 896 3283 Jacobi
924 3229 1094 3287 frater
1125 3234 1350 3304 dicitur,
1400 3248 1450 3293 et
1499 3241 1643 3296 sicut
1690 3243 1914 3314 Cephas,
1958 3246 2012 3302 id
2068 3260 2174 3317 est,

584 3314 781 3374 Petrus
806 3321 901 3390 qui
932 3324 1122 3394 utique
1144 3329 1401 3386 mulieres
1423 3331 1479 3385 in
1515 3349 1616 3388 suo
1641 3330 1903 3393 comitatu
1954 3314 2178 3397 habuit‘i

582 3402 801 3465 Etcum
824 3428 1016 3470 omnes
1050 3416 1306 3485 habeant,
1339 3431 1435 3475 aut
1465 3440 1557 3494 ego
1598 3426 1741 3480 solus
1782 3437 1834 3483 et
1871 3429 2173 3502 Barnabas,

583 3500 681 3572 qui
706 3517 919 3559 mecum
942 3505 1155 3563 laborat
1177 3510 1230 3564 in
1257 3507 1570 3584 Evangelio,
1596 3532 1701 3570 non
1741 3519 1992 3577 habemus
2034 3500 2178 3595 pote-

585 3602 780 3647 statem
805 3597 1280 3667 operandiltoc,.id
1307 3612 1412 3669 est,
1457 3614 1519 3661 ut
1558 3609 2020 3676 quemadmodum
2058 3615 2172 3683 alii,

584 3685 667 3742 sic
694 3697 751 3743 et
773 3706 873 3748 nos
899 3693 1234 3763 accipiamus
1261 3710 1293 3750 a
1323 3696 1590 3753 subditis?
1642 3697 1800 3766 Quod
1853 3701 2063 3761 licitum
2104 3709 2177 3763 sit

583 3783 634 3837 ei
665 3785 915 3857 accipere
949 3789 1164 3859 probat,
1188 3800 1242 3847 et
1288 3791 1545 3849 humanis
1593 3795 1919 3866 rationibus,
1978 3809 2036 3855 et
2078 3816 2176 3872 per

580 3873 755 3946 legem
786 3886 1046 3947 veterem,
1068 3890 1123 3937 ct
1167 3897 1266 3952 per
1306 3881 1684 3956 Evangelium,
1727 3888 1918 3945 dicens
1968 3909 1982 3945 :
2037 3888 2174 3949 Vere

584 3966 848 4026 debemus
869 3986 937 4026 ex
956 3972 1109 4028 licito
1135 3973 1242 4030 hoc
1291 3976 1528 4046 operari.
1571 3975 1704 4043 Quis
1749 3981 1891 4034 enim
1938 3998 2172 4054 unquam

582 4058 784 4114 militat
813 4061 866 4117 in
894 4065 1112 4130 castris,
1142 4066 1330 4122 vivens
1356 4067 1424 4123 de
1448 4071 1678 4139 proprii»
1706 4074 2023 4143 stipendiis?
2061 4076 2172 4134 Lex

544 4166 550 4176 ι
584 4147 791 4204 militiae
812 4165 922 4205 non
953 4154 1161 4222 patitur
1180 4154 1305 4211 hoc.
1330 4154 1416 4224 Et,
1446 4159 1564 4228 quis
1604 4159 1813 4228 plantat
1853 4164 2057 4219 vineam
2076 4206 2093 4233 ,
2121 4176 2171 4220 et

582 4253 690 4291 non
714 4239 823 4293 edit
848 4240 1084 4310 fructum
1108 4243 1224 4313 ejus
1241 4246 1268 4299 ?
1300 4244 1386 4313 Et,
1409 4248 1528 4318 quis
1549 4250 1723 4318 pascit
1748 4268 1973 4324 gregem,
1996 4265 2047 4309 et
2068 4272 2172 4311 non

582 4330 870 4386 manducet
891 4333 956 4388 de
977 4334 1116 4389 lacte
1137 4337 1311 4409 gregis
1333 4339 1358 4390 .9
1415 4337 1544 4406 Sed,
1601 4344 1837 4412 nunquid
1884 4348 2171 4402 secundum

583 4420 866 4487 hominem,
891 4424 946 4479 id
980 4434 1085 4493 est,
1110 4429 1414 4487 secundum
1440 4434 1713 4491 humanas
1743 4438 1985 4496 rationes
2024 4442 2169 4508 dico,

583 4521 640 4568 et
667 4516 911 4585 approbo
946 4517 1052 4574 hoc
1074 4521 1221 4591 quod
1262 4527 1502 4583 carnalia
1557 4545 1589 4584 a
1640 4532 1876 4588 subditis
1922 4535 2169 4605 accipere

582 4605 848 4661 debeam?
896 4607 1031 4666 Dico
1061 4612 1226 4668 etiam
1250 4615 1354 4671 hoc
1384 4633 1484 4688 per
1504 4620 1676 4692 legem
1702 4641 1717 4691 ;
1747 4625 1877 4695 quia
1897 4641 1968 4679 an
2004 4627 2166 4681 etiam

579 4695 669 4753 lea:
700 4698 813 4754 hau:
843 4717 945 4756 non
975 4702 1150 4760 dicit?
1178 4704 1320 4763 Dicit
1356 4710 1561 4782 utique,
1600 4715 1729 4785 quia
1775 4716 1855 4772 sic
1908 4718 2165 4788 scriptum

574 4799 659 4851 est
679 4792 736 4846 in
755 4791 864 4867 lege
889 4793 1110 4867 Moysi:
1144 4797 1268 4855 Non
1325 4800 1575 4875 alligabis
1620 4823 1679 4861 os
1732 4808 1846 4863 bovi
1887 4811 2165 4867 triturassti

577 4878 766 4950 (Deut.
794 4898 922 4951 xxv,
948 4887 1010 4955 4;
1039 4888 1071 4942 Ι
1100 4888 1237 4946 Tim.
1269 4908 1322 4960 v,
1356 4893 1446 4966 18)
1485 4895 1542 4950 in
1574 4912 1733 4967 arca,
1780 4898 1876 4956 sed
1917 4902 2164 4959 comedet

582 4973 655 5028 de
680 4974 767 5030 his
794 4993 916 5047 qute
937 4980 1174 5040 triturat.
1451 5024 1457 5029 -

655 5062 868 5121 Diceret
893 5072 1132 5128 carnalis
1163 5093 1177 5129 :
1205 5074 1346 5143 Quid
1375 5079 1442 5135 ad
1471 5081 1570 5138 te?
1607 5080 1681 5137 De
1713 5083 1853 5141 bove
1880 5085 2026 5141 enim
2060 5087 2165 5145 hoc

581 5164 912 5226 praeceptum
933 5171 1037 5229 est,
1057 5178 1167 5220 non
1196 5166 1265 5222 de
1293 5169 1534 5227 homine.
1555 5172 1758 5231 Contra
1788 5176 1893 5233 hoc
1919 5176 2121 5235 Paulus
2147 5199 2161 5235 :

584 5240 847 5314 Nunquid
868 5246 977 5303 Deo
999 5267 1131 5306 cura
1163 5262 1242 5308 est
1266 5256 1428 5312 bobus
1455 5259 1510 5314 in
1538 5261 1683 5333 lege,
1708 5274 1770 5320 ut
1802 5265 1870 5321 de
1897 5266 1979 5323 eis
2021 5283 2163 5338 prte—

579 5342 802 5405 ceptum
825 5338 898 5393 ibi
931 5344 1211 5411 posuerit?
1240 5344 1313 5402 De
1334 5347 1513 5406 bobus
1541 5354 1731 5424 utique
1769 5372 1880 5412 non
1924 5366 2010 5413 est
2048 5360 2165 5415 hate

582 5442 719 5483 cura
744 5427 876 5485 Deo.
919 5429 1027 5489 Sed
1048 5451 1118 5489 an
1141 5447 1355 5508 propter
1378 5457 1471 5495 nos
1491 5444 1672 5515 utique
1692 5445 1788 5500 hoc
1806 5447 1981 5503 dicit?
2025 5448 2165 5505 Vere

579 5530 804 5592 propter
834 5539 938 5580 nos
962 5544 975 5579 :
1007 5541 1136 5582 nam
1155 5530 1319 5584 etiam
1344 5531 1460 5588 haec
1482 5533 1587 5588 alia
1611 5545 1822 5606 propter
1842 5555 1937 5593 nos
1964 5540 2164 5611 scripta

578 5623 724 5680 sunt,
750 5615 978 5685 scilicet,
1001 5620 1149 5690 quod
1174 5621 1283 5689 ille,
1306 5625 1396 5695 qui
1419 5634 1561 5693 arat,
1586 5626 1737 5682 debet
1764 5645 1921 5685 arare
1968 5632 2026 5684 in
2069 5648 2159 5702 spe

577 5706 899 5776 percipiendi
927 5713 1252 5783 temporales
1276 5715 1504 5785 fructus,
1546 5727 1597 5773 et
1642 5719 1732 5775 ille
1779 5722 1869 5792 qui
1912 5723 2152 5792 triturat,

578 5796 636 5849 in
664 5813 753 5867 spe
781 5800 1111 5871 percipiendi
1140 5802 1352 5862 fructus
1378 5809 1615 5865 triturat.
1664 5812 1836 5868 Arare
1869 5813 2002 5870 dicit
2037 5817 2151 5886 spi-

1147 374 1204 432 S.
1246 374 1595 433 BRUNONIS
1630 370 2276 437 CARTHUSIANORUM
2314 379 2802 440 INSTITUTORIS
2837 382 2989 441 OPP.
3029 352 3209 442 PAIiS
3247 384 3311 442 ll.

3725 397 3799 453 168

2232 497 2278 554 Α
2303 510 2413 573 nas.
2432 495 2768 554 inﬁdelitatis
2812 484 3092 555 eradicare
3133 501 3201 556 de
3242 502 3388 557 bono
3439 501 3576 573 ﬁdei,
3600 521 3707 564 eum
3735 514 3804 584 qui

2296 586 2530 674 inﬁdelis
2549 597 2635 645 est
2660 589 3232 648 excolere."l‘riturare
3252 593 3416 660 dicit,
3442 606 3702 669 postquam
3722 604 3805 674 jam

2294 683 2423 729 sunt
2450 673 2507 730 in
2536 675 2800 745 Ecclesia,
2831 690 3051 751 accepta
3081 680 3184 739 ﬁde
3222 684 3447 739 triturat
3482 700 3572 742 eos
3602 673 3804 759 prsidia

2295 773 2401 831 lor,
2434 781 2698 837 separans
2720 786 2889 841 grana
2918 787 2950 826 a
2979 773 3171 842 paleis,
3194 774 3372 832 honos
3395 791 3428 831 a
3459 778 3625 857 malis.
3658 781 3717 838 Et
3736 789 3803 856 qui

2293 863 2433 921 arat,
2457 865 2511 911 et
2550 858 2645 928 qui
2674 859 2915 927 triturat,
2957 871 3197 918 meretur
3238 865 3485 935 accipere
3531 876 3801 940 temporalia.

2292 945 2494 1005 Probat
2520 951 2717 1016 iterum
2740 953 2883 1010 idem
2918 956 3044 1013 aliis
3073 958 3382 1016 rationibus
3412 962 3590 1020 dicens
3629 984 3641 1021 :
3682 966 3738 1022 Et
3772 975 3803 1025 si

2292 1057 2386 1095 nos
2412 1044 2794 1112 praedicatores
2818 1048 3190 1105 seminavimus
3213 1052 3359 1106 vobis
3390 1055 3701 1123 spiritualia,
3720 1032 3812 1115 m-i

2291 1150 2456 1205 gnum
2474 1146 2553 1190 est
2586 1137 2772 1207 modo,
2800 1139 2853 1195 id
2887 1149 2994 1208 est,
3023 1143 3230 1199 nullius
3258 1145 3421 1214 pretii
3450 1150 3670 1218 reputari
3687 1151 3804 1208 debet

2290 1224 2338 1278 si
2361 1240 2455 1279 nos
2476 1234 2732 1283 metamus
2759 1245 2791 1283 a
2819 1230 2975 1287 vobis
3002 1242 3174 1288 vestra
3195 1237 3480 1291 carnalia?
3516 1238 3578 1293 Et
3593 1241 3635 1294 si
3653 1241 3747 1304 alii.
3767 1245 3802 1298 id

2288 1325 2375 1372 est
2393 1318 2876 1399 pseudodoctores,
2909 1334 3033 1378 sunt
3074 1327 3361 1399 participes
3382 1339 3559 1385 vestrm
3580 1333 3668 1399 rei,
3691 1333 3747 1388 ita
3765 1346 3803 1390 ut

2287 1396 2541 1478 potestati
2560 1426 2675 1467 suae
2695 1412 2986 1470 faciantde
3028 1419 3227 1474 vestris
3271 1396 3421 1490 quod
3469 1396 3662 1492 placet,
3687 1440 3803 1495 quare

2289 1517 2394 1556 non
2412 1502 2589 1572 potius
2614 1520 2729 1571 nos,
2759 1506 2855 1576 qui
2887 1522 3077 1563 sanam
3119 1509 3429 1568 doctrinam
3460 1514 3804 1572 ministrmus?

2290 1592 2530 1650 Probato
2550 1595 2701 1666 quod
2716 1597 2802 1652 -sit
2832 1601 3134 1670 apostolus,
3162 1612 3218 1659 et
3242 1606 3395 1675 quod
3417 1606 3529 1678 lege
3572 1608 3799 1665 ministerii

2288 1697 2610 1759 potestatem
2639 1693 2839 1749 habeat
2868 1694 3173 1765 accipiendi
3202 1697 3275 1753 ab
3302 1696 3406 1765 eis,
3447 1699 3649 1769 tandem
3696 1703 3800 1757 venit

2287 1780 2357 1837 ad
2387 1780 2542 1850 illud,
2569 1794 2793 1856 propter
2834 1787 2983 1856 quod
3017 1787 3243 1859 inctepit
3284 1790 3512 1846 dicens:
3541 1790 3673 1849 Licet
3707 1808 3799 1864 apo-

2218 1849 2261 1909 Β
2288 1873 2415 1929 stoli
2436 1849 2691 1933 essemus
2711 1887 2766 1934 et
2791 1849 3117 1950 potestatem
3163 1849 3237 1935 ex
3290 1883 3589 1951 apostolatu

2286 1980 2432 2032 mus,
2462 1975 2643 2024 tamen
2673 1987 2778 2024 non
2796 1987 2980 2026 sumus
3009 1972 3098 2028 usi
3126 1972 3228 2028 hac
3264 1983 3541 2045 potestate,
3575 1982 3630 2029 ut
3649 1974 3796 2044 aliquid

2283 2071 2317 2111 a
2344 2058 2500 2115 vobis
2527 2061 2925 2133 acciperemus.

2354 2190 2609 2249 Dicerent
2655 2194 2735 2250 illi
2768 2211 2783 2248 :
2815 2194 3073 2253 Fortasse
3118 2213 3230 2253 non
3261 2198 3585 2270 indiguistis.
3629 2198 3789 2271 Egesta
3884 2190 3885 2229 ἶ

2283 2285 2493 2355 utique,
2522 2287 2619 2343 sed
2652 2296 2834 2345 tamen
2868 2291 3192 2346 sustinemus
3222 2293 3429 2360 omnia,
3453 2294 3651 2364 famem,
3676 2292 3779 2353 sitis,

2218 2408 2223 2413 -
2282 2376 2599 2433 nuditatem.
2625 2377 2917 2450 Propterea
2938 2398 3000 2436 ne
3027 2381 3212 2436 demus
3248 2382 3457 2455 aliquid
3489 2382 3775 2454 o/fendictlsst

2283 2466 2571 2541 Evangelia
2593 2470 2815 2541 Christi,
2842 2473 2896 2529 id
2913 2482 3017 2543 est,
3031 2489 3099 2530 ne
3112 2474 3168 2530 in
3189 2475 3378 2546 aliquo
3396 2474 3777 2542 videamurimpe-

2280 2561 2401 2619 dire
2420 2562 2632 2620 bonum
2660 2574 2865 2623 nostra:
2892 2569 3321 2638 prtedicationis.
3369 2569 3605 2626 Timebat
3646 2568 3783 2624 Paulus

2280 2651 2340 2706 in
2369 2651 2475 2709 hac
2500 2669 2559 2710 re
2593 2655 2756 2728 118
2783 2657 2940 2728 plura
2961 2657 3320 2728 oﬁ‘endicula;
3361 2661 3487 2732 quia
3516 2662 3561 2718 si
3588 2660 3785 2732 acciperet

2281 2742 2352 2799 ab
2379 2745 2462 2802 eis
2489 2746 2585 2817 qui
2612 2747 2799 2805 minus
2833 2758 2992 2805 erant
3029 2751 3203 2819 avari,
3231 2753 3455 2809 mallent
3502 2769 3605 2810 non
3653 2751 3785 2808 audire

2278 2837 2743 2907 praedicationem,
2778 2855 2944 2911 quam
2998 2843 3129 2899 dare
3181 2847 3517 2917 temporalia.
3566 2845 3782 2904 Praeterea.

2279 2925 2407 2996 quia
2435 2926 2484 2982 si
2508 2926 2712 2985 Paulus
2731 2930 3781 3006 acciperet,acciperentsimiliterpseudo:
3884 2922 3885 2959 ³

2277 3018 2372 3087 qui
2409 3017 2536 3073 licet
2557 3014 2729 3075 Paulo
2750 3021 3197 3094 adversarentur,
3230 3036 3414 3084 tamen
3463 3028 3515 3083 in
3555 3026 3645 3082 hoc
3671 3020 3712 3079 e't
3744 3022 3782 3075 in

2279 3109 2611 3189 quibusdam
2639 3127 2765 3167 eum
2794 3113 3187 3185 sequebantur,
3214 3135 3333 3174 non
3380 3118 3623 3176 audentes
3658 3114 3785 3169 facere

2202 3203 2244 3261 c
2276 3197 2422 3268 quod
2456 3197 2658 3277 Paulus
2683 3216 2794 3257 non
2823 3204 3158 3277 accipiebat;
3207 3210 3313 3279 qui
3359 3210 3408 3266 si
3450 3207 3668 3278 exemplo
3681 3200 3786 3259 Pauli

2277 3288 2627 3347 occasionem
2657 3293 2960 3365 accipiendi
3010 3297 3304 3368 haberent,
3358 3315 3459 3372 pro
3497 3299 3662 3371 paucis
3694 3293 3784 3351 cibis

2276 3387 2428 3459 (quia
2454 3390 2633 3461 gulosi
2660 3393 2838 3465 erant)
2862 3392 3209 3451 absolverent
3237 3413 3338 3453 eos
3387 3413 3417 3454 a
3474 3395 3658 3468 magnis
3691 3404 3774 3462 υθέ·

2274 3481 2444 3545 catis,
2500 3489 2557 3537 et
2602 3483 2706 3540 hac
2759 3486 3049 3542 occasione
3118 3486 3223 3558 ipsi
3289 3489 3549 3547 Corinthii
3597 3483 3781 3543 securius

2274 3581 2580 3640 peccarent.
2615 3572 2735 3630 Non
2763 3578 2971 3632 utimur
2986 3587 3275 3649 potestate,
3302 3598 3371 3638 ne
3399 3580 3638 3638 faciamus
3654 3573 3775 3630 otl‘en‘

2274 3661 2538 3719 diculum.
2596 3663 2722 3722 ldeo
2770 3668 2916 3723 enim
2971 3686 3080 3726 non
3135 3671 3465 3730 dimittimus
3508 3670 3621 3743 quin
3663 3662 3769 3719 nobis

2275 3752 2438 3809 liceat
2471 3773 2483 3809 :
2511 3757 2727 3812 nescitis
2756 3760 2915 3826 enim,
2943 3763 3082 3832 quod
3116 3765 3207 3835 qui
3239 3766 3296 3819 in
3329 3764 3575 3830 sacrario,
3598 3751 3764 3815 idesli“

2273 3861 2437 3917 opere
2467 3849 2674 3922 templi,
2704 3860 2765 3906 ut
2796 3852 2850 3906 in
2898 3854 3150 3922 cortinis,
3178 3857 3264 3912 vel
3316 3858 3372 3912 in
3414 3858 3582 3927 aliqua
3614 3858 3770 3918 γενεη-

2278 3937 2428 3995 tione
2475 3951 2793 4011 operantur,
2840 3944 2999 3999 edunt
3026 3946 3123 4002 illa
3160 3964 3281 4018 qua:
3323 3960 3445 4003 sunt
3469 3950 3531 4002 de
3564 3933 3776 3999 sacrario?

2276 4027 2596 4086 Sacrarium
2647 4032 2850 4090 dicitur
2883 4036 3042 4106 quasi
3089 4039 3447 4095 secretarium
3488 4044 3599 4109 post
3637 4029 3775 4123 altare.-

2273 4119 2358 4187 Et,
2384 4138 2454 4176 an
2478 4123 2714 4191 nescitis,
2737 4125 2878 4196 quod
2900 4127 3214 4185 sacerdotes
3234 4131 3326 4202 qui
3353 4128 3628 4186 deserviunt
3642 4119 3778 4177 altari.

2271 4221 2477 4282 partem
2525 4217 2740 4286 capiunt
2775 4234 2895 4287 cum
2934 4218 3172 4295 altario?
3226 4221 3362 4278 Pars
3395 4221 3533 4277 enim
3568 4229 3703 4286 super
3722 4207 3779 4262 ³1·

2271 4304 2388 4360 tare
2431 4306 2872 4374 comburebatur,
2911 4318 2965 4364 et
3010 4326 3138 4380 pars
3193 4313 3562 4370 sacerdotibus
3584 4309 3647 4362 .in
3671 4302 3782 4358 cibos
3884 4302 3885 4355 ἶ

2272 4397 2674 4454 reservabatur.
2719 4396 2816 4454 Vel
2862 4400 3041 4468 aliter,
3102 4412 3164 4458 ut
3186 4403 3320 4461 illud
3383 4402 3690 4476 praemissum
3735 4390 3781 4443 de
3884 4460 3885 4475 χ

2272 4486 2565 4557 gentilibus
2607 4489 2895 4547 dicamus:
2931 4489 3169 4549 Nescitis
3192 4497 3452 4566 quoniam
3507 4493 3558 4549 hi
3579 4487 3659 4561 qui
3690 4496 3784 4552 oP‘i‘

2197 4587 2245 4646 ι)
2271 4587 2466 4633 rantur
2488 4580 2544 4635 in
2581 4584 2824 4637 sacrario
2853 4585 3160 4655 gentilium,
3191 4590 3362 4644 edunt
3387 4603 3449 4644 ea
3476 4599 3589 4656 qua:
3613 4572 3783 4673 sunttie
3884 4656 3885 4665 χ

2268 4670 2548 4725 sacrario?
2582 4672 2650 4728 Et
2676 4674 2769 4744 qui
2795 4677 3042 4733 serviunt
3074 4678 3234 4735 altari
3268 4674 3587 4740 Judteorum,
3612 4667 3784 4743 partici—
3884 4682 3885 4733 ῃ

2268 4771 2466 4831 pantur
2491 4779 2613 4820 cum
2641 4766 2871 4821 altario?
2894 4769 2992 4835 ita,
3008 4769 3063 4823 id
3085 4780 3171 4826 est
3195 4772 3383 4827 eodem
3418 4767 3613 4830 ordine,
3636 4759 3781 4851 risere.

2267 4854 2492 4921 scilicet,
2516 4855 2584 4911 de
2609 4858 3016 4927 praedicatione,
3047 4863 3315 4918 ordinavit
3351 4859 3598 4917 Dominus
3628 4852 3781 4943 ltiti”

2266 4948 2585 5002 annuntiant
2608 4947 2975 5022 Evangelium,
2995 4954 3086 5009 ubi
3103 4955 3179 5010 ait
3198 4956 3250 5011 in
3275 4953 3557 5025 Evangelia
3573 4990 3584 5003 .
3603 4966 3618 4997 ι
3642 4941 3781 4996 Edcn-
3884 4978 3885 5009 ἶ

2263 5044 2343 5092 tes
2371 5047 2425 5093 et
2447 5039 2826 5112 bibentesqute
2857 5046 3000 5114 apud
3022 5046 3144 5102 illos
3169 5056 3298 5103 sunt
3328 5040 3476 5119 (Luc,
3502 5059 3552 5106 ι,
3580 5039 3676 5109 7),ι
3700 5038 3778 5085 8"”-
3884 5064 3885 5085 ι

2262 5127 2328 5184 Ει
2355 5130 2482 5187 licet
2509 5130 2781 5190 Dominus
2803 5136 2883 5191 sic
2905 5137 3259 5207 ordinaverit,
3277 5150 3450 5195 tamen
3474 5149 3560 5206 ego
3584 5144 3672 5184 ηοη
3691 5132 3780 5177 ³⁸⁸⁸³
3884 5130 3885 5203 ξ

2263 5236 2387 5274 usus
2420 5221 2600 5294 aliqua
2640 5225 2848 5295 horum,
2903 5229 2987 5283 vel
3021 5231 3168 5299 cibo,
3200 5232 3283 5287 vel
3345 5238 3492 5301 potu,
3542 5221 3617 5278 vel
3661 5225 3779 5283 ιθευ-

2265 5321 2470 5368 mento.

2336 5445 2589 5504 Dicerent
2623 5450 2699 5506 illi
2742 5472 2756 5507 :
2795 5452 3000 5512 Callide
3026 5456 3231 5515 Paulus
3265 5459 3374 5530 agit
3396 5456 3470 5512 ita
3496 5452 3716 5519 loquens,
3731 5440 3775 5487 ιιι

2263 5542 2409 5609 (μιοά
2444 5542 2599 5612 Prius
2641 5547 2960 5619 Simpliciter
2989 5569 3098 5609 non
3138 5554 3364 5626 accepit,
3401 5549 3554 5607 modo
3574 5536 3771 5609 duplica—

2263 5640 2379 5688 tum
2404 5636 2649 5707 recipiat.
2681 5638 2888 5698 Contra
2914 5644 3016 5700 hoc
3030 5646 3235 5703 Paulus
3261 5665 3275 5702 :
3299 5647 3445 5701 Licet
3465 5643 3534 5696 ita
3558 5631 3767 5733 scribam:

2263 5735 2436 5783 tamen
2475 5747 2577 5785 non
2606 5732 2729 5790 ideo
2764 5739 2953 5808 scripsi
2982 5740 3114 5807 hinc,
3146 5742 3368 5807 scilicet,
3398 5751 3482 5793 me
3506 5747 3604 5789 non
3633 5717 3767 5819 illi-9.5?

2261 5834 2421 5876 usum
2444 5823 2628 5893 aliquo
2652 5804 2880 5898 horum,
2899 5840 2957 5885 ut
2978 5833 3056 5895 ita
3097 5804 3230 5904 funt
3264 5834 3320 5888 in
3346 5804 3426 5886 ine
3452 5826 3695 5890 deinceps.
3723 5804 3764 5859 id
