3978 6386
142 359 251 415 169

752 361 1118 420 EXPOSITIO
1156 365 1223 420 IN
1262 367 1644 427 EPISTOLAS
1678 374 1904 431 PAULI.
1960 412 2017 422 —-
2054 378 2122 433 IN
2163 380 2381 440 EPIST.
2424 385 2444 438 Ι
2483 386 2576 441 AD
2614 388 2775 445 COR.

3307 403 3410 460 170

136 487 244 545 est,
270 488 329 534 ut
370 480 521 551 quod
565 482 720 553 prius
751 500 861 539 non
904 486 1066 556 ccepi,
1107 487 1270 543 modo
1302 491 1718 561 multiplicatum
1752 506 1794 558 Α
1826 499 2110 552 mercedem
2131 501 2313 557 habeo.
2346 504 2488 576 Ergo
2509 508 2759 567 dicamus
2790 514 2952 569 modo
2976 532 3094 587 qua:
3110 531 3187 576 est
3215 541 3409 584 merces

135 570 402 639 recipiam
437 590 451 625 :
482 571 604 627 ideo
629 589 730 630 nec
748 573 873 639 feci,
897 592 997 633 nec
1021 580 1224 635 amodo
1244 581 1369 636 volo
1390 582 1506 637 ﬁeri
1533 584 1590 639 in
1619 600 1726 651 me,

131 660 260 728 quia
304 663 478 732 magis
519 662 710 718 bonum
754 675 831 720 est
858 667 988 720 mihi
1015 671 1149 722 mori
1173 671 1374 727 nedum
1406 673 1518 742 pati
1552 690 1727 744 penu-

132 751 294 818 riam,
320 768 485 823 quam
508 763 566 809 ut
584 756 702 826 quis
724 767 938 819 pecacuet
958 758 1187 829 gloriam
1210 778 1401 832 meam,
1430 764 1486 819 id
1530 775 1618 822 est
1641 782 1727 822 re-

131 844 574 901 munerationem
602 861 772 917 quam
794 857 1054 919 exspecto
1078 851 1145 906 de
1169 850 1483 924 Evangelio.
1507 854 1565 911 Si
1578 857 1723 912 enim

132 946 258 986 cum
286 932 617 990 oﬂ’endiculo
654 934 839 992 fratris
869 940 1322 1010 cvangelizarem,
1353 944 1583 1015 gloriam
1613 948 1725 1003 uti-

128 1038 236 1091 que
287 1024 472 1079 meriti
522 1026 631 1081 mei
680 1042 1024 1085 evacuarem.
1075 1029 1174 1088 Vel
1227 1033 1346 1089 ita:
1382 1036 1594 1094 Bonum
1639 1048 1726 1096 est

130 1115 262 1171 mihi
295 1117 473 1188 magis
518 1119 681 1187 mori,
729 1136 897 1191 quam
941 1123 1107 1179 modo
1134 1127 1361 1182 moriar.
1390 1126 1547 1186 Nunc
1574 1132 1721 1189 enim

132 1208 319 1264 multis
341 1209 1029 1286 tribulationibuslmorior,
1058 1216 1154 1272 sed
1175 1218 1390 1275 mallem
1405 1220 1587 1276 adhuc
1604 1239 1722 1278 ma-

130 1297 229 1368 jori
285 1309 531 1371 egestate
566 1303 730 1370 mori,
757 1320 923 1375 quam
959 1315 1019 1361 ut
1059 1308 1185 1378 quis
1225 1321 1453 1370 evacuet
1489 1315 1719 1385 gloriam

130 1406 332 1446 meam.
382 1390 524 1448 Vere
565 1395 737 1465 gloria
787 1413 908 1454 mea
962 1397 1039 1456 ne'
1067 1412 1363 1459 evacuetur
1414 1406 1717 1465 timendum

129 1482 261 1538 mihi
295 1494 398 1540 est.
426 1484 574 1540 Nam
593 1488 641 1540 si
667 1503 769 1559 ego
804 1492 1228 1561 euangelizavero
1274 1496 1376 1562 sic,
1408 1497 1462 1553 id
1483 1509 1569 1555 est
1590 1515 1717 1555 cum

126 1574 461 1633 offendicqu
490 1575 698 1646 fratris,
744 1582 1043 1651 cupiditate
1073 1587 1375 1656 accipiendi
1408 1599 1660 1661 sumptus
1682 1607 1713 1647 a

125 1667 301 1731 vobis,
325 1666 441 1737 jam
464 1686 569 1723 non
593 1681 671 1724 est
694 1672 824 1726 mihi
855 1673 1049 1744 gloria,
1082 1678 1176 1733 sed
1214 1681 1357 1749 perit
1396 1698 1714 1739 remunera-

126 1757 199 1811 tio
229 1759 364 1815 mei.
401 1758 541 1816 Vere
573 1779 684 1821 non
711 1763 942 1820 debetur
981 1767 1113 1822 mihi
1135 1769 1309 1839 gloria
1337 1787 1355 1825 :
1386 1789 1512 1827 nam
1535 1790 1712 1829 neces-

124 1853 273 1916 sitas,
300 1851 354 1906 id
401 1862 485 1909 est
509 1863 724 1927 egestas
746 1857 1003 1914 incumbit
1025 1861 1155 1915 mihi
1173 1878 1297 1932 qua:
1324 1879 1412 1919 me
1438 1867 1713 1937 evangeli—
1743 1849 1790 1909 Β

127 1959 243 2000 rare
276 1945 447 2016 cogit,
469 1956 531 2003 ut
555 1948 636 2005 sic
671 1949 902 2005 habeam
931 1951 1221 2023 stipendia.
1262 1953 1397 2011 Vere
1430 1962 1712 2015 necessitas

124 2036 421 2090 incumbit:
445 2054 571 2093 nam
601 2040 648 2093 si
677 2055 781 2094 non
823 2042 1269 2113 euangelizavero,
1321 2056 1399 2100 est
1439 2049 1570 2103 mihi
1614 2067 1710 2117 ore,

124 2127 169 2181 id
211 2137 298 2183 est
334 2128 495 2185 dolor
522 2133 802 2202 egestatis,
840 2131 1004 2190 famis
1036 2136 1245 2192 scilicet
1270 2146 1325 2193 et
1346 2139 1627 2197 nuditatis.
1655 2141 1713 2196 Si

124 2232 183 2271 ex
214 2222 547 2277 necessitate
585 2224 1058 2294 evangelizavero,
1092 2243 1204 2283 non
1239 2238 1326 2284 est
1352 2231 1488 2286 mihi
1517 2233 1708 2304 gloria.

126 2305 177 2361 Si
198 2318 379 2364 autem
409 2310 506 2365 hoc
532 2329 632 2382 ago
655 2312 851 2382 volens,
888 2315 941 2370 id
969 2325 1054 2372 est
1073 2332 1141 2372 ex
1170 2318 1449 2376 voluntate
1474 2330 1710 2390 tantum,

127 2415 223 2457 non
246 2417 352 2471 pro
366 2404 665 2473 cupiditate
686 2416 1002 2477 sumptuum
1030 2427 1042 2464 :
1082 2420 1215 2466 tunc
1240 2410 1403 2466 habeo
1424 2415 1710 2469 mercedem

126 2493 223 2547 mei
270 2492 576 2566 Evangelii.
624 2496 722 2553 Vel
765 2499 943 2569 aliter,
989 2501 1057 2556 ad
1112 2501 1219 2558 hoc
1260 2503 1410 2574 quod
1454 2506 1709 2576 superius

124 2584 286 2639 dixit:
316 2585 467 2643 Malo
495 2590 660 2658 mori,
686 2606 853 2662 quam
880 2592 1109 2663 gloriam
1143 2610 1323 2651 meam
1356 2600 1632 2653 evacuari.

188 2694 402 2753 Diceret
421 2698 622 2770 aliquis
641 2719 654 2755 :
685 2699 741 2756 Si
758 2700 1113 2774 Evangelium
1131 2713 1285 2760 tuum
1301 2722 1389 2762 res
1403 2709 1528 2766 talis
1541 2720 1706 2779 esset,

127 2801 381 2858 proqua,
438 2790 484 2845 si
524 2806 635 2845 non
684 2791 858 2860 fleret,
903 2808 1015 2849 non
1065 2795 1453 2868 deficeremus;
1487 2803 1569 2857 vel
1606 2819 1707 2873 pro

128 2894 242 2947 qua,
274 2880 320 2935 si
350 2882 445 2948 sit,
472 2897 580 2937 non
608 2883 665 2938 in
689 2885 883 2941 melius
901 2885 1263 2957 abundemus,
1282 2899 1341 2945 ut
1364 2903 1510 2948 esset
1530 2893 1706 2949 idolo-

128 2971 263 3041 thyla
307 2986 447 3027 sana
475 2972 582 3029 fide
607 2976 892 3032 comedere
922 3019 937 3043 ,
992 2979 1143 3035 credi
1197 2991 1382 3051 posset
1414 2984 1563 3055 quod
1590 2986 1706 3057 glo-

132 3062 199 3116 ria
220 3072 312 3119 tua
336 3065 563 3135 periret,
599 3066 645 3122 si
669 3083 794 3123 cum
839 3069 1171 3126 ofl'endiculo
1199 3071 1385 3130 fratris
1422 3079 1701 3148 evangeli-

1833 603 1968 655 mea,
2000 590 2052 644 id
2086 601 2170 646 est
2194 594 2373 663 qualis
2390 596 2550 653 debet
2579 614 2703 655 esse
2719 604 2992 672 voluntas,
3020 622 3248 684 pro‘qua
3276 621 3410 677 mihi

1829 692 2040 736 merces
2077 684 2296 739 veniat:
2338 687 2464 745 talis
2505 705 2629 746 esse
2670 692 2833 751 debet
2881 699 3158 772 \oluntas,
3196 714 3256 761 ut
3308 726 3411 783 ego

1825 771 2124 863 prtedieans
2148 773 2491 863 Evangelium
2513 797 2725 852 ponam,
2757 785 2811 841 id
2837 799 2921 846 est
2944 771 3205 853 collocem
3230 771 3412 858 Evan-

1826 857 2047 928 gelium,
2071 857 2125 917 et
2145 861 2560 923 fundamentum
2586 870 2707 941 ejus
2737 879 3092 950 constituam,
3128 888 3241 941 sine
3262 906 3409 945 sam-

1824 957 1918 1017 ptu
1937 961 2159 1022 accepto
2177 969 2210 1009 a
2234 954 2534 1016 Corinthiis
2563 977 2664 1032 pro
2692 980 2805 1035 quo
2828 969 3250 1034 ofl‘enderentur.
3281 980 3408 1037 Ideo

1824 1037 1937 1092 sine
1956 1051 2188 1112 sumptu,
2219 1054 2278 1098 ut
2310 1061 2413 1100 non
2441 1050 2651 1120 abutar,
2685 1055 2739 1109 id
2783 1066 2868 1113 est
2894 1069 2952 1115 ut
2976 1079 3086 1120 non
3113 1070 3256 1125 male
3285 1080 3410 1128 utar

1821 1136 2079 1196 potestate
2127 1148 2261 1201 mea,
2290 1150 2551 1195 concessa
2602 1144 2736 1199 mihi
2766 1147 2823 1201 in
2871 1148 3176 1225 Evangelio.
3204 1159 3407 1220 Potens

1821 1219 1968 1274 enim
2011 1237 2135 1278 sum
2180 1226 2249 1281 de
2297 1224 2593 1302 Evangelio
2641 1248 2894 1308 sumptus
2940 1219 3207 1319 accipere,
3242 1256 3334 1309 sed
3359 1256 3404 1310 si

1820 1308 2046 1367 fratrem
2076 1314 2134 1369 in
2172 1317 2278 1373 hoc
2321 1320 2617 1392 offendero,
2647 1330 2789 1385 male
2835 1343 2960 1389 utor
2988 1308 3091 1395 hac
3114 1308 3400 1411 potestate.

1818 1402 2161 1464 Credendum
2178 1420 2263 1466 est
2277 1415 2422 1483 quod
2448 1417 2561 1471 sine
2588 1408 3006 1495 sumptuponam
3035 1402 3400 1508 Evangeliam,
3440 1501 3447 1507 ,

1818 1511 1888 1551 ne
1935 1498 2242 1558 offendatur
2306 1507 2600 1567 infirmitas
2657 1518 3008 1579 auditorum:
3060 1498 3208 1581 namv
3232 1498 3402 1601 (quod

1817 1599 2037 1659 sumptu
2084 1594 2264 1665 majus
2306 1599 2411 1670 est)
2441 1617 2562 1656 cum
2586 1603 2720 1661 liber
2744 1625 2908 1665 essem
2947 1630 3011 1668 ea:
3058 1594 3317 1688 omnibus,
3348 1638 3401 1680 et

1815 1678 1952 1733 nulli
1969 1695 2160 1739 eorum
2174 1686 2379 1758 aliquid
2402 1692 2677 1764 deberem,
2697 1700 2800 1769 feci
2822 1719 2903 1758 me
2922 1721 3127 1762 servum
3145 1714 3399 1783 omnium,

1814 1780 1872 1825 ut
1896 1773 1977 1830 sic
1996 1774 2362 1848 lucrifacerem
2392 1785 2588 1856 plures.
2618 1789 2686 1845 Et
2715 1794 2808 1863 qui
2831 1811 2931 1866 pro
2953 1800 3185 1858 utilitate
3211 1773 3400 1861 eorum

1815 1863 2006 1938 iugum
2042 1870 2322 1930 servitutis
2370 1879 2475 1933 sub
2512 1882 2769 1941 omnibus
2818 1863 3020 1947 habui:
3069 1896 3399 1954 credendum

1815 1964 1901 2012 est
1927 1961 2078 2029 quod
2128 1977 2158 2017 a
2189 1975 2409 2036 sumptu
2433 1973 2766 2043 contineam,
2810 1979 3012 2038 timens
3041 1985 3398 2047 offensionem

1814 2045 2022 2118 fratris,
2053 2067 2154 2122 pro
2181 2070 2293 2125 quo
2322 2058 2587 2117 lucrando
2617 2080 2834 2122 servum
2867 2086 2956 2126 me
2983 2075 3229 2131 exhibui.
3258 2078 3397 2136 Vere

1814 2151 2032 2196 servum
2057 2145 2304 2201 omnium
2334 2163 2422 2205 me
2449 2149 2554 2207 feci
2580 2170 2595 2220 ;
2623 2169 2750 2210 nam
2778 2157 3114 2232 Judaeorum,
3154 2165 3390 2224 Samari-

1814 2239 2092 2302 tanOrum,
2125 2238 2430 2308 gentilium,
2468 2252 2524 2299 et
2566 2245 2909 2305 infirmorum
2938 2251 3192 2311 fratrum.
3241 2258 3395 2326 Quod

1814 2322 1889 2377 ita
1911 2327 2260 2397 exsequitur:
2280 2329 2480 2389 Factus
2505 2336 2840 2395 sumludceis
2872 2352 3123 2416 tanquam
3150 2322 3396 2421 Iudaeus,

1812 2415 2251 2478 condescendens
2271 2422 2470 2482 ritibus
2491 2441 2705 2497 eorum,
2730 2415 3056 2493 abstinendo
3077 2455 3109 2495 a
3138 2443 3396 2502 carnibus

1811 2518 1842 2557 a
1872 2506 2075 2575 quibus
2103 2509 2468 2583 abstinebant,
2492 2527 2552 2571 ut
2589 2520 2669 2577 sic
2694 2520 2935 2579 lucrarer
2954 2525 3195 2598 Iudaeos,
3225 2532 3387 2588 libem

1811 2594 1920 2650 tius
1946 2597 2525 2675 mihiacquiescentes,
2548 2610 2679 2680 quia
2704 2612 2845 2671 ritus
2863 2630 3054 2674 eorum
3079 2594 3189 2675 non
3213 2638 3387 2694 asper-

1810 2700 1991 2741 narer.
2026 2687 2129 2743 His
2158 2691 2323 2746 etiam
2348 2697 2439 2765 qui
2466 2698 2562 2751 sub
2586 2699 2696 2771 lege
2734 2714 2878 2772 sunt,
2909 2707 2963 2762 id
2985 2717 3071 2764 est
3092 2687 3378 2769 Samarita-

1810 2777 1918 2844 nis,
1952 2779 2045 2873 qui
2075 2782 2319 2854 quinque
2349 2786 2519 2844 libros
2547 2789 2720 2864 Moysi
2749 2803 2956 2865 tenent,
2985 2800 3078 2856 sed
3102 2804 3394 2873 prophetas

1809 2883 1918 2924 non
1956 2871 2178 2942 habent,
2228 2874 2408 2935 factus
2438 2896 2562 2936 sum
2589 2886 2742 2954 quasi
2772 2889 2868 2942 sub
2904 2890 3013 2960 lege
3041 2871 3248 2947 essein:
3275 2913 3392 2949 cum

1809 2967 1984 3014 tamen
2006 2963 2116 3033 ipse
2141 2981 2245 3020 non
2269 2985 2436 3023 essent
2473 2972 2569 3026 sub
2600 2973 2746 3045 lege;
2793 2981 2884 3033 sed
2920 2980 3041 3035 ideo
3071 2982 3173 3038 feci
3205 2993 3262 3038 ut
3290 2986 3393 3042 hoc

1808 3051 1971 3104 modo
1999 3052 2370 3125 lucrifacerem
2395 3077 2482 3115 eos
2516 3065 2608 3133 qui
2632 3076 2782 3119 erant
2812 3068 2907 3121 sub
2938 3069 3067 3140 lege,
3097 3072 3148 3127 id
3170 3084 3253 3130 est
3290 3075 3392 3130 Sa-

141 3166 281 3208 urea.
317 3152 429 3210 Sed
450 3155 582 3225 quia
608 3155 965 3229 Evangelium
987 3168 1143 3215 tuum
1164 3177 1252 3218 res
1278 3172 1443 3220 tantm
1465 3142 1702 3238 dignita-
1729 3188 1774 3250 ρ
2175 3146 2517 3250 ἓῇωίξνίωίξί
2559 3164 2689 3250 sum
2727 3170 2869 3227 quos
2902 3175 2998 3215 rex
3038 3162 3391 3237 Assyriorum

134 3242 190 3295 tis
208 3252 309 3310 est,
337 3260 438 3314 per
462 3261 628 3316 quam
655 3249 935 3305 salventur
960 3251 1233 3320 homines,
1273 3271 1382 3310 non
1405 3266 1489 3313 est
1523 3261 1699 3315 credi-

132 3332 225 3387 bile
277 3335 428 3404 quod
498 3351 600 3407 pro
646 3337 948 3396 offensione
1019 3341 1220 3397 infirmi
1274 3344 1461 3403 fratris
1517 3362 1702 3420 pereat

127 3424 290 3493 gloria
317 3435 412 3483 tua
446 3427 516 3483 de
538 3427 853 3501 Evangelio.
884 3430 1257 3490 Evacuabitur
1285 3453 1384 3507 pro
1426 3450 1598 3507 certo,
1623 3444 1701 3499 ait

125 3514 351 3574 Paulus:
383 3518 522 3576 Nam
550 3522 597 3577 si
619 3523 1065 3593 evangelizavcro
1088 3534 1322 3595 tantum,
1356 3532 1500 3587 etab
1530 3533 1701 3590 ofi'cn-

123 3607 293 3665 diculo
330 3610 518 3668 fratris
548 3628 657 3669 non
698 3613 1064 3685 declinarem,
1090 3635 1201 3674 non
1235 3622 1339 3677 erit
1368 3623 1502 3679 mihi
1525 3627 1697 3696 gloria

123 3714 213 3769 pro
262 3703 379 3758 solo
439 3705 836 3776 evangelizare.
903 3707 1119 3766 Nullius
1173 3711 1320 3767 enim
1380 3717 1563 3789 meriti
1617 3729 1700 3774 est

123 3791 194 3847 sic
237 3795 630 3864 evangelizare,
697 3806 758 3853 ut
812 3798 1170 3856 offensionem
1219 3802 1403 3861 fratris
1446 3823 1557 3862 non
1607 3825 1699 3866 ca-

122 3898 351 3942 veamus.
385 3880 526 3943 Vere
573 3903 683 3949 non
723 3897 807 3945 est
833 3891 1065 3947 multum
1092 3895 1468 3966 ev'angelizare
1490 3899 1698 3955 solum-

122 3975 289 4031 modo.
325 3975 465 4032 Nam
491 3980 792 4036 necessitas
813 3983 1224 4054 evangelizandi
1242 3986 1509 4043 incumbit
1537 3990 1693 4060 mihi,

122 4080 179 4119 ex
220 4068 466 4137 injuncto
510 4071 708 4128 oflicio.
758 4071 827 4127 Et
877 4089 1002 4130 vere
1060 4076 1359 4134 necessitas
1393 4080 1553 4136 ollicii
1586 4083 1694 4138 mei

121 4160 479 4229 evangelizare
525 4177 614 4218 me
659 4164 825 4236 cogit.
875 4163 1011 4221 Nam
1036 4182 1139 4229 vae.
1186 4169 1239 4223 id
1282 4179 1385 4236 est,
1415 4172 1694 4229 damnatio

120 4249 242 4304 mihi
269 4260 349 4308 est
381 4253 430 4309 si
476 4267 586 4308 non
636 4257 1098 4328 evangelizavero.
1139 4258 1207 4315 Et
1240 4262 1364 4318 inde
1394 4265 1572 4334 palam
1611 4275 1695 4322 est

121 4343 251 4411 quod
281 4361 389 4399 non
417 4353 503 4401 est
533 4349 669 4403 tanti
709 4350 1103 4423 evangelizare,
1153 4352 1311 4425 cujus
1352 4357 1522 4426 gloria
1568 4376 1695 4430 pro-

119 4446 225 4506 pter
236 4441 622 4498 offendiculum
641 4442 827 4502 fratris
852 4462 961 4501 non
981 4457 1186 4519 pereat.
1208 4448 1264 4504 Si
1288 4466 1355 4505 ex
1370 4452 1693 4508 necessitate

1804 3231 2134 3300 captivitatis
2170 3237 2298 3294 filiis
2324 3239 2489 3297 Israel
2518 3247 2704 3314 posuit
2727 3253 2795 3302 ad
2820 3250 3104 3309 incolenda
3136 3231 3255 3312 loca
3287 3256 3391 3313 Sa-

1802 3325 2009 3391 marim,
2040 3336 2094 3382 et
2122 3339 2252 3385 sunt
2278 3347 2342 3386 ex
2368 3335 2577 3405 origine
2624 3336 2913 3397 Persarum
2969 3343 3022 3416 (1
3039 3346 3078 3399 γ
3106 3346 3232 3420 Reg.
3257 3366 3389 3417 xm,

1800 3413 1936 3509 24))
1982 3419 2077 3487 qui
2146 3422 2389 3494 quinque
2434 3427 2604 3484 libros
2647 3430 2818 3505 Moysi
2868 3413 3209 3509 receperunt,
3264 3413 3388 3498 cum

1802 3507 1991 3564 multis
2019 3510 2464 3573 tribulationibus
2486 3531 2816 3580 vexarcteos
2840 3507 3008 3596 Deus,
3037 3531 3166 3600 quia
3183 3507 3385 3589 ten'am

1801 3604 1983 3672 populi
2009 3605 2095 3659 sui
2122 3604 2287 3663 Israel
2313 3610 2419 3665 sibi
2449 3613 2637 3670 illicite
2671 3630 3046 3688 usurpassent.
3093 3624 3195 3679 liis
3222 3629 3387 3683 etiam
3448 3668 3451 3675 -

1798 3694 1890 3763 qui
1918 3706 2071 3751 erant
2117 3698 2232 3754 sine
2260 3700 2389 3772 lege,
2442 3703 2497 3757 id
2540 3716 2623 3761 est
2680 3712 2991 3780 gentilibus,
3036 3714 3215 3773 factus
3262 3735 3386 3775 sum

1801 3793 2053 3855 tanquam
2074 3805 2239 3844 essem
2254 3794 2368 3846 sine
2390 3793 2521 3864 lege,
2548 3807 2778 3854 coutens
2801 3801 2936 3857 cibis
2951 3818 3141 3859 eorum
3163 3816 3217 3862 et
3235 3822 3386 3865 asse-

1800 3890 1927 3930 rens
1952 3875 2125 3934 Deum
2156 3881 2385 3953 elegisse
2412 3901 2528 3947 eos.
2574 3903 2694 3940 eum
2735 3898 2909 3944 tamen
2935 3909 3039 3947 non
3077 3910 3243 3951 essem
3272 3900 3385 3953 sine

1798 3966 1908 4037 lege
1935 3968 2055 4037 Dei,
2103 3973 2195 4027 sed
2239 3991 2403 4031 essem
2431 3979 2486 4032 in
2513 3979 2623 4051 lege
2672 3981 2910 4049 Christi;
2940 3986 3020 4041 sic
3054 3986 3178 4044 ideo
3205 3987 3384 4046 factus

1797 4073 1920 4116 sum
1943 4071 2000 4115 ut
2031 4062 2399 4136 lucrifacerem
2427 4072 2656 4141 gentiles
2677 4075 2767 4143 qui
2790 4085 2942 4129 erant
2966 4077 3080 4131 sine
3112 4078 3239 4150 lege.
3277 4079 3385 4135 Fa—

1796 4161 1912 4208 ctus
1936 4171 2054 4209 sum
2074 4157 2239 4213 etiam
2263 4161 2492 4230 inﬁrmis
2522 4162 2781 4221 fratribus
2805 4167 3083 4237 inﬁrmus:
3104 4171 3383 4229 abstinens

1796 4259 1827 4299 a
1852 4246 2016 4304 licitis
2065 4249 2221 4319 cibis,
2260 4269 2329 4308 ne
2384 4270 2700 4325 generarem
2763 4258 3149 4318 offendiculum
3184 4278 3378 4319 eorum

1797 4336 2121 4407 infirmitati,
2172 4354 2228 4396 ut
2278 4344 2359 4400 sic
2406 4346 2775 4428 luc_rifacerem
2817 4353 3076 4423 inﬁmos.
3135 4354 3203 4411 Et
3245 4357 3380 4428 quid

1793 4443 2109 4486 enumerem
2144 4434 2404 4506 singula?
2447 4422 2704 4494 omnibus
2756 4422 2931 4511 factus
2960 4448 3108 4498 'sum
3156 4447 3336 4501 omnia
3360 4460 3395 4509 ε,

122 4529 264 4602 119
274 4534 560 4589 ministerii
572 4535 677 4590 mei
700 4543 910 4592 tantum
921 4540 1383 4610 evangelizavero,
1399 4559 1504 4597 non
1515 4543 1701 4599 estmi‘

1805 4522 2076 4591 perfectus
2104 4527 2357 4596 perfectis
2384 4549 2398 4597 ;
2426 4540 2481 4587 et
2506 4534 2586 4589 sic
2611 4534 2667 4588 in
2691 4534 2939 4605 singulis,
2971 4545 3028 4590 ut
3066 4553 3243 4591 omnes
3272 4538 3378 4592 σαι.

117 4619 164 4673 hi
183 4623 340 4692 gloria
359 4644 371 4679 :
390 4625 487 4681 sed
511 4626 561 4679 si
580 4625 676 4680 hoc
699 4644 797 4699 ago
814 4628 1009 4697 volens,
1032 4645 1142 4686 non
1156 4641 1217 4686 ut
1230 4634 1525 4705 cupiditate
1539 4651 1692 4690 sum-

116 4720 230 4779 ptus
254 4711 479 4770 fratrem
505 4715 797 4789 offendam,
826 4726 956 4779 utne
983 4720 1148 4775 habeo
1178 4737 1280 4793 ego
1309 4724 1375 4779 de
1399 4722 1693 4797 Evangelia

116 4818 225 4861 meo
252 4809 562 4865 mercedem.
613 4809 719 4867 Sed
748 4814 794 4867 si
819 4814 924 4870 hoc
952 4813 1096 4886 [ario
1137 4813 1357 4879 invitus,
1387 4815 1441 4870 id
1483 4825 1568 4871 est
1595 4816 1691 4873 ne—

116 4896 349 4954 cessitate
387 4909 635 4966 coactus,
684 4905 1082 4975 parvipendens
1119 4903 1395 4962 offendere
1440 4905 1686 4975 fratrem,

115 4981 205 5041 hoc
228 4989 448 5058 quidem
490 5004 682 5045 verum
732 5002 816 5049 est
857 4994 1004 5064 quod
1053 4995 1379 5067 dispensatio
1415 4997 1685 5055 donorum

118 5072 199 5129 Dei
220 5072 419 5134 credita
439 5090 517 5136 est
554 5082 704 5151 mihi,
729 5083 783 5138 id
816 5094 900 5140 est
927 5087 1075 5156 quod
1106 5103 1216 5144 non
1247 5090 1431 5147 minus
1463 5100 1686 5162 propter

119 5178 380 5231 peccatum
421 5186 607 5227 meum
646 5172 929 5244 dispensat
960 5173 1105 5231 Deus
1154 5178 1358 5248 gratias
1408 5196 1559 5249 suas,
1588 5182 1683 5237 sed

118 5263 277 5315 tamen
322 5262 442 5319 sine
474 5264 727 5320 mercede
762 5278 903 5321 mea.
940 5264 999 5322 ln
1029 5268 1134 5323 hoc
1166 5270 1330 5325 verbo
1354 5271 1483 5325 mihi
1512 5272 1682 5328 invito

117 5354 414 5418 etpeccanti
446 5369 544 5425 per
572 5355 960 5414 ofl‘endiculum
992 5359 1177 5418 fratris
1202 5364 1406 5418 credita
1450 5374 1528 5418 est
1561 5366 1677 5420 dis-

116 5444 331 5504 ,tensatio
380 5441 683 5516 gratiarum
709 5447 828 5516 Dei,
860 5451 1138 5522 accipiunt
1172 5456 1346 5510 sancti
1388 5464 1686 5512 auctoi'ita-

119 5536 242 5588 tem:
270 5539 416 5607 quod
446 5538 572 5595 licet
600 5541 855 5596 minister
879 5545 1058 5600 malus
1086 5546 1177 5614 sit,
1204 5548 1346 5603 dona
1376 5556 1554 5604 tamen
1591 5549 1687 5604 Dei

119 5634 199 5687 per
221 5640 340 5681 eum
368 5629 685 5701 dispensata
715 5646 823 5687 non
859 5633 1202 5701 minuuntur,
1245 5647 1463 5707 propter
1492 5654 1685 5708 pecca-

122 5718 218 5767 tum
242 5717 402 5786 illius,
429 5720 572 5776 sicut
587 5737 690 5777 nec
715 5731 985 5791 augentur
1014 5733 1233 5795 propter
1249 5726 1518 5796 justitiam
1541 5730 1680 5799 ejus.

124 5797 175 5857 Et
220 5810 338 5877 quia
384 5811 495 5885 dixi
525 5814 571 5866 si
595 5812 770 5867 volens
800 5813 896 5866 hoc
952 5832 1072 5885 ago,
1123 5823 1254 5873 tunc
1298 5834 1363 5873 ex
1404 5797 1684 5901 voluntate

496 5908 772 5968 ΡΑτιιοι.
820 5906 1032 5970 CLlll.

1795 4638 1882 4676 vos
1904 4622 2151 4693 facerem.
2196 4621 2322 4679 Haec
2348 4635 2530 4681 autem
2578 4629 2758 4682 omnia
2786 4628 2928 4699 facio
2956 4637 3170 4698 propter
3211 4629 3380 4683 collo-

1792 4715 2029 4769 canduin
2052 4713 2437 4787 Euangelium;
2467 4719 2614 4788 quod
2636 4720 2745 4775 nisi
2772 4721 2851 4775 sic
2872 4719 3377 4786 facerem,evacua-

1791 4815 1944 4861 retur
1968 4814 2188 4877 propter
2223 4806 2549 4865 oﬂendicula
2591 4810 2840 4867 fratrum.
2872 4811 3099 4882 Propter
3127 4812 3345 4886 Evauge
3366 4844 3379 4855 -

1791 4898 1926 4953 lium
1954 4898 2097 4967 ideo,
2127 4908 2185 4952 at
2211 4900 2409 4969 e/ﬁciar
2435 4903 2696 4971 particeps
2723 4903 2859 4973 ejus,
2887 4903 2941 4959 id
2969 4914 3051 4959 est
3078 4912 3141 4961 ut
3165 4918 3374 4977 partem

1790 4990 2000 5060 capiam
2024 4992 2506 5060 remunerationis,
2556 5009 2720 5064 quam
2758 4993 3109 5067 Evangelium
3150 5008 3376 5057 attesta-

1790 5092 1898 5149 tur,
1930 5093 1982 5137 et
2006 5083 2257 5140 fidelibus
2278 5085 2564 5154 promittit.
2598 5082 2699 5142 Hic
2731 5095 2905 5144 totum
2934 5092 3083 5161 quod
3110 5093 3176 5148 de
3205 5109 3265 5150 se
3289 5095 3377 5150 in-

1785 5174 1942 5230 duxit
2002 5175 2295 5245 adaptavit.
2356 5175 2527 5243 Quasi
2593 5178 2847 5237 diceret:
2900 5180 3375 5249 Quemadmodum

1785 5266 2027 5320 omnibus
2071 5268 2249 5322 omnia
2295 5270 2471 5339 factus
2512 5286 2630 5327 sum
2656 5285 2871 5346 propter
2896 5277 3267 5351 Evangelium,
3295 5282 3376 5337 sic

1783 5365 1837 5411 et
1858 5357 2232 5428 compatimini
2259 5359 2560 5417 infirmitati
2592 5362 2821 5420 fratrum
2853 5375 2913 5421 ut
2940 5368 3234 5439 participes
3253 5371 3373 5426 sitis

1785 5448 2073 5517 promissa:
2097 5450 2470 5507 beatitudinis.
2504 5452 2625 5510 Βίσςί
2660 5457 3043 5514 abstinendum
3066 5476 3187 5515 esse
3218 5461 3372 5516 vobis

1788 5554 1817 5592 a
1848 5539 2032 5604 licitis,
2061 5556 2227 5597 causa
2268 5543 2612 5600 infirmorum
2656 5545 2908 5616 fratrum,
2953 5551 3096 5605 sicut
3117 5566 3216 5620 ego
3241 5566 3371 5621 apo-

1785 5632 1961 5687 stolus
1992 5642 2170 5689 vester
2194 5651 2225 5689 a
2248 5636 2413 5693 licitis
2433 5637 2703 5706 abstineo,
2736 5656 2804 5695 ne
2836 5641 2959 5695 dem
2982 5641 3369 5697 ofi‘endiculum

1788 5725 2078 5798 Evangelia
2097 5727 2341 5795 Christi;
2374 5731 2519 5800 quod
2545 5740 2717 5785 totum
2764 5732 2884 5787 ideo
2911 5732 3096 5787 facio:
3136 5743 3195 5788 ut
3222 5737 3369 5790 acci-

1786 5833 1911 5887 pere
1942 5835 2155 5874 mcrcar
2190 5821 2335 5889 quod
2372 5831 2647 5890 exspecto.
2698 5821 2955 5878 Inductus
2985 5826 3234 5895 exemplo
3277 5843 3370 5883 co-

3010 5921 3049 5976 6
