3904 6298
488 372 577 425 171

483 581 616 627 nent
646 548 716 626 ab
742 566 998 622 omnibus
1013 579 1136 633 quae
1151 562 1219 617 ad
1247 554 1617 627 accipiendam
1632 564 1893 607 coronam
1911 548 2071 618 120

483 680 579 719 eos
610 659 924 732 impediant.
952 654 1092 722 Quia
1120 670 1190 707 an
1211 649 1422 705 nescitis
1444 644 1582 717 quod
1620 643 1675 697 hi
1703 642 1792 714 qui
1819 642 1875 694 in
1895 638 2073 694 stadio

486 762 731 819 currunt,
780 764 957 805 omnes
1007 745 1214 816 quidem
1263 744 1505 802 currunt,
1562 732 1654 789 sed
1697 747 1833 786 unus
1880 728 2072 798 accipit

491 847 751 910 bravium,
790 841 845 909 id
875 849 960 896 est
979 848 1240 894 coronam
1264 830 1347 886 vel
1378 827 1667 899 praemium
1689 823 1919 882 cursus?
1952 820 2075 876 Sta-

492 938 640 993 dium
672 936 871 991 dicitur
891 928 1123 1002 spatium
1146 926 1507 980 ducentorum
1537 927 1592 975 et
1614 914 2076 989 vigintiquinque

489 1044 776 1100 passuum,
806 1030 1070 1096 quantum
1098 1014 1360 1071 Hercules
1390 1027 1501 1068 uno
1523 1010 1766 1066 anhelitu
1811 1004 2075 1070 cucurrit,

491 1095 675 1178 etnon
698 1095 982 1188 respiravit
1006 1130 1021 1176 ;
1059 1119 1113 1164 et
1153 1107 1355 1163 dicitur
1376 1104 1613 1160 stadium
1636 1117 1667 1155 a
1696 1098 1913 1164 stando,
1948 1095 2075 1167 quia

493 1223 668 1270 statur
697 1212 750 1264 in
787 1185 909 1261 ifine
952 1217 1169 1258 cursus.
1203 1193 1656 1265 Quandoquidem
1710 1196 1993 1246 canentes
2021 1185 2076 1239 in

495 1305 670 1360 stadio
692 1298 921 1357 sollicite
964 1293 1253 1350 intendunt
1278 1288 1347 1345 ad
1394 1284 1773 1356 accipiendum
1803 1278 2077 1343 bravium,

495 1398 573 1451 sic
602 1410 731 1465 ergo
754 1389 959 1448 currite
997 1382 1322 1442 abstinendo
1362 1380 1432 1436 ab
1459 1376 1717 1434 omnibus
1752 1388 1875 1444 quae
1904 1372 2078 1440 impe-

493 1489 611 1543 dire
658 1463 760 1541 vos
787 1489 1041 1555 possunt,
1094 1485 1156 1531 ut
1185 1489 1380 1530 omnes
1437 1464 1911 1540 comprehendatis
1956 1463 2082 1517 bra-

493 1584 644 1638 vium
685 1588 903 1636 aeterna:
937 1568 1233 1630 felicitatis.
1260 1567 1319 1623 Si
1345 1565 1494 1623 enim
1526 1572 1721 1618 omnes
1750 1559 1841 1616 hic
1862 1565 2081 1612 currunt

496 1676 590 1732 ubi
611 1689 747 1729 unus
786 1678 1000 1726 tantum
1044 1663 1240 1734 accipit
1283 1658 1542 1723 brevium,
1584 1653 1759 1709 multo
1797 1648 2084 1707 sollicitius

498 1781 720 1822 currere
761 1760 990 1825 debetis,
1032 1756 1126 1811 ubi
1157 1768 1332 1808 omnes
1367 1758 1631 1805 aeternum
1653 1742 1904 1800 bravium
1936 1739 2081 1796 acci-

1023 357 1077 414 S.
1121 354 1468 412 BRUNONIS
1502 342 2147 408 CARTHUSIANORUM
2188 322 2681 398 INSTITUTOBIS
2718 335 2867 393 OPP.
2909 331 3093 388 PARS
3131 330 3194 386 11.

484 499 603 537 rum
638 479 755 551 qui,
789 484 847 531 ut
889 471 1241 542 temporalem
1284 480 1541 524 coronam
1578 459 1868 530 accipiant,
1901 454 2068 551 abstiu
2100 462 2140 517 Α
2180 495 2197 527 ι
2241 473 2730 545 nequeidololame
2749 466 3055 524 emciamini
3083 463 3226 520 sicut
3246 460 3469 532 quidam
3492 474 3556 514 ex
3589 459 3770 529 imis,‘

3634 326 3740 381 172

2178 586 2196 618 ι
2241 552 2704 636 quemadmodum
2734 559 2997 628 scriptum
3021 562 3138 610 est:
3169 552 3321 609 Sedit
3346 549 3581 621 populus
3597 563 3752 604 man-

2179 679 2195 710 ι
2239 659 2441 714 ducare
2479 665 2535 711 et
2576 654 2784 719 bibere,
2813 659 2869 706 et
2914 652 3273 705 surrexerunt
3324 642 3512 698 ludere
3556 640 3750 711 (Exod.

2179 770 2197 802 ι
2245 764 2418 815 xxxn,
2465 747 2542 818 6).
2587 744 2774 814 Neque
2815 740 3185 805 fornicemur,
3237 735 3383 792 sicut
3424 732 3645 804 quidam
3692 746 3755 787 ex

2181 857 2198 889 ι
2246 838 2380 908 ipsis
2414 833 2671 890 fornicati
2712 839 2840 887 sunt
2881 826 3073 900 (Num.
3105 841 3236 891 xxv,
3267 824 3343 895 l),
3368 831 3424 878 et
3451 820 3758 876 ceciderunt

2182 949 2201 982 ι
2245 945 2355 985 una
2380 929 2470 985 die
2493 924 2687 996 viginti
2715 922 2821 978 tria
2852 920 3044 975 millia.
3080 915 3268 988 Neque
3304 923 3579 993 tentemus
3607 911 3760 976 Chri-

2184 1041 2201 1074 ι
2248 1031 2416 1086 stum,
2449 1019 2592 1074 sicut
2634 1014 2857 1086 quidam
2901 1025 3093 1066 eorum
3123 1013 3491 1070 tentaverunt,
3512 1013 3567 1058 et
3596 1018 3625 1057 a
3648 1018 3758 1058 scr-

2184 1132 2202 1165 ι
2247 1111 2501 1183 pentibus
2526 1108 2808 1180 perierunt
2834 1101 3026 1175 (Num.
3052 1116 3169 1167 ιιι,
3195 1099 3272 1169 6).
3297 1096 3488 1167 Neque
3521 1109 3762 1149 murmu-

2186 1224 2205 1255 ε
2252 1201 2524 1267 raveritis,
2573 1198 2717 1255 sicut
2761 1194 2985 1267 quidam
3023 1205 3216 1247 eorum
3260 1195 3759 1251 murmuraverunt,

2187 1316 2205 1348 ι
2250 1304 2306 1351 et
2331 1294 2613 1365 perierunt
2635 1289 2705 1345 ab
2738 1285 3185 1344 exterminatore.
3222 1279 3349 1336 Haec
3378 1286 3564 1334 autem
3587 1276 3762 1331 omnia

2189 1407 2207 1440 ι
2254 1387 2310 1442 in
2354 1385 2528 1457 figura
2570 1370 2961 1450 contingebant
2989 1374 3137 1441 illis;
3191 1371 3392 1442 scripta
3427 1375 3559 1426 sunt
3590 1374 3762 1421 autem

2189 1499 2207 1532 ι
2253 1478 2322 1534 ad
2343 1474 2744 1546 correptionem
2758 1477 3025 1534 nostram,
3050 1466 3107 1521 in
3129 1478 3270 1535 quos
3284 1461 3422 1517 flues
3446 1457 3766 1516 saeculorum

2190 1589 2209 1622 ι
2252 1569 2604 1624 devenerunt.
2641 1562 2830 1632 itaque
2866 1558 2961 1629 qui
2997 1572 3058 1613 se
3089 1555 3367 1612 existimat
3392 1560 3560 1617 stare;
3596 1549 3767 1604 videat

2193 1681 2210 1712 ε
2258 1674 2326 1715 ne
2356 1657 2537 1715 cadat.
2572 1651 2825 1710 Tentatio
2845 1665 2944 1705 vos
2973 1664 3084 1704 non
3112 1643 3506 1718 apprehendat,
3538 1640 3647 1697 nisi
3669 1639 3766 1695 bu-

2195 1772 2212 1804 ι
2259 1766 2443 1806 mana.
2493 1745 2697 1802 Fidelis
2733 1751 2916 1798 autem
2965 1740 3109 1796 Deus
3146 1745 3252 1804 est,
3282 1735 3380 1807 qui
3402 1747 3515 1789 non
3542 1731 3770 1804 patietur

500 1857 680 1927 pietis.
730 1851 823 1906 Sic
882 1821 1070 1917 utique
1119 1855 1341 1899 currere
1386 1836 1597 1933 debetis
1640 1831 1961 1933 abstinendo
2015 1830 2084 1885 ab
2118 1873 2157 1931 Β
2193 1863 2210 1894 .
2252 1857 2352 1897 vos
2399 1838 2595 1895 ωηιπί
2653 1850 2821 1906 supra
2870 1833 2924 1888 id
2981 1830 3129 1902 quod
3178 1826 3433 1900 ροιθειίε,
3480 1824 3580 1880 sed
3622 1821 3772 1879 (acng

500 1923 651 2003 omni
696 1942 844 2013 quod
874 1956 970 1994 vos
1011 1934 1274 2005 impedire
1300 1929 1492 2001 possit.
1515 1926 1653 1981 Nam
1675 1925 1846 1979 omnis
1882 1923 1970 1978 ille
1995 1923 2084 1991 qui

500 2012 765 2091 contendit
792 2035 847 2086 in
874 2045 1057 2101 agone,
1089 2026 1140 2080 id
1162 2032 1249 2079 est
1274 2022 1329 2076 in
1350 2018 1651 2077 certamine
1675 2031 1897 2082 cursus,
1920 2012 2088 2083 absti-

500 2137 585 2183 net
621 2143 673 2180 se
725 2124 790 2178 ab
839 2119 1081 2176 omnibus
1125 2111 1551 2185 impedientibus
1602 2123 1849 2165 cursum.
1901 2105 1972 2161 Et
2006 2104 2088 2159 illi

500 2220 709 2290 quidem
740 2221 1029 2271 currentes
1051 2209 1107 2264 in
1143 2206 1322 2263 stadio
1348 2205 1428 2260 sic
1458 2218 1518 2258 se
1538 2201 1835 2267 abstinent,
1867 2207 1927 2252 ut
1949 2196 2090 2251 acci-

503 2313 651 2381 piant
680 2301 1074 2374 corruptibilem
1097 2312 1345 2353 coronam
1369 2311 1388 2349 :
1427 2310 1519 2348 nos
1548 2291 1823 2362 accepturi
1850 2291 2093 2344 incorru-

504 2392 777 2473 parum,
825 2397 985 2465 longe
1036 2389 1274 2460 amplius
1325 2386 1598 2442 abstinere
1632 2397 1752 2438 nos
1806 2381 2093 2445 debemus,

508 2471 714 2565 quanto
742 2486 977 2559 digniori
1007 2496 1210 2540 corona
1238 2476 1731 2534 remunerabimur.
1765 2472 1831 2528 Et
1854 2472 1984 2544 quia
2014 2471 2097 2525 in-

509 2592 823 2653 corruptam
867 2589 1128 2632 coronam
1168 2578 1445 2641 exspecto,
1481 2568 1646 2639 igitur
1672 2582 1773 2638 ego
1817 2565 1895 2619 sic
1920 2579 2096 2627 curro,

511 2694 614 2731 non
658 2672 813 2746 quasi
842 2671 898 2724 in
937 2668 1215 2721 incertum.
1263 2661 1356 2716 Ille
1397 2659 1572 2716 currit
1614 2659 1670 2712 in
1698 2658 1958 2711 incertum
2005 2654 2099 2723 qui

512 2743 680 2823 modo
704 2763 864 2827 male,
910 2757 1072 2813 modo
1100 2754 1237 2809 bene
1278 2751 1408 2822 agit.
1439 2748 1578 2804 Cum
1604 2746 1749 2812 enim
1799 2745 1936 2807 bene
1968 2743 2099 2814 agit,

512 2866 780 2928 spcratsc
809 2858 1199 2921 accepturum;
1230 2842 1450 2914 quando
1503 2856 1632 2896 vero
1678 2839 1839 2905 male,
1889 2836 2099 2892 diilidit.

512 2949 745 3004 Currere
770 2943 903 2999 dicit
936 2942 1075 2996 bene
1100 2936 1338 3007 operari,
1364 2935 1484 2990 sine
1528 2931 1916 3004 impedimento
1945 2929 2107 2985 illam

513 3036 921 3096 tribulationis:
948 3032 1198 3103 Pugnare
1225 3028 1359 3084 dicit
1398 3026 1619 3097 quando
1664 3024 1899 3080 infertur
1928 3023 2105 3079 tribu-

516 3132 666 3196 latio,
701 3137 755 3183 et
782 3124 993 3181 fortiter
1014 3120 1239 3177 resistit.
1282 3117 1372 3173 Sic
1412 3117 1576 3173 etiam
1624 3132 1797 3187 pugno
1834 3132 1935 3170 non
1956 3114 2108 3186 quasi

2194 1952 2212 1983 ι
2255 1930 2421 1986 etiam
2452 1942 2578 1983 cum
2609 1923 2910 1981 tentatione
2938 1927 3291 1991 proventum,
3319 1926 3381 1972 ut
3407 1912 3634 1987 possitis
3654 1928 3769 1969 sus-

2196 2045 2213 2077 ι
2256 2024 2449 2079 tinere.
2490 2020 2719 2090 Propter
2770 2015 2919 2086 quod
2959 2009 3272 2070 charissimi
3318 2008 3476 2074 mihi,
3509 2004 3679 2077 fugite
3708 2004 3770 2058 ab
3842 2048 3845 2055 .

2198 2135 2215 2167 ι
2263 2112 2536 2170 idolorum
2585 2110 2821 2166 cultura.
2868 2104 2940 2162 Ut
2994 2102 3354 2175 prudentibus
3399 2101 3640 2170 loquor:
3673 2093 3775 2153 Vos

2199 2227 2218 2259 ι
2262 2206 2367 2276 ipsi
2392 2204 2632 2275 judicate
2649 2216 2773 2273 quae
2798 2199 2941 2254 dico.
2977 2196 3127 2254 Calix
3157 2191 3554 2252 benedictionis
3580 2190 3668 2246 cui
3693 2190 3775 2245 be-

2202 2318 2219 2350 ι
2266 2297 2591 2360 nedicimus,
2635 2306 2821 2349 nonne
2843 2288 3270 2346 communicatio
3303 2284 3596 2356 sanguinis
3626 2282 3774 2337 Chri-

2204 2410 2223 2441 ι
2268 2389 2337 2446 sti
2379 2389 2496 2445 est?
2542 2386 2609 2441 Et
2657 2385 2814 2457 panis
2847 2398 3011 2456 quem
3067 2379 3373 2451 frangimus
3428 2390 3617 2433 nonne
3663 2390 3770 2446 par-

2206 2502 2223 2534 ε
2268 2481 2515 2551 ticipatio
2571 2476 2822 2548 corporis
2876 2472 3095 2530 Domini
3142 2472 3273 2527 est?
3315 2468 3594 2537 Quoniam
3651 2482 3777 2523 unus

2208 2590 2224 2622 ι
2271 2571 2450 2641 panis,
2471 2578 2527 2625 et
2548 2582 2718 2623 unum
2743 2581 2944 2636 corpus
2967 2563 3120 2619 multi
3145 2575 3374 2618 sumus:
3408 2574 3606 2615 omnes
3627 2558 3771 2627 .121

2210 2681 2226 2711 ι
2268 2661 2489 2730 quidem
2502 2660 2569 2714 de
2588 2672 2700 2713 uno
2716 2671 2877 2728 pane,
2902 2663 2957 2711 et
2975 2654 3043 2711 de
3065 2669 3177 2710 uno
3187 2652 3356 2709 calice
3373 2650 3773 2722 participamus.

2212 2774 2230 2805 ι
2283 2752 2477 2807 Videte
2503 2749 2673 2807 Israel
2702 2748 3004 2805 secundum
3026 2760 3247 2802 carnem
3275 2762 3290 2799 :
3315 2758 3500 2799 nonne
3511 2741 3610 2813 qui
3632 2739 3781 2796 edunt

2213 2865 2230 2896 ι
2267 2844 2498 2909 hostias,
2527 2841 2823 2913 participes
2854 2847 2984 2895 sunt
3025 2835 3254 2893 altaris?
3285 2833 3430 2901 Quid
3464 2832 3635 2904 ergo?
3666 2830 3781 2885 Dico

2215 2955 2233 2987 ι
2270 2934 2419 3006 quod
2449 2934 2611 2990 idolis
2642 2933 2985 2988 immolatum
3025 2930 3098 2986 sit
3121 2927 3350 2999 aliquid,
3381 2938 3478 2980 aut
3505 2924 3657 2996 quod
3682 2923 3782 2978 ido-

2216 3048 2234 3079 ι
2273 3028 2387 3082 lum
2417 3027 2490 3083 sit
2509 3024 2751 3097 aliquid?
2781 3022 2888 3079 Sed
2917 3037 3041 3093 qua:
3067 3020 3354 3076 immolant
3380 3025 3595 3089 gentes,
3641 3033 3659 3067 ι
3685 3014 3781 3069 da:-

2218 3139 2235 3172 ι
2279 3118 2479 3175 moniis
2501 3116 2808 3184 immolant,
2840 3123 2895 3170 et
2920 3129 3029 3168 non
3057 3111 3169 3167 Deo
3200 3110 3382 3183 (Deut.
3417 3124 3597 3174 xxxii,
3628 3105 3736 3176 l7).
3763 3123 3780 3155 ι

516 3226 791 3280 verberans
821 3233 1015 3282 aerem,
1056 3222 1115 3269 ut
1153 3212 1299 3283 quod
1346 3212 1485 3265 bene
1505 3210 1706 3276 dicam,
1750 3222 1912 3278 opere
1943 3206 1995 3261 in
2024 3219 2111 3260 me
2138 3183 2185 3277 δ
2221 3229 2237 3260 ι
2276 3207 2410 3264 Nolo
2430 3218 2614 3264 autem
2636 3223 2735 3263 vos
2755 3183 2935 3263 socios
2964 3203 3080 3260 fieri
3106 3201 3528 3259 daemoniorum.
3551 3198 3671 3255 Non
3702 3213 3785 3269 po-

519 3332 627 3371 non
654 3312 953 3382 compleam
1001 3328 1012 3361 :
1063 3305 1158 3376 qui
1199 3304 1343 3359 enim
1389 3303 1443 3356 in
1488 3316 1690 3357 vanum
1741 3300 1905 3355 verba
1954 3299 2107 3363 dicit,

520 3422 700 3463 acrem
732 3403 909 3459 solum
946 3399 1234 3454 verberare
1273 3394 1503 3450 dicitur:
1527 3391 1623 3446 Vel
1654 3393 1726 3445 ita
1754 3410 1765 3445 :
1803 3389 1926 3444 Non
1956 3390 2110 3460 quasi

521 3514 694 3552 aerem
728 3492 1026 3554 verberans,
1053 3488 1105 3543 id
1136 3498 1221 3541 est
1256 3499 1363 3540 non
1392 3483 1596 3539 frustra
1644 3483 1783 3537 ictus
1810 3497 1961 3536 meos
1980 3494 2111 3550 pro-

524 3592 736 3662 iicicns,
768 3586 911 3642 sicut
940 3582 1028 3636 ille
1076 3578 1169 3650 qui
1215 3585 1420 3648 pugnat
1471 3590 1597 3630 cum
1648 3576 1824 3637 hoste,
1870 3570 2112 3641 quando,

525 3681 767 3751 projecto
798 3677 929 3740 ictu,
986 3686 1095 3726 non
1142 3668 1314 3739 tangit
1343 3667 1577 3731 hostem,
1599 3664 1801 3719 dicitur
1830 3662 2116 3717 verberare

525 3787 748 3838 aerem;
801 3767 896 3824 sed
952 3778 1052 3835 ego
1096 3771 1386 3816 conterens
1450 3758 1685 3823 hostem,
1733 3770 1846 3810 non
1890 3752 2119 3808 verbero

529 3878 730 3927 aerem,
785 3858 874 3913 sed
911 3854 1113 3925 castigo
1142 3866 1331 3920 corpus
1359 3864 1551 3914 meum,
1589 3845 1642 3901 id
1665 3855 1748 3901 est
1772 3843 1957 3901 carnis
1982 3857 2117 3898 con-

527 3948 895 4022 cupiscentias
929 3942 1271 4014 comprimo:
1309 3948 1359 3993 et
1405 3938 1479 3992 ita
1515 3935 1664 4008 quod
1701 3949 1900 4005 corpus
1942 3932 2119 4001 redigo

527 4048 587 4100 in
607 4044 930 4107 servitutem,
963 4039 1016 4094 id
1064 4045 1151 4093 est
1192 4046 1253 4090 ut
1282 4048 1411 4090 caro
1449 4046 1559 4086 non
1581 4030 1759 4087 solum
1799 4042 1908 4083 non
1956 4040 2119 4096 repu-

531 4144 680 4207 gnet,
709 4131 803 4197 sed
844 4132 1009 4185 etiam
1046 4128 1249 4184 serviat
1290 4125 1526 4196 spiritui.
1571 4123 1697 4179 ideo
1725 4123 1805 4178 sic
1839 4118 2047 4189 castigo
2069 4126 2124 4172 et

531 4225 737 4296 redigo,
768 4240 829 4277 ne
860 4222 996 4292 forte
1040 4218 1323 4289 contingat
1365 4214 1515 4286 quod
1552 4212 1869 4284 contingere
1914 4218 2120 4281 posset,

534 4329 617 4387 ut,
648 4333 766 4371 cum
797 4315 921 4369 aliis
949 4310 1372 4383 prwdicaverim,
1411 4309 1523 4378 ipse
1556 4307 1753 4376 efﬁciar
1791 4304 2038 4375 reprobus
2062 4312 2126 4358 et

514 4408 883 4491 _damnabilis.
936 4403 1038 4459 Ubi
1071 4403 1148 4456 ait
1198 4416 1260 4456 ne
1305 4401 1460 4470 forte,
1492 4399 1629 4454 bene
1671 4397 1911 4453 ostendit
1952 4394 2125 4450 Deum

537 4502 617 4558 sic
627 4500 824 4568 eligere
839 4509 971 4551 suos
993 4501 1054 4549 ut
1067 4507 1176 4546 non
1198 4500 1485 4560 cogateos:
1508 4503 1576 4542 ne
1592 4488 1895 4543 libertatem
1911 4483 2124 4541 arbitrii

2219 3322 2236 3353 ι
2274 3300 2429 3356 testis
2450 3299 2675 3355 calicem
2698 3296 2915 3353 Domini
2939 3295 3146 3361 bibere,
3173 3302 3229 3349 et
3247 3292 3474 3349 calicem
3498 3287 3783 3365 daemonio-

2221 3411 2237 3442 ι
2269 3405 2403 3445 rum
2431 3406 2445 3444 :
2471 3403 2580 3443 non
2602 3386 2834 3459 potestis
2859 3400 3065 3441 mensa:
3099 3383 3317 3439 Domini
3340 3380 3639 3454 participes
3661 3394 3784 3444 esse,

2222 3499 2238 3528 ι
2278 3488 2333 3533 et
2360 3492 2566 3533 mensa:
2588 3475 3004 3532 daemoniorum.
3028 3474 3112 3528 An
3126 3473 3452 3528 aamulamur
3480 3468 3788 3527 Dominum?

2223 3591 2239 3623 ι
2284 3569 2541 3640 Nunquid
2563 3567 2818 3623 fortiores
2843 3566 2937 3621 illo
2957 3564 3189 3620 sumus?
3215 3562 3414 3619 Omnia
3452 3562 3593 3617 mihi
3622 3561 3786 3625 licent,

2225 3681 2241 3713 ι
2284 3660 2379 3716 sed
2418 3673 2530 3715 non
2554 3657 2740 3713 omnia
2769 3656 3085 3727 expediunt.
3110 3653 3306 3710 Omnia
3328 3653 3464 3709 mihi
3489 3653 3668 3719 licent,
3702 3649 3785 3704 sed

2227 3767 2392 3822 anon
2421 3750 2606 3806 omnia
2636 3749 2926 3805 aedificant.
2968 3746 3141 3803 Nemo
3172 3746 3319 3818 quod
3350 3761 3515 3802 suum
3545 3753 3628 3802 est
3659 3757 3789 3813 quae-

2227 3862 2244 3893 ι
2284 3852 2385 3910 rat,
2433 3842 2528 3900 sed
2574 3841 2720 3913 quod
2760 3839 3007 3896 alterius.
3058 3838 3233 3895 Omne
3271 3837 3418 3909 quod
3472 3838 3529 3892 in
3568 3833 3792 3903 macello

2229 3954 2246 3985 ι
2288 3934 2456 3998 venit,
2480 3932 2827 3997 manducate,
2855 3929 2993 3985 nihil
3017 3929 3417 4001 interrogantes
3437 3936 3658 3998 propter
3677 3939 3794 3979 con-

2230 4045 2246 4069 σ
2286 4021 2594 4078 scientiam.
2645 4039 2663 4071 ‹
2694 4018 2910 4073 Domini
2941 4026 3027 4074 est
3054 4025 3223 4085 terra,
3269 4024 3324 4071 et
3367 4014 3649 4086 plenitudo
3688 4013 3794 4082 ejus

2231 4133 2247 4165 ι
2286 4112 2460 4185 (Ρδαι.
2495 4126 2623 4177 xxv,
2664 4110 2737 4181 l).
2777 4128 2797 4160 ι
2826 4107 2883 4165 Si
2910 4108 3037 4179 quis
3079 4116 3241 4163 vocat
3269 4120 3365 4161 vos
3405 4104 3704 4161 inﬁdelium
3737 4101 3795 4156 ad

2232 4225 2248 4255 ι
2287 4217 2522 4269 coenam,
2545 4210 2601 4257 et
2622 4201 2785 4256 vultis
2808 4200 2886 4255 ire
2910 4218 2923 4254 :
2951 4213 3115 4255 omne
3142 4198 3288 4268 quod
3316 4196 3473 4253 vobis
3499 4194 3795 4267 apponitur,

2233 4315 2249 4345 ι
2285 4294 2630 4359 manducate,
2674 4290 2812 4346 nihil
2846 4291 3247 4360 interrogantes
3273 4296 3498 4359 propter
3526 4285 3799 4341 conscieu-
3902 4302 3904 4307 ·

2234 4405 2251 4437 ‹
2290 4385 2442 4440 tiam.
2479 4383 2537 4439 Si
2566 4383 2693 4453 quis
2737 4391 2917 4438 autem
2949 4381 3185 4438 dixerit:
3217 4378 3331 4435 Hoc
3357 4379 3697 4434 immolatum
3728 4384 3801 4430 est
3902 4376 3904 4419 Ξ

2235 4495 2253 4526 ι
2293 4474 2452 4530 idolis
2480 4492 2491 4526 :
2522 4473 2687 4527 nolite
2717 4471 3055 4526 manducare
3082 4478 3305 4540 propter
3328 4468 3507 4535 illum,
3551 4467 3646 4539 qui
3678 4465 3801 4520 indi-
3902 4460 3904 4477 ⁵

540 4594 593 4650 in
617 4592 698 4648 eis
726 4590 997 4651 destruat,
1013 4582 1147 4653 quin
1175 4581 1221 4637 si
1249 4580 1416 4635 velint
1438 4581 1636 4635 iterum
1658 4579 1871 4636 cadere.
1890 4576 2118 4647 possint.
2155 4561 2199 4614 ἶ)
2232 4586 2249 4617 ι
2287 4565 2451 4633 cavit,
2487 4574 2544 4620 ct
2575 4572 2799 4635 propter
2822 4561 3237 4618 conscientiam.
3271 4558 3676 4615 Conscientiam
3712 4572 3800 4612 au—

1161 4655 1390 4728 CAPUT
1427 4670 1495 4725 χ.

617 4795 636 4827 ι
679 4771 817 4827 Nolo
861 4766 1010 4823 enim
1039 4780 1138 4821 vos
1160 4763 1430 4836 ignorare,
1463 4761 1679 4828 fratres,
1721 4761 1982 4832 quoniam
2028 4775 2128 4830 pa-

548 4888 566 4920 (
614 4875 726 4921 tres
774 4859 949 4917 nostri
1001 4870 1193 4913 omnes
1219 4856 1323 4912 sub
1368 4854 1514 4910 nube
1559 4853 1799 4920 fuerunt,
1848 4862 1905 4909 et
1939 4868 2131 4909 omnes

549 4980 566 5011 ι
615 4971 766 5011 mare
811 4950 1164 5018 transierunt,
1213 4956 1269 5004 et
1312 4962 1506 5003 omnes
1538 4946 1596 5001 in
1642 4944 1826 5017 Moyse
1874 4944 2133 5015 baptizati

552 5071 574 5127 ι⁵
616 5046 814 5105 suntin
841 5044 988 5099 nube
1015 5050 1069 5097 et
1099 5042 1156 5095 in
1180 5039 1320 5095 mari
1349 5037 1548 5111 (Exod.
1573 5053 1697 5105 xm,
1719 5038 1833 5108 21).
1863 5036 1929 5091 Et
1942 5052 2134 5092 omnes

553 5162 571 5194 ι
617 5140 866 5197 eamdem
924 5149 1110 5191 escam
1167 5131 1468 5204 spiritalem
1528 5130 2031 5199 manducaveruut,
2083 5139 2137 5184 et

556 5254 574 5285 ι
621 5248 812 5288 omnes
848 5228 1099 5286 eumdem
1134 5233 1324 5297 potum
1353 5222 1654 5295 spiritalem
1670 5223 1946 5289 biberunt.
1978 5221 2137 5277 Bibe-

558 5344 577 5377 ι
624 5326 752 5381 bant
777 5332 962 5378 autem
990 5320 1058 5375 de
1108 5317 1362 5389 spiritali,
1404 5322 1773 5386 consequente
1821 5329 1917 5370 eos
1960 5320 2133 5383 petra.

561 5439 579 5471 ι
620 5418 780 5473 Petra
829 5420 1014 5469 autem
1055 5416 1174 5465 erat
1221 5407 1493 5475 Christus.
1529 5406 1633 5463 Sed
1675 5423 1783 5462 non
1812 5407 1869 5460 in
1890 5404 2140 5477 pluribus

564 5530 582 5564 ι
627 5522 819 5565 eorum
856 5500 1253 5582 beneplaeitum
1291 5506 1375 5554 est
1397 5497 1529 5553 Deo.
1559 5496 1695 5552 Nam
1724 5494 1983 5567 prostrati
2013 5500 2144 5549 sunt

565 5623 583 5655 ι
626 5604 681 5656 in
704 5600 920 5656 deserto
952 5588 1141 5668 (Nam.
1178 5606 1330 5657 xxvi,
1358 5588 1473 5659 65).
1508 5586 1633 5643 Haec
1658 5595 1843 5642 autem
1884 5583 1941 5638 in
1969 5582 2142 5655 ﬁgura

567 5711 585 5744 ι
627 5692 769 5748 facta
813 5696 941 5744 sunt
969 5683 1164 5748 nostri,
1216 5691 1275 5736 ut
1321 5697 1431 5734 non
1476 5679 1651 5733 simus
1695 5674 2144 5744 concupiscentes

570 5803 587 5836 ι
634 5783 925 5845 malorum,
957 5777 1099 5832 sicut
1123 5782 1176 5827 et
1197 5772 1273 5827 illi
1303 5767 1700 5839 concupierunt
1731 5764 1994 5836 (Psal.cv,
2016 5763 2102 5833 li)
2128 5782 2141 5829 ;

2235 4678 2253 4710 ‹
2291 4669 2401 4713 tem
2427 4657 2573 4723 dico,
2597 4671 2706 4710 non
2729 4664 2878 4710 tuam
2912 4654 3007 4710 sed
3034 4652 3279 4709 alterius.
3311 4650 3383 4707 Ut
3422 4650 3557 4722 quid
3579 4651 3721 4706 enim
3748 4649 3804 4703 li-

2237 4772 2254 4802 ι
2295 4752 2480 4806 bertas
2505 4765 2626 4805 mea
2642 4748 2922 4820 judicatur
2939 4746 3009 4802 ab
3033 4747 3210 4802 aliena
3230 4744 3611 4800 conscientia?
3640 4742 3697 4799 Si
3716 4756 3804 4813 ego

2238 4862 2256 4893 ι
2296 4857 2421 4896 cum
2445 4840 2617 4911 gratia
2633 4837 2923 4911 participo,
2946 4836 3077 4907 quid
3092 4835 3444 4906 blasphemor
3458 4850 3560 4905 pro
3573 4849 3658 4898 eo,
3674 4829 3805 4903 quod

2242 4954 2260 4985 ι
2295 4933 2501 5004 gratias
2529 4930 2667 5002 ago?
2705 4948 2724 4980 ι
2754 4927 2880 4983 Sive
2913 4941 3044 4998 ergo
3067 4922 3435 4990 manducatis,
3469 4923 3586 4979 sive
3615 4920 3805 4983 bibitis,
3902 4974 3904 4977 .

2245 5045 2262 5076 ι
2302 5024 2385 5079 vel
2415 5022 2563 5078 aliud
2587 5020 2718 5092 quid
2750 5018 2950 5086 facitis,
2974 5018 3159 5074 omnia
3181 5017 3236 5071 in
3275 5015 3507 5088 gloriam
3537 5014 3643 5070 Dei
3665 5012 3809 5069 facite
3902 5018 3904 5025 '

2247 5136 2264 5167 ι
2300 5113 2526 5187 (Coloss.
2559 5128 2642 5179 ιιι,
2676 5111 2787 5180 l7).
2809 5130 2828 5163 ι
2861 5109 2992 5165 Sine
3027 5108 3328 5164 offensione
3348 5114 3525 5163 estote
3539 5104 3741 5192 .Judseis
3764 5112 3812 5156 et

2248 5226 2265 5259 ι
2304 5205 2554 5278 gentibus
2578 5212 2632 5259 et
2673 5200 2931 5258 Ecclesia:
2957 5200 3093 5256 Dei:
3127 5199 3269 5255 sicut
3302 5207 3358 5253 et
3376 5212 3480 5269 ego
3520 5212 3618 5268 per
3641 5192 3811 5252 omnia

2249 5318 2267 5350 ι
2303 5297 2560 5353 omnibus
2578 5296 2788 5367 placeo,
2814 5310 2924 5350 non
2945 5308 3198 5366 quaerens
3220 5291 3367 5362 quod
3390 5290 3528 5345 mihi
3569 5288 3694 5345 utile
3715 5294 3809 5350 est,

2252 5410 2270 5442 ι
2313 5390 2408 5446 sed
2428 5387 2575 5460 quod
2596 5387 2803 5456 multis,
2835 5395 2897 5443 ut
2917 5385 3051 5442 salvi
3083 5384 3233 5439 fiant.
3268 5402 3286 5435 ι

2880 5476 3182 5536 exrosrrto.

2314 5575 2454 5645 Quia
2494 5574 2698 5631 Paulus
2726 5573 2970 5630 dixerat:
3010 5571 3228 5643 Castigo
3256 5585 3447 5640 corpus
3473 5548 3663 5635 meum,
3691 5572 3809 5629 etc.,
3902 5574 3904 5643 ς

2247 5685 2309 5722 ne
2352 5670 2463 5738 ipse
2509 5666 2756 5745 reprobus
2797 5666 3020 5734 e/ﬁciar,
3079 5664 3147 5718 ad
3187 5663 3292 5718 hoc
3338 5661 3548 5717 diceret
3589 5656 3808 5727 aliquis:

2249 5761 2431 5828 Quare
2462 5768 2742 5827 tantopere
2771 5756 3009 5823 laboras,
3050 5770 3118 5809 ne
3154 5751 3494 5822 reproberis?
3537 5749 3651 5807 Non
3678 5746 3812 5802 enim
