3978 6430
195 364 306 419 "3

807 356 1171 416 EXPOSITIO
1203 357 1269 415 lN
1309 353 1690 413 EPlS'l‘OLAS
1726 332 1955 408 PAULl.
1993 354 2171 429 -—_lN
2210 354 2431 415 EPIST.
2472 356 2495 411 l
2532 344 2625 412 AD
2655 356 2817 415 con.

3356 359 3466 417 174⁷

189 474 528 532 credendum
557 481 643 529 est
664 470 836 529 Deum
881 472 1070 528 leviter
1098 472 1388 542 reprobare
1418 486 1542 537 nos,
1577 468 1778 540 quibus
1808 471 1853 526 A
1879 482 2059 521 eorum
2095 468 2483 539 beneplacitum
2522 479 2601 526 est
2640 470 2783 537 Deo;
2816 469 2947 543 quia
2979 472 3274 543 peccando,
3316 473 3462 531 datis

192 565 555 637 baptismum,
598 564 758 618 ﬁdem
798 572 854 618 ct
886 573 1080 619 caetera
1128 570 1472 618 sacramenta
1522 558 1781 615 Ecclesia;

188 656 453 721 contulit,
487 654 707 709 etiamsi
743 654 945 725 injuste
989 654 1284 725 aliquando
1326 653 1500 710 simus
1546 652 1776 723 operati.

191 745 412 801 Contra
460 746 566 801 hoc
600 744 805 800 Paulus
841 746 1036 816 probat
1062 745 1199 800 nihil
1227 746 1406 801 valere
1440 746 1508 801 ad
1549 746 1780 801 salutem

190 845 569 904 sacramenta,
596 837 644 893 si
674 838 855 893 desint
894 838 1038 894 bona
1066 854 1253 909 opera.
1277 837 1467 892 Patres
1495 837 1642 893 enim
1673 834 1780 891 Ve-

192 926 334 982 teris
367 924 704 982 Testamenti
745 928 936 982 eadem
979 944 1102 998 qua:
1143 929 1408 984 habemus
1443 928 1497 981 in
1532 918 1780 992 veritate,

195 1016 514 1074 habuerunt
557 1016 613 1071 in
654 1004 868 1088 figura;
919 1019 1014 1074 sed
1036 1019 1164 1089 quia
1194 1018 1334 1074 male
1381 1016 1590 1087 operati
1632 1027 1780 1083 sunt,

194 1124 313 1162 non
338 1106 661 1178 profuerunt
686 1106 793 1163 illis
819 1117 1193 1171 sacramenta;
1230 1108 1312 1164 sic
1339 1122 1441 1163 nec
1467 1107 1627 1163 nobis
1656 1121 1785 1176 pro-

194 1199 421 1264 derunt,
455 1198 504 1254 si
554 1199 696 1252 mala
742 1198 948 1254 fuerint
994 1214 1161 1269 opera
1207 1207 1413 1254 nostra.
1457 1197 1661 1253 Littera
1690 1196 1785 1263 sic

191 1287 448 1358 jungitur
473 1307 487 1343 :
517 1286 812 1358 Propterea
844 1296 1127 1359 tantopere
1156 1289 1367 1356 laboro,
1411 1304 1479 1344 ne
1520 1289 1785 1367 reprobus

195 1380 426 1436 alliciar.
460 1379 631 1435 Video
671 1380 819 1436 enim
849 1395 959 1435 non
988 1380 1123 1435 mihi
1158 1380 1404 1437 sullicere
1430 1389 1654 1452 accepta
1692 1396 1783 1435 sa-

196 1479 500 1537 cramenta,
522 1470 569 1526 si
586 1468 862 1525 defuerint
879 1484 1071 1539 opera;
1095 1469 1550 1541 quemadmodum
1572 1484 1672 1524 nec
1690 1485 1786 1539 pa-

199 1561 380 1617 tribus
404 1558 610 1625 nostris
634 1559 738 1615 sub
763 1556 945 1614 Veteri
969 1574 1078 1613 non
1105 1557 1453 1625 suﬂ'ecerunt,
1485 1558 1614 1628 quia
1645 1557 1786 1612 male

195 1651 412 1723 operati
441 1660 587 1707 sunt.
617 1648 773 1716 Quod
806 1656 866 1704 ut
894 1648 1146 1716 videatis,
1177 1648 1297 1703 nolo
1328 1665 1415 1703 uos
1453 1650 1718 1720 ignorare,
1754 1664 1784 1701 ο

197 1751 421 1820 fratres,
444 1749 696 1820 quoniam
723 1755 901 1818 patres
936 1747 1128 1812 nostri,
1155 1746 1208 1801 id
1237 1755 1320 1801 est
1345 1744 1537 1811 Judaei,
1562 1745 1656 1816 qui
1682 1760 1783 1801 nos

198 1842 253 1896 in
284 1842 439 1896 cultu
468 1840 562 1895 Dei
591 1852 1012 1911 praseesserunt,
1036 1847 1091 1897 et
1110 1840 1437 1904 docuerunt,
1460 1847 1515 1894 et
1546 1853 1782 1908 quorum

198 1934 390 2005 ﬁgurat
439 1932 722 1988 veritatem
775 1940 1019 1987 nostram
1067 1944 1322 2002 genuere.
1368 1928 1484 1996 llli,
1536 1928 1782 1998 inquam,

194 2033 382 2094 patres
402 2038 603 2090 omnes,
632 2022 786 2078 nullo
817 2029 1091 2092 separato,
1129 2020 1341 2091 fuerunt
1369 2019 1464 2073 sub
1494 2018 1646 2071 nube.
1671 2015 1785 2071 Nu-

195 2116 296 2171 bes
334 2114 430 2169 illa
466 2129 592 2185 quae
633 2115 777 2169 inter
805 2112 1092 2186 [Egyptios
1132 2121 1186 2168 et
1209 2110 1427 2167 Judaeos
1467 2109 1645 2181 posita
1681 2108 1786 2164 fuit

198 2221 378 2277 usque
404 2206 473 2261 ad
507 2221 660 2261 mare
692 2203 961 2273 Rubrum,
989 2203 1318 2277 signiﬁcavit
1349 2203 1589 2259 divinam
1619 2201 1786 2258 mise-

198 2297 518 2364 ricordiam,
562 2312 687 2368 quae
725 2298 1152 2353 catechumenos
1178 2295 1432 2369 protegit,
1477 2294 1652 2350 donec
1696 2307 1787 2348 ve-

198 2391 356 2445 niant
393 2389 463 2445 ad
484 2388 840 2460 baptismum.
874 2387 944 2442 Et
972 2405 1149 2444 omnes
1185 2396 1368 2459 patres
1410 2385 1584 2442 nostri
1612 2393 1788 2439 trans-

198 2482 375 2536 ierunt
397 2497 546 2535 mare
559 2480 818 2547 Rubrum,
840 2480 916 2536 ita
937 2489 990 2536 et
1011 2496 1112 2536 nos
1128 2493 1319 2535 omnes
1340 2493 1438 2548 per
1452 2476 1787 2548 baptismum

200 2572 536 2639 transimus;
582 2580 632 2626 et
661 2584 838 2627 omnes
872 2582 1057 2642 patres
1084 2570 1257 2626 nostri
1295 2570 1354 2623 in
1382 2568 1580 2639 Moyse,
1613 2568 1668 2624 id
1706 2576 1793 2623 est

201 2666 254 2718 in
275 2664 545 2735 regimine
564 2662 736 2735 Moysi
759 2664 1019 2735 baptizati
1047 2672 1192 2730 sunt,
1224 2662 1280 2719 id
1301 2670 1385 2719 est
1413 2660 1642 2733 profecti
1663 2669 1794 2718 sunt

202 2757 255 2810 in
299 2755 471 2821 nube,
511 2764 803 2826 separante
850 2770 947 2812 eos
991 2754 1062 2810 ab
1095 2753 1387 2827 Egyptiis,
1429 2762 1483 2810 et
1526 2755 1582 2809 in
1623 2752 1793 2808 maris

201 2849 459 2903 transitu.
491 2846 766 2918 Baptizati
813 2847 963 2915 dicit,
1004 2863 1132 2903 cum
1174 2862 1276 2903 nec
1313 2847 1418 2902 ista
1455 2862 1556 2901 vox
1592 2846 1660 2902 de
1685 2845 1793 2900 illis

202 2950 333 2996 tunc
360 2940 510 2995 dicta
535 2940 627 3007 sit,
652 2955 753 2996 nec
775 2955 926 2996 mare
951 2940 1084 2995 illud
1105 2940 1308 2995 veritas
1329 2939 1585 3009 baptismi
1608 2937 1791 3004 fuerit,

202 3032 332 3103 quia
358 3032 538 3102 ﬁgura
577 3040 810 3098 tantum,
842 3031 937 3088 sed
977 3047 1180 3087 nomen
1212 3030 1531 3103 significata:
1562 3031 1664 3096 rei,
1692 3046 1793 3101 pro

1881 561 2237 616 sacramentis
2258 560 2512 633 indignos
2534 578 2593 619 se
2613 563 2881 620 fecerunt.
2904 562 3044 619 Vere
3063 565 3248 634 plures
3270 580 3462 622 eorum

1881 663 1993 704 non
2022 650 2344 720 placuerunt
2370 652 2482 708 Deo
2515 672 2528 707 :
2566 671 2689 709 nam
2713 655 2971 726 prostrati
2999 663 3121 709 sunt
3146 656 3201 709 in
3236 656 3461 725 deserto,

1882 752 2240 811 provocantes
2271 759 2437 816 super
2461 761 2521 801 se
2546 746 2683 801 iram
2710 746 2805 802 Dei
2830 747 2972 803 male
3000 747 3231 820 agendo.
3264 747 3329 803 Et
3354 748 3465 803 Iure

1882 836 2139 904 praedicta
2180 851 2288 891 non
2335 838 2519 894 solum
2564 854 2731 895 causa
2769 855 2961 895 eorum
2998 840 3146 910 facta
3191 848 3337 906 sunt,
3370 840 3466 895 sed

1882 926 2129 982 etiamin
2156 928 2331 999 ﬁgura
2374 931 2564 985 nostri.
2597 930 2657 985 ln
2706 931 2963 987 omnibus
3002 932 3151 987 enim
3194 932 3467 1002 pradictis

1882 1014 2114 1087 figurata
2152 1026 2237 1073 est
2282 1019 2485 1075 veritas
2536 1029 3035 1089 sacramentorum,
3073 1037 3197 1093 qua:
3224 1022 3349 1077 data
3383 1030 3468 1078 est

1884 1107 2045 1161 nobis
2064 1122 2161 1178 per
2184 1106 2486 1165 Christum.
2511 1109 2638 1167 ldeo
2664 1111 2722 1167 in
2742 1110 2918 1183 figura
2946 1112 3119 1167 nostri
3144 1111 3288 1168 facta
3313 1120 3465 1178 sunt,

1885 1206 1943 1250 ut
1988 1213 2094 1251 non
2130 1199 2296 1253 simus
2338 1201 2758 1270 concupiscentes
2806 1201 3092 1269 malorum,
3123 1200 3262 1256 sicut
3298 1211 3347 1257 et
3381 1201 3468 1256 illi

1885 1290 2165 1345 multoties
2195 1293 2339 1347 mala
2361 1295 2756 1363 concupierunt.

1954 1379 2055 1435 Hic
2088 1380 2292 1462 Paulus
2322 1398 2380 1438 se
2409 1383 2603 1449 inserit
2629 1385 2730 1451 eis,
2762 1393 2820 1440 ut
2854 1374 3051 1443 melius
3084 1401 3179 1442 eos
3200 1387 3466 1451 retrahat,

1885 1479 2106 1540 peccata
2137 1488 2369 1542 quorum
2411 1475 2788 1544 eompatiendo
2818 1492 2918 1530 sua
2948 1474 3098 1531 facit.
3123 1474 3279 1531 Nunc
3317 1492 3466 1546 quae-

1886 1558 2012 1612 dam
2049 1569 2272 1629 peccata
2311 1560 2626 1617 Iudaeorum
2667 1564 2910 1633 reponit,
2941 1580 3063 1634 quae
3103 1565 3238 1620 vidit
3265 1565 3321 1619 in
3360 1563 3468 1620 Co-

1887 1652 2107 1708 rinthiis
2126 1669 2270 1722 esse,
2301 1653 2526 1710 dicens:
2559 1652 2638 1710 Ne
2665 1655 2786 1711 sitis
2809 1658 3260 1726 concupiscentes
3288 1657 3467 1712 malo-

1888 1759 2033 1811 rum,
2060 1744 2287 1812 scilicet,
2328 1760 2508 1816 neque
2539 1744 2847 1803 eﬂiciamini
2874 1746 3189 1803 idololatra.
3218 1746 3318 1803 Hic
3350 1747 3466 1817 jam

1888 1845 2104 1906 separat
2133 1852 2192 1892 se
2219 1838 2289 1892 ab
2314 1836 2422 1893 illis
2447 1837 2649 1908 quibus
2676 1838 2733 1892 in
2763 1822 3072 1895 idololatria
3105 1854 3214 1895 non
3235 1854 3467 1895 consen—

1888 1928 1978 1995 sit,
2014 1944 2097 1996 ne,
2123 1929 2370 1999 inquam,
2397 1930 2520 1983 sitis
2546 1929 2850 1985 idololatra:
2871 1932 3009 1984 sicut
3041 1932 3260 2002 quidam
3286 1946 3470 1987 eorum

1888 2018 2130 2075 fuerunt.
2164 2018 2437 2075 Corinthii
2465 2027 2649 2075 autem
2676 2020 2977 2076 idololatra:
3013 2029 3198 2090 erant;
3234 2022 3364 2093 quia
3384 2022 3469 2077 vel

1864 2112 1990 2168 ‘sub
2013 2112 2357 2168 veneratione
2375 2110 2507 2168 idoli
2530 2111 2828 2184 idolothyta
2848 2113 3231 2180 comedebant;
3252 2115 3339 2169 vel
3358 2129 3469 2168 non

1887 2212 2141 2259 curantes
2178 2201 2451 2260 offendere
2491 2202 2716 2260 fratrem
2742 2204 3123 2261 manducando
3147 2204 3468 2277 idolothyta,

1887 2312 2054 2353 causa
2094 2305 2253 2352 erant
2281 2311 2453 2367 quare
2493 2296 2744 2353 infirmus
2773 2295 2940 2352 frater
2985 2296 3269 2352 idololatra
3303 2307 3470 2363 esset,

1888 2396 1944 2443 et
1983 2388 2065 2444 sic
2087 2387 2154 2444 de
2183 2387 2493 2453 idololatria
2524 2387 2879 2443 accusabiles.
2911 2386 3214 2443 ldololatrae
3253 2386 3475 2442 fuerunt

1890 2482 2112 2552 quidam
2147 2479 2486 2547 Iudaeorum,
2525 2472 2967 2552 quemadmodum
2998 2479 3065 2536 de
3102 2479 3185 2536 eis
3216 2480 3474 2550 scriptum

1889 2584 1967 2630 est
1995 2575 2050 2629 in
2073 2573 2261 2630 Exodo
2284 2593 2297 2628 :
2325 2572 2473 2629 Sedit
2493 2572 2716 2644 populus
2741 2570 3050 2628 Iudaeorum
3078 2573 3401 2628 manducare
3424 2581 3474 2628 ct

1890 2665 2081 2733 bibere,
2109 2680 2231 2736 quae
2252 2664 2674 2720 immolaverunt
2704 2664 2873 2719 vitulo
2899 2662 3180 2731 conflatili,
3210 2675 3261 2718 et
3288 2673 3472 2734 postea

1890 2767 2232 2825 surrexerunt
2274 2756 2455 2812 ludere
2496 2755 2696 2829 (Exod.
2724 2771 2899 2823 xxxn,
2926 2755 3003 2824 6),
3036 2755 3091 2812 id
3124 2765 3209 2811 est
3238 2757 3475 2812 choreas

1891 2850 2110 2917 ducere,
2145 2862 2201 2905 et
2228 2857 2423 2905 caetera
2455 2863 2643 2905 coram
2677 2847 2843 2904 idolo.
2886 2846 2980 2903 Vel
3008 2855 3366 2904 surrexerunt
3391 2848 3475 2903 lu-

1892 2940 2038 3007 dere,
2067 2939 2121 2993 id
2155 2948 2239 2994 est
2277 2938 2486 2994 idolum
2515 2939 2744 2995 adorare
2774 2957 2786 2992 :
2818 2938 2962 3009 quod
2991 2937 3153 2993 ludus
3179 2946 3233 2992 et
3274 2938 3476 2994 derisio

1891 3032 2179 3088 videbatur
2217 3030 2287 3086 de
2330 3030 2437 3098 his,
2484 3030 2579 3102 qui
2624 3046 2719 3100 per
2762 3038 2842 3085 tot
2883 3029 3150 3083 miracula
3186 3037 3346 3084 erant
3393 3029 3468 3083 in-

204 3124 323 3194 ipso
355 3122 702 3207 significante
744 3123 931 3193 ponit;
966 3123 1093 3193 quia
1134 3121 1596 3194 quemadmodum
1625 3122 1701 3176 illi
1733 3122 1789 3176 in
1819 3156 1863 3216 Ο
1895 3126 2113 3181 structi.
2138 3123 2318 3194 Neque
2342 3123 2684 3193 fornicamur,
2709 3122 2847 3176 sicut
2870 3121 3088 3192 quidam
3114 3137 3180 3176 ea:
3208 3122 3338 3192 ipsis
3363 3122 3448 3192 for

204 3216 409 3270 ducatu
443 3214 614 3287 Moysi
650 3206 880 3285 protecti
910 3223 1057 3280 sunt,
1092 3214 1254 3286 longe
1298 3214 1495 3269 melius
1524 3228 1626 3269 nos
1654 3212 1793 3268 duce

204 3298 443 3365 Christo
462 3309 799 3380 protegimur
844 3308 899 3362 in
924 3307 1217 3377 baptismo,
1247 3306 1300 3361 in
1338 3321 1449 3376 quo
1482 3305 1642 3360 nobis
1669 3319 1795 3375 pec-

206 3411 329 3456 cata
355 3401 608 3468 remittit,
637 3408 692 3455 et
726 3400 956 3456 liberum
982 3398 1267 3454 arbitrium
1297 3406 1548 3452 nostrum
1577 3395 1797 3453 confor-

211 3500 287 3544 tat
333 3500 394 3544 ut
424 3490 597 3561 possit
638 3490 895 3545 resistere
931 3489 1153 3544 diabolo
1190 3488 1332 3544 male
1370 3486 1638 3543 suadenti.
1672 3485 1797 3542 ldeo

211 3582 376 3635 etiam
421 3582 516 3647 ait,
557 3568 815 3651 baptizati
860 3591 1015 3647 sunt;
1054 3582 1184 3652 quia
1213 3596 1378 3651 quam
1409 3579 1595 3635 efﬁcax
1638 3579 1797 3635 nobis

214 3680 296 3727 ρει
335 3673 640 3742 baptismus
679 3671 747 3727 ad
796 3672 1049 3738 salutem,
1092 3671 1172 3727 sic
1214 3681 1361 3727 esset
1405 3671 1487 3727 eis
1533 3670 1798 3726 transitus

218 3762 407 3828 maris,
430 3763 477 3817 si
499 3763 784 3818 credentes
803 3763 1074 3819 mandatis
1093 3760 1189 3818 Dei
1210 3762 1512 3835 obedirent.
1534 3761 1603 3815 Et
1622 3766 1805 3816 omnes

218 3862 400 3923 patres
446 3854 619 3909 nostri
655 3855 1107 3911 manducaverunt
1143 3856 1383 3910 eamdem
1410 3870 1607 3920 escam,
1637 3854 1690 3908 id
1717 3862 1801 3909 est

222 3956 441 3996 manna.
473 3941 670 3998 Escam
714 3942 839 3999 dico
885 3944 1243 4014 spiritualem,
1284 3943 1335 3998 id
1375 3951 1460 3998 est
1502 3943 1800 4013 spiritualis

222 4048 359 4088 esca:
405 4035 652 4104 corporis
691 4043 746 4090 et
783 4035 1068 4107 sanguinis
1110 4034 1316 4090 Christi
1365 4033 1797 4104 significativam.

224 4120 539 4179 ldeo'etiam
587 4126 957 4196 spiritualem;
988 4126 1116 4196 quia
1154 4124 1300 4195 quod
1325 4139 1451 4180 esca
1480 4124 1725 4194 corporis
1750 4131 1805 4179 et

227 4216 508 4285 sanguinis
529 4216 734 4273 Christi
763 4217 896 4272 facit
933 4217 987 4271 in
1029 4217 1209 4284 nobis,
1238 4217 1379 4271 idem
1416 4216 1697 4286 prodesset
1723 4216 1805 4271 eis

228 4306 293 4361 ad
338 4308 570 4363 salutem
602 4324 801 4363 manna
839 4308 994 4376 illud,
1043 4308 1090 4364 si
1138 4309 1195 4364 in
1227 4309 1371 4364 bono
1413 4307 1801 4380 perstitissent.

226 4394 340 4452 Non
371 4398 520 4468 quod
555 4399 701 4454 aliud
726 4399 890 4455 fuerit
915 4416 1080 4471 quam
1113 4415 1335 4455 manna.
1362 4398 1434 4453 Et
1460 4398 1808 4469 omnesbibe-

1897 3215 2061 3267 nicati
2090 3223 2364 3268 suntcum
2405 3213 2740 3278 Madianitis,
2769 3222 2819 3268 et
2862 3222 3146 3283 propterea
3178 3213 3497 3269 ceciderunt.

1897 3305 2085 3376 uiginti
2113 3306 2220 3359 tria
2256 3304 2433 3358 millia
2467 3304 2660 3376 (Num.
2707 3319 2836 3371 xxv,
2885 3302 2959 3374 1).
3001 3302 3313 3360 Fornicatio
3360 3313 3478 3360 exat

1898 3397 1953 3450 in
1993 3395 2319 3462 Corinthiis,
2356 3403 2419 3450 ut
2444 3396 2500 3449 in
2525 3410 2593 3451 eo
2626 3395 2720 3466 qui
2749 3395 2978 3451 duxerat
3022 3410 3249 3451 uxorem
3285 3396 3476 3466 patris,

1898 3488 2059 3559 cujus
2087 3503 2183 3558 per
2211 3501 2543 3545 consensum
2579 3488 2669 3542 alii
2697 3480 2856 3542 erant
2884 3487 2983 3542 rei.
3018 3486 3200 3559 Neque
3227 3497 3480 3544 tentemus

1900 3580 2193 3648 Christum,
2218 3581 2357 3635 sicut
2379 3580 2597 3651 quidam
2621 3596 2801 3634 eorum
2827 3587 3177 3647 tentaverunt,
3199 3581 3440 3637 dicentes
3464 3599 3478 3637 :

1906 3693 1924 3725 ι
1961 3673 2219 3744 Nunquid
2254 3672 2451 3743 poterit
2478 3670 2622 3727 Deus
2656 3686 2849 3742 parare
2884 3687 3131 3728 mensam
3164 3673 3217 3727 in
3262 3672 3480 3729 deserto

1903 3766 2078 3840 (Psal.
2106 3780 2321 3831 Lxxvn,
2351 3763 2440 3834 19)
2472 3781 2525 3830 »ς
2553 3772 2608 3817 et
2638 3762 2715 3817 illi
2739 3763 3020 3833 perierunt
3047 3778 3077 3816 a
3107 3763 3481 3832 serpentibus,

1902 3856 2311 3914 venenantibus
2337 3869 2454 3921 eos,
2481 3854 2656 3908 donec
2683 3851 2896 3924 Moyses
2926 3861 3232 3922 serpentem
3275 3868 3481 3908 tersum

1902 3949 2075 4006 erexit
2102 3949 2157 4004 in
2180 3946 2347 4018 ligno,
2374 3960 2536 4016 quem
2565 3944 2658 4015 qui
2684 3942 2997 3999 Iudaeorum
3033 3942 3268 4011 videbat,
3304 3959 3368 3999 ea
3395 3944 3484 4001 die

1904 4057 1934 4096 a
1958 4038 2180 4094 laesione
2211 4043 2524 4106 serpentum
2566 4050 2795 4090 securus
2835 4042 2989 4088 erat:
3027 4033 3120 4103 qui
3151 4049 3376 4109 serpens
3403 4033 3483 4089 si-

1906 4127 2476 4201 gnificavitChristum
2499 4124 2798 4180 secundum
2821 4125 3237 4192 humanitatem,
3260 4134 3320 4181 ut
3341 4125 3484 4182 idem

1907 4220 1960 4275 in
1992 4217 2287 4289 Evangelia
2310 4216 2593 4288 perhibet:
2625 4234 2643 4266 ι
2676 4213 2830 4271 Sicut
2854 4215 3113 4271 exaltavit
3135 4214 3348 4288 Moyses
3367 4232 3484 4273 seri-

1910 4320 2124 4382 pentem
2154 4311 2209 4365 in
2248 4311 2488 4373 deserto,
2528 4309 2609 4363 sic
2648 4315 2865 4377 oportet
2890 4307 3117 4364 exaltari
3160 4306 3360 4363 Filium
3388 4309 3487 4365 ho-

1909 4403 2074 4458 minis
2103 4400 2286 4473 (Joan.
2315 4416 2407 4464 ιιι,
2441 4398 2550 4469 14).
2587 4418 2605 4450 ι
2649 4396 2954 4454 Tentabant
2980 4397 3248 4454 Corinthii
3292 4398 3489 4469 Deum,

212 4499 347 4542 .runt
368 4491 610 4567 eumdem
631 4500 833 4560 potum,
856 4491 909 4546 id
931 4501 1013 4547 est
1036 4506 1235 4562 aquam
1257 4490 1514 4546 fluentem
1531 4490 1597 4545 de
1618 4498 1803 4560 petra:
1836 4487 1886 4546 D
1910 4496 2040 4551 dum
2081 4494 2147 4549 de
2181 4491 2583 4547 resurrectione
2615 4489 2957 4557 dubitabant,
3005 4490 3161 4561 quasi
3202 4489 3349 4566 Deps
3380 4504 3489 4549 non

228 4588 405 4646 potum
431 4578 555 4633 dico
584 4580 949 4650 spiritualem;
973 4582 1100 4651 quia
1122 4592 1312 4652 potum
1340 4582 1498 4651 122
1521 4580 1805 4652 sanguinis

228 4668 433 4725 Christi
473 4669 819 4741 figurantem,
852 4680 907 4727 et
946 4660 1088 4727 idem
1120 4672 1177 4726 in
1207 4671 1313 4728 fide
1351 4673 1620 4727 valentem
1649 4670 1730 4726 eis
1759 4669 1808 4725 si

228 4760 350 4816 boni
380 4771 583 4816 essent.
615 4760 725 4818 Nec
754 4763 921 4818 semel
952 4763 1079 4819 inde
1119 4763 1397 4830 biberunt,
1429 4764 1522 4819 sed
1567 4762 1807 4817 bibebant

227 4854 448 4908 assidue
482 4853 547 4907 de
589 4864 758 4924 petra,
787 4854 842 4910 id
876 4864 960 4911 est
998 4855 1065 4911 de
1094 4865 1239 4926 aqua
1277 4865 1533 4911 manante
1561 4856 1628 4912 de
1656 4868 1808 4929 petra

224 4955 566 5019 consequente
601 4963 708 5013 eos,
741 4941 869 5017 quia
913 4963 1243 5018 quocunque
1280 4948 1438 5024 ibant
1472 4948 1528 5003 in
1571 4948 1808 5018 deserto,

225 5054 367 5108 aqua
416 5036 505 5090 illa
531 5037 864 5107 sequebatur
902 5038 1045 5094 illos.
1084 5037 1252 5092 Petra
1281 5038 1404 5094 dico
1435 5038 1728 5109 spirituali,
1759 5041 1815 5097 id

222 5138 306 5183 est
333 5127 672 5198 spiritualem
699 5136 908 5199 petram
932 5127 1213 5183 Christum
1243 5128 1601 5200 signiﬁcante.
1634 5129 1816 5197 Quare

224 5236 332 5275 non
365 5220 558 5286 semel,
587 5219 682 5288 sed
715 5220 972 5276 continue
1005 5220 1292 5290 bibebant;
1322 5221 1451 5292 quia
1478 5238 1588 5277 non
1619 5222 1816 5279 sufﬁcit

227 5311 389 5367 nobis
413 5310 509 5381 qui
549 5310 795 5382 quotidie
825 5307 894 5365 in.
927 5321 1211 5382 peccatum
1251 5313 1488 5368 labimur
1520 5314 1688 5370 semel
1719 5330 1814 5370 su-

230 5418 380 5457 mere
412 5402 734 5475 sanguinem
773 5401 999 5469 Christi,
1037 5404 1167 5474 quia
1197 5405 1342 5460 sicut
1372 5407 1617 5475 quotidie
1661 5407 1802 5463 cadi-

230 5510 377 5560 mus,
416 5495 499 5549 sic
523 5494 642 5566 jugi
670 5495 1030 5563 medicamine
1059 5511 1304 5567 egemus.
1334 5496 1499 5552 Petra
1527 5508 1703 5553 autem
1726 5499 1817 5555 illa

236 5585 377 5639 unde
414 5586 674 5641 manabat
710 5602 876 5656 aqua,
910 5597 1024 5642 erat
1061 5588 1327 5654 Christus,
1354 5589 1421 5645 de
1462 5590 1621 5660 cujus
1650 5592 1819 5648 latere

238 5673 391 5730 ﬂuxit
417 5691 560 5747 aqua
591 5687 793 5733 nostra:
820 5680 1264 5750 regenerationis.
1288 5679 1356 5743 Et
1381 5680 1507 5736 licet
1528 5691 1607 5736 tot
1635 5698 1820 5759 sacra-

244 5776 419 5823 menta
440 5767 735 5826 habuerint
757 5779 939 5841 patres
955 5772 1146 5839 nostri,
1180 5781 1353 5826 tanien
1376 5790 1475 5826 non
1501 5774 1553 5826 in
1575 5773 1817 5843 pluribus

1911 4593 2117 4658 posset,
2152 4582 2418 4655 quidquid
2460 4598 2526 4638 ex
2558 4581 2798 4637 bonitate
2821 4582 3001 4637 vellet.
3044 4581 3224 4653 Neque
3254 4599 3489 4637 murmu-

1913 4674 2179 4740 raueritis,
2210 4673 2359 4743 quod
2401 4672 2590 4741 utique
2625 4669 2898 4727 faciebant
2920 4671 3210 4738 Corinthii,
3252 4687 3491 4741 quorum

1913 4767 2136 4838 quidam
2180 4764 2432 4820 dicebant
2485 4761 2714 4817 Paulum
2758 4776 2870 4817 non
2909 4776 3031 4835 esse
3074 4763 3403 4831 apostolum,
3439 4773 3496 4831 et

1914 4856 2113 4913 similia
2143 4874 2155 4909 :
2187 4855 2327 4909 sicut
2349 4852 2567 4924 quidam
2590 4849 2901 4906 Judmorum
2930 4862 3411 4920 murmuraverunt,
3435 4863 3499 4919 ut

1916 4949 2010 5003 lilii
2035 4947 2175 5004 Core
2213 4954 2268 5001 et
2296 4944 2507 5000 Dathan
2531 4950 2586 4997 et
2610 4941 2837 5010 Abiron,
2866 4940 3110 4997 dicentes
3133 4941 3355 5016 Moysen
3385 4961 3497 5000 non

1916 5055 1984 5094 ex
2009 5046 2280 5110 praecepto
2315 5035 2411 5091 Dei
2450 5047 2775 5090 consecrare
2811 5033 2995 5089 Aaron
3034 5034 3090 5089 in
3133 5036 3502 5103 sacerdotem,

1915 5130 2008 5186 sed
2038 5144 2139 5199 pro
2163 5128 2490 5183 exultatione
2517 5125 2600 5181 sui
2630 5125 2882 5196 generis;
2913 5135 2964 5180 et
2994 5126 3111 5182 ideo
3135 5128 3405 5199 perierunt
3430 5131 3498 5183 ab

1915 5221 2343 5286 exterminatore,
2374 5218 2428 5274 id
2458 5226 2544 5274 est
2562 5212 2597 5273 a
2626 5220 2963 5290 percutiente
2996 5220 3210 5292 angelo.

1981 5298 2300 5366 Notandum
2335 5319 2419 5365 est
2442 5310 2611 5381 quod,
2637 5312 2765 5382 quia
2790 5310 2960 5368 Judaei
2993 5312 3159 5368 rudes
3191 5321 3369 5381 erant,
3401 5329 3501 5369 nec

1914 5404 2220 5478 Spiritualia
2268 5418 2462 5475 capere
2497 5413 2747 5476 possent;
2783 5405 2905 5462 ideo
2939 5404 2994 5460 in
3034 5407 3350 5463 carnalibus
3380 5421 3497 5463 ser-

1913 5498 2030 5552 vire
2067 5495 2179 5551 Deo
2208 5494 2550 5566 propositum
2597 5495 2700 5553 fuit
2731 5496 2860 5552 illis.
2900 5494 2968 5550 Et
3009 5496 3151 5553 sicut
3195 5497 3251 5552 in
3292 5496 3498 5553 carnali

1914 5589 2176 5647 servitute
2204 5589 2559 5657 offendentes,
2598 5589 2897 5647 secundum
2945 5605 3167 5645 carnem
3200 5589 3498 5658 punieban-

1915 5692 2035 5751 tur;
2060 5683 2141 5739 sic
2163 5690 2218 5737 et
2242 5698 2346 5738 nos
2372 5684 2575 5754 quibus
2598 5683 2901 5753 spiritualia
2931 5683 3058 5738 data
3087 5691 3239 5749 sunt,
3266 5683 3312 5739 si
3335 5683 3390 5737 in
3417 5684 3499 5739 eis

1919 5773 2264 5839 offendimus,
2304 5773 2606 5828 secundum
2644 5772 2882 5828 animam
2908 5771 3221 5841 punicmur.
3259 5771 3378 5829 Non
3407 5787 3497 5829 so-
