3978 6410
565 349 668 403 175
1097 343 1154 399 S.
1197 337 1548 396 BRUNONIS
1583 335 2230 394 CARTHUSIANORUM
2273 333 2765 392 lNSTlTUTOlllS
2803 333 2956 390 OPP.
2997 334 3178 389 PARS
3217 333 3286 389 ll.
3705 340 3779 396 in

561 462 675 516 lum
710 458 968 530 praadieta
1000 463 1344 514 sacramenta
1371 455 1426 508 in
1449 455 1621 524 ﬁgura
1650 449 1819 506 nostri
1849 464 2142 520 ιπωερεςρ-
2174 453 2215 509 Α
2245 447 2289 502 si
2311 448 2472 518 digne
2500 447 2793 513 sumimus,
2830 457 2885 502 et
2906 464 2934 500 a
2955 447 3232 517 prioribus
3255 446 3495 515 peccatis
3515 445 3783 514 liberamur,

563 525 729 620 runt;
758 550 854 607 sed
881 549 1048 606 etiam
1099 548 1210 603 lucc
1246 546 1452 610 omnia,
1496 554 1550 600 et
1583 549 1826 614 peccata,
1872 551 1926 595 et
1969 554 2144 609 pinnae
2246 549 2517 595 et-coutra
2539 540 2811 594 venientia
2834 539 3242 607 confortamur;
3270 538 3361 592 cui
3381 525 3536 594 calici
3555 554 3647 594 nos
3668 540 3786 597 bene-

561 649 912 713 peccatorum
941 635 1306 708 contingebant
1348 634 1458 688 illis
1487 634 1541 687 in
1578 632 1751 702 ﬁgura
1780 629 1986 695 nostri;
2016 627 2144 699 quia
2245 631 2494 697 dicimus,
2525 631 2809 686 laudantes
2852 645 3001 696 eum,
3026 629 3172 700 quod
3204 644 3494 699 nunquam
3525 629 3786 699 hujusmodi

564 735 611 790 si
634 734 711 789 illi
751 731 909 803 1-23
945 739 1233 786 manentes
1279 728 1332 781 in
1381 726 1604 791 umbra,
1654 738 1754 794 pro
1797 731 2143 792 transgressu
2246 724 2390 778 calix
2414 721 2598 788 fuerit,
2619 723 2714 792 qui
2737 731 2843 778 eta
2868 721 3107 792 peccatis
3143 721 3433 789 liberaret,
3489 729 3544 775 et
3582 735 3644 776 ne
3677 722 3789 778 ultra

563 827 772 881 umbra:
799 821 1044 879 damnati
1087 829 1236 884 sunt,
1263 827 1468 888 quanto
1497 817 1674 886 magis
1706 829 1828 879 nos,
1857 812 1904 868 si
1940 811 1996 866 in
2027 811 2146 882 ipsa
2246 830 2598 886 peccaremus
2627 812 2982 870 confortaret.
3017 811 3113 868 Vel
3151 811 3305 866 calix
3360 812 3730 878 benedictionis,
3749 814 3789 867 id

563 919 794 974 veritate
836 913 1160 987 peccamus?
1199 910 1313 966 Non
1361 910 1540 965 solum
1585 908 1699 962 lucc
1733 906 1843 961 illis
1880 906 1936 958 in
1970 905 2145 974 ﬁgura
2245 916 2330 962 est
2358 921 2523 977 quem
2579 906 2696 977 ipse
2744 905 2890 962 Deus
2921 905 3193 961 benedicit
3216 917 3277 960 et
3304 915 3609 971 consecrat,
3643 917 3690 963 et
3724 911 3789 962 cui

563 1012 737 1068 nostri
767 1010 1064 1079 contigere,
1097 1005 1186 1059 sed
1211 1003 1375 1060 etiam
1404 1003 1606 1072 scripta
1635 991 1756 1054 sunt
1781 999 1891 1052 hac
1917 997 1987 1052 ad
2023 1011 2144 1050 cor—
2248 1013 2350 1054 nos
2380 997 2756 1053 hencdicimus
2786 1012 2884 1068 per
2906 995 3142 1052 ofﬁcium
3177 1006 3437 1053 nostrum
3471 1016 3486 1052 :
3523 995 3658 1052 Deus
3677 999 3791 1051 enim

563 1105 852 1174 reptionem
883 1109 1135 1164 twstram,
1164 1106 1225 1152 ut
1257 1108 1355 1166 per
1389 1093 1637 1164 exempla
1667 1106 1860 1148 eorum
1882 1087 2146 1159 corripia-
2247 1090 2353 1146 hoc
2372 1090 2532 1146 efﬁcit
2549 1105 2648 1162 per
2677 1090 3015 1146 sacerdotem
3038 1088 3384 1145 ministrum.
3417 1085 3518 1143 Hic
3543 1087 3706 1158 itaque
3723 1104 3788 1143 ca-

561 1211 707 1249 mur.
741 1192 993 1247 Nostram
1022 1189 1165 1253 dico,
1189 1187 1247 1240 in
1271 1201 1402 1256 quos
1428 1185 1744 1238 devenerunt
1770 1181 1901 1250 ﬁnes
1923 1177 2147 1234 εωειιιο-
2245 1181 2319 1237 lix
2353 1197 2521 1236 nonne
2548 1191 2624 1237 est
2654 1181 3062 1236 communicatio
3077 1180 3362 1252 sanguinis
3389 1177 3686 1235 Christii'id
3703 1188 3790 1232 est:

560 1300 714 1347 Tum;
756 1282 882 1353 quia
919 1289 1408 1350 quantumcunque
1447 1274 1710 1329 duratura
1753 1273 1865 1327 sint
1891 1271 2007 1326 haec
2044 1287 2145 1325 διε·
2247 1289 2428 1330 nonne
2457 1290 2554 1346 per
2581 1273 2902 1345 sanguinem
2944 1265 3294 1342 assumptum
3338 1269 3566 1325 unimur
3594 1267 3792 1330 Christo,

557 1375 702 1441 cuia,
734 1389 834 1430 nos
859 1382 1044 1428 tamen
1090 1370 1222 1440 ﬁnes
1259 1368 1556 1431 habemus;
1587 1365 1716 1436 quia
1758 1363 1812 1418 hi
1857 1361 2016 1428 ritus,
2048 1361 2142 1432 qui
2245 1367 2458 1438 ipsique
2479 1365 2922 1422 conformamur?
2946 1363 3017 1418 Et
3043 1365 3218 1434 panis,
3245 1362 3302 1418 id
3323 1371 3410 1418 est
3427 1375 3613 1416 verum
3633 1375 3794 1428 corpus

557 1479 652 1533 per
675 1463 1030 1534 Evangelium
1057 1459 1168 1516 dati
1183 1467 1332 1524 sunt,
1361 1457 1501 1512 fiunt
1530 1454 1706 1510 ultimi
1738 1454 1896 1509 ritus.
1920 1451 1986 1508 Et
2014 1453 2128 1524 ipsi,

2243 1458 2469 1526 Christi,
2489 1458 2585 1530 qui
2617 1459 2722 1514 sub
2752 1458 2933 1528 specie
2961 1457 3076 1512 sola
3112 1455 3276 1528 panis
3327 1451 3612 1525 accipitur.
3660 1450 3792 1505 Panis

555 1553 796 1623 quandin
827 1551 1069 1606 mundus
1097 1549 1232 1614 erit,
1255 1563 1366 1602 non
1390 1546 1665 1601 ﬁnientur.
1693 1543 1790 1602 Vel
1815 1545 1890 1599 ita
1915 1563 1927 1597 :
1955 1542 2020 1597 In
2041 1559 2144 1599 nos
2243 1551 2366 1607 dico
2394 1567 2548 1623 quem
2577 1565 2682 1606 nos
2709 1551 2765 1604 in
2791 1549 2949 1605 altari
2989 1549 3314 1620 frangimus,
3362 1554 3428 1601 ut
3479 1544 3620 1616 quod
3658 1558 3792 1597 unum

555 1643 868 1698 devenerunt
917 1643 1048 1711 ﬁnes
1093 1639 1432 1704 swculorum,
1469 1639 1598 1709 quia
1636 1638 1786 1694 ﬁnita
1827 1647 1912 1693 est
1958 1637 2141 1694 omnis
2241 1651 2326 1697 est
2355 1641 2408 1694 in
2439 1639 2667 1696 veritate
2695 1639 2844 1711 (licet
2872 1639 2946 1694 ita
2967 1638 3264 1709 videatur),
3299 1634 3482 1691 scindi
3525 1639 3794 1688 tamennon

557 1733 918 1798 szccularitas,
969 1731 1175 1788 scilicet
1207 1740 1449 1786 veterum
1487 1731 1694 1786 rituum
1740 1727 2054 1794 carnalitas,
2085 1735 2141 1783 et
2243 1742 2442 1803 potest,
2481 1731 2786 1788 dividentes
2843 1730 3216 1802 signiﬁcemus
3278 1743 3410 1794 nos,
3465 1725 3558 1797 qui
3609 1723 3796 1778 diversa!

561 1823 755 1878 tradita
783 1833 868 1878 est
892 1823 1048 1878 nobis
1085 1823 1200 1892 ipsa
1227 1822 1447 1878 veritas.
1481 1820 1936 1892 Quandoquidem
1957 1819 2140 1892 priora
2175 1805 2218 1860 Β
2243 1840 2490 1898 personae
2515 1838 2730 1890 sumus,
2755 1838 2927 1877 unum
2951 1822 3071 1877 ﬁeri
3099 1822 3155 1876 in
3179 1820 3432 1876 Christo.
3449 1816 3569 1884 llic,
3591 1817 3794 1886 inquam,

558 1927 900 1972 sacramenta
921 1915 1167 1986 patribus
1194 1915 1399 1972 nostris
1421 1915 1556 1969 nihil
1573 1914 1898 1986 profuerunt
1921 1921 2141 1984 propter
2241 1916 2396 1987 panis
2427 1933 2580 1987 quem
2609 1915 2929 1986 frangimus,
2957 1929 3126 1968 nonne
3153 1921 3230 1968 est
3270 1907 3618 1982 participatio
3649 1920 3795 1975 corpo-

558 2017 859 2076 peeeatum,
883 2016 937 2060 et
955 2007 1071 2060 haec
1089 2006 1156 2061 ad
1174 2015 1414 2061 nostram
1433 2005 1740 2061 doctrinam
1765 2005 1967 2076 scripta
1988 2016 2136 2060 sunt.
2243 2011 2318 2064 ris
2343 1987 2601 2063 Domini?
2621 2007 2674 2062 id
2703 2015 2788 2063 cst
2823 2023 2834 2058 :
2866 2019 3049 2064 nonne
3079 2019 3176 2075 per
3195 2003 3306 2059 hoc
3349 2015 3555 2072 corpus
3581 1997 3731 2054 Deum
3753 1995 3794 2048 in

625 2097 834 2168 Itaque,
860 2097 912 2153 id
945 2105 1030 2152 est
1056 2106 1341 2168 propterea
1369 2097 1457 2154 ille
1480 2107 1724 2153 vestrum
1753 2097 1844 2168 qui
1867 2113 1922 2151 se
1953 2099 2142 2152 existi-
2243 2102 2402 2157 nobis
2435 2101 2706 2172 capimus,
2729 2113 2965 2169 eumque
3017 2097 3176 2152 nobis
3219 2090 3669 2166 incorporamus?
3700 2088 3794 2143 ldco

555 2199 661 2243 mal
684 2200 847 2254 stare,
881 2189 1088 2245 scilicet
1123 2190 1216 2260 qui
1279 2206 1412 2245 sane
1471 2190 1724 2260 intelligit
1765 2189 1831 2244 de
1875 2190 2140 2245 creaturis
2243 2193 2298 2246 in
2333 2193 2548 2248 duabus
2579 2189 2924 2255 substantiis,
2957 2189 3208 2259 corporis
3235 2186 3457 2243 scilicet
3481 2193 3536 2240 et
3557 2180 3795 2253 sanguinis

556 2279 670 2343 Dei,
703 2280 918 2348 sibique
940 2279 1102 2333 licere
1131 2279 1336 2344 omnia,
1367 2279 1541 2332 videat
1563 2295 1626 2331 ne
1659 2278 1817 2331 cadat
1845 2293 1940 2347 per
1969 2277 2140 2332 olfen-
2243 2284 2574 2339 sacrificium
2606 2283 2766 2356 124.
2790 2283 2893 2338 hoc
2922 2281 3066 2336 Deus
3087 2279 3330 2335 instituit
3351 2296 3366 2346 ;
3391 2285 3452 2332 ut
3497 2291 3592 2348 per
3616 2287 3791 2329 carnem

547 2370 794 2422 Αἰξί-11111111
819 2367 1022 2423 fratris.
1053 2367 1137 2434 Et,
1163 2383 1229 2423 ne
1257 2369 1310 2423 in
1345 2369 1451 2423 hoc
1477 2370 1644 2424 verbo
1664 2370 1794 2439 quia
1817 2369 2030 2424 dixerat
2057 2371 2137 2422 vi-
2245 2375 2299 2429 in
2342 2374 2500 2429 altari
2532 2374 2787 2429 traditam
2833 2371 3146 2428 ostenderet,
3200 2385 3262 2426 sc
3307 2368 3576 2424 redimere
3617 2377 3793 2420 cantem

553 2460 675 2513 dent
703 2477 764 2514 ne
793 2460 1342 2525 cadat,turbarentur
1363 2460 1654 2527 Corinthii,
1675 2461 2138 2532 scientesjustum
2244 2474 2511 2530 nostram,
2561 2479 2658 2534 per
2706 2464 2822 2518 hmc
2845 2471 3191 2518 sacramenta
3257 2461 3315 2516 in
3371 2454 3792 2526 incorruptionem

552 2551 716 2606 etiam
759 2553 960 2623 septies
989 2553 1042 2606 in
1074 2550 1162 2606 die
1182 2551 1395 2617 cadere,
1450 2552 1774 2607 determinat
1824 2551 2026 2607 Paulus
2074 2555 2141 2607 de
2243 2555 2570 2626 quandoque
2598 2553 3062 2620 transferendam;
3088 2563 3143 2609 et
3173 2568 3270 2624 per
3306 2551 3628 2624 sanguinem
3665 2558 3792 2616 quem

552 2659 664 2714 quo
684 2659 814 2699 casu
847 2644 1130 2716 intelligat,
1175 2643 1400 2700 dicens:
1441 2641 1625 2698 Videat
1673 2647 1908 2714 quisque
1957 2662 2021 2698 ne
2050 2661 2140 2699 ca-
2242 2638 2426 2714 tradit,
2451 2647 2756 2704 insinuaret
2783 2663 2840 2703 se
2869 2647 3122 2702 similiter
3155 2645 3454 2701 redimisse
3477 2641 3697 2697 animam
3718 2649 3792 2689 no-

551 2734 667 2798 dat,
695 2733 774 2788 sic
799 2741 858 2787 ut
879 2749 980 2786 non
1016 2733 1371 2803 apprehendat
1403 2749 1490 2786 eos
1517 2735 1759 2798 tentatio,
1794 2733 1845 2786 id
1867 2742 1950 2788 est
1994 2735 2140 2789 dele—
2243 2751 2441 2806 suram;
2467 2739 2534 2795 ad
2568 2730 2715 2810 quod
2737 2739 2804 2794 de
2825 2739 3008 2794 anima
3038 2738 3438 2794 insinuandum
3467 2753 3480 2790 :
3512 2731 3637 2805 quia
3661 2727 3791 2785 rein-

552 2825 721 2878 etatio
753 2823 982 2894 peccati,
1006 2824 1110 2878 nisi
1134 2838 1257 2894 quae
1281 2823 1354 2877 sit
1377 2822 1630 2886 humana,
1658 2823 1710 2876 id
1755 2832 1840 2878 est
1898 2825 2138 2879 necessi-
2243 2832 2512 2903 corporali
2541 2833 2621 2887 uti
2653 2847 2762 2886 non
2791 2831 2987 2902 potuit,
3017 2831 3180 2903 digno
3203 2846 3304 2901 per
3346 2826 3682 2900 sanguinem,
3721 2817 3791 2890 qui

552 2925 666 2970 tau:
694 2916 881 2971 carnis
914 2915 1161 2980 veniens,
1194 2914 1404 2969 scilicet
1431 2914 1682 2970 venialis-
1722 2914 1878 2981 Quod
1921 2915 1987 2969 ad
2041 2930 2141 2971 vos
2243 2924 2400 2979 sedes
2422 2923 2620 2980 animae
2647 2923 2868 2991 dicitur,
2893 2924 3132 2978 animam
3157 2921 3440 2994 ﬁguravit.
3465 2917 3573 2974 Nec
3600 2915 3651 2970 in
3684 2913 3792 2968 duas

550 3009 805 3078 pertinet,
835 3008 1015 3062 videte
1041 3017 1100 3060 ut
1127 3005 1371 3072 faciatis;
1404 3007 1536 3076 quia
1567 3005 1708 3060 Deus
1730 3006 1906 3076 ﬁdelis
1963 3017 2040 3060 est
2087 3023 2121 3061 e‘

2242 3017 2578 3073 srbstantias
2601 3017 2900 3082 distribuit,
2925 3026 2985 3071 ut
3018 3017 3268 3072 diversas
3292 3024 3480 3088 partes
3525 3013 3640 3084 ejus
3667 3005 3789 3064 intel-

549 3116 714 3156 vcrax
739 3101 794 3154 in
817 3100 1127 3171 promissis,
1153 3097 1248 3170 qui
1277 3099 1462 3154 ﬁdeles
1486 3113 1616 3152 suos
1640 3099 1694 3153 in
1730 3098 1882 3154 nullo
1902 3097 2133 3163 deserit;
2166 3157 2204 3180 η
2242 3107 2451 3180 ngeret,
2477 3106 2582 3175 Qui
2603 3108 2750 3164 enim
2781 3108 3104 3180 sanguinem
3133 3116 3374 3174 tantum,
3410 3107 3492 3161 vel
3517 3115 3704 3174 corpus
3723 3111 3792 3152 so-

549 3194 642 3264 qui
671 3193 1194 3265 Deusnonpatietur
1226 3209 1314 3248 eos
1342 3195 1538 3247 tentari
1565 3209 1726 3264 supra
1755 3193 1810 3248 id
1831 3195 1970 3265 quod
2024 3195 2135 3264 pati
2166 3192 2207 3214 υ
2239 3201 2376 3264 lum,
2425 3206 2600 3252 totum
2645 3197 2843 3268 accipit
2892 3214 2902 3248 :
2959 3197 3054 3268 qui
3113 3206 3417 3268 utrumque
3463 3192 3668 3263 accipit,
3708 3200 3791 3242 non

548 3288 788 3356 potestis.
819 3284 1132 3341 Secundum
1182 3283 1328 3339 enim
1369 3284 1517 3354 quod
1569 3285 1714 3339 videt
1761 3283 2134 3340 fortitudinem
2239 3290 2416 3362 magis
2467 3305 2563 3360 per
2609 3298 2923 3360 utrumque,
2974 3305 3140 3360 quam
3195 3304 3296 3360 per
3335 3289 3568 3344 alterum
3613 3277 3788 3349 accipit.

549 3379 632 3431 vel
657 3378 996 3433 teneritatem
1019 3377 1304 3448 cujusque,
1327 3377 1706 3432 tribulationes
1737 3377 1998 3446 disponit.
2030 3376 2137 3432 Nec
2239 3381 2398 3448 Quod
2427 3396 2628 3452 corpus
2651 3381 2796 3436 sicut
2821 3397 2948 3436 vera
2969 3396 3100 3436 caro
3121 3378 3332 3436 Christi
3367 3383 3463 3436 cst’
3509 3377 3610 3434 sub
3649 3369 3790 3444 specie

551 3468 730 3521 salum
760 3483 863 3520 non
892 3467 1128 3536 patietur
1173 3482 1259 3520 vos
1304 3483 1467 3537 supra
1506 3467 1728 3521 modum
1781 3469 1997 3530 tentari,
2048 3469 2137 3522 sed
2241 3473 2418 3544 panis,
2445 3473 2518 3528 ita
2549 3489 2646 3544 per
2671 3473 2844 3529 solam
2870 3473 3106 3544 speciem
3157 3474 3436 3540 atteritur,
3491 3464 3788 3526 diminuitur,

549 3559 716 3612 ctiam
745 3558 902 3628 faciet
933 3557 1088 3612 vobis
1111 3573 1230 3612 cum
1253 3557 1539 3610 tentatione
1565 3565 1904 3626 proventum,
1961 3557 2014 3612 id
2057 3568 2140 3613 est
2243 3565 2295 3619 in
2320 3574 2503 3635 partes
2521 3565 2802 3631 dividitur,
2836 3582 2963 3622 cum
3019 3565 3071 3620 in
3121 3566 3349 3622 veritate
3402 3554 3788 3630 incorruptibile,

549 3658 604 3704 et
639 3659 991 3721 augmentum
1017 3649 1236 3721 virtutis
1258 3665 1365 3720 qua
1396 3650 1776 3720 perseveretis,
1804 3660 1859 3706 et
1885 3667 2140 3723 augmen-
2241 3656 2592 3723 indivisibile,
2620 3658 2891 3727 impotens
2921 3656 3150 3713 diminui
3204 3663 3546 3727 permaneat.
3572 3650 3695 3706 Vere
3717 3658 3790 3716 per

549 3753 664 3797 tum
689 3742 1086 3799 tribulationis:
1113 3743 1296 3813 faciet,
1325 3741 1467 3810 dico,
1501 3745 1578 3798 ita
1603 3753 1660 3797 ut
1683 3759 1769 3798 vos
1790 3745 2005 3814 possitis
2023 3761 2141 3800 sus-
2233 3745 2613 3816 ‘acceptioncm
2637 3745 2920 3815 sanguinis
2945 3755 2996 3801 et
3050 3746 3299 3816 corporis
3357 3744 3563 3802 Christi
3612 3737 3791 3795 unimur

548 3835 734 3902 tinere,
766 3849 835 3890 ne
857 3835 912 3890 in
943 3834 1294 3891 tribulatione
1321 3835 1610 3891 deficiatis.
2240 3838 2488 3906 Christo;
2511 3839 2760 3909 quoniam
2796 3839 2952 3893 multi
2973 3855 3155 3894 sumus
3183 3855 3320 3894 unus
3342 3839 3520 3911 panis,
3543 3835 3593 3891 id
3619 3841 3691 3889 est
3708 3826 3790 3882 sic-

619 3925 848 3996 Pmpter
864 3927 1025 3996 quod,
1053 3927 1106 3981 id
1128 3936 1212 3983 est
1233 3927 1362 3998 quia
1393 3928 1688 3983 videndum
1711 3939 1796 3984 est
1841 3929 2031 3996 stanti,
2078 3947 2139 3984 ne
2241 3938 2302 3983 ut
2337 3929 2391 3983 in
2417 3945 2556 3999 pane
2580 3929 2797 3985 diversa
2828 3945 2997 4000 grana
3023 3929 3079 3985 in
3126 3929 3396 3986 unitatem
3447 3926 3600 4000 panis
3641 3931 3789 3977 trans-

547 4017 728 4083 cadat,
755 4028 810 4078 et
838 4017 982 4074 Deus
1005 4028 1202 4088 praesto
1224 4031 1307 4075 est
1333 4020 1428 4086 qui
1458 4035 1679 4076 manum
1703 4021 1964 4092 porrigat.
2017 4021 2141 4076 [deo
2240 4030 2404 4087 eunt,
2437 4022 2512 4076 ita
2547 4030 2601 4077 et
2634 4037 2735 4077 nos
2769 4021 2995 4077 unimur
3021 4022 3146 4089 ﬁde,
3179 4038 3276 4094 spe
3312 4036 3367 4080 et
3405 4019 3674 4078 charilate.
3711 4007 3791 4063 SI-

547 4107 716 4177 fugite
737 4123 770 4160 a
801 4106 1011 4160 cultura
1031 4107 1326 4174 idolorum;
1351 4109 1398 4165 si
1435 4110 1540 4165 hoc
1593 4109 1793 4176 facitis,
1829 4119 1960 4165 tunc
1986 4105 2146 4167 eritis
2241 4126 2356 4164 mus
2383 4111 2549 4164 etiam
2578 4109 2734 4164 multi
2767 4126 2930 4164 unum
2975 4127 3166 4182 corpus
3203 4111 3506 4168 secundum
3541 4098 3789 4162 diversita-

546 4199 677 4252 mihi
704 4197 1028 4252 charissimi.
1054 4199 1263 4270 Fugere
1291 4219 1324 4255 a
1357 4201 1572 4256 cultura
1595 4202 1859 4257 idolorum
1907 4203 2039 4257 dicit
2087 4214 2140 4260 et
2243 4209 2348 4256 tem
2375 4200 2746 4256 membrorum
2781 4200 2885 4256 sibi
2916 4201 3150 4258 invicem
3181 4201 3236 4256 in
3273 4202 3484 4258 unitate
3527 4185 3790 4254 dileCtionis

546 4289 782 4345 inﬁrmis
804 4290 898 4360 qui
923 4291 1025 4346 sub
1066 4293 1420 4348 veneratione
1471 4294 1600 4350 idoli
1647 4294 2026 4361 comedebant,
2087 4304 2140 4350 et
2241 4292 2720 4349 subservientium.
2785 4291 2898 4349 Nos
2931 4309 3124 4350 omnes
3159 4309 3354 4350 sumus
3411 4307 3546 4347 unus
3582 4283 3717 4359 panis
3753 4283 3791 4330 rt

461 4425 472 4437 ν
547 4381 636 4438 his
666 4383 783 4452 (ῐυί,
816 4383 942 4438 licet
965 4399 1114 4439 sane
1151 4384 1277 4440 fidei
1312 4397 1517 4452 essent,
1550 4397 1732 4442 tamen
1774 4403 1944 4445 causa
1983 4398 2142 4444 erant
2241 4397 2406 4435 unum
2438 4398 2628 4452 corpus
2652 4399 2670 4438 :
2695 4384 2786 4454 qui
2831 4385 3216 4454 participantus
3251 4383 3319 4438 de
3343 4399 3450 4438 uno
3492 4392 3620 4452 pane
3665 4379 3710 4426 et
3743 4365 3792 4420 de

544 4490 653 4545 qua
677 4473 912 4572 fratrum
939 4476 1231 4534 inﬁrmitas
1251 4491 1714 4550 corrumperetur.
1731 4479 1797 4535 Et
1825 4491 1884 4536 ut
1912 4481 2136 4552 fugiatis
2179 4517 2220 4572 υ
2243 4490 2348 4527 uno
2369 4474 2557 4540 calice,
2589 4473 2642 4529 id
2673 4484 2758 4529 cst
2791 4475 2858 4530 de
2892 4491 3122 4546 corpore
3144 4485 3198 4532 et
3220 4457 3491 4550 sanguine
3511 4463 3698 4528 Christi
3717 4475 3791 4535 per

542 4582 577 4619 a
600 4563 814 4618 cultura
836 4563 1122 4632 idolorum,
1159 4581 1275 4621 rem
1308 4567 1566 4623 subtilem
1614 4569 1867 4626 dicturus
1905 4586 2050 4638 sum,
2081 4571 2137 4626 in
2180 4555 2218 4572 υ
2245 4581 2409 4637 quem
2431 4567 2722 4622 coanimur
2749 4565 2993 4635 Christo,
3021 4568 3440 4639 incorporantes
3479 4579 3600 4622 eum
3641 4555 3787 4615 nobis.

543 4671 650 4727 qua
685 4657 874 4730 loquor
905 4657 1064 4715 vobis
1096 4674 1206 4714 non
1234 4669 1294 4715 ut
1318 4659 1684 4732 simplicibus,
1707 4663 1801 4719 sed
1827 4673 1882 4717 ut
1905 4665 2139 4734 pruden-
2318 4657 2478 4714 Modo
2503 4660 2804 4716 secundum
2831 4660 3204 4727 Ambrosium,
3236 4662 3384 4732 quod
3411 4657 3650 4732 sequitur
3673 4648 3792 4706 dica-

545 4747 716 4814 gibus;
742 4757 797 4804 et
825 4749 949 4806 ideo
977 4765 1065 4804 vos
1089 4749 1192 4821 ipsi
1208 4749 1476 4821 judicate,
1509 4751 1564 4806 id
1587 4764 1670 4809 est
1704 4762 1914 4824 quanto
1961 4755 2142 4810 subti-
2247 4767 2372 4806 nus
2399 4770 2412 4806 :
2439 4751 2484 4807 0
2519 4750 2711 4819 Israel,
2757 4752 2812 4808 id
2836 4761 2920 4810 est
2959 4767 2994 4808 ο
3041 4751 3218 4810 ﬁdelis
3250 4755 3454 4821 anima,
3497 4764 3614 4822 qua!
3649 4743 3788 4796 Deum

543 4836 650 4895 lius
675 4841 922 4910 potestis,
947 4843 1092 4913 apud
1117 4859 1217 4900 vos
1241 4842 1500 4900 discutite
1517 4845 1623 4900 hoc
1647 4845 1786 4916 quod
1811 4845 1971 4902 vobis
1996 4845 2138 4900 dico.
2247 4843 2500 4911 intueris,
2534 4843 2683 4915 quod
2712 4845 2768 4898 in
2797 4843 3175 4916 spiritualibus
3200 4847 3365 4903 modo
3394 4844 3544 4902 vobis
3591 4827 3788 4894 ostendis

543 4930 830 4988 Summam
861 4938 1146 4994 sententia:
1166 4938 1406 4994 breviter
1438 4949 1593 4996 extra
1622 4940 1951 5014 colligamus
1979 4957 1992 4994 :
2019 4940 2145 4998 Ideo
2247 4935 2416 4989 uidete
2442 4935 2585 4991 idem
2608 4935 2725 4991 ﬁeri
2753 4937 3041 4991 secundum
3066 4953 3302 5007 carnem,
3333 4939 3389 4994 id
3415 4945 3497 4994 est
3518 4948 3612 5006 per
3630 4936 3790 4984 ωιή³⁶

543 5038 730 5094 fugere
750 5025 959 5084 debetis
988 5044 1020 5084 a
1051 5031 1269 5086 cultura
1293 5031 1604 5101 idolorum;
1655 5033 1806 5104 quia,
1855 5033 2002 5090 sicut
2053 5034 2143 5090 ille
2241 5029 2348 5084 lem
2365 5029 2839 5100 participationem
2864 5029 3149 5102 idolothyti
3168 5030 3388 5086 diabolo
3405 5018 3786 5086 communicare.

540 5113 634 5183 qui
667 5115 885 5184 corpori
907 5126 962 5172 et
984 5119 1236 5191 sanguini
1267 5120 1471 5178 Christi
1515 5123 1910 5190 communicat,
1965 5136 2137 5180 unum
2245 5119 2434 5176 Nonne
2454 5120 2618 5198 enim
2637 5121 2728 5192 qui
2771 5122 2932 5176 edunt
2982 5121 3184 5176 hostias
3232 5121 3539 5179 immolatas
3585 5105 3786 5170 diabolo,

540 5205 948 5274 quodammodo
969 5208 1030 5264 ﬁt
1053 5225 1178 5265 cum
1209 5210 1452 5279 Christo,
1478 5213 1558 5270 sic
1588 5215 1679 5270 ille
1707 5215 1801 5287 qui
1833 5219 2140 5273 communi-
2238 5212 2526 5283 participes
2556 5220 2679 5267 sunt
2707 5211 2900 5267 altaris
2929 5212 3168 5270 diaboli?
3199 5213 3255 5271 id
3295 5223 3416 5272 est:
3443 5221 3616 5268 nonne
3663 5209 3788 5257 com'

539 5304 630 5352 cat
660 5295 826 5363 idolo,
880 5297 1179 5373 idolothyta
1219 5303 1556 5359 comedendo
1591 5305 1977 5377 incorporatur
2013 5309 2134 5364 dia-
2237 5305 2523 5362 municant
2548 5305 2652 5378 ipsi
2674 5305 2896 5363 diabolo
2933 5323 3030 5379 per
3056 5307 3163 5364 hoc
3189 5308 3338 5380 quod
3361 5299 3788 5381 participium)?”3

540 5386 688 5442 δοιο·
1749 5375 1766 5377 “
2240 5411 2408 5468 super
2446 5375 2617 5454 altare
2659 5398 2790 5456 idoli
2832 5375 3226 5456 immolanturi
3250 5375 3696 5468 Quemadmodum
3738 5375 3782 5430 ίη

607 5475 766 5534 Nunc
795 5477 1032 5534 litteram
1057 5495 1436 5552 exponamus:
1467 5483 1807 5558 Fugiendum
1850 5488 2008 5544 vobis
2051 5503 2138 5555 esi
2238 5486 2634 5557 spiritualibus,
2671 5489 2752 5544 sic
2782 5488 2837 5544 in
2865 5491 3178 5548 carnalibus
3210 5491 3343 5562 quin
3369 5485 3480 5553 ﬁat,
3507 5473 3675 5550 negari
3693 5479 3781 5562 nou

539 5584 572 5620 a
597 5568 809 5624 cultura
828 5568 1116 5640 idolorum,
1143 5573 1274 5644 quia
1297 5574 1464 5642 calix,
1493 5554 1654 5633 idest
1699 5579 1926 5650 sanguis
1971 5554 2134 5634 Chris
2237 5554 2435 5648 potest.
2461 5578 2600 5646 Quia
2627 5579 2750 5637 dico
2776 5582 3124 5657 comedentes
3156 5554 3435 5639 immolata
3463 5573 3599 5634 idolo
3639 5554 3780 5638 ρειαί·

539 5661 628 5715 sti.
655 5661 814 5718 Calix
834 5662 960 5722 dico
982 5662 1379 5731 benedictionis,
1403 5683 1501 5738 per
1527 5685 1692 5740 quem
1730 5669 2130 5728 bcncdictioncs
2237 5670 2421 5740 cipare
2441 5669 2682 5738 diabolo,
2711 5688 2835 5742 ergo
2848 5673 2977 5742 quid
3014 5656 3156 5740 dico,
3189 5675 3242 5731 id
3274 5683 3360 5732 est
3381 5689 3447 5729 an
3493 5669 3592 5725 hoc
3629 5656 3778 5742 όὶοθιῗ

541 5753 838 5822 gratiarum
866 5754 1166 5828 accipimus
1198 5773 1210 5810 :
1237 5757 1363 5828 quia
1387 5735 1482 5830 per
1533 5735 1855 5834 sanguinem
1903 5761 2129 5826 Christi,
2237 5735 2522 5818 existimor
2549 5735 2686 5834 quod
2721 5735 3055 5818 inimblatum
3099 5735 3258 5820 idolis
3302 5769 3370 5820 sit
3428 5753 3616 5831 aliquid
3655 5735 3772 5802 alii“!
