3978 6392
174 400 284 453 I77

826 392 1193 450 EXPOSITIO
1228 391 1294 446 IN
1335 386 1718 445 EPISTOLAS
1755 384 1983 440 PAULI.
2022 414 2094 423 —-
2134 383 2198 438 IN
2239 372 2457 447 EPIST.
2500 384 2520 439 Ι
2558 385 2651 440 ΑΙ)
2689 387 2845 443 COR.

3351 391 3455 445 178

169 528 349 583 quam
384 520 530 569 esset
554 510 876 581 priusquam
925 507 1334 561 immolaretur?
1354 505 1511 559 Absnt
1568 503 1672 557 hoc
1717 509 1775 554 ut
1807 508 1847 561 Λ
1879 497 1956 553 Ne
1999 499 2053 551 in
2102 498 2376 568 praedictis
2418 498 2735 566 Oﬂ'endaliS,
2781 501 2863 556 sic
2905 500 3238 558 discernite‘:
3291 504 3457 573 Omne

172 605 376 659 videar
430 605 531 658 hoc
581 603 763 658 dicere
816 599 965 670 quod
1015 598 1221 654 idolum
1272 597 1344 652 sit
1391 595 1598 666 aliquid
1628 594 1778 649 aliud

169 711 351 766 quam
388 695 529 765 lapis
554 693 642 749 vel
669 692 903 763 lignum,
955 689 1041 744 vel
1097 688 1228 743 illud
1266 687 1410 743 unde
1451 685 1776 741 fabricatum

169 790 294 845 est!
327 787 469 858 quia
512 801 611 858 per
657 785 939 840 immolata
982 781 1087 853 ipsi
1130 780 1255 837 dico
1304 779 1582 835 hominem
1630 778 1778 833 unlri

171 878 488 935 diabolica.
525 876 644 933 Non
672 876 861 946 utique
891 875 1015 931 dico
1034 873 1200 944 ,quod
1227 870 1561 926 immolatum
1595 869 1777 936 idolis,

170 972 263 1027 vel
288 970 509 1026 idolum
530 970 735 1041 aliquid
756 970 828 1023 sit
849 968 997 1040 quod
1021 967 1174 1038 prius
1196 982 1306 1022 non
1333 964 1525 1032 fuerit;
1558 964 1653 1019 sed
1676 964 1780 1019 hoc

172 1063 327 1129 dico,
359 1063 516 1133 quod
544 1071 721 1134 gentes
748 1076 867 1132 qua:
903 1058 1182 1113 immolant
1205 1059 1336 1124 Iiwc,
1373 1056 1651 1111 immolant
1689 1054 1779 1110 illa

174 1154 493 1221 diemoniis,
525 1160 580 1209 et
598 1168 696 1223 per
716 1153 820 1208 hoc
842 1151 1111 1205 uniuntur
1132 1150 1286 1220 ipsis,
1310 1164 1417 1203 non
1442 1164 1539 1219 per
1558 1162 1779 1203 carnem

175 1246 556 1313 immolatam,
591 1245 741 1315 quod
772 1244 921 1299 aliud
950 1244 1023 1299 sit
1054 1256 1221 1313 quam
1254 1257 1405 1306 caro,
1456 1255 1632 1310 neque
1685 1254 1783 1309 per

178 1337 421 1405 idolum,
449 1338 596 1408 quod
627 1337 775 1391 aliud
798 1336 869 1392 sit
897 1351 1063 1406 quam
1090 1335 1244 1404 prius
1266 1333 1448 1389 fuerit.
1494 1333 1782 1388 Dwmoniis

178 1429 499 1496 immolant,
521 1437 698 1482 etnon
733 1427 842 1481 Deo
881 1443 897 1480 :
938 1442 1109 1497 quare
1131 1426 1350 1481 diabolo
1371 1440 1493 1480 sese
1524 1425 1782 1494 incorpo-

181 1528 328 1575 rant.
374 1519 478 1575 Vel
507 1520 664 1575 aliter
694 1520 777 1591 (ut
799 1527 951 1574 extra
979 1519 1178 1573 librum
1199 1518 1600 1588 adaptationem
1632 1517 1784 1571 simi-

181 1613 448 1669 litudinis
498 1612 877 1684 accipiamus),
928 1612 1002 1666 ita
1053 1628 1066 1663 :
1118 1610 1258 1678 Quia
1318 1610 1785 1667 communicantes

180 1705 416 1774 corpori
436 1712 491 1758 et
518 1692 773 1775 sanguini
796 1703 1002 1758 Christi
1026 1703 1292 1757 uniuntur
1314 1700 1556 1768 Christo,
1590 1702 1663 1757 ita
1692 1717 1787 1771 per

183 1794 371 1848 simile
392 1794 788 1864 participantes
813 1793 1110 1848 immolatis
1166 1792 1311 1848 idolo
1360 1792 1627 1847 uniuntur
1662 1793 1783 1848 dia-

1877 589 2095 659 quodin
2132 590 2353 643 macello
2383 591 2545 657 venit,
2588 590 2644 646 id
2683 600 2769 647 est
2806 592 3080 659 venditur,
3119 594 3455 662 manducate,

1879 677 2011 732 nihil
2033 688 2413 750 interrogantes
2437 690 2651 751 propter
2684 684 3081 750 conscientiam,
3105 700 3272 754 quam
3301 685 3357 738 in
3382 703 3462 740 sc-

1877 770 2169 839 quentibus
2189 771 2592 828 determinabit.
2619 772 2939 829 Manducate
2958 775 3166 842 omnia,
3191 775 3320 845 quia
3351 775 3461 829 Do-

1880 864 2008 918 mini
2043 873 2119 918 est
2147 872 2287 918 terra
2318 873 2368 918 et
2398 864 2670 935 plenitudo
2698 864 2814 935 ejus
2847 865 3078 937 (Psalm.
3123 883 3251 934 xxv,
3292 867 3366 937 i).
3401 865 3460 921 Si

1878 956 1994 1025 quis
2034 964 2213 1014 autem
2236 956 2535 1026 infidelium
2557 966 2706 1012 vocat
2731 974 2819 1012 vos
2844 959 2912 1015 ad
2939 960 3253 1030 prandium,
3277 968 3326 1013 et
3347 959 3462 1013 vul—

1882 1047 1951 1100 tis
1973 1047 2070 1112 ire,
2104 1046 2252 1116 quod
2278 1046 2416 1102 bene
2445 1048 2569 1103 licet
2604 1048 2754 1118 (quia
2781 1047 2850 1104 de
2887 1049 3199 1105 inﬁdelibus
3220 1065 3327 1104 non
3359 1050 3460 1103 ha-

1880 1138 2075 1193 bemus
2112 1138 2380 1208 judicare)
2408 1154 2560 1195 omne
2582 1141 2720 1210 quod
2750 1140 2890 1195 vobis
2918 1142 3202 1212 apponitur
3229 1142 3459 1195 mandu-

1881 1238 2019 1295 cate,
2056 1227 2189 1282 nihil
2210 1229 2592 1299 interrogantes
2627 1240 2837 1300 propter
2866 1234 3265 1298 conscientiam,
3294 1247 3460 1301 quam

1883 1322 2085 1376 iterum
2118 1320 2525 1386 determinabit,
2563 1337 2658 1375 vos
2692 1322 2828 1376 nihil
2870 1323 3236 1394 interrogatis.
3277 1323 3381 1378 Sed
3415 1324 3460 1376 si

1883 1413 2001 1482 quis
2031 1412 2226 1467 dixerit
2250 1412 2403 1468 vobis
2435 1430 2447 1465 :
2484 1410 2599 1465 Hoc
2628 1421 2703 1466 est
2729 1414 3060 1468 immolatum
3089 1415 3271 1480 idolis,
3301 1414 3463 1468 nolite

1886 1501 2018 1557 illud
2049 1501 2369 1555 manducare
2397 1509 2609 1571 propter
2642 1501 2795 1555 illum
2822 1504 2913 1573 qui
2943 1505 3218 1569 indicavit,
3245 1514 3294 1558 et
3336 1520 3463 1573 pro-

1885 1600 2000 1662 pter
2029 1594 2427 1660 conscientiam,
2450 1608 2615 1663 quam
2643 1609 2789 1648 nunc
2815 1594 3156 1650 determinat.
3182 1595 3464 1651 Conscien-

1890 1684 2020 1737 tiam
2059 1693 2235 1739 autem
2275 1685 2393 1739 dico
2432 1700 2536 1739 non
2572 1694 2741 1753 tuam,
2780 1686 2874 1756 qui
2910 1686 3013 1741 ﬁde
3056 1702 3224 1741 sanus
3250 1702 3331 1752 es,
3375 1687 3465 1740 sed

1890 1783 2112 1844 propter
2140 1775 2532 1831 conscientiam
2563 1776 2807 1844 alterius,
2831 1776 2885 1831 id
2915 1785 3000 1832 est
3028 1776 3231 1831 inﬁrmi
3252 1776 3467 1841 fratris,

182 1883 333 1940 bolo.
364 1845 445 1939 ἐι
463 1886 569 1940 hoc
590 1845 742 1940 gnra
773 1884 1013 1939 “ueram
1040 1883 1396 1955 accipiamus,
1429 1895 1489 1940 ιη
1511 1884 1654 1955 quod
1690 1900 1786 1954 per
1816 1845 1860 1904 Β
1890 1880 1957 1920 ne
1985 1865 2226 1920 offendat
2255 1875 2324 1921 te.
2369 1866 2515 1921 Dixit
2554 1868 2952 1934 conscientiam,
2994 1869 3229 1937 primum
3275 1876 3470 1922 notans

183 1976 510 2046 spiritualia
537 1976 797 2043 ostendit,
847 1975 903 2030 in
939 1976 1253 2032 carnalibus
1286 1976 1516 2032 videatis
1548 1996 1561 2031 :
1599 1976 1803 2045 Videte.

184 2068 353 2125 modo
376 2068 575 2136 Israel,
610 2068 664 2124 id
692 2076 779 2124 est
818 2067 1104 2125 Iudaicum
1148 2070 1431 2140 populum,
1487 2070 1787 2125 secundum

184 2174 448 2229 carnem,
473 2158 528 2215 id
546 2168 632 2216 est
663 2161 962 2217 secundum
1019 2161 1270 2217 carnales
1324 2162 1465 2216 ritus
1517 2170 1784 2233 agentem.

184 2249 386 2308 Nonne
420 2252 566 2308 enim
595 2253 692 2323 qui
718 2252 861 2323 apud
890 2252 1107 2309 Judaeos
1127 2254 1297 2309 edunt
1336 2255 1543 2309 hostias
1593 2254 1792 2310 immo-

186 2345 330 2401 latas
363 2344 506 2411 Deo,
539 2346 831 2417 participes
854 2354 983 2400 sunt
1000 2346 1211 2411 altaris,
1272 2347 1326 2402 id
1355 2356 1439 2402 est
1466 2348 1792 2417 participant

189 2433 301 2490 Deo
322 2436 427 2491 cui
459 2435 748 2490 immolant
778 2434 832 2489 in
860 2435 1052 2490 altari?
1073 2434 1274 2490 Eodem
1305 2437 1465 2491 modo
1489 2438 1581 2507 qui
1625 2437 1793 2492 edunt

191 2526 531 2598 idolothyta,
560 2526 853 2597 participes
876 2536 1004 2582 sunt
1025 2526 1245 2582 diaboli.
1285 2527 1351 2582 Et
1395 2529 1498 2584 hoc
1547 2539 1700 2584 extra
1722 2530 1791 2584 li-

193 2618 383 2673 hrum.

264 2708 530 2780 Sequens
550 2710 729 2764 littera
755 2710 836 2765 sic
851 2709 1099 2781 jungitur
1132 2726 1144 2762 :
1184 2708 1635 2780 Quandoquidem
1672 2711 1795 2767 dico

197 2800 587 2855 comedentem
633 2800 929 2871 idolothyta
974 2800 1303 2871 participare
1359 2802 1577 2857 diabolo
1603 2846 1617 2869 ,
1666 2820 1796 2876 ergo

199 2890 328 2960 quid
357 2890 564 2945 videor
605 2891 820 2946 dicere?
847 2889 1093 2961 Sequens
1149 2893 1323 2948 littera
1373 2909 1479 2948 non
1529 2904 1792 2951 mutatur.

200 2982 506 3053 Propterea
540 2983 663 3037 volo
694 2998 794 3038 vos
820 2982 1005 3053 fugere
1035 3001 1066 3037 α
1087 2984 1299 3039 cultura
1333 2985 1595 3040 idolorum
1622 3030 1636 3053 ,
1669 2989 1797 3057 quia

203 3075 319 3128 nolo
341 3091 442 3129 vos
463 3074 581 3143 ﬁeri
605 3075 774 3128 socios
799 3074 1201 3141 dwmoniornm,
1240 3076 1380 3131 sicut
1402 3078 1687 3146 probatura
1714 3087 1798 3133 est

1887 1957 2279 2012 conscientiam
2309 1957 2479 2013 Judaei
2504 1958 2620 2027 qui,
2662 1959 2710 2014 si
2738 1959 2918 2013 videat
2946 1957 3319 2014 Christianum
3347 1959 3468 2012 ido-

1889 2050 2093 2123 lothyla
2134 2051 2543 2115 comedentem,
2581 2050 2721 2104 dicet
2771 2065 2877 2103 non
2921 2049 3307 2105 adlucrcndum
3350 2064 3471 2103 esse

1888 2140 2215 2197 Christianae
2277 2141 2434 2207 ﬁdei;
2493 2141 2622 2210 quia
2668 2148 3012 2196 revertuntur
3060 2138 3129 2195 ad
3195 2140 3469 2194 culturam

1892 2233 2042 2287 idoli.
2095 2231 2355 2308 Secundo
2393 2232 2783 2286 conscientiam
2835 2230 3071 2302 gentilis,
3135 2231 3230 2300 qui
3281 2230 3473 2285 videns

1894 2321 2027 2376 illud
2056 2321 2199 2376 idem
2225 2321 2367 2375 dicet
2396 2340 2408 2374 :
2442 2320 2623 2386 Quare
2642 2321 2971 2375 dimitterem
3000 2320 3142 2375 idola
3171 2336 3313 2385 mea,
3344 2336 3473 2375 cum

1891 2412 2190 2467 Christiani
2228 2412 2294 2466 ad
2324 2427 2389 2466 ea
2435 2412 2808 2466 revertantur?
2853 2410 3040 2466 Tertio
3081 2411 3473 2466 conscientiam

1894 2506 2096 2560 inﬁrmi
2121 2504 2327 2571 fratris,
2353 2513 2573 2574 propter
2594 2519 2817 2560 causam
2846 2520 2985 2574 smpc
3007 2505 3229 2559 dictam.
3249 2503 3475 2574 Propter

1895 2597 2286 2654 conscientiam
2318 2598 2542 2652 alterius
2575 2597 2848 2652 abstinere
2873 2595 3056 2652 debes.
3095 2596 3233 2664 Quia
3264 2608 3320 2650 at
3347 2599 3474 2667 quia

1896 2689 2113 2743 libertas
2142 2705 2275 2755 mea,
2301 2689 2352 2743 id
2379 2697 2463 2743 est
2489 2689 2591 2744 hoc
2614 2687 2758 2758 quod
2789 2687 3013 2742 mihi-ex
3038 2702 3171 2743 sana
3202 2689 3305 2744 lide
3328 2689 3474 2755 licet,

1890 2780 2186 2850 judicatar,
2234 2782 2288 2836 id
2331 2789 2416 2835 est
2460 2779 2775 2850 judicabilis
2822 2780 2912 2835 ﬁat
2958 2791 3011 2835 et
3050 2781 3378 2836 damnabilis
3409 2784 3475 2835 ab

1899 2873 2075 2926 aliena
2096 2872 2439 2933 conscientia,
2466 2870 2516 2925 id
2543 2880 2625 2926 cst
2650 2881 2868 2940 propter
2894 2871 3162 2926 inﬁrmam
3191 2873 3469 2927 conscien-

1899 2963 2029 3017 tiam
2060 2962 2263 3017 fratris.
2295 2961 2361 3016 Et
2382 2963 2430 3014 si
2458 2978 2550 3031 ego
2576 2963 2838 3031 participe
2869 2963 3183 3033 idolothytis
3210 2980 3329 3016 cum
3357 2979 3476 3033 gra-

1902 3056 2000 3117 tia,
2026 3054 2080 3108 id
2110 3061 2195 3108 est
2222 3053 2515 3107 comedens
2542 3053 2595 3106 in
2629 3054 2850 3107 nomine
2878 3052 3113 3120 Domini,
3140 3071 3302 3124 quare
3337 3055 3465 3109 ιλιαδ.

202 3180 322 3221 esse
344 3181 455 3221 eos
475 3166 572 3235 qui
600 3165 899 3236 idolomyta
921 3166 1232 3221 comedunt.
1256 3166 1382 3222 [dco
1403 3143 1611 3223 ‘esselis
1661 3170 1794 3224 socii
1826 3196 1869 3255 ϐ
1900 3146 2133 3215 pliemor,
2166 3143 2218 3198 id
2247 3152 2329 3198 est
2357 3159 2456 3197 cur
2481 3158 2568 3197 me
2595 3143 3076 3212 blasphemabilcm
3105 3145 3356 3210 exhibeo,
3385 3162 3479 3215 pro

1913 3250 1954 3255 --
2013 3235 2140 3255 ----,
2181 3234 2374 3255 --ηηη
2434 3235 2564 3255 ,νο
2602 3232 2757 3255 η,-.-.
2808 3233 2944 3255 eum
2990 3250 3072 3255 μ,
3120 3234 3363 3255 ,ηρ-μ--η

201 3255 619 3323 dcmoniorum,
655 3256 762 3313 nisi
790 3257 933 3312 idola
959 3257 1200 3328 fugiatis,
1249 3259 1375 3329 quia
1423 3276 1523 3312 non
1580 3261 1797 3329 potestis

202 3345 380 3402 bibere
408 3348 630 3402 calicem
648 3348 1031 3403 dwmoniorum
1079 3357 1131 3402 et
1182 3349 1400 3403 calicem
1443 3349 1677 3405 Domini.
1732 3351 1800 3407 Et

203 3454 303 3492 non
327 3442 563 3509 potestis
584 3456 695 3495 esse
722 3440 1006 3510 participes
1029 3455 1219 3493 mensa:
1242 3439 1457 3493 Domini
1506 3450 1558 3494 et
1608 3456 1799 3496 mensa:

203 3531 617 3586 dmmoniorum.
651 3531 922 3588 Debemus
943 3532 1134 3603 fugere
1163 3549 1196 3585 a
1242 3532 1454 3586 cultura
1511 3532 1795 3600 idolorum,

204 3637 270 3677 ne
288 3623 642 3679 assoeicmur
662 3623 965 3679 daemoniis.
993 3621 1262 3678 Debemus
1282 3622 1446 3677 etiam
1496 3622 1638 3689 ideo,
1669 3622 1797 3693 quia

206 3712 592 3784 participando
642 3729 843 3770 mensae
885 3712 1303 3781 daemoniorum,
1352 3713 1695 3780 aemulamur,
1743 3714 1797 3769 id

205 3811 287 3859 cst
310 3804 630 3860 invidemus
652 3803 905 3872 Domino,
931 3805 1089 3875 cujus
1132 3820 1358 3875 regnum
1407 3821 1474 3859 ex
1510 3805 1666 3876 125
1700 3822 1821 3861 no-.

208 3892 291 3951 bis
310 3896 475 3966 ipsis,
500 3905 557 3951 et
573 3895 941 3952 imitatoribus
959 3896 1164 3952 nostris
1188 3895 1566 3952 diminuimus.
1603 3895 1708 3952 Sed
1727 3913 1795 3950 an

211 3988 536 4042 cmulamur
562 3987 847 4042 Dominum
863 3989 887 4041 ?
903 3986 1046 4042 Malo
1074 3988 1265 4058 utique
1283 3996 1476 4042 nostro
1492 3986 1796 4043 invidemus

211 4080 291 4146 ei,
331 4080 471 4151 quia
530 4080 767 4151 nunquid
795 4078 1038 4149 fortiores
1065 4078 1160 4133 illo
1206 4081 1428 4133 sumus?
1459 4078 1564 4146 Qui
1615 4088 1795 4134 autem

213 4165 430 4223 fortiori
456 4184 517 4223 se
542 4168 764 4234 invidet,
788 4168 930 4224 male
951 4168 1081 4237 agit,
1097 4166 1223 4237 quia
1250 4168 1579 4237 opprimitur
1596 4168 1665 4223 ab
1683 4168 1792 4222 illo.

281 4254 546 4310 Dicerem
573 4256 641 4311 ad
668 4256 805 4320 haec,
834 4256 928 4326 qui
956 4271 1088 4311 sana
1110 4256 1217 4310 ﬁde
1245 4256 1450 4311 idolum
1481 4256 1667 4326 illique
1696 4257 1797 4312 im-

214 4345 419 4400 molata
446 4344 585 4399 nihil
631 4360 753 4402 esse
779 4347 1079 4402 crederent.
1113 4345 1346 4413 Videris,
1376 4347 1566 4413 Paule,
1600 4348 1797 4403 intelli-

216 4452 339 4506 gere
360 4436 649 4492 immolata
666 4437 813 4493 idolo
835 4437 1041 4508 aliquid
1063 4453 1204 4505 esse,
1229 4454 1354 4494 cum
1379 4453 1480 4493 nos
1512 4447 1795 4509 propterea

1900 3250 1959 3289 eo
2001 3235 2140 3305 quod
2173 3234 2375 3305 gratias
2426 3235 2564 3303 ago?
2599 3232 2760 3287 Putat
2802 3233 2947 3287 enim
2990 3250 3076 3288 me
3119 3234 3368 3290 inﬁrmus
3396 3238 3478 3290 vel

1902 3327 2132 3383 inﬁdelis
2162 3326 2304 3381 idola
2331 3326 2605 3391 venerari,
2630 3341 2754 3381 cum
2777 3341 2880 3397 ago
2906 3326 3109 3397 gratias
3138 3325 3267 3381 Deo.
3296 3325 3479 3393 Quan-

1900 3419 2193 3492 doquidem
2221 3420 2557 3476 conscientia
2588 3418 2790 3474 nullius
2820 3418 3061 3474 laedenda
3088 3427 3192 3485 est,
3223 3435 3344 3489 ergo
3375 3420 3480 3473 sive

1902 3513 2259 3577 manducetis,
2301 3512 2407 3566 sive
2443 3511 2643 3576 bibitis,
2675 3510 2754 3564 vel
2785 3510 2936 3565 aliud
2967 3511 3096 3581 quid
3134 3510 3336 3580 facitis,
3368 3511 3480 3566 hmc

1898 3615 1952 3661 et
1980 3606 2159 3659 omnia
2187 3605 2372 3675 facile,
2397 3619 2505 3658 non
2536 3603 2591 3657 in
2618 3601 2893 3657 licentiam
2919 3601 3043 3656 ﬁdei
3069 3611 3281 3667 vestrm,
3310 3602 3403 3656 sed
3426 3603 3480 3655 in

1899 3698 2126 3768 gloriam
2155 3696 2274 3762 Dei,
2311 3703 2371 3750 ut
2399 3709 2561 3749 nemo
2577 3693 2724 3763 juste
2751 3692 2835 3748 vel
2861 3693 3061 3763 injuste
3088 3692 3261 3762 possit
3282 3693 3463 3747 calum

1901 3793 2041 3848 niari
2071 3792 2231 3848 ﬁdem
2260 3789 2487 3847 Christi.
2515 3789 2579 3844 Et
2606 3797 2666 3843 ut
2710 3788 2765 3843 in
2796 3788 3027 3858 gloriam
3059 3787 3152 3843 Dei
3183 3789 3366 3843 omnia
3402 3787 3481 3842 fa~
3574 3792 3579 3797 ”

1899 3880 2076 3947 ciatis,
2116 3889 2279 3935 estote
2316 3880 2430 3933 sine
2469 3878 2754 3947 o/fensione
2796 3876 3004 3931 Iudicis
3041 3885 3091 3931 et
3136 3876 3397 3947 gentibus,
3433 3888 3483 3930 et

1906 3971 2159 4026 Ecclesia:
2187 3970 2307 4035 Dei,
2354 3969 2407 4024 id
2432 3979 2516 4024 est
2565 3967 2797 4027 inﬁrmis
2835 3966 3116 4035 fratribus,
3145 3968 3287 4024 sicut
3319 3982 3481 4037 supra

1899 4062 2319 4117 determinatum
2343 4066 2445 4116 est.
2473 4058 2656 4112 Estote
2677 4057 2802 4114 dico
2826 4067 2878 4113 et
2906 4058 3045 4112 sicut
3066 4074 3161 4129 ego
3193 4057 3395 4128 placeo,
3432 4058 3483 4113 id

1898 4162 1983 4209 est
2010 4153 2223 4223 placere
2262 4151 2451 4207 laboro
2479 4150 2720 4205 omnibus
2747 4166 2840 4221 per
2867 4150 3066 4217 omnia,
3099 4166 3203 4204 non
3245 4166 3483 4222 quaerens

1900 4245 2037 4315 quod
2071 4244 2200 4298 mihi
2225 4243 2403 4298 solum
2428 4242 2560 4297 utile
2583 4251 2682 4309 est,
2714 4241 2805 4296 sed
2834 4241 2972 4312 quod
3008 4241 3142 4296 utile
3165 4240 3234 4297 sit
3276 4241 3483 4308 multis,

1901 4346 1959 4390 ut
1998 4336 2080 4393 sic
2107 4335 2244 4397 salvi
2274 4335 2410 4405 ﬁant
2446 4333 2602 4390 multi
2637 4349 2735 4404 per
2773 4348 2882 4390 me.
2911 4332 2979 4390 Et
3006 4343 3072 4391 ut
3099 4333 3288 4390 multis
3325 4335 3487 4390 utiles

1903 4429 2044 4495 sitis,
2076 4437 2250 4483 estote
2276 4429 2331 4482 in
2365 4428 2469 4484 hac
2492 4443 2552 4484 re
2595 4426 2900 4482 imitatores
2940 4426 3066 4482 mei.
3101 4424 3259 4493 Quod
3303 4426 3351 4482 si
3379 4426 3488 4483 mei

214 4529 367 4586 dicas
394 4530 515 4585 ﬁeri
547 4530 727 4586 socios
755 4529 1171 4585 daemoniorum.
1198 4529 1353 4585 Absit
1388 4530 1525 4585 hoc!
1555 4530 1633 4586 ait
1657 4530 1799 4588 Pan-
1833 4543 1875 4598 ι)
1903 4521 2057 4577 eritis
2090 4528 2145 4575 et
2168 4519 2394 4587 Christi,
2428 4520 2570 4577 sicut
2608 4527 2663 4574 et
2688 4533 2791 4588 ego
2821 4516 3028 4573 Christi
3070 4517 3314 4573 imitator
3339 4533 3485 4573 sum.

217 4618 318 4675 lus.
347 4618 470 4675 lloc
491 4618 638 4674 enim
658 4618 817 4688 plane
842 4618 1115 4688 proﬁteor,
1142 4619 1287 4688 quod
1315 4621 1494 4674 omnia
1516 4620 1619 4676 ista
1645 4620 1799 4677 licita

217 4722 334 4765 sunt
359 4711 519 4779 mihi,
544 4718 600 4766 et
624 4711 931 4780 cuicunque
957 4726 1146 4766 sanam
1170 4711 1329 4766 ﬁdem
1354 4712 1574 4768 habenti
1599 4729 1668 4770 ex
1695 4713 1800 4769 ﬁde

218 4804 534 4868 comedere,
567 4802 660 4857 sed
702 4811 884 4859 tamen
933 4802 1212 4858 ideo.non
1260 4803 1455 4870 licere,
1498 4804 1645 4875 quod
1695 4820 1799 4859 non

217 4897 394 4950 omnia
421 4894 728 4965 expediunt,
756 4894 850 4951 sed
873 4894 1054 4965 potius
1084 4893 1474 4949 beatitudinem
1501 4910 1595 4964 per
1624 4893 1800 4949 offen-

218 4985 461 5043 diculum
486 4986 673 5042 fratris
692 4986 1014 5058 impediunt.
1046 4984 1248 5041 Iterum
1280 4985 1446 5053 idem,
1476 4987 1655 5040 ontnia
1686 4986 1797 5041 uti-

219 5092 321 5146 que
364 5079 499 5133 mihi
533 5078 717 5145 licent,
755 5079 1057 5134 secundum
1105 5094 1300 5136 sanam
1343 5078 1527 5145 ﬁdem,
1561 5078 1652 5132 sed
1695 5095 1799 5132 non

220 5171 394 5222 omnia
422 5169 694 5239 mitiﬁcant
724 5169 1053 5240 proximum,
1077 5180 1133 5225 et
1157 5169 1212 5225 in
1237 5172 1307 5225 eo
1335 5170 1481 5240 quod
1510 5170 1800 5226 destruunt

220 5271 364 5323 eum,
396 5273 509 5313 non
536 5258 720 5314 licent.
749 5257 816 5314 Et
857 5258 985 5328 quia
1019 5258 1086 5313 ad
1122 5257 1534 5313 aediﬁcationem
1562 5259 1799 5328 proximi

223 5349 400 5403 omnia
441 5350 652 5420 agenda
693 5359 842 5417 sunt,
888 5358 1174 5419 propterea
1219 5364 1368 5404 nemo
1405 5360 1610 5420 quaerat
1655 5352 1795 5422 quod

224 5452 368 5492 suum
397 5447 475 5492 est
516 5446 751 5507 tantum,
780 5448 835 5496 et
863 5456 972 5495 non
1012 5440 1269 5510 proximi,
1296 5441 1385 5495 sed
1419 5451 1628 5512 quaerat
1655 5444 1801 5513 quod.

224 5528 463 5597 alterius,
494 5530 547 5585 id
571 5541 656 5589 est
670 5533 819 5603 quod
841 5531 910 5587 ad
930 5530 1343 5588 aediﬁcationem
1371 5533 1603 5602 proximi
1630 5534 1793 5589 valet.

289 5618 426 5686 Quia
470 5622 634 5679 modo
656 5623 796 5680 dixit
825 5623 1125 5679 secundum
1170 5623 1330 5679 ﬁdem
1366 5625 1548 5691 licere,
1576 5634 1797 5695 propter

226 5709 603 5770 odendiculum
632 5714 816 5771 fratris
859 5730 969 5770 non
995 5714 1178 5770 licere.
1209 5712 1542 5771 Dctcrminat
1573 5716 1794 5772 modum

228 5803 438 5868 quando
468 5804 556 5862 his
585 5806 723 5862 cibis
750 5806 829 5861 uti
860 5806 1041 5871 liccat,
1074 5814 1125 5860 ct
1156 5805 1374 5875 quando
1398 5823 1528 5876 non,
1561 5807 1748 5863 dicens
1778 5849 1789 5862 .

994 5981 1025 6009 κ

2510 4609 2740 4666 CAPUT
2775 4607 2868 4663 XI.

1979 4724 1997 4756 ι
2032 4704 2339 4760 lmitatorcs
2359 4703 2467 4758 mei
2483 4709 2678 4767 estote,
2697 4700 2840 4758 sicut
2863 4708 2919 4754 et
2940 4714 3042 4771 ego
3052 4698 3280 4754 Christi.
3301 4697 3491 4754 Laudo

1908 4815 1927 4847 ι
1965 4804 2148 4852 autem
2175 4811 2296 4863 vos,
2325 4793 2546 4861 fratres,
2569 4793 2716 4863 quod
2740 4808 2839 4863 per
2856 4792 3044 4848 omnia
3075 4789 3184 4845 mei
3213 4805 3490 4847 memores

1912 4907 1930 4938 ‹
1962 4888 2127 4954 estis;
2167 4896 2224 4942 et
2261 4886 2404 4942 sicut
2428 4884 2624 4941 tradidi
2650 4883 2806 4939 vobis
2827 4891 3095 4953 praecepta
3118 4898 3241 4938 mea
3274 4883 3488 4938 tenetis.

1912 4999 1930 5033 ‹
1976 4977 2108 5033 Volo
2129 4988 2310 5033 autem
2331 4993 2433 5033 vos
2452 4976 2613 5042 scire,
2636 4974 2784 5046 quod
2806 4974 2990 5029 omnis
3011 4974 3115 5029 viri
3140 4983 3309 5046 caput
3329 4973 3484 5030 Chri-

1912 5090 1930 5121 (
1968 5078 2087 5125 stus
2111 5077 2223 5136 est;
2255 5077 2419 5138 caput
2445 5075 2626 5125 autem
2659 5066 2906 5121 mulieris
2940 5065 3025 5121 vir
3051 5065 3269 5138 (Ephes.
3294 5083 3348 5133 v,
3374 5065 3468 5136 25)

1912 5182 1930 5214 ι
1974 5170 2138 5231 caput
2176 5176 2307 5216 vero
2330 5159 2560 5227 Christi,
2592 5159 2755 5217 Deus.
2800 5159 2963 5231 126
2986 5158 3178 5215 Omnis
3216 5160 3301 5214 vir
3323 5171 3499 5215 oran-J

1910 5273 1928 5306 ι
1966 5261 2059 5308 aut
2070 5253 2424 5323 prophetans,
2442 5252 2618 5308 velato
2634 5251 2829 5322 capite,
2848 5251 3102 5321 deturpat
3118 5259 3283 5321 caput
3302 5263 3459 5304 suum
3472 5285 3489 5304 .

1910 5368 1929 5398 ι
1966 5345 2159 5401 Omnis
2203 5354 2386 5400 autem
2421 5346 2617 5401 mulier
2650 5360 2817 5401 orans
2844 5352 2941 5398 aut
2979 5344 3331 5414 prophetans,
3376 5352 3485 5394 non

1907 5459 1924 5489 ι
1963 5437 2140 5493 velato
2184 5437 2393 5507 capite,
2435 5436 2688 5506 deturpat
2730 5444 2896 5505 caput
2942 5451 3144 5491 suum:
3190 5447 3361 5489 unum
3402 5438 3486 5486 est

1908 5551 1925 5582 ‹
1962 5530 2127 5596 enim,
2173 5545 2239 5586 ac
2270 5529 2318 5586 si
2344 5529 2675 5585 decalvetur.
2717 5526 2853 5581 Nam
2884 5527 2932 5582 si
2973 5542 3084 5582 non
3114 5526 3326 5581 velatur
3358 5538 3483 5578 mu-

1908 5644 1925 5674 ι
1969 5624 2088 5688 licr,
2122 5623 2430 5679 tondeatur.
2468 5620 2527 5675 Si
2566 5636 2693 5675 vero
2731 5628 2887 5689 turpe
2911 5627 2996 5674 est
3020 5615 3235 5673 mulieri
3271 5614 3484 5670 tonderi

1910 5737 1926 5766 ι
1966 5725 2059 5771 aut
2086 5714 2376 5778 deealvari,
2404 5713 2543 5767 velet
2584 5719 2751 5780 caput
2784 5725 2968 5765 suum.
3004 5708 3098 5762 Vir
3124 5706 3345 5777 quidem
3372 5720 3482 5759 non

1908 5827 1927 5858 ε
1964 5808 2119 5863 debet
2144 5806 2322 5861 velare
2345 5813 2502 5872 caput
2533 5818 2722 5867 suum;
2746 5800 3005 5871 quoniam
3029 5800 3210 5869 imago
3230 5807 3283 5853 et
3309 5796 3483 5868 gloria
