3904 6298
479 357 584 432 ns

1011 354 1068 410 S.
1109 351 1462 412 BRUNONIS
1499 351 2144 412 CARTHUSIANORUM
2185 351 2678 412 lNSTlTUTORlS
2716 353 2868 414 OPP.
2908 353 3094 414 PARS
3129 355 3193 413 II.

3623 370 3715 430 180

484 492 504 526 ε
535 469 634 526 Dei
663 477 767 537 est,
815 469 1015 525 mulier
1051 477 1234 528 autem
1273 470 1446 542 gloria
1477 469 1578 525 viri
1613 467 1720 525 est.
1751 467 1872 524 Non
1912 467 2059 524 enim
2089 470 2134 526 Α
2163 481 2231 522 ηε
2260 466 2488 524 ulterius
2526 469 2622 524 tiat
2665 469 2720 524 in
2755 469 2858 538 eis,
2901 471 3158 542 prohibet
3187 445 3243 527 et
3263 469 3378 542 lege
3413 479 3715 544 conditionis

483 583 504 618 ς
535 563 626 620 vir
649 579 718 622 ex
744 563 974 620 muliere
994 571 1099 631 est,
1125 562 1220 619 sed
1239 563 1436 618 mulier
1457 577 1524 617 ex
1545 561 1684 616 viro.
1708 560 1924 618 Etenim
1951 578 2063 619 non

484 674 504 708 ο
535 665 624 712 εει
661 663 880 712 creatus
906 655 990 710 vir
1008 664 1233 726 propter
1253 653 1556 720 mulierem,
1579 651 1677 709 sed
1709 655 1909 711 mulier
1935 671 2064 726 pro-

481 763 504 800 ι
544 753 664 816 pter
690 745 892 800 virum.
927 742 1054 801 ideo
1071 745 1230 800 debet
1249 745 1445 798 mulier
1466 743 1711 798 velamen
1742 743 1942 801 habere
1964 760 2062 800 su-

481 856 504 887 σ
537 851 638 907 per
666 845 832 908 caput
864 852 1048 903 suum,
1077 844 1132 892 et
1159 843 1382 905 propter
1402 835 1646 906 angelos.
1671 832 2062 910 Verumtamen

483 946 504 978 c
543 943 722 999 neque
745 927 832 984 vir
858 928 980 984 sine
1001 925 1250 993 muliere,
1279 940 1459 997 neque
1481 926 1680 984 mulier
1701 926 1819 984 sine
1841 927 1979 996 viro,
2003 928 2061 983 in

483 1037 502 1069 ι
541 1017 797 1076 Domino.
831 1017 967 1074 Nam
1003 1017 1146 1073 sicut
1184 1016 1382 1072 mulier
1405 1016 1474 1072 de
1497 1017 1638 1086 viro,
1673 1017 1747 1074 ita
1774 1027 1830 1074 et
1854 1018 1942 1074 vir
1966 1035 2062 1091 per

481 1130 505 1160 ο
539 1109 826 1166 mulierem
854 1129 868 1164 :
912 1105 1094 1165 omnia
1128 1115 1316 1163 autem
1346 1123 1414 1163 ex
1454 1107 1584 1164 Deo.
1630 1107 1742 1166 Vos
1771 1110 1877 1181 ipsi
1910 1110 2060 1182 judi-

482 1220 501 1251 σ
546 1201 764 1256 dicate:
789 1201 946 1256 decet
967 1199 1252 1255 mulierem
1279 1215 1389 1256 non
1413 1201 1646 1256 velatam
1673 1217 1832 1258 orare
1856 1202 2063 1259 Deum?

481 1309 500 1341 c
539 1288 650 1346 Nec
670 1290 786 1360 ipsa
831 1296 1028 1345 natura
1066 1289 1228 1346 docet
1263 1305 1385 1357 vos,
1431 1291 1578 1362 quod
1627 1291 1712 1346 vir
1753 1292 1973 1364 quidem
2013 1293 2060 1349 si

479 1400 499 1430 ι
535 1395 752 1435 comam
780 1381 1010 1448 nutriat,
1037 1380 1340 1452 ignominia
1365 1390 1451 1438 est
1470 1383 1548 1438 illi
1573 1401 1586 1438 :
1625 1383 1824 1438 mulier
1856 1399 1988 1440 vero
2013 1384 2060 1440 si

479 1490 498 1520 ι
533 1485 750 1526 comam
773 1471 1004 1552 nutriat,
1037 1473 1208 1544 gloria
1235 1483 1322 1529 est
1345 1475 1451 1543 illi;
1475 1476 1738 1546 quoniam
1757 1475 1940 1548 capilli
1959 1491 2060 1548 pro

478 1580 497 1613 ι
541 1562 810 1619 velamine
831 1563 884 1620 ei
912 1563 1025 1620 dati
1052 1574 1203 1620 sunt.
1230 1563 1289 1621 Si
1309 1567 1437 1638 quis
1465 1575 1647 1622 autem
1675 1567 1891 1624 videtur
1923 1584 2059 1624 con-

477 1672 496 1706 c
541 1655 812 1712 tentiosus
835 1670 980 1726 esse,
1007 1671 1110 1714 nos
1138 1657 1302 1713 talem
1331 1659 1786 1715 consuetudinem
1815 1669 1926 1716 non
1957 1661 2058 1716 ha-

477 1765 498 1798 c
539 1747 757 1816 bemus,
793 1764 972 1820 neque
1001 1747 1242 1807 Ecclesia
1267 1749 1384 1806 Dei.
1413 1749 1529 1806 Hoc
1556 1759 1738 1807 autem
1761 1751 2017 1822 praecipio
2042 1771 2057 1808 τ

478 1858 497 1890 ι
534 1853 647 1894 non
673 1839 927 1907 laudans,
959 1842 1107 1912 quod
1138 1857 1248 1898 non
1273 1843 1328 1898 in
1359 1843 1580 1910 melius,
1613 1843 1707 1900 sed
1733 1844 1790 1898 in
1818 1844 2060 1900 deterius

477 1949 496 1982 α
533 1932 860 1990 convenitis.
889 1932 1138 1988 Primum
1161 1933 1383 2004 quidem
1423 1935 1875 1991 convenientibus
1903 1936 2060 1992 vobis

476 2042 497 2075 ι
537 2023 595 2078 in
616 2023 940 2092 Ecclesiam,
965 2025 1130 2082 audio
1151 2025 1427 2082 scissuras
1453 2041 1576 2083 esse
1604 2027 1746 2083 inter
1767 2043 1887 2094 vos,
1916 2035 1972 2083 et
1991 2043 2059 2083 ex

473 2132 491 2162 α
527 2121 684 2183 parte
719 2114 904 2170 credo.
949 2113 1087 2170 Nam
1131 2124 1346 2186 oportet
1369 2125 1426 2172 et
1468 2118 1706 2174 haereses
1737 2133 1881 2186 esse,
1921 2127 1982 2174 ut
2005 2128 2062 2176 et

471 2223 491 2256 ι
523 2205 620 2276 qui
643 2206 857 2276 probati
893 2217 1044 2274 sunt,
1071 2207 1350 2265 manifesti
1375 2209 1510 2266 ﬁant
1545 2209 1600 2264 in
1633 2210 1809 2267 vobis;
1842 2210 2058 2268 Conve-

471 2314 494 2348 ς
532 2297 812 2355 aientibus
835 2313 968 2370 ergo
991 2299 1146 2356 vobis
1176 2299 1231 2355 in
1260 2317 1456 2368 unum,
1479 2304 1594 2372 jam
1619 2318 1732 2358 non
1761 2311 1848 2360 est
1877 2303 2062 2360 Domi-

474 2406 494 2438 ι
530 2386 713 2444 nicam
733 2405 947 2446 coenam
971 2391 1323 2447 manducare.
1341 2391 1731 2465 Unusquisque
1741 2395 1886 2450 enim
1903 2411 2060 2452 suam

477 2499 497 2532 σ
533 2496 749 2536 ctenam
775 2483 1061 2552 praesumit
1089 2483 1158 2539 ad
1187 2485 1653 2540 manducandum.
1679 2484 1746 2542 Et
1766 2487 1908 2543 alius
1932 2487 2058 2558 qui-

475 2589 494 2622 l
530 2571 656 2627 dem
685 2572 882 2640 esurit,
907 2574 1051 2630 alius
1077 2584 1262 2631 autem
1289 2575 1478 2632 ebrius
1519 2585 1622 2632 est.
1665 2574 1922 2648 Nunquid
1955 2579 2058 2634 do-

474 2681 494 2714 ε
530 2677 654 2720 mos
678 2679 788 2719 non
827 2657 1060 2732 habetis,
1085 2666 1154 2722 ad
1175 2666 1620 2724 manducandum
1647 2676 1703 2724 et
1730 2669 2061 2726 bibendum?

474 2770 494 2804 ι
528 2751 639 2808 Aut
669 2751 971 2811 Ecclesiam
1001 2753 1098 2811 Dei
1121 2757 1494 2824 contemnitis,
1522 2766 1578 2812 et
1601 2756 1934 2815 confunditis
1963 2775 2059 2816 eos

473 2861 494 2894 ε
529 2843 627 2913 qui
657 2859 766 2900 non
797 2844 1032 2900 habent?
1049 2845 1192 2913 Quid
1213 2835 1391 2903 dicam
1415 2847 1608 2902 vobis?
1637 2847 1826 2904 Laudo
1852 2851 1980 2905 vos?
2001 2848 2056 2903 in

473 2954 492 2987 α
529 2937 637 2992 hoc
669 2953 780 2992 non
808 2938 994 2994 laudo.
1033 2937 1149 3011 Ego
1173 2939 1320 2995 enim
1345 2939 1530 3010 accepi
1567 2955 1599 2994 a
1627 2939 1882 3007 Domino,
1907 2941 2056 3011 quod

471 3045 500 3078 ο·
528 3037 585 3083 ει
615 3028 812 3084 tradidi
851 3029 1026 3097 vobis,
1062 3030 1326 3101 quoniam
1369 3030 1636 3087 Dominus
1673 3041 1858 3088 noster
1895 3030 2057 3088 Jesus

2163 569 2364 613 eorum
2381 567 2436 616 et
2456 560 2782 618 auctoritate
2807 571 3148 629 sanctorum,
3177 573 3234 618 et
3266 565 3394 638 quia
3426 579 3608 630 natura
3637 593 3715 634 re-

2164 657 2388 721 pugnat.
2431 649 2636 706 Littera
2661 651 2744 708 sic
2762 651 3057 724 jungitur:
3091 652 3166 709 De
3201 653 3308 710 hoc
3338 659 3478 727 quod
3516 664 3595 718 vel
3627 668 3716 722 sub

2162 742 2515 800 veneratione
2556 743 2711 811 idoli,
2746 745 2832 799 vel
2876 745 2982 800 sub
3015 743 3344 802 offendicula
3365 747 3543 808 fratris
3565 755 3718 812 idolo-

2165 831 2315 904 thyta
2369 833 2686 902 comeditis,
2740 848 2840 890 vos
2886 835 3246 905 reprehendo.
3294 835 3368 893 De
3412 839 3512 896 hoc
3554 853 3716 902 autem

2164 922 2330 978 laudo
2367 939 2487 992 vos,
2521 939 2556 980 o
2593 923 2811 994 fratres,
2839 926 2984 996 quod
3026 927 3166 982 estis
3205 940 3469 985 memores
3507 934 3606 988 mei
3635 951 3718 1006 per

2163 1013 2351 1070 omnia
2397 1030 2522 1086 qua:
2571 1015 2834 1086 imperavi
2879 1017 3057 1072 vobis.
3103 1015 3371 1074 Memores
3406 1019 3549 1088 ideo;
3585 1027 3716 1094 quia,

2163 1105 2307 1162 sicut
2337 1105 2536 1162 tradidi
2579 1106 2738 1162 vobis
2770 1114 3040 1178 praecepta
3084 1123 3228 1174 mea,
3256 1109 3336 1164 sic
3374 1113 3562 1168 tenetis
3599 1117 3718 1174 nihil

2163 1198 2495 1269 inexpletum
2525 1199 3020 1270 praetermittentes.
3052 1198 3120 1254 Et
3155 1199 3261 1256 hoc
3303 1209 3473 1257 totum
3504 1203 3715 1277 ironice;

2161 1290 2293 1360 quia
2333 1291 2652 1348 mandatum
2687 1291 2809 1362 ejus
2839 1290 2932 1347 vix
2970 1291 3027 1346 in
3074 1291 3260 1362 aliquo
3301 1300 3594 1351 tenuerant.
3625 1296 3717 1354 Sed

2162 1381 2288 1438 licet
2316 1382 2390 1436 ita
2415 1383 2630 1438 laudem
2655 1397 2776 1450 vos,
2799 1382 2856 1438 in
2881 1397 2948 1438 eo
2977 1391 3158 1438 tamen
3184 1383 3454 1455 vitupero,
3477 1387 3616 1455 quod
3647 1391 3719 1444 vir

2159 1474 2338 1529 velato
2366 1474 2564 1545 capite,
2595 1474 2795 1530 mulier
2816 1475 3044 1541 nudato,
3079 1475 3335 1548 deturpat
3359 1491 3436 1532 se.
3467 1477 3567 1534 Sed
3597 1495 3719 1550 prae-

2161 1566 2329 1624 mittit
2359 1567 2622 1634 rationes,
2651 1567 2852 1638 quibus
2894 1567 2978 1623 sic
3013 1583 3126 1624 non
3148 1567 3347 1624 debere
3387 1568 3504 1624 ﬁeri
3541 1585 3717 1640 appro-

2161 1658 2272 1726 bet,
2305 1657 2530 1714 dicens:
2557 1656 2638 1714 Ne
2679 1668 2789 1714 tam
2827 1673 3087 1729 perverso
3131 1673 3286 1714 more
3311 1658 3600 1730 deturpetis
3635 1677 3717 1717 ca-

2160 1751 2274 1820 pita
2299 1758 2498 1817 vestra,
2524 1751 2650 1806 volo
2674 1765 2774 1806 vos
2799 1751 2943 1806 scire
2966 1751 3113 1821 quod
3145 1749 3403 1807 Christus
3453 1761 3610 1823 caput
3637 1763 3712 1809 est

2165 1843 2322 1914 127
2367 1843 2548 1900 omnis
2590 1843 2695 1898 viri
2720 1843 2904 1900 divitis
2931 1843 3017 1899 vel
3045 1843 3332 1915 pauperis;
3366 1859 3397 1898 a
3427 1842 3536 1900 Deo
3583 1845 3714 1901 enim

2161 1933 2492 2005 principium
2523 1935 2687 1991 habet
2714 1949 2823 1990 non
2847 1935 2916 1990 ab
2943 1935 3074 1990 alio.
3104 1933 3172 1990 Et
3195 1933 3640 2005 quemadmodum
3672 1935 3719 1990 in

2160 2024 2338 2095 capite
2357 2040 2552 2080 omnes
2580 2041 2783 2082 sensus
2805 2025 3096 2094 habemus,
3122 2034 3180 2081 et
3198 2026 3412 2082 nullum
3436 2025 3490 2080 in
3511 2041 3720 2096 corpore

2159 2124 2357 2187 praeter
2386 2125 2625 2185 tactum,
2657 2133 2821 2188 quem
2857 2118 3123 2173 habemus
3175 2117 3376 2173 iterum
3427 2117 3481 2172 in
3529 2119 3718 2188 capite;

2159 2205 2242 2262 sic
2296 2221 2491 2262 omnes
2538 2221 2740 2262 sensus
2768 2207 2945 2262 nostri
2989 2207 3334 2276 consentire,
3375 2214 3430 2263 et
3463 2209 3721 2278 cooperari

2159 2294 2358 2352 debent
2383 2295 2548 2368 capiti
2575 2311 2678 2352 suo
2702 2295 2960 2366 Christo;
2987 2295 3248 2354 Christus
3271 2305 3359 2353 est
3399 2305 3559 2368 caput
3585 2298 3678 2352 viri
3707 2317 3718 2352 :

2158 2387 2245 2441 vir
2271 2395 2455 2450 autem
2486 2395 2650 2458 caput
2677 2397 2764 2443 est
2787 2389 3058 2455 mulieris,
3089 2388 3144 2442 id
3172 2399 3258 2444 est
3287 2388 3630 2459 principium.
3656 2387 3720 2444 De

2161 2486 2317 2535 costa
2359 2479 2508 2534 enim
2549 2479 2656 2534 viri
2690 2479 2954 2535 fabricata
2982 2489 3068 2536 est
3109 2480 3342 2547 mulier,
3389 2488 3446 2536 et
3467 2480 3543 2536 sic
3571 2489 3721 2535 mate-

2161 2572 2299 2628 riam
2329 2571 2585 2643 principii
2616 2572 2702 2628 sui
2725 2572 2894 2628 traxit
2921 2587 2952 2627 a
2978 2571 3099 2628 viro
3133 2590 3145 2626 :
3185 2571 3282 2643 qui
3311 2571 3394 2627 vir
3419 2587 3451 2626 a
3479 2571 3586 2627 Deo
3615 2579 3721 2626 tan-

2162 2673 2277 2720 tum
2307 2664 2498 2719 habuit
2544 2663 2896 2735 principium.
2961 2664 3217 2720 Christus
3274 2672 3360 2720 est
3397 2671 3560 2734 caput
3605 2663 3720 2728 viri;

2161 2753 2306 2810 Deus
2358 2770 2494 2811 vero
2543 2764 2630 2811 est
2671 2765 2862 2826 caput,
2922 2755 2978 2810 id
3015 2767 3098 2811 est
3140 2755 3472 2826 principium
3518 2753 3720 2819 Christi,

2157 2846 2458 2902 secundum
2499 2847 2778 2902 hominem
2811 2855 2978 2919 caput
3010 2847 3508 2918 specialitcryquia
3531 2847 3714 2902 immu~

2158 2952 2283 2992 nem
2309 2952 2341 2992 a
2371 2946 2596 3008 peccato
2636 2953 2733 3008 per
2771 2937 2982 2992 unitam
3037 2937 3143 3008 ipsi
3188 2937 3532 2992 divinitatem
3579 2936 3724 2991 Chri-

2157 3040 2305 3085 stum
2356 3029 2504 3085 Dcus
2546 3029 2856 3086 constituit.
2921 3029 3236 3086 Secundum
3290 3030 3553 3086 Deitatcm
3601 3028 3724 3083 Deus

472 3137 491 3170 ι
528 3119 780 3178 Christus
807 3121 864 3176 in
892 3137 1002 3192 qua
1027 3129 1190 3178 nocte
1230 3123 1564 3190 tradebatur,
1596 3124 1808 3194 accepit
1832 3137 2051 3194 panem,
2080 3161 2123 3218 Ο
2153 3129 2239 3218 est
2279 3129 2444 3192 caput
2477 3119 2720 3190 Christi;
2767 3121 2900 3192 quia
2940 3121 3114 3178 Filius
3147 3121 3480 3192 principium
3513 3120 3662 3176 habet
3695 3137 3721 3173 τι

472 3229 492 3263 ι
528 3218 584 3266 ει
601 3211 808 3284 gratias
833 3228 1002 3284 agens
1030 3213 1211 3286 fregit,
1242 3226 1298 3270 et
1321 3214 1499 3270 dixit:
1528 3213 1774 3286 Accipite
1799 3223 1854 3271 et
1889 3231 2050 3270 maz-
2087 3210 2122 3218 ⁷
2155 3210 2346 3280 Patre,
2393 3211 2556 3268 Pater
2611 3229 2723 3269 non
2777 3213 2848 3269 ab
2897 3213 3030 3268 alio.
3085 3212 3156 3267 Et
3199 3213 3332 3284 quia
3363 3214 3447 3269 vir
3469 3212 3722 3268 Christum

473 3321 492 3354 ι
532 3303 728 3360 ducate
754 3323 768 3358 :
801 3303 918 3360 Hoc
940 3314 1028 3361 est
1057 3321 1260 3378 corpus
1289 3322 1498 3375 meum,
1535 3307 1684 3378 quod
1707 3321 1808 3378 pro
1849 3304 2051 3380 [omni-

473 3413 492 3446 ι
529 3393 658 3468 bus]
683 3395 842 3452 vobis
873 3397 1144 3466 tradetur;
1181 3398 1288 3454 hoc
1315 3397 1480 3455 facite
1513 3400 1570 3455 in
1598 3415 1778 3456 meam
1807 3415 2050 3456 comme-

473 3507 492 3540 ι
528 3487 912 3544 morationem.
957 3487 1220 3546 Similiter
1255 3500 1311 3547 ct
1337 3492 1584 3560 calicem,
1618 3500 1914 3564 postquam
1939 3507 2048 3548 cte-

473 3597 494 3632 σ
532 3579 704 3647 navit,
729 3580 958 3636 dicens:
991 3579 1091 3638 Hic
1131 3582 1275 3640 calix
1308 3599 1510 3640 novum
1547 3593 1938 3640 testamentum
1967 3591 2053 3640 est

471 3687 492 3722 ι
526 3669 584 3725 in
599 3685 730 3726 meo
739 3671 1005 3744 sanguine
1021 3692 1036 3742 ;
1052 3674 1158 3731 hoc
1175 3674 1356 3744 facite,
1369 3676 1804 3748 quotiescunque
1815 3677 2048 3744 sumitis,

423 3763 434 3780 "
473 3779 491 3811 ι
529 3759 585 3814 in
605 3776 784 3816 meam
813 3766 1411 3823 commemorationem.
1435 3763 1882 3840 Quotiescunque
1902 3769 2051 3825 enim

471 3869 491 3902 ο
527 3852 951 3914 ωεηᾶυεεώἰιίε,
981 3871 1180 3927 panem
1225 3852 1394 3925 hunc,
1435 3867 1498 3937 ,ει
1552 3860 1776 3916 calicem
1824 3860 2050 3929 bibetis,

471 3961 490 3994 ι
527 3951 764 4000 mortem
788 3943 1008 4002 Domini
1027 3950 1449 4018 annuntiabitis,
1473 3949 1650 4006 donec
1670 3951 1873 4006 veniat.
1899 3970 1918 4002 ι
1947 3950 2054 4006 Ita-

471 4051 492 4084 ι
529 4049 636 4103 que
665 4035 982 4109 quicunque
1007 4041 1423 4096 manducavcrit
1465 4057 1688 4112 panem,
1729 4044 1816 4098 vel
1858 4044 2055 4099 biberit

471 4143 492 4175 ι
525 4125 752 4181 calicem
780 4125 998 4183 Domini
1023 4129 1267 4202 indigne,
1289 4147 1419 4188 reus
1457 4132 1562 4187 crit
1581 4133 1828 4204 corporis
1851 4143 1906 4189 et
1932 4149 2078 4189 sana.

475 4235 491 4266 ς
525 4217 708 4288 guinis
750 4216 968 4276 Domini
1001 4219 1182 4292 (Joan.
1216 4239 1292 4291 vi,
1317 4223 1430 4294 59).
1455 4213 1477 4275 β
1507 4223 1710 4280 Probet
1739 4213 1922 4282 autem
1962 4241 2052 4282 se—

471 4325 490 4356 a
530 4307 714 4400 ipsum
733 4310 920 4380 homo,
943 4319 999 4368 et
1023 4313 1106 4369 sic
1134 4313 1204 4369 de
1231 4330 1372 4400 pane
1409 4314 1504 4372 illo
1537 4317 1682 4385 edat,
1712 4318 1858 4374 etde
1885 4319 2054 4378 calice

471 4419 492 4450 σ
527 4399 696 4456 bibat.
723 4400 832 4469 Qui
867 4405 1016 4460 enim
1043 4405 1340 4462 manducat
1379 4417 1434 4464 et
1459 4407 1596 4466 bibit
1621 4409 1860 4482 indigne,
1900 4412 2050 4483 judi-

2152 3305 2500 3362 solummodo
2526 3314 2692 3376 caput
2721 3307 2906 3374 habet,
2924 3306 3048 3362 ideo
3073 3307 3244 3360 omnis
3273 3307 3359 3360 vir
3383 3322 3540 3360 orans
3573 3306 3626 3360 in
3653 3322 3721 3358 ec-

2151 3396 2316 3451 clesia
2339 3395 2680 3452 Dominicam
2707 3396 3134 3463 orationem,vel
3151 3396 3430 3466 quaslibet
3447 3395 3720 3461 orationes,

2154 3496 2252 3542 aut
2310 3487 2677 3559 prophetans;
2727 3487 3054 3558 prophetare
3097 3487 3269 3556 dicit,
3303 3489 3392 3544 vel
3441 3485 3720 3559 symbolum

2137 3579 2371 3646 dicere,
2431 3578 2487 3632 in
2520 3591 2634 3648 quo
2663 3581 2848 3634 carnis
2888 3578 3223 3634 resurrectio
3266 3587 3324 3634 et
3371 3577 3481 3633 vita
3525 3585 3720 3642 reterns,

2151 3685 2274 3741 quae
2301 3669 2486 3725 futura
2531 3678 2662 3726 sunt
2689 3669 3090 3740 pradicuntur;
3122 3668 3202 3724 uel
3224 3669 3562 3740 prophetam,
3587 3667 3722 3723 idest

2133 3762 2338 3833 .legens
2372 3761 2429 3816 in
2463 3761 2696 3817 ecclesia
2731 3770 2786 3816 et
2837 3761 3088 3817 revolans
3137 3777 3262 3832 quae
3303 3761 3572 3832 praeterita
3615 3767 3723 3816 sunt

2155 3855 2239 3909 vel
2269 3853 2456 3908 futura
2487 3853 2838 3909 solummodo
2881 3853 2951 3908 de
2986 3853 3243 3921 Christo;
3266 3853 3356 3908 vir
3396 3854 3471 3908 ita
3515 3851 3718 3915 faciens,

2153 3947 2403 4016 deturpat
2447 3951 2608 4016 eaput
2647 3960 2823 4000 suum.

2221 4037 2518 4094 Possemus
2543 4036 2634 4092 hic
2667 4037 2850 4093 dicere
2898 4043 3063 4106 caput
3100 4035 3205 4092 viri
3239 4035 3523 4092 Christum
3557 4047 3721 4105 quem,

2153 4130 2285 4186 dum
2309 4129 2597 4185 inhoneste
2624 4128 2772 4200 agit,
2801 4135 3071 4200 quantum
3093 4127 3162 4183 ad
3186 4143 3247 4183 se
3275 4129 3564 4198 detu'rpare
3586 4125 3721 4182 vide-

2155 4231 2264 4290 tur,
2291 4221 2452 4292 cujus
2467 4221 2626 4292 jussa
2651 4219 2894 4291 spernit;
2923 4219 3019 4276 sed
3045 4217 3176 4290 quia
3201 4235 3442 4290 sequens
3464 4219 3632 4274 littera
3656 4215 3725 4271 sic

2155 4331 2267 4369 non
2295 4314 2523 4384 patitur,
2551 4312 2788 4368 dicimus
2813 4329 2826 4365 :
2855 4309 2901 4364 .V
2907 4311 2954 4366 ir
2976 4312 3152 4366 velato
3174 4311 3354 4382 capite
3377 4327 3541 4368 orans
3560 4310 3725 4365 detur-

2154 4415 2249 4478 pat
2289 4405 2572 4476 proprium
2603 4412 2798 4474 caput,
2833 4404 2966 4458 dum
3011 4403 3320 4458 libertatem
3360 4418 3524 4474 quam
3575 4399 3725 4456 habet

471 4510 489 4542 ι
525 4493 676 4548 cium
703 4494 807 4550 sibi
842 4497 1138 4552 manducet
1176 4506 1233 4554 et
1262 4499 1418 4568 bibit,
1449 4515 1556 4556 non
1588 4501 1898 4573 dijudicans
1924 4520 2052 4560 cor-
2083 4499 2132 4558 D
2159 4497 2312 4568 (quia
2348 4497 2456 4552 sub
2505 4495 2658 4550 nullo
2694 4505 2892 4566 praeter
2939 4493 3224 4552 Christum
3267 4495 3374 4566 est)
3429 4493 3560 4566 tegit
3595 4491 3726 4546 vela,

470 4604 490 4637 I
526 4603 630 4656 pus
655 4587 894 4644 Domini.
920 4589 1045 4646 Ideo
1075 4591 1220 4648 inter
1247 4609 1346 4650 vos
1369 4595 1525 4650 multi
1566 4594 1769 4652 inlirmi
1790 4605 1846 4653 et
1879 4597 2053 4652 imbe-

470 4696 489 4727 ι
531 4677 705 4746 cilles,
743 4686 800 4734 et
841 4679 1122 4738 dormiunt
1163 4683 1343 4738 multi.
1379 4683 1519 4752 Quia
1577 4686 1625 4742 si
1685 4685 2052 4757 nosmetipsos

470 4788 490 4822 ι
524 4771 974 4842 diiudicaremus,
1003 4791 1112 4832 non
1148 4766 1339 4850 utique
1355 4777 1752 4850 iudicaremur.
1783 4780 1923 4836 Dum
1954 4779 2048 4850 ju-

470 4879 490 4912 ι
526 4861 779 4918 dicamur
794 4873 999 4933 autem,
1023 4881 1056 4922 a
1077 4865 1312 4925 Domino
1334 4871 1684 4942 corripimur,
1706 4881 1898 4928 utnon
1922 4887 2048 4928 cum

469 4971 490 5002 α
531 4952 636 5008 hoe
657 4957 866 5012 mundo
891 4958 1235 5016 damnemur.
1273 4960 1486 5034 Itaque,
1519 4962 1716 5020 fratres
1755 4965 1883 5031 mei,
1923 4980 2050 5020 cum

469 5059 489 5091 ι
523 5044 832 5100 convenitis
858 5046 925 5102 ad
955 5049 1417 5118 manducandum,
1457 5051 1695 5108 invicem
1721 5059 2048 5123 exspectate.

470 5150 488 5182 ι
528 5130 588 5187 Si
609 5135 735 5204 quis
755 5138 950 5205 esurit,
971 5139 1120 5195 domi
1147 5143 1458 5211 manducet,
1483 5151 1546 5199 ut
1571 5159 1683 5199 non
1713 5145 1766 5198 in
1784 5144 2052 5215 judicium

470 5243 487 5273 ι
527 5225 884 5284 conveniatis.
907 5229 1115 5286 Caetera
1134 5239 1317 5288 autem
1341 5247 1465 5288 cum
1487 5249 1690 5289 venere
1708 5233 2016 5306 disponam.
2031 5255 2050 5288 ι

1111 5339 1421 5386 εκνεειτιο,

535 5405 832 5480 Postquam
869 5411 936 5467 de
963 5413 1260 5468 immolatis
1304 5411 1449 5467 idolo
1483 5413 1832 5483 reprehendit
1864 5430 1960 5472 eos
1985 5432 2055 5472 ne

463 5499 550 5556 vel
572 5501 678 5556 sub
701 5501 1030 5558 oll‘endieulo
1055 5501 1262 5567 fratris,
1303 5503 1390 5557 vel
1414 5502 1519 5558 sub
1546 5504 1898 5560 veneratione
1923 5505 2053 5562 idoli

465 5593 860 5664 participarent
892 5594 1024 5660 illis,
1048 5593 1250 5649 transit
1291 5593 1358 5648 ad
1390 5593 1559 5662 aliud,
1581 5595 1733 5666 quod
1756 5597 1924 5654 nimis
1955 5598 2058 5654 im-

465 5683 662 5753 pudice
699 5694 1122 5751 consueverant,
1174 5683 1382 5738 scilicet
1423 5695 1483 5740 ut
1516 5686 1619 5742 viri
1665 5689 1843 5743 velato
1881 5689 2056 5760 capite

466 5787 690 5834 orarent
717 5778 772 5833 in
812 5777 1084 5847 Ecclesia;
1118 5775 1380 5834 mulieres
1401 5793 1530 5836 vero
1563 5781 1835 5837 denudato
1867 5801 1880 5838 :
1911 5783 2058 5854 quod

2157 4593 2344 4642 mento
2371 4604 2386 4640 :
2415 4585 2564 4656 quod
2595 4585 2814 4657 signum
2841 4593 2926 4640 est
2947 4585 3336 4641 erubescentiae
3363 4581 3725 4654 subiectionis.

2158 4677 2257 4734 Vir
2295 4679 2475 4733 velato
2502 4677 2680 4748 capite
2731 4693 2898 4734 orans
2931 4677 3188 4749 deturpat
3225 4678 3508 4750 proprium
3545 4681 3724 4746 caput;

2156 4773 2250 4828 sed
2276 4773 2446 4828 omnis
2477 4771 2672 4826 mulier
2699 4788 2858 4826 orans
2883 4781 2981 4827 aut
3019 4773 3340 4845 prophetam
3386 4772 3553 4844 (sicut
3579 4781 3726 4839 supra

2155 4863 2468 4934 expositum
2522 4862 2638 4934 est)
2689 4877 2794 4918 non
2844 4864 3016 4918 vetata
3062 4867 3236 4937 capite
3258 4908 3274 4934 ,
3333 4865 3581 4936 ἀρίαν-ραι
3617 4875 3728 4930 pro.

2153 4953 2538 5025 prium'capat,
2561 4953 2708 5024 quod
2731 4968 2948 5024 semper
2973 4955 3158 5012 velare
3177 4953 3421 5022 deberet,
3447 4955 3503 5010 in
3526 4952 3726 5024 signum

2155 5045 2278 5116 ejus
2305 5045 2724 5112 erubescentiae,
2752 5045 2900 5116 quod
2929 5045 3102 5101 totius
3127 5044 3451 5115 perditionis
3477 5055 3639 5099 causa
3664 5037 3729 5094 sit

2157 5137 2378 5203 mulier,
2405 5146 2460 5192 et
2495 5136 2735 5191 maxime
2759 5151 2887 5192 cum
2919 5135 2974 5189 in
3014 5135 3274 5192 Ec'clesia'
3303 5149 3408 5190 suo
3447 5137 3727 5204 praseuta-

2157 5227 2250 5283 tur
2273 5227 2470 5298 judici,
2517 5227 2606 5283 cui
2642 5242 2806 5282 omne
2838 5243 3012 5297 genus
3041 5227 3327 5282 hominum
3361 5223 3618 5280 infestum
3653 5219 3726 5274 fc-

2157 5321 2260 5389 eit,
2301 5321 2435 5376 dum
2459 5320 2679 5377 diabolo
2711 5319 3020 5386 consensit,
3073 5328 3130 5376 et
3179 5321 3248 5376 ad
3287 5315 3723 5376 consentiendum

2156 5413 2333 5470 eidem
2363 5412 2544 5470 virum
2595 5411 2832 5482 impulit.
2875 5409 3042 5478 Vere,
3087 5407 3374 5466 mulierem
3405 5425 3519 5465 non
3561 5405 3725 5461 velare

2157 5518 2322 5576 caput
2345 5548 2360 5573 ,
2409 5514 2494 5562 est
2540 5505 2834 5574 deturpare
2878 5497 3064 5574 caput.
3111 5501 3247 5558 Nam
3276 5517 3442 5556 unum
3491 5507 3545 5556 et
3595 5497 3724 5552 idem

2166 5606 2256 5664 ,st,
2287 5597 2434 5667 quod
2463 5611 2570 5650 non
2611 5595 2754 5650 velat
2781 5604 2950 5664 caput
2979 5611 3043 5647 ac
3072 5594 3122 5647 si
3148 5593 3453 5648 decalvetur
3476 5633 3490 5656 ,
3549 5589 3600 5643 id
3649 5591 3724 5638 est

2177 5691 2387 5761 :apillos
2453 5689 2511 5746 in
2574 5687 2752 5741 fronte
2788 5687 3164 5752 discriminet,
3220 5700 3343 5741 cum
3399 5690 3605 5738 certum
3659 5675 3724 5730 sit

2161 5781 2306 5854 quod
2373 5780 2508 5837 nolit
2571 5778 2804 5835 tonderi.
2873 5777 3194 5834 Dccalvctur
3249 5783 3460 5833 tantum
3521 5769 3720 5830 posuit.
