3904 6298
173 320 253 379 181
774 311 1142 372 EXPOSITIO
1180 264 1246 367 IN
1284 311 1669 369 EPISTOLAS
1705 310 1937 368 PAULI.
1970 316 2046 350 ’-
2084 308 2149 365 IN
2191 309 2411 367 EPIST.
2455 309 2476 364 l
2510 310 2601 366 AD
2638 311 2798 367 COR.
2884 367 2894 374 _

3307 314 3408 369 182

169 438 294 511 quod
336 435 517 505 utique
567 433 731 489 habet
773 428 874 502 pro
936 426 1371 496 inconvenienti,
1422 428 1551 498 quia
1582 427 1722 483 scie-
1750 431 1797 485 A
1893 424 2019 482 Haec
2042 427 2325 496 praemissa
2347 426 2603 498 leguntur
2637 428 2740 482 sub
2762 428 3016 499 allegoria
3038 434 3117 486 sic
3152 431 3286 486 :Vir
3310 432 3406 505 qui

164 534 244 589 bat
271 528 385 584 illas
412 526 564 581 nullo
593 524 758 581 modo
792 523 930 579 velle
957 522 1190 578 tonderi.
1224 519 1364 576 Vere
1400 535 1511 575 non
1541 520 1723 575 velare

167 627 309 693 caput
348 625 431 673 est
478 614 753 672 decalvari
806 632 820 669 :
876 628 1005 669 nam
1047 614 1094 667 si
1127 628 1230 666 non
1258 610 1467 666 uelatur
1507 609 1721 683 mulier,

167 711 420 768 tondeatur
441 723 460 761 :
483 707 635 778 quod
661 707 793 778 quia
821 706 975 761 nullo
1003 704 1169 761 modo
1219 702 1385 760 faciet
1405 745 1422 771 ,
1472 702 1724 773 sequitur

165 812 341 859 utnon
370 799 549 855 velato
584 799 764 869 capite
795 797 1131 853 decalvetur.
1172 794 1254 850 Ex
1280 811 1392 851 non
1421 794 1601 850 velato
1629 809 1723 849 ca-

158 897 273 968 pite,
306 891 554 962 sequitur
583 889 899 947 necessario
923 889 1009 945 vel
1028 888 1323 954 decalvari,
1353 887 1442 943 vel
1465 887 1677 943 tonderi
1703 905 1717 953 ;

156 986 233 1043 sed
252 986 295 1040 si
315 994 459 1053 turpe
486 991 567 1038 est
591 981 827 1050 mulieri,
852 981 1000 1052 quod
1046 980 1236 1051 utique
1268 979 1557 1036 deduceret
1593 986 1719 1033 ton—

154 1077 272 1143 deri,
296 1074 378 1131 vel
400 1073 705 1141 decaloari,
735 1073 866 1128 velet
895 1081 1056 1143 caput
1086 1087 1273 1140 suum,
1309 1071 1455 1142 quod
1482 1069 1716 1126 deceret.

156 1167 323 1222 Mulier
340 1164 481 1219 velet
508 1173 697 1236 caput,
729 1162 825 1220 sed
854 1165 939 1218 vir
972 1179 1077 1217 non
1125 1162 1274 1218 debet
1319 1161 1493 1217 velare
1537 1144 1717 1233 caput,

154 1257 375 1329 quoniam
401 1253 490 1309 vir
508 1265 593 1310 est
623 1255 801 1327 imago
830 1254 965 1321 Dei,
1005 1270 1039 1310 a
1064 1270 1176 1327 quo
1207 1253 1444 1309 formam
1474 1262 1529 1309 et
1567 1255 1720 1324 prin-

155 1346 329 1416 cipium
373 1344 561 1411 habet,
609 1354 663 1401 et
706 1353 785 1399 est
820 1346 903 1399 vir
931 1344 1105 1416 gloria
1158 1344 1271 1423 Dei.
1316 1344 1375 1399 Si
1403 1345 1550 1401 enim
1583 1345 1719 1400 bene

152 1437 315 1509 egerit,
340 1435 615 1507 gloriatur
643 1435 791 1492 Deus
817 1436 873 1491 in
898 1451 984 1491 eo.
1017 1434 1113 1508 Vir
1141 1446 1218 1491 est
1244 1437 1422 1507 imago
1448 1446 1499 1491 et
1542 1436 1717 1508 gloria

156 1529 253 1583 Dei.
280 1527 378 1584 Sed
401 1528 600 1583 mulier
624 1538 702 1583 est
733 1528 908 1600 gloria
931 1529 1063 1594 viri;
1094 1528 1225 1599 quia
1247 1527 1407 1584 debet
1429 1544 1461 1583 a
1484 1528 1603 1583 viro
1625 1546 1718 1600 gu—

156 1619 374 1684 bernari;
403 1626 458 1673 et
489 1618 539 1673 si
570 1618 709 1673 bene
738 1618 1251 1689 gubernata-fuerit,
1286 1619 1514 1690 gloriam
1553 1620 1718 1676 habet

156 1725 293 1780 super
328 1707 411 1762 his
446 1722 576 1778 quae
612 1707 814 1763 mulier
841 1708 981 1763 bene
1020 1708 1207 1778 gessit.
1252 1707 1392 1763 Vere
1420 1709 1502 1762 vir
1543 1709 1714 1765 solius

1826 520 1882 574 in
1927 520 2103 590 prima
2145 519 2421 575 creatione
2451 518 2630 575 factus
2660 519 2761 575 fuit
2790 535 2821 574 a
2860 519 3001 587 Deo,
3032 522 3085 576 in
3113 524 3281 579 multa
3318 542 3405 581 ra-

1826 610 2149 667 tiunalitatis
2181 610 2501 667 fortitudine
2526 611 2795 683 significat
2818 612 3243 683 rationem,qure
3265 630 3404 669 scm-

1824 719 1921 773 per
1947 718 2134 776 regere
2153 700 2313 759 debet
2341 703 2783 769 sensualitatem;
2824 701 3020 757 mulier
3051 711 3233 758 autem
3286 721 3408 775 qua:

1824 812 1934 852 non
1959 797 2096 853 adeo
2128 793 2285 853 fortis
2323 794 2456 863 fuit',
2484 796 2626 851 sicut
2661 794 2772 861 vir,
2812 788 3087 865 signiﬁcat
3139 795 3408 849 scnsuali-

1824 894 1991 941 tatem
2016 901 2160 957 quaa,
2196 885 2333 940 bene
2376 886 2699 957 gubernata,
2730 883 2951 939 obedire
2986 883 3146 938 debet
3185 885 3405 938 rationi.

1822 977 1981 1046 Quod
2018 972 2208 1048 utique
2250 970 2501 1033 diabolus
2538 976 2810 1033 subtiliter
2850 975 3073 1031 intuens
3115 975 3293 1029 virum
3350 991 3409 1029 se

1821 1086 1932 1126 non
1962 1084 2123 1141 posse
2167 1077 2475 1139 pervertere
2498 1111 2513 1136 ,
2547 1085 2671 1125 cum
2712 1068 2886 1140 magis
2925 1068 3138 1123 ratione
3180 1068 3408 1139 vigeret,

1821 1179 1988 1235 quam
2019 1162 2374 1217 scnsualitate
2394 1162 2764 1229 mollesceret;
2790 1176 3082 1233 aggressus
3104 1168 3191 1217 est
3215 1161 3408 1215 mulie-

1820 1271 1935 1312 rem
1956 1297 1971 1322 ,
1997 1269 2165 1326 quam
2201 1253 2375 1308 sensit
2403 1253 2578 1324 magis
2606 1253 2962 1309 sensualitate
3005 1253 3200 1324 premi,
3225 1263 3405 1323 ‘qumn

1822 1347 2033 1403 ratione
2076 1345 2232 1416 erigi.
2265 1343 2332 1400 Et
2356 1332 2657 1400 secundum
2695 1344 2829 1410 hoc,
2871 1343 2951 1398 sic
2985 1343 3225 1399 dicimus
3266 1362 3277 1397 :
3312 1341 3406 1395 Vir

1821 1452 1931 1492 non
1967 1430 2129 1491 debet
2165 1434 2348 1490 velare
2371 1440 2556 1504 caput,
2574 1433 2832 1502 quoniam
2860 1434 2940 1487 vir
2974 1442 3051 1488 est
3081 1435 3255 1503 imago
3285 1433 3405 1500 Dei,

1818 1528 1885 1584 id
1902 1536 1987 1584 est
2012 1544 2110 1599 per
2130 1528 2241 1582 vim
2266 1526 2500 1581 rationis
2529 1524 2861 1595 imaginatur
2887 1522 3057 1579 Deum
3074 1567 3089 1591 ,
3118 1534 3170 1580 et
3196 1540 3291 1596 per
3318 1541 3407 1578 ra-

1818 1620 2026 1674 tionem
2056 1615 2269 1689 agendo
2287 1616 2457 1687 gloria
2488 1624 2573 1672 est
2589 1610 2707 1670 Dei.
2723 1612 3069 1670 Glorilicatur
3090 1614 3233 1669 cnim
3265 1613 3407 1669 Deus

1820 1711 1875 1765 in
1905 1711 2043 1765 bene
2070 1709 2357 1780 agentibus
2402 1707 2604 1774 servis;
2635 1706 2830 1763 mulier
2857 1708 3060 1771 autem,
3091 1705 3145 1760 id
3171 1716 3255 1760 est
3289 1704 3408 1774 ipsa

159 1800 237 1854 Dei
265 1798 428 1870 gloria
451 1807 568 1865 est,
607 1806 663 1854 et
701 1798 894 1853 mulier
921 1799 1097 1873 gloria
1144 1801 1263 1854 viri.
1314 1798 1458 1853 Nam
1488 1800 1569 1854 vir
1610 1816 1715 1854 non
1749 1772 1792 1831 Β
1820 1800 2181 1866 sensualitas,
2211 1800 2384 1870 gloria
2404 1808 2489 1855 est
2515 1799 2619 1855 viri
2648 1814 2745 1870 per
2768 1797 3035 1853 rationem
3071 1796 3241 1851 Deum
3272 1797 3408 1850 ima-

157 1900 215 1947 est
237 1906 293 1944 ex
321 1888 575 1957 muliere,
601 1890 657 1946 id
689 1900 775 1946 est
817 1890 873 1946 in
903 1892 1079 1962 prima
1132 1893 1443 1948 conditione
1487 1892 1572 1947 vir
1606 1909 1714 1947 non

158 1980 312 2037 habuit
359 1979 641 2051 originem
708 1998 774 2037 ex
831 1983 1086 2051 muliere,
1128 1999 1253 2054 qua:
1296 1984 1527 2039 necdum
1566 1994 1713 2051 erat;

163 2075 227 2131 ted
250 2073 431 2128 mulier
456 2074 794 2146 principium
828 2075 1017 2131 habuit
1043 2093 1106 2130 ex
1129 2078 1239 2131 viro
1258 2117 1272 2141 ,
1303 2076 1429 2146 quia
1467 2077 1534 2132 de
1564 2085 1714 2132 costa

168 2167 256 2221 Adae
292 2164 559 2221 aediﬁcata
605 2175 693 2222 est
741 2165 872 2221 Eva.
920 2166 1122 2222 lterum
1154 2184 1281 2223 vere
1311 2169 1393 2222 eir
1422 2177 1508 2223 est
1538 2168 1715 2239 gloria

162 2265 328 2313 tantum
386 2254 516 2325 Dei,
571 2266 627 2312 et
675 2257 868 2312 mulier
911 2259 1033 2315 viri.
1084 2257 1295 2313 Etenim
1348 2261 1427 2314 vir
1478 2276 1581 2313 non
1638 2269 1714 2314 est

158 2358 327 2403 creatus
364 2357 587 2421 propter
628 2349 934 2417 mulierem,
960 2359 1023 2406 ut
1064 2350 1294 2406 serviret
1314 2351 1397 2417 ei,
1427 2350 1556 2422 quia
1606 2349 1715 2405 Deo

158 2439 266 2506 soli;
313 2441 401 2495 sed
447 2439 650 2495 mulier
678 2449 859 2494 creata
893 2450 969 2495 est
1004 2450 1218 2511 propter
1240 2442 1445 2507 virum,
1479 2450 1538 2495 ut
1565 2439 1715 2495 omni

157 2532 383 2588 servitute
424 2541 682 2588 maneret
716 2532 771 2586 in
798 2531 1074 2601 adiutorio
1102 2532 1228 2587 viri.
1261 2532 1326 2586 Et
1363 2533 1492 2603 quia
1521 2532 1717 2586 mulier

158 2620 212 2675 ad
245 2620 464 2692 gloriam
501 2621 608 2676 viri
636 2620 781 2677 facta
822 2629 927 2686 est,
958 2630 1094 2677 etut
1133 2637 1349 2692 semper
1373 2622 1492 2676 viro
1520 2622 1715 2677 subes-

157 2720 249 2777 set,
283 2713 393 2766 ideo
430 2711 629 2767 mulier
660 2712 809 2767 debet
851 2729 1054 2782 semper
1082 2712 1271 2769 habere
1295 2723 1629 2783 potestatem,
1664 2712 1716 2766 id

157 2810 223 2855 est
245 2801 451 2873 signum
480 2801 631 2873 quod
656 2802 729 2857 sit
758 2802 951 2857 aliena:
975 2802 1280 2873 potestatis,
1325 2818 1488 2873 supra
1517 2811 1713 2872 caput,

156 2890 275 2959 quod
288 2890 464 2945 velare
489 2892 652 2947 debet
674 2892 729 2946 in
756 2893 974 2963 signum
1006 2892 1398 2963 subiectionis;
1434 2902 1488 2949 et
1505 2904 1718 2964 propter

158 2984 360 3052 angelos,
385 2983 441 3039 id
469 2992 558 3039 est
581 2993 806 3055 propter
833 2984 1088 3040 doctores
1119 2983 1397 3053 Ecclesia},
1421 2987 1516 3056 qui
1537 2986 1714 3058 angeli

1817 1893 2062 1967 ginantis
2094 1892 2464 1948 :sensualitas
2494 1891 2640 1945 enim
2681 1891 2819 1946 bene
2859 1888 3139 1960 cperando
3174 1903 3410 1943 consen-

1820 1987 1962 2042 tiens
1998 1984 2236 2051 rationi,
2270 1983 2447 2054 gloria
2478 1982 2598 2052 ejus
2627 1991 2730 2037 est.
2790 1981 2858 2036 Et
2905 1981 3029 2037 licet
3077 1995 3175 2050 per
3211 1981 3406 2033 'virum

1823 2078 2113 2144 rationem,
2153 2091 2248 2147 per
2277 2076 2563 2131 mulierem
2601 2074 2934 2144 accipiamus
2966 2072 3404 2135 scnsualitatem,

1820 2150 1928 2226 non
1959 2181 2145 2225 tamen
2168 2183 2435 2239 negamus
2462 2167 2595 2237 quin
2625 2175 2921 2236 utrumque
2946 2165 3018 2221 sit
3060 2165 3114 2218 in
3149 2173 3404 2233 utroque,

1818 2254 1873 2317 ct
1919 2260 2060 2316 ratio
2106 2260 2161 2314 in
2211 2259 2441 2313 muliere
2482 2258 2566 2313 vir
2612 2257 2844 2323 dicitur;
2890 2266 2945 2311 ct
2981 2257 3311 2312 sensualitas
3351 2256 3405 2308 in

1818 2354 1938 2409 viro
1967 2352 2166 2408 mulier
2196 2352 2519 2422 appellatur.
2574 2349 2684 2405 Nec
2718 2350 2798 2405 sic
2830 2349 2899 2405 de
2948 2350 3159 2404 ratione
3191 2358 3245 2404 et
3285 2362 3409 2403 scn-

1820 2442 2075 2503 sualitate
2101 2445 2193 2500 hic
2228 2444 2474 2516 agimus,
2514 2442 2648 2513 quin
2688 2456 2905 2512 semper
2934 2439 3001 2496 ad
3034 2441 3183 2512 ipsas
3222 2456 3410 2511 perso-

1820 2551 1921 2591 nas
1951 2530 2436 2605 respiciamus.Vir
2461 2531 2622 2587 debet
2647 2546 2766 2586 esse
2798 2529 2970 2602 gloria
3002 2529 3119 2597 Dei,
3140 2538 3196 2585 et
3212 2529 3412 2584 mulier

1821 2627 1945 2705 viri.
1995 2624 2130 2681 Nam
2162 2625 2246 2679 vir
2278 2639 2384 2678 non
2426 2633 2512 2678 est
2538 2638 2603 2679 ex
2641 2623 2891 2687 muliere,
2920 2621 2971 2677 id
3011 2630 3095 2677 est
3125 2618 3409 2676 rationali—

1822 2730 1904 2776 tas
1932 2735 2037 2775 non
2069 2718 2229 2775 debet
2262 2716 2498 2789 pendere
2544 2732 2607 2770 ex
2640 2714 3020 2782 scnsualitate,
3076 2714 3171 2770 sed
3214 2714 3410 2768 mulier

1819 2828 1883 2869 ex
1923 2812 2064 2878 viro,
2098 2810 2152 2866 id
2197 2818 2280 2865 est
2323 2808 2653 2864 sensualitas
2698 2821 2763 2861 ex
2814 2806 3043 2861 ratione.
3097 2803 3192 2859 Vir
3221 2804 3410 2873 utique

1822 2917 1931 2959 non
1962 2912 2047 2959 cst
2075 2917 2143 2958 ex
2173 2901 2423 2957 muliere.
2454 2899 2667 2955 Etenim
2696 2899 2779 2953 vir
2808 2914 2918 2953 non
2944 2906 3030 2953 est
3051 2906 3270 2953 creatus
3291 2938 3305 2960 ,
3354 2895 3409 2949 id

1817 3005 1902 3053 est
1931 2996 2074 3051 ratio
2105 3009 2214 3049 non
2244 2993 2309 3048 ad
2343 2994 2447 3048 hoc
2473 2993 2598 3047 data
2628 3001 2712 3046 est
2742 2988 2950 3045 homini
2977 2996 3197 3059 propter
3220 2987 3411 3042 nullie-

159 3074 406 3142 dicuntur,
440 3076 571 3146 quia
596 3074 690 3131 Dei
727 3076 903 3131 nuntii
925 3085 1082 3143 sunt,
1121 3093 1187 3131 ne
1204 3078 1320 3133 visa
1349 3077 1573 3133 lascivia
1610 3079 1714 3133 im-

1820 3104 1965 3153 rcm,
1994 3087 2047 3143 id
2072 3095 2157 3142 est
2186 3094 2246 3140 ut
2274 3093 2539 3155 sequatur
2573 3082 3009 3148 scnsualitatem,
3065 3080 3160 3137 sed
3210 3080 3409 3134 mulier

158 3166 448 3234 pudicarum
497 3168 822 3235 mulierum,
874 3168 1065 3224 illicite
1115 3178 1441 3225 moveantur
1481 3171 1550 3226 ad
1596 3186 1711 3228 cas.

161 3255 234 3312 Vel
271 3268 480 3330 propter
524 3259 740 3332 angelos
774 3260 892 3329 Dei,
919 3262 1013 3332 qui
1043 3270 1341 3332 prmsentes
1364 3271 1494 3317 sunt
1519 3263 1574 3316 in
1596 3278 1716 3317 om-

159 3349 289 3406 nibus
337 3350 600 3408 Ecclesiaa
651 3353 1016 3409 sacramentis
1041 3396 1056 3419 ,
1118 3370 1187 3408 ne
1240 3353 1585 3410 oll‘endantur
1631 3354 1717 3409 in-

160 3443 486 3512 temperantia
509 3450 676 3499 tantae
703 3444 966 3500 libidinis.
1002 3443 1101 3500 Vel
1145 3455 1360 3516 propter
1383 3446 1619 3519 angelos,
1660 3446 1714 3502 id

158 3541 225 3587 εει
245 3543 459 3605 propter
485 3535 829 3606 patriarchas
866 3546 920 3591 et
969 3537 1180 3608 priores
1218 3546 1473 3604 sanctos,
1502 3538 1596 3609 qui
1648 3554 1716 3594 ne

162 3622 245 3679 hoc
261 3624 407 3681 ﬁeret
426 3627 847 3697 prohibuerunt.
861 3626 999 3695 Quia
1026 3629 1191 3684 modo
1213 3629 1351 3684 adeo
1371 3629 1718 3700 depresserat

164 3717 453 3773 muliebrem
487 3733 679 3775 sexum
704 3761 720 3786 ,
763 3719 842 3776 sic
877 3735 973 3791 per
1003 3720 1188 3775 omnia
1232 3721 1395 3791 128
1426 3721 1545 3776 viro
1570 3720 1713 3775 indi-

162 3808 371 3877 guiurem
413 3810 642 3867 factum.
683 3810 843 3868 Nunc
888 3813 1093 3868 relevat
1117 3823 1188 3892 et
1224 3815 1544 3870 consolatur
1562 3829 1710 3882 eum,

165 3898 321 3957 dicens
351 3921 364 3957 :
391 3901 542 3959 Licet
563 3904 618 3959 in
642 3904 819 3975 prima
853 3904 1131 3961 creatione
1166 3906 1250 3971 vir
1272 3906 1554 3961 mulierem
1585 3922 1716 3977 prae.

165 3992 384 4058 cesserit,
419 4002 604 4049 tamen
634 3993 689 4048 in
721 3995 974 4065 sequenti
1008 3997 1358 4051 successione
1391 3986 1709 4068 generandi,

165 4081 229 4134 vir
248 4092 295 4138 et
313 4084 507 4141 mulier
534 4101 697 4156 pares
725 4095 883 4155 sunt;
906 4088 1031 4158 quia
1054 4104 1214 4159 neque
1234 4090 1316 4143 uir
1343 4090 1458 4143 sine
1472 4089 1710 4154 muliere,

166 4185 295 4242 neque
320 4176 506 4231 mulier
532 4178 648 4232 sine
674 4177 789 4232 viro
818 4193 1080 4249 generare
1099 4187 1335 4249 queunt,
1367 4181 1463 4237 sed
1491 4178 1714 4251 partici-

165 4265 350 4330 patione
385 4268 613 4325 alterius
652 4270 935 4340 aequaliter
962 4280 1184 4342 generat
1210 4278 1458 4342 uterque.
1483 4271 1593 4328 Nec
1629 4283 1713 4329 ta-

165 4368 265 4410 men
299 4359 436 4429 quod
462 4375 530 4415 ex
562 4375 624 4416 se
663 4362 944 4432 procreari
994 4362 1237 4433 possint,
1293 4364 1386 4419 sed
1438 4373 1613 4421 totum
1656 4366 1712 4419 in

1818 3189 2039 3252 propter
2081 3178 2263 3233 virum
2286 3218 2302 3245 ,
2345 3177 2399 3232 id
2433 3184 2518 3231 est
2555 3172 2884 3232 sensualitas
2929 3182 3110 3229 creata
3147 3181 3232 3227 est
3281 3185 3407 3242 pro-

1820 3281 1939 3344 pter
1961 3268 2327 3327 obedientium
2357 3268 2578 3323 rationi.
2613 3264 2678 3321 Et
2697 3266 2826 3337 quia
2853 3265 3050 3320 mulier
3076 3275 3294 3335 promer
3321 3265 3407 3318 vi-

1819 3381 1943 3420 rum
1978 3370 2161 3420 creata
2190 3371 2314 3429 est,
2358 3361 2481 3417 ideo
2509 3360 2728 3416 deberet
2758 3359 2960 3414 habere
2998 3374 3216 3429 Signum
3252 3366 3408 3428 pote-

1818 3454 1976 3511 statis
2005 3469 2172 3525 supra
2215 3460 2401 3523 caput,
2433 3460 2488 3507 et
2513 3461 2727 3522 propter
2755 3450 2996 3521 angelos,
3026 3450 3169 3505 sicut
3196 3449 3406 3504 dictum

1817 3555 1921 3602 est.
1957 3544 2065 3601 Sed
2089 3544 2217 3601 licet
2241 3543 2421 3599 virum
2454 3552 2604 3598 tanta
2626 3540 2892 3613 dignitate
2925 3540 3254 3612 praetulerim
3284 3557 3399 3595 mu-

1818 3638 1935 3693 lieri
1962 3678 1979 3704 ,
2029 3645 2213 3693 tamen
2266 3651 2445 3707 neque
2470 3635 2555 3689 vir
2596 3633 2716 3689 sine
2762 3631 3016 3698 muliere,
3075 3647 3177 3687 nec
3209 3633 3408 3687 nmlier

1817 3731 1939 3787 sine
1966 3729 2116 3795 viro,
2174 3728 2227 3784 id
2285 3737 2371 3783 est
2410 3728 2545 3782 alter
2603 3740 2714 3780 non
2765 3724 3038 3795 praecedet
3076 3725 3307 3779 alterum
3348 3724 3403 3778 in

1818 3820 2088 3889 Domino,
2138 3820 2191 3875 id
2233 3828 2319 3875 est
2364 3820 2418 3873 in
2466 3816 2835 3883 beatitudine,
2880 3816 3224 3872 solummodo
3266 3817 3406 3871 bene

1816 3921 2113 3986 operentur
2145 3931 2157 3967 :
2188 3912 2313 3969 licet
2350 3912 2405 3966 in
2444 3912 2620 3982 prima
2667 3910 2946 3967 creatione
2993 3909 3078 3964 vir
3115 3909 3402 3965 mulierem

1815 4003 2177 4077 praecesserit,
2219 4018 2346 4058 vere
2402 4003 2540 4058 alter
2591 4018 2703 4057 non
2732 4001 3005 4073 praicedct
3059 4001 3293 4056 alterum
3347 4001 3405 4055 in

1815 4095 2150 4163 salvatione;
2193 4111 2322 4151 nam
2360 4095 2494 4151 illud
2530 4094 2675 4166 quod
2716 4109 2882 4164 supra
2919 4093 3127 4149 dictum
3153 4103 3257 4161 est,
3288 4111 3406 4147 mu»

1813 4191 1915 4247 lier
1937 4190 2005 4246 de
2030 4190 2176 4256 viro,
2202 4188 2282 4243 vir
2308 4204 2412 4243 non
2443 4188 2510 4244 de
2546 4187 2795 4253 muliere,
2832 4186 2971 4243 nihil
3000 4187 3248 4255 nocebit,
3276 4202 3402 4243 cum

1814 4284 1870 4337 in
1909 4281 2262 4339 successione
2304 4281 2673 4353 generationis
2711 4280 2797 4334 vir
2834 4280 2911 4335 ita
2952 4280 3025 4336 sit
3049 4282 3117 4336 de
3152 4273 3402 4349 muliere,

1815 4374 1962 4430 sicut
2011 4373 2209 4429 mulier
2236 4372 2305 4429 de
2333 4373 2483 4439 viro,
2510 4372 2640 4428 licet
2670 4370 2725 4426 in
2757 4371 2932 4443 prima
2962 4373 3239 4429 creatione
3283 4389 3390 4426 ntu-

163 4442 355 4504 Domino
384 4466 402 4504 :
430 4449 702 4506 Dominus
722 4453 868 4508 enim
890 4468 988 4523 per
1015 4454 1455 4524 coniunctionem
1478 4455 1709 4513 masculi
1741 4452 1788 4514 υ
1814 4466 1914 4520 lier
1940 4466 2006 4520 de
2025 4466 2137 4521 viro
2170 4466 2289 4523 solo
2313 4474 2570 4538 generata
2595 4465 2686 4533 sit,
2716 4466 2896 4520 omnia
2925 4475 3102 4521 autem
3141 4482 3206 4521 ea:
3257 4465 3367 4521 .Deo
3387 4508 3400 4531 ,

161 4539 421 4598 etfemiuae
451 4552 605 4599 creat
642 4543 944 4600 hominem.
990 4542 1132 4600 Vere
1179 4561 1281 4602 nec
1318 4547 1400 4601 vir
1435 4548 1549 4602 sine
1588 4565 1707 4602 mu-

161 4625 280 4698 liere,
331 4648 429 4688 nec
476 4633 672 4687 mulier
701 4634 815 4688 sine
856 4636 967 4689 viro
1003 4650 1022 4689 :
1057 4652 1182 4691 nam
1209 4637 1350 4690 sicut
1390 4637 1579 4691 mulier
1613 4652 1709 4709 ge-

162 4730 351 4777 neratur
373 4724 436 4780 de
459 4726 607 4789 viro;
631 4725 711 4779 ita
731 4713 781 4779 et
822 4726 902 4780 vir
955 4735 1248 4799 generatur
1287 4744 1380 4799 per
1412 4728 1707 4787 mulierem.

215 4811 301 4870 llic
319 4816 541 4885 quidam
569 4816 903 4873 insidiantur
927 4819 1111 4875 verbis
1138 4818 1318 4886 Pauli,
1354 4835 1525 4891 quare
1552 4821 1709 4877 dixe-

161 4900 215 4956 rit
253 4906 442 4962 mulier
476 4906 546 4963 de
591 4908 744 4976 viro,
792 4910 878 4964 vir
922 4924 1030 4965 non
1062 4909 1129 4965 de
1163 4911 1426 4979 muliere,
1471 4912 1565 4968 sed
1614 4928 1713 4984 per

161 4993 443 5063 mulierem,
489 4996 737 5053 dicentes
771 4997 838 5053 de
868 4999 1040 5056 solius
1080 4999 1186 5054 viri
1237 5000 1447 5057 semine
1500 5002 1715 5074 concipi

161 5096 355 5150 puerum
390 5089 514 5145 sine
540 5089 754 5147 semine
781 5092 1004 5158 matris,
1041 5092 1137 5148 sed
1168 5101 1378 5148 tantum
1440 5110 1538 5165 per
1591 5112 1714 5152 mu-

160 5172 312 5234 lierem
340 5178 511 5237 foveri
544 5196 777 5253 puerum
831 5182 887 5238 in
933 5192 1094 5239 utero
1112 5186 1337 5263 matris,
1392 5203 1494 5243 nec
1538 5198 1713 5245 mater

160 5267 326 5327 habeat
347 5273 420 5328 ibi
447 5289 659 5342 semen,
696 5275 793 5331 sed
825 5276 998 5332 solam
1029 5277 1167 5332 uteri
1196 5279 1546 5337 nutrituram.
1571 5282 1709 5340 Male

158 5371 458 5430 exponentes
495 5366 661 5421 verba
692 5364 878 5434 Pauli,
918 5383 1044 5424 cum
1082 5385 1174 5440 per
1204 5379 1314 5426 tam
1338 5373 1473 5429 bene
1494 5374 1566 5430 sit
1590 5391 1709 5431 ma-

158 5450 344 5520 leriale',
373 5456 832 5525 quemadmodum
879 5459 962 5513 de.
1010 5457 1160 5515 Licet
1192 5460 1372 5518 dicam
1423 5466 1707 5522 mulierem

157 5544 374 5608 generari
405 5545 471 5600 de
505 5548 618 5601 viro
642 5555 699 5603 et
724 5563 755 5604 e
780 5564 1067 5618 converso,
1102 5560 1276 5606 tamen
1308 5554 1422 5610 haec
1451 5564 1507 5612 et
1529 5560 1708 5613 omnia

161 5644 467 5706 quacunque
515 5646 649 5694 sunt
686 5653 752 5694 ea:
803 5639 913 5695 Deo
964 5649 1122 5708 sunt;
1181 5643 1310 5712 quia
1351 5660 1450 5703 nec
1482 5647 1565 5702 vir
1610 5665 1710 5706 nec

165 5723 329 5782 mulier
363 5744 455 5798 per
488 5745 547 5786 se
586 5741 816 5801 possunt
839 5732 1042 5805 aliquid
1079 5734 1195 5788 sine
1221 5732 1351 5793 Deo.

1817 4558 1963 4615 sicut
1988 4557 2201 4613 dictum
2218 4566 2321 4613 est.
2377 4617 2379 4620 ε
2420 4620 2421 4623 η

1888 4650 2146 4707 Probavit
2174 4649 2477 4706 secundum
2506 4649 2754 4706 ordinem
2781 4649 3074 4707 creationis
3101 4650 3401 4706 secundum

1818 4743 2067 4799 instituta
2090 4741 2341 4808 Patrum,
2371 4742 2550 4796 virmn
2576 4757 2684 4797 non
2716 4742 2913 4797 debere
2933 4742 3123 4810 velari,
3154 4759 3254 4798 nec
3278 4760 3401 4798 mu—

1817 4833 2007 4889 lierem
2038 4832 2317 4888 denudare
2340 4839 2524 4902 caput.
2557 4830 2761 4887 Probat
2807 4832 2951 4887 idem
3000 4847 3097 4903 per
3147 4842 3431 4904 naturanr

1819 4922 2107 4992 utriusque
2164 4941 2176 4977 :
2234 4938 2357 4994 quae
2416 4922 2533 4976 viro
2593 4922 2870 4978 breviores
2904 4924 3132 4995 capillos
3161 4925 3311 4981 dedit
3348 4926 3405 4982 in

1818 5018 2034 5088 signum
2078 5016 2376 5084 libertatis;
2428 5017 2646 5073 mulieri
2680 5019 2924 5091 prolixos
2962 5022 3018 5076 in
3062 5021 3279 5093 signum
3308 5039 3404 5079 vc-

1816 5109 1963 5164 landi
2010 5109 2255 5181 pudoris.
2315 5109 2466 5168 Licet
2517 5111 2664 5167 enim
2716 5114 2940 5186 quidam
2985 5115 3088 5171 viri
3123 5117 3402 5188 longiores

1817 5199 2212 5265 habeant,hoc
2239 5201 2299 5256 lit
2329 5215 2426 5273 per
2471 5210 2666 5271 artem,
2699 5219 2808 5259 non
2859 5219 2959 5280 per
3014 5215 3289 5263 naturam.
3343 5206 3401 5262 Si

1815 5305 1946 5345 vero
1985 5288 2202 5347 femina:
2230 5291 2512 5350 breviores
2562 5294 2829 5364 habeant,
2871 5297 2976 5354 hoc
3005 5307 3183 5354 estex
3215 5298 3399 5370 aliquo

1816 5382 1985 5450 vitio,
2016 5397 2125 5438 non
2154 5398 2224 5439 ex
2253 5393 2469 5443 natura.
2518 5385 2721 5446 Littera
2778 5388 2859 5444 sic
2912 5388 3182 5464 jungitur.
3237 5388 3398 5461 129

1816 5471 2049 5531 Probavi
2071 5476 2326 5547 superius
2355 5492 2453 5548 per
2483 5479 2732 5540 ordinem
2778 5481 3077 5539 creationis
3106 5480 3394 5536 velandum

1813 5581 1936 5622 esse
1964 5576 2129 5638 caput
2152 5569 2420 5625 mulier-Es.
2467 5568 2623 5628 Nunc
2648 5589 2735 5627 vos
2765 5573 2868 5643 ipsi
2892 5614 2907 5638 ,
2957 5570 3259 5638 Corinthii,
3298 5571 3397 5641 ju-

1813 5657 1988 5712 dicate
2006 5700 2021 5724 ,
2050 5660 2197 5730 quod
2220 5677 2326 5716 non
2353 5662 2550 5717 debere
2575 5662 2691 5719 fieri
2718 5663 2962 5734 probabo
2985 5679 3081 5734 per
3111 5671 3389 5731 naturam,

1810 5746 2079 5819 ludicate,
2109 5751 2366 5823 inquam,
2416 5756 2652 5809 auderet
2698 5755 2964 5810 mulierem
3017 5773 3117 5810 non
3166 5756 3392 5810 relatam
