3928 6478
451 337 558 391 185

994 329 1050 386 S.
1094 331 1441 388 ΒΜ]ΝοΝῶ
1475 333 2118 392 CARTHUSIANORUM
2157 337 2647 397 lNSTlTUTORIS
2680 340 2830 397 OPP.
2873 340 3055 397 PARS
3086 341 3154 396 ll.

3640 341 3728 398 {81

446 467 598 504 orare
625 447 831 503 Deum?
861 446 980 503 Non
1014 449 1235 518 utique;
1266 449 1396 519 quia
1431 464 1522 502 nec
1551 448 1665 517 ipsa
1698 457 1892 502 natura
1929 447 2024 502 do-
2055 459 2098 512 Α
2129 449 2520 508 damnabimini
2563 453 2801 523 penitus.
2852 452 3079 524 Propter
3121 453 3417 508 scissuras
3473 465 3588 526 non
3626 453 3735 508 licet

447 549 526 596 cet
569 556 658 594 vos
711 540 794 594 sic
841 552 1033 610 agere,
1087 540 1198 595 imo
1246 541 1512 610 prohibet.
1546 539 1614 594 Et
1655 555 1780 596 cum
1829 550 2027 596 natura

446 631 766 703 prohibeat,
813 630 861 684 si
893 631 976 684 vir
1001 630 1213 702 quidem
1243 631 1444 684 nutriat
1469 647 1704 697 comam,
1734 630 2030 704 ignominia

449 735 529 780 est
571 725 682 792 illi,
735 725 868 796 quia
905 735 1093 780 contra
1123 734 1371 780 naturam
1419 727 1550 798 agit.
1599 725 1659 781 Si
1688 743 1806 782 vero
1837 729 2031 784 mulier

452 817 656 872 nutriat
680 832 912 884 comam,
947 818 1120 890 gloria
1153 828 1227 872 est
1253 817 1369 883 illi;
1395 820 1646 890 quoniam
1675 819 1858 892 capilli
1885 821 2032 893 longi

451 909 568 963 dati
591 916 714 964 sunt
739 911 790 964 ei
816 925 848 965 a
870 919 1062 966 natura
1091 928 1186 982 pro
1215 911 1499 978 velamine,
1539 911 1596 972 id
1622 921 1706 968 est
1733 913 1788 968 in
1815 914 2032 984 signum

452 999 772 1066 velaminis,
806 1001 951 1070 quod
977 1001 1140 1071 capiti
1185 1017 1400 1072 semper
1425 1002 1585 1058 debet
1623 1004 1877 1074 supponi.
1901 1003 2036 1060 Pro-

456 1090 583 1145 bavi
622 1106 721 1162 per
747 1092 992 1147 ordinem
1020 1092 1337 1158 creationis,
1369 1104 1424 1148 et
1452 1109 1551 1164 per
1580 1094 1756 1165 legem
1788 1104 1997 1152 naturae
2017 1137 2033 1163 ,

454 1182 637 1236 virum
661 1180 770 1237 non
806 1183 1002 1238 debere
1031 1192 1196 1254 caput
1227 1185 1426 1252 velare,
1470 1201 1574 1242 nec
1603 1186 1887 1242 mulierem
1937 1188 2036 1243 de-

455 1272 682 1328 nudare.
733 1272 836 1328 Sed
864 1274 913 1327 si
941 1275 1058 1344 quis
1089 1279 1228 1332 inter
1262 1293 1349 1330 vos
1403 1277 1610 1332 videtur
1659 1279 2037 1346 contentiosus,

455 1378 558 1420 nec
594 1365 865 1420 consentit
911 1365 1118 1422 nostris
1178 1365 1516 1436 rationibus,
1555 1369 1660 1424 hoc
1688 1384 1858 1424 unum
1893 1369 2040 1425 diee-

456 1469 582 1511 mus
605 1456 655 1510 ei
689 1473 702 1510 :
733 1454 958 1524 Frater,
994 1473 1089 1512 nos
1119 1474 1224 1513 non
1254 1457 1504 1514 habemus
1550 1460 1710 1516 talem
1763 1472 2042 1516 consuetu-

453 1545 650 1612 dinem,
679 1563 783 1604 nec
802 1547 1098 1605 habuimus
1127 1549 1181 1605 in
1213 1566 1486 1624 synagoga
1515 1551 1854 1621 Judaeorum,
1878 1571 2042 1625 neque

455 1637 636 1694 adhuc
660 1639 930 1695 habemus
962 1640 1018 1696 in
1045 1656 1186 1696 nova
1219 1641 1464 1697 Ecclesia
1497 1643 1626 1710 Dei,
1658 1653 1720 1700 ut
1753 1645 1836 1700 vir
1861 1645 2041 1700 velato

455 1732 664 1802 capite,
708 1733 909 1788 mulier
947 1748 1056 1789 non
1082 1735 1260 1790 velato
1283 1744 1420 1790 oret.
1450 1735 1517 1790 Et
1541 1736 1670 1808 quia
1699 1737 2039 1793 consuetudo

2126 557 2327 612 corpus
2349 541 2556 599 Christi
2579 545 2845 616 accipere.
2878 543 3006 600 Ideo
3029 545 3203 600 etiam
3249 541 3424 598 vobis
3451 557 3562 598 non
3589 542 3732 600 licet:

2126 634 2254 704 quia
2285 635 2639 706 unusquisque
2677 645 2907 690 vestrum
2931 637 3238 708 praesumit,
3277 635 3337 690 id
3386 643 3500 699 est,
3546 649 3735 704 praesu-

2129 723 2328 781 mendo
2367 726 2632 797 anticipat
2678 727 2949 798 propriam
2999 743 3230 793 caenam,
3291 741 3414 782 non
3461 725 3636 782 solum
3679 727 3736 782 ad

2130 819 2523 886 apparandnm,
2543 819 2638 874 sed
2659 819 2823 874 etiam
2845 819 2914 874 ad
2927 818 3371 874 comedendum.
3401 815 3479 872 Et
3499 827 3738 888 prater-ea

2132 908 2278 964 aliud
2327 909 2570 964 malum:
2622 910 2753 982 quia
2801 909 2943 965 alius
2963 910 3180 982 quidem
3243 909 3378 981 (qui
3433 922 3550 963 non
3599 907 3742 963 habet

2133 999 2278 1054 unde
2319 999 2750 1072 sibii'praeparet)
2798 1003 2985 1058 esurit.
3024 999 3235 1057 lterum
3293 999 3461 1056 aliud
3515 999 3739 1054 malum:

2133 1090 2288 1144 Alius
2335 1101 2513 1147 autem
2556 1092 2732 1148 ebrius
2779 1102 2878 1147 est.
2933 1091 3042 1148 Sed
3069 1092 3150 1148 sic
3185 1093 3250 1147 in
3290 1089 3546 1146 ecclesia
3577 1104 3742 1146 come-

2135 1181 2346 1250 dentes,
2375 1183 2613 1255 nunquid
2636 1201 2740 1238 non
2768 1183 2970 1240 habetis
2997 1184 3244 1256 privatas
3269 1182 3474 1238 domos
3511 1183 3582 1236 ad
3609 1198 3741 1236 ηεαδ

2135 1275 2440 1330 durandum
2491 1286 2542 1331 et
2597 1259 2877 1332 bibendum
2899 1278 2926 1332 .9
2970 1293 3109 1348 quas
3156 1276 3209 1333 si
3261 1291 3386 1330 non
3445 1274 3742 1339 haberetis,

2137 1368 2472 1424 tolerabilius
2482 1377 2629 1424 esset
2650 1368 2707 1424 in
2733 1368 2909 1438 platea
2927 1369 3239 1424 comedere.
3271 1368 3397 1421 Aut
3423 1367 3744 1422 contemnitis

2143 1459 2303 1530 13o
2340 1458 2637 1514 Ecclesiam
2677 1458 2798 1528 Dei,
2843 1459 2901 1514 in
2947 1475 3056 1530 qua
3100 1458 3526 1526 inebriamini;
3561 1467 3612 1512 et
3641 1473 3746 1511 con-

2140 1548 2369 1618 funditis
2395 1564 2504 1612 eos,
2540 1547 2592 1602 id
2619 1555 2705 1604 est
2726 1548 3114 1605 verecundiam
3140 1546 3379 1604 infertis
3406 1547 3745 1620 pauperibus,

2101 1672 2105 1676 -
2139 1641 2229 1713 qui
2251 1656 2355 1694 non
2376 1639 2565 1694 habent
2591 1638 2721 1710 quid
2750 1639 2851 1695 sibi
2879 1648 3185 1710 prmparent
3205 1640 3235 1694 ?

2211 1731 2279 1788 Et
2305 1731 2436 1804 quia
2480 1731 2562 1788 sic
2604 1731 2949 1803 impudenter
2973 1731 3159 1803 agitis,
3187 1730 3334 1802 quid
3365 1730 3556 1786 dicam
3580 1729 3748 1784 vobis?

458 1820 567 1876 hoc
607 1837 717 1877 non
753 1822 966 1892 habuit,
991 1839 1089 1880 nec
1115 1825 1292 1881 adhuc
1323 1826 1486 1882 habet
1509 1867 1524 1892 ,
1559 1805 1880 1896 propterea,
1909 1826 2040 1898 quia
2073 1805 2116 1864 Β
2143 1822 2303 1879 Certe
2328 1821 2447 1878 sine
2469 1822 2734 1878 charitate
2757 1822 2910 1889 estis,
2958 1831 3386 1894 contemptores
3420 1820 3547 1888 Dei,
3593 1829 3748 1878 secta-

459 1911 834 1970 admonitione
861 1925 1050 1971 nostra
1085 1917 1360 1984 abuteris,
1387 1918 1501 1987 jam
1535 1932 1646 1972 non
1687 1919 1866 1973 solum
1915 1933 2043 1974 sua-

397 2052 402 2056 .
460 2005 586 2070 deo,
617 2006 710 2061 sed
735 2022 800 2062 ex
832 2009 1156 2064 auctoritate
1191 2018 1378 2065 nostra
1419 2011 1678 2080 praecipio
1715 2025 1786 2066 ne
1815 2009 2046 2066 ulterius

458 2093 554 2149 ﬁat
580 2095 686 2150 hoc
718 2095 1016 2151 insuetum.

524 2183 818 2256 Postquam
844 2185 914 2241 ab
935 2185 1039 2242 hoc
1063 2187 1206 2243 malo
1230 2188 1469 2244 coercuit
1486 2187 1820 2256 Corinthios,
1853 2188 2050 2244 transit

456 2275 524 2332 ad
583 2277 710 2344 alia,
772 2277 827 2331 in
883 2278 1087 2347 quibus
1150 2280 1310 2351 longe
1363 2280 1605 2335 deterius
1656 2280 2045 2336 oil‘endebant:

458 2367 668 2422 seducti
739 2368 888 2423 enim
955 2384 986 2423 a
1059 2371 1580 2441 pseudomagistris,
1649 2371 2052 2442 dereliquerant

461 2458 858 2514 institutionem
884 2459 1061 2526 Pauli,
1113 2475 1280 2531 quam
1321 2462 1403 2517 eis
1445 2461 1742 2517 tradiderat
1770 2463 1838 2518 de
1865 2479 2052 2520 susce-

458 2550 646 2620 ptione
673 2552 920 2622 corporis
940 2560 994 2608 et
1017 2543 1301 2624 sanguinis
1329 2552 1550 2609 Christi.
1582 2551 1880 2610 Suaserant
1904 2555 2052 2610 enim

459 2642 542 2698 eis
555 2643 783 2712 pseudo,
801 2644 947 2714 quod
970 2653 1092 2714 post
1109 2659 1321 2700 cumam
1345 2647 1738 2702 communicari
1760 2647 2048 2703 deberent:

463 2733 566 2788 hac
607 2733 753 2790 enim
784 2736 918 2790 hora
959 2734 1212 2792 Christus
1243 2735 1538 2792 tradiderat
1563 2738 1680 2793 haec
1709 2747 2054 2794 sacramenta

461 2824 747 2896 discipulis
775 2827 891 2884 suis
919 2827 1312 2897 participanda.
1367 2825 1522 2884 Unde
1574 2829 1628 2882 in
1686 2828 1858 2902 multa
1907 2829 2054 2887 mala

462 2917 832 2985 devenerant;
884 2919 1035 2989 quia,
1063 2935 1188 2975 cum
1217 2918 1359 2976 inter
1383 2934 1478 2975 eos
1503 2929 1688 2975 essent
1715 2919 2012 2976 schismata
2035 2962 2052 2984 ,

461 3009 531 3066 ad
557 3011 816 3066 unitatem
845 3011 1093 3082 corporis
1111 3011 1315 3068 Christi
1337 3011 1595 3068 accedere
1616 3012 2052 3084 praesumebant;

459 3111 516 3159 et
554 3103 701 3159 aliud
737 3103 964 3171 malum,
1005 3103 1134 3175 quia
1182 3103 1336 3175 prius
1381 3104 1672 3162 coenabant
1719 3112 1774 3160 et
1818 3104 2056 3160 inebria-

463 3195 682 3264 bantur,
711 3204 765 3252 et
795 3195 899 3252 hoc
925 3197 981 3252 in
1017 3195 1252 3253 ecclesia
1295 3203 1348 3250 et
1395 3196 1448 3251 in
1497 3195 1583 3253 his
1623 3195 1796 3252 omnis
1838 3211 1936 3252 eos
1959 3197 2055 3268 qui

465 3297 648 3343 tantos
673 3297 968 3359 apparatus
1017 3304 1127 3344 non
1173 3289 1466 3356 habebant,
1516 3288 1840 3345 erubescere
1885 3287 2056 3344 facie-

462 3381 618 3447 bant,
646 3395 749 3435 ncc
774 3380 1142 3452 indigentibus
1167 3381 1371 3452 aliquid
1399 3380 1801 3449 ministrabant,
1847 3389 1903 3436 et
1935 3389 2059 3452 post

465 3471 583 3527 haec
632 3473 777 3526 mala
825 3487 1030 3527 mensae
1077 3470 1297 3526 Domini
1345 3487 1405 3528 se
1453 3471 1788 3544 ingerebant.
1855 3470 2059 3528 Littera

467 3562 549 3618 sic
567 3562 818 3634 jungitur
850 3579 864 3616 :
911 3561 1027 3618 lloc
1049 3561 1194 3634 quod
1219 3561 1564 3632 prtemissum
1585 3570 1670 3618 est
1712 3577 1782 3617 ne
1807 3561 1901 3616 fiat
1923 3577 2062 3632 prae-

467 3653 632 3726 cipio,
662 3653 795 3710 illud
829 3653 974 3710 aliud
1000 3668 1111 3708 non
1137 3653 1388 3720 laudans,
1412 3653 1506 3708 sed
1526 3652 1700 3724 magis
1722 3651 2058 3722 improbans.

468 3745 587 3802 Hoc
611 3746 842 3814 scilicet,
869 3745 1016 3818 quod
1041 3744 1344 3803 convenitis
1363 3744 1432 3800 ad
1454 3759 1670 3801 cmnam
1696 3742 2059 3810 Dominicam,

467 3835 524 3890 in
552 3851 660 3908 qua
686 3835 956 3892 deberetis
988 3851 1159 3892 unum
1203 3835 1343 3903 lteri,
1388 3849 1489 3890 vos
1525 3834 1650 3890 dico
1692 3849 1802 3890 non
1829 3849 1926 3904 per
1958 3833 2064 3890 hoc

466 3927 809 3999 profecturos
835 3929 892 3987 in
915 3922 1594 3996 melius,sicutdeberetis,
1619 3926 1713 3983 sed
1739 3926 1992 3998 lapsuros
2005 3925 2060 3980 in

465 4019 724 4076 deterius.
743 4019 812 4076 Et
834 4036 961 4077 cum
988 4019 1160 4075 multa
1174 4017 1436 4075 sintmala
1453 4027 1655 4086 vestra,
1672 4018 1912 4089 primum
1940 4017 2058 4088 qni-

467 4113 592 4168 dem
617 4113 865 4168 omnium
891 4114 998 4169 hoc
1021 4127 1250 4183 repono,
1266 4111 1432 4182 quod,
1462 4111 1604 4166 vobis
1639 4109 2062 4165 convenientibus

467 4206 525 4260 in
566 4205 864 4271 ecclesiam,
889 4205 1052 4260 audio
1079 4206 1220 4259 inter
1248 4221 1334 4259 vos
1361 4221 1472 4259 esse
1491 4205 1752 4260 scissuras
1772 4213 1827 4260 et
1850 4205 2064 4262 discor-

467 4295 610 4363 dias,
653 4313 781 4353 cum
827 4295 1068 4354 Ecclesia
1095 4297 1360 4353 unitatem
1386 4297 1588 4370 exigat,
1615 4303 1686 4364 et,
1713 4297 1857 4352 sicut
1879 4297 2062 4362 audio,

470 4389 608 4445 bene
631 4387 785 4443 credo
809 4404 876 4442 ex
901 4397 1070 4458 parte,
1099 4387 1154 4444 id
1177 4397 1262 4444 est
1295 4397 1516 4459 propter
1549 4395 1759 4458 partem
1785 4388 1852 4444 de
1886 4387 2064 4455 vobis,

2145 1921 2289 1971 tores
2315 1913 2472 1986 gulte,
2500 1923 2604 1969 etc.
2648 1911 2837 1968 Laudo
2871 1930 2966 1984 ego
3012 1930 3101 1968 vos
3144 1913 3202 1969 in
3238 1914 3351 1968 hoc
3372 1914 3401 1967 ?
3440 1913 3620 1984 utique
3660 1929 3748 1966 non

2143 2005 2327 2073 laudo,
2381 2007 2492 2061 imo
2539 2005 2808 2076 vitupero.
2861 2003 2959 2060 Vel
3018 2006 3128 2060 ita:
3180 2003 3398 2060 Laudo
3429 2021 3522 2059 vos
3554 2004 3608 2059 in
3643 2003 3737 2074 qui-

2144 2081 2373 2154 busdam
2403 2097 2546 2164 aliis,
2573 2097 2666 2154 sed
2692 2097 2752 2152 in
2771 2097 2867 2151 hoc
2891 2096 3202 2152 nullatenus
3229 2095 3435 2150 laudo.
3471 2094 3745 2166 Postquam

2143 2189 2474 2261 vituperavit
2499 2189 2556 2244 in
2576 2190 2660 2245 eis
2679 2189 2926 2246 ordinem
2950 2189 3004 2243 in
3025 2203 3138 2260 quo
3162 2189 3316 2244 male
3339 2195 3745 2252 consueverant,

2147 2281 2474 2338 determinat
2497 2279 2578 2336 eis
2602 2279 2878 2351 quomodo
2899 2287 3246 2336 sacramenta
3272 2277 3496 2334 Christi
3524 2277 3744 2347 accipere

2147 2374 2420 2439 debeant,
2472 2372 2680 2428 scilicet
2726 2372 2784 2427 in
2827 2370 3178 2437 abstinentia,
3225 2386 3350 2426 non
3381 2371 3443 2426 in
3480 2369 3743 2432 ebrietate.

2150 2462 2247 2518 sed
2274 2461 2328 2517 in
2353 2461 2560 2528 dolore,
2583 2469 2638 2516 et
2663 2461 2717 2515 in
2743 2459 3115 2516 tribulatione.
3137 2459 3356 2516 Littera
3375 2458 3462 2516 sic
3483 2457 3739 2528 jungitur:

2154 2554 2278 2609 Non
2304 2553 2465 2609 laudo
2494 2569 2582 2608 vos
2605 2553 2736 2624 quia
2762 2567 2964 2622 corpus
2987 2550 3204 2607 Domini
3239 2551 3394 2608 ebrii
3442 2548 3739 2619 suscipitis;

2153 2645 2234 2700 sic
2257 2645 2403 2699 enim
2441 2659 2550 2699 non
2587 2651 2734 2698 esset
2759 2641 3158 2714 accipiendum,
3199 2642 3306 2698 sed
3335 2641 3395 2696 in
3429 2652 3741 2696 commemo-

2152 2737 2366 2792 ratione
2387 2734 2814 2791 tribnlationiset
2830 2734 3023 2790 mortis
3041 2733 3271 2789 Christi.
3306 2731 3424 2788 Sed
3447 2731 3742 2802 priusquam

2153 2827 2220 2883 ad
2269 2827 2376 2883 hoc
2421 2826 2624 2892 veniat,
2670 2825 3018 2880 commendat
3053 2824 3188 2880 illud
3220 2821 3384 2894 quod
3408 2821 3654 2878 dicturus
3675 2826 3743 2872 est

2155 2919 2479 2975 auctoritate
2539 2916 2778 2984 Domini,
2837 2916 3066 2972 dicens:
3125 2913 3242 2986 Ego
3295 2914 3488 2984 accepi
3539 2910 3603 2966 ab
3649 2910 3742 2979 ipso

2158 3011 2384 3065 Domino
2413 3009 2552 3081 quod
2577 3009 2695 3079 jam
2725 3007 2926 3066 tradidi
2960 3007 3128 3074 vobis,
3154 3015 3209 3062 et
3234 3021 3396 3062 nunc
3430 3005 3627 3060 iterum
3652 3009 3741 3054 tra-

2157 3101 2281 3157 dam
2307 3141 2324 3168 ,
2385 3099 2491 3155 hoc
2546 3098 2756 3154 scilicet
2811 3097 2957 3168 quod
3022 3096 3286 3150 Dominus
3365 3101 3560 3150 noster
3609 3089 3740 3144 Iesus

2157 3191 2414 3248 Christus
2475 3192 2532 3245 in
2594 3190 2685 3246 illa
2734 3198 2919 3256 nocte,
2975 3189 3108 3259 (nox
3161 3195 3356 3242 autem
3411 3185 3629 3258 signum
3674 3187 3742 3233 est

2159 3282 2504 3340 adversitatis
2535 3289 2590 3338 et
2617 3280 2894 3348 tristitiae;
2941 3279 2998 3336 in
3046 3293 3158 3350 qua
3199 3285 3368 3333 nocte
3426 3289 3539 3331 non
3582 3268 3741 3342 epula-

2160 3373 2342 3440 batur,
2367 3387 2478 3427 non
2506 3370 2895 3436 inebriebatur,
2919 3368 3013 3424 sed
3036 3368 3106 3424 ad
3132 3375 3376 3424 mortem
3405 3378 3511 3436 pro
3533 3357 3741 3434 peccatis

2160 3465 2364 3522 nostris
2411 3463 2750 3535 tradebatur)
2802 3462 3004 3534 accepit
3051 3475 3264 3532 panem,
3313 3459 3374 3515 id
3424 3469 3510 3537 est
3581 3464 3736 3508 veram

2161 3555 2524 3614 substantiam
2552 3553 2732 3625 panis.
2783 3552 2855 3608 Et
2900 3568 3057 3624 agens
3103 3551 3311 3623 gratias
3346 3548 3466 3605 Deo
3510 3540 3652 3601 Patri
3684 3537 3740 3594 de

2161 3646 2306 3712 hoc;
2347 3644 2499 3716 quia,
2549 3643 2693 3699 sicut
2735 3657 2832 3713 per
2878 3656 3005 3698 eum
3051 3639 3434 3710 disposuerat,
3464 3636 3735 3690 humanum

2161 3753 2335 3810 genus
2359 3735 2681 3802 redimebat,
2723 3742 2780 3790 et
2826 3733 2884 3788 in
2931 3730 3240 3787 obedientia
3285 3728 3476 3784 Patris
3514 3732 3738 3810 persevc-

2162 3807 2339 3887 rabat.
2386 3828 2445 3884 In
2493 3827 2582 3884 his
2631 3825 2812 3882 verbis
2860 3823 3063 3896 quibus
3107 3821 3370 3878 Christus
3422 3817 3624 3891 gratias
3648 3807 3737 3880 egit

2162 3923 2342 3990 Patri,
2389 3921 2592 3978 dicitur
2631 3919 2937 3977 substantia
2979 3917 3138 3989 panis
3173 3923 3230 3971 et
3266 3913 3385 3970 vini
3424 3907 3661 3982 apposita
3693 3900 3740 3954 in

2163 4014 2342 4080 altari,
2367 4011 2603 4068 transire
2621 4010 2676 4066 in
2692 4025 2876 4066 veram
2903 4021 3125 4063 carnem
3141 4013 3198 4061 et
3214 4018 3413 4060 verum
3441 3994 3733 4080 sanguinem

2161 4078 2388 4162 Christi.
2442 4101 2681 4169 Gratias,
2709 4101 2956 4171 inquam,
2993 4113 3152 4168 agens
3198 4095 3364 4168 fregit
3415 4078 3736 4182 illud,_quftd

2163 4211 2335 4252 unum
2363 4203 2416 4250 et
2441 4191 2804 4263 inseparabile
2827 4190 2990 4246 durat
3015 4188 3071 4244 in
3097 4194 3365 4242 aeternum
3396 4201 3412 4252 ;
3453 4179 3547 4238 sed
3571 4176 3727 4244 fregit.

2163 4305 2291 4348 cum
2341 4287 2570 4358 singulis
2619 4293 2794 4341 totum
2839 4281 3026 4339 dedit:
3080 4287 3140 4334 ut
3165 4293 3262 4350 per
3295 4275 3406 4332 hoc
3439 4263 3736 4364 iiisinuaret,

2165 4397 2288 4450 nos,
2315 4379 2410 4452 qui
2435 4356 2689 4450 personis
2717 4373 2922 4432 diversi
2948 4387 3185 4438 sumus,
3209 4369 3416 4424 debere
3450 4356 3734 4452 unnm_tieri

469 4495 610 4550 quos
653 4479 711 4534 in
759 4443 1149 4535 schismatibus
1199 4443 1320 4535 scit;
1359 4443 1602 4551 gioriari.
1647 4478 1824 4535 Credo
1856 4443 2068 4568 utique;
2101 4509 2146 4565 ι)
2171 4472 2227 4527 in
2251 4469 2544 4527 ἀίιθοιίοῐὶο
2709 4465 2916 4568 τεθίξν
2940 4463 3188 4568 ξιιίιυθηι)
3210 4469 3260 4514 ει
3455 4471 3475 4508 ³

468 4587 599 4628 nam
625 4580 841 4643 oportet
865 4571 1108 4628 credere.
1155 4569 1294 4625 Nam
1336 4571 1608 4643 religiosa:
1633 4587 1883 4643 persona:
1907 4587 2068 4628 man-

467 4667 738 4722 daverunt
763 4665 919 4720 mihi.
949 4663 1048 4720 Vel
1073 4665 1148 4720 ita
1174 4683 1188 4719 :
1218 4662 1475 4720 scissura:
1500 4665 1555 4720 in
1581 4664 1738 4720 vobis
1762 4664 1884 4720 ideo
1910 4672 2070 4730 sunt;

471 4774 597 4813 nam
621 4763 839 4829 Oportet
859 4771 984 4812 esse
1009 4755 1304 4822 scissuras,
1339 4755 1393 4810 id
1433 4763 1519 4811 est
1543 4755 1819 4827 quaslibet
1857 4754 2071 4810 discor-

468 4849 610 4914 dias,
637 4857 685 4902 et
711 4847 882 4921 (quod
905 4847 1084 4918 majus
1109 4846 1214 4917 est)
1241 4845 1481 4904 haereses.
1511 4845 1735 4900 Necesse
1753 4854 1831 4899 est
1851 4845 1990 4898 enim
2013 4856 2072 4899 ut

471 4941 679 4994 veniant
723 4940 1006 5006 scandala,
1061 4941 1128 4995 ad
1176 4941 1304 5006 hoc,
1341 4949 1400 4994 ut
1435 4939 1529 5010 qui
1565 4937 1777 5010 probati
1809 4946 1934 4992 sunt
1962 4946 2017 4992 et
2039 4953 2071 4991 a

473 5030 584 5086 Deo
607 5031 786 5097 electi,
836 5032 968 5100 ﬁant
1020 5033 1292 5103 manifesti
1321 5033 1378 5086 in
1411 5032 1576 5096 vobis,
1605 5030 1966 5100 pcrdnrantes
2015 5029 2070 5084 in

473 5123 888 5190 tentationihns,
913 5135 968 5179 et
992 5135 1050 5180 ut
1077 5124 1294 5194 reprobi
1325 5126 1456 5178 tiant
1481 5122 1736 5178 similiter
1772 5117 2069 5175 manifesti.

473 5213 926 5285 Quandoquidem
967 5215 1226 5270 scissura:
1271 5215 1477 5271 suntin
1505 5215 1682 5280 vobis,
1727 5230 1851 5284 ergo
1897 5229 2075 5266 conve-

475 5305 740 5361 nientibus
789 5306 932 5360 vobis
959 5309 1016 5362 in
1051 5323 1232 5373 unum,
1289 5307 1383 5378 qui
1434 5305 1628 5362 unitati
1675 5303 2071 5370 contradicitis,

467 5399 587 5470 jam
617 5415 722 5452 non
752 5408 851 5464 est,
888 5399 940 5454 id
969 5409 1073 5465 est,
1127 5414 1226 5469 pro
1277 5398 1393 5452 sola
1443 5413 1609 5452 causa
1643 5396 1930 5451 discordize
1955 5411 2064 5449 non

475 5493 604 5548 licet
629 5491 952 5546 manducare
978 5491 1314 5545 Dominicam
1345 5505 1564 5555 ca’nam,
1603 5487 1653 5542 id
1680 5496 1765 5542 est
1789 5502 1990 5557 corpus
2013 5495 2070 5541 et

475 5585 801 5654 sanguinem
837 5581 1061 5649 Christi,
1085 5600 1206 5655 qua:
1231 5582 1496 5637 Dominus
1521 5579 1804 5648 discipulis
1832 5579 1885 5632 in
1911 5594 2068 5634 coena

475 5675 738 5742 tradidit;
770 5675 852 5729 vel
873 5675 1008 5744 jam,
1055 5674 1104 5729 id
1148 5684 1230 5729 est
1281 5674 1333 5727 in
1387 5673 1491 5726 hoc
1538 5669 1762 5734 mundo,
1790 5667 2074 5722 Dominica

479 5781 635 5820 omna
662 5767 816 5822 vobis
843 5783 941 5840 pro
969 5765 1240 5821 discordia
1268 5762 1628 5825 interdicitur,
1677 5759 1769 5813 sed
1795 5759 1850 5812 in
1887 5757 2072 5810 futuro

2173 4562 2228 4618 id
2251 4569 2356 4627 est,
2383 4557 2714 4630 acceptabile
2745 4535 2852 4612 hoc
2875 4553 3088 4620 habete,
3122 4559 3178 4606 et
3209 4549 3482 4606 subtiliter
3509 4535 3735 4630 discutite

2174 4625 2710 4724 mysterium‘hujus
2754 4641 3119 4709 sacramenti;
3173 4648 3252 4707 ut,
3301 4625 3730 4728 quemadmodulft

2173 4757 2276 4816 ego
2301 4757 2401 4812 pro
2426 4739 2604 4807 vobis,
2647 4738 2728 4794 sic
2765 4744 2822 4793 et
2845 4750 2945 4806 pro
2971 4733 3191 4789 nomine
3226 4745 3349 4786 meo
3396 4735 3454 4784 et
3490 4725 3732 4816 proxim'IS

2174 4800 2614 4908 pati-gaudeatis.
2666 4800 2924 4899 Accipite,
2974 4825 3222 4894 inquam,
3259 4830 3311 4876 et
3336 4800 3728 4908 manducaule

2175 4895 2284 4998 qua
2312 4895 2371 4981 re
2392 4923 2648 4980 Christus
2675 4919 2956 4976 insinuare
2999 4915 3174 4970 voluit
3199 4929 3308 4968 non
3335 4908 3576 4968 sufficere
3600 4895 3732 4998 nobis

2176 4995 2223 5073 si
2249 5016 2560 5081 credamus,
2583 5011 2688 5068 nisi
2716 5009 2985 5083 gestando
3033 5006 3317 5061 videamus
3362 5011 3526 5072 quam
3569 4995 3727 5086 snarl?

2175 5121 2260 5166 cst
2287 5109 2588 5175 Dominus;
2635 5105 2777 5161 sicut
2816 5101 3146 5158 manducare
3173 5113 3281 5151 non
3308 5091 3604 5166 proliceret,
3642 5085 3726 5175 ¹¹¹ξ¹

2177 5203 2542 5259 crederemus.
2574 5171 2654 5252 'Et
2701 5196 2797 5248 hoc
2845 5192 2992 5264 quod
3039 5187 3198 5260 panis
3241 5186 3404 5258 paulo
3447 5186 3565 5234 ante
3607 5171 3722 5264 crat.

2175 5308 2324 5350 nunc
2369 5306 2493 5346 vere
2515 5297 2592 5344 est
2625 5302 2814 5357 corpus
2857 5297 3072 5346 meum;
3110 5278 3250 5350 quod
3289 5286 3483 5346 corpus
3521 5259 3724 5362 ιταςιειῖτ

2171 5403 2268 5458 pro
2298 5383 2440 5441 vobis
2469 5383 2525 5436 in
2551 5390 2802 5445 mortem,
2833 5377 2958 5430 licet
2981 5390 3127 5429 nunc
3153 5371 3286 5428 illud
3311 5367 3462 5423 vobis
3484 5357 3716 5433 porrigam

2169 5475 2475 5534 immortale
2501 5483 2555 5530 et
2579 5469 2937 5542 impassibile.
3641 5531 3650 5542 ο

2241 5568 2549 5625 Notandum
2575 5541 2784 5620 esthoc
2808 5562 2971 5617 ctiam
2989 5559 3068 5614 sic
3093 5573 3213 5612 esse
3238 5555 3390 5628 signa
3413 5541 3712 5605 substantia;

2174 5673 2234 5718 ut
2261 5662 2466 5716 nullam
2489 5658 2562 5712 ibi
2587 5657 2904 5726 qualitatem
2931 5661 3138 5715 notent,
3163 5663 3338 5718 neque
3359 5633 3712 5726 mortalilau’i'b

2177 5770 2358 5825 neque
2381 5749 2866 5806 immortalitatem.
2899 5741 3005 5798 Nec
3035 5743 3342 5798 mirandum
3375 5743 3452 5792 est
3476 5729 3514 5785 si
3539 5724 3711 5796 (qm‘m’
