3928 6416
102 364 197 421 185

718 345 1109 416 ἘΧΡΟΞΙΤΙΟ
1146 358 1213 414 lN
1253 358 1638 417 EPISTOLAS
1671 361 1678 415 1

1786 361 1900 417 )Ll.
1941 397 2011 406 -—
2048 364 2117 420 ΙΝ
2162 366 2383 423 EPIST.
2424 366 2445 421 l
2478 368 2571 422 AD
2606 368 2765 427 (ΞΟΠ.

3275 346 3380 443 iss

97 477 388 534 admodum
447 476 522 530 ait
567 473 928 545 Augustinus)
967 475 1221 550 manibus
1261 475 1609 530 mortalibus
1633 489 1692 529 se
1721 475 1902 540 A‘Qui
1928 480 2064 532 enim
2101 481 2385 535 manducet
2414 489 2464 536 et
2487 483 2617 537 bibit
2642 485 2877 557 indigne,
2900 488 2991 546 hic
3011 498 3296 555 manduca;
3329 507 3382 558 ει

98 569 460 626 immortalem
487 566 713 632 ferebat,
736 581 861 620 eum
883 566 938 621 in
965 567 1443 636 transﬁguratione
1468 565 1689 637 (Matth.

96 661 244 730 xvu),
272 659 371 729 qui
403 668 536 714 tunc
561 666 615 713 et
637 665 829 728 postea
857 657 1107 712 mortalis
1133 657 1255 724 fuit,
1316 673 1377 714 se
1420 659 1476 712 in
1520 657 1691 728 gloria

94 751 524 807 immortalitatis
564 758 620 804 et
665 748 1119 818 impassibilitatis
1164 749 1345 817 Petro,
1391 750 1595 806 Jacobo
1637 758 1694 804 ct

92 843 280 897 loanni
307 841 572 897 ostendit.
614 840 957 907 Maizducate,
1002 841 1199 911 inquit,
1240 858 1429 912 corpus
1476 856 1689 894 meum:

92 941 143 987 et
179 932 275 986 Iwc
302 931 494 1001 facile,
526 930 581 985 id
605 937 711 997 est,
737 930 996 985 continue
1021 930 1240 985 sumite.
1270 929 1389 985 Non
1414 930 1467 985 in
1492 930 1691 1001 gaudio

92 1032 142 1079 et
162 1023 452 1089 ebrietate,
483 1022 579 1078 sed
602 1022 659 1075 in
683 1037 852 1075 meam
874 1024 1425 1076 commemorationem
1446 1038 1464 1075 :
1506 1029 1567 1077 ut
1591 1038 1689 1077 vos

94 1131 298 1186 semper
342 1128 621 1171 memores
664 1115 937 1185 passionis
979 1124 1034 1170 et
1080 1118 1275 1172 mortis
1310 1132 1466 1184 meae,
1493 1126 1549 1173 et
1576 1119 1688 1188 pati

92 1218 141 1265 et
161 1208 298 1263 mori
321 1208 508 1264 velitis
533 1221 633 1277 pro
658 1222 765 1262 me.
797 1205 1060 1262 Similiter
1074 1208 1218 1264 sicut
1243 1224 1464 1279 corpus,
1486 1211 1688 1280 accepit

94 1300 299 1355 ralicem
346 1308 635 1370 postquam
684 1299 905 1352 ccenavit
957 1299 1071 1370 (hic
1119 1300 1319 1377 innuit,
1369 1302 1515 1372 quod
1563 1310 1689 1372 post

94 1408 294 1447 coenam
341 1406 550 1461 corpus
594 1390 847 1446 similiter
879 1390 1147 1463 dederit);
1176 1395 1397 1463 accepit,
1439 1394 1684 1465 inquam,

93 1485 320 1553 calicem,
362 1485 586 1539 dicens:
640 1483 745 1538 Hic
802 1484 948 1539 calix
1004 1485 1099 1556 qui
1158 1486 1322 1556 paulo
1377 1496 1503 1543 ante
1556 1503 1686 1543 vera

95 1577 389 1633 substantia
440 1575 558 1631 vini
601 1584 757 1632 erat:
821 1575 911 1631 hic
960 1577 1152 1647 utique
1199 1578 1340 1633 calix
1398 1587 1482 1635 est
1529 1594 1686 1634 meus

73 1670 332 1742 ’sanguis:
378 1679 437 1726 et
478 1671 538 1723 in
571 1670 678 1724 hoc
718 1684 831 1723 meo
881 1669 1137 1739 sanguine
1161 1678 1238 1722 est
1279 1685 1467 1724 novum
1515 1678 1684 1725 testa-

96 1770 332 1827 mentum,
373 1758 432 1814 id
490 1768 576 1815 est
624 1775 763 1814 nova
812 1759 1129 1829 promissio.
1170 1759 1280 1815 Lex
1328 1762 1473 1816 enim
1523 1770 1693 1821 vetus

1793 568 1925 622 bibit
1959 585 2068 626 non
2102 572 2514 644 indulgentiam,
2548 577 2641 631 sed
2652 578 2946 649 judicium,
2971 583 3023 639 id
3047 597 3132 643 est
3154 590 3380 651 damna-

1793 659 1997 715 tionem
2027 662 2164 730 sibi;
2198 674 2251 720 ct
2277 666 2513 740 .merito,
2543 668 2673 737 quia
2697 686 2800 725 non
2835 672 3160 745 dijudicans,
3198 679 3252 735 id
3297 692 3383 739 est

1792 767 1984 821 parum
2045 755 2364 812 discernens
2413 758 2483 813 ab
2527 759 2638 815 alio
2685 761 2809 817 cibo
2867 781 3056 836 corpus
3115 767 3381 840 Domini,

1789 847 2252 914 quemadmodum
2302 865 2412 904 non
2454 849 2837 910 discernebant
2892 855 3203 929 Corinthii;
3247 864 3377 934 quia

1790 936 1936 1006 quod
1962 938 2017 991 in
2043 946 2156 993 toto
2176 939 2536 1009 praemiserat,
2580 942 2647 997 de
2683 943 2985 1004 Corinthiis
3022 951 3260 1007 maxime
3292 953 3380 1008 in-

1791 1028 2088 1085 tellexerat.
2125 1028 2207 1085 Ex
2233 1032 2530 1101 prtemissis
2559 1032 2722 1090 infert
2741 1036 2797 1090 in
2823 1052 2954 1093 eos:
2987 1039 3123 1107 Quia
3158 1042 3379 1116 indigne

1790 1117 2010 1174 sumitis
2038 1133 2236 1189 corpus
2259 1118 2495 1188 Domini,
2530 1137 2630 1177 nec
2659 1123 2729 1177 ab
2754 1125 2877 1181 aliis
2905 1127 3043 1183 cibis
3070 1129 3200 1185 illud
3225 1131 3373 1202 diju-

1788 1206 1985 1263 dicatis
2016 1227 2028 1261 :
2058 1208 2175 1262 ideo
2205 1210 2344 1263 inter
2365 1226 2474 1277 vos,
2511 1226 2545 1264 ο
2581 1210 2870 1281 Corinthii,
2917 1216 3076 1272 multi
3114 1228 3246 1275 sunt
3291 1221 3375 1275 in-

1788 1301 1953 1369 ﬁrmi,
1996 1299 2241 1357 febribus
2269 1310 2323 1357 et
2358 1301 2675 1371 hujusmodi
2715 1307 3097 1377 passionibus;
3128 1319 3179 1364 et
3221 1311 3377 1366 multi

1788 1391 2091 1459 imbecilles,
2139 1393 2235 1463 qui
2285 1393 2487 1448 virtute
2532 1396 2907 1452 membrorum
2954 1400 3272 1469 privantur;
3322 1415 3375 1459 et

1786 1484 1949 1538 etiam
1972 1485 2243 1539 dormiunt
2274 1484 2433 1539 multi
2464 1501 2659 1540 somno
2688 1489 2899 1544 mortis.
2938 1488 3077 1556 Quia
3108 1507 3218 1546 non
3244 1507 3375 1547 exa-

1788 1576 2062 1632 minamus
2086 1592 2205 1644 nos,
2231 1576 2352 1633 ideo
2375 1577 2454 1633 sic
2478 1577 2770 1649 alﬂigimur
2792 1598 2806 1648 ;
2830 1582 2877 1634 si
2899 1599 3015 1636 vero
3030 1586 3372 1654 nosmetipsos

1785 1668 2222 1738 dijudicaremus,
2266 1670 2318 1725 id
2357 1678 2441 1726 est
2476 1671 2620 1725 mala
2657 1669 2798 1726 facta
2828 1681 3014 1728 nostra
3043 1674 3373 1744 diiudicare-

1786 1777 1932 1829 mus,
1971 1761 2025 1816 id
2071 1769 2157 1817 est
2196 1762 2584 1818 damnaremus
2618 1762 2830 1834 ﬂagello
2878 1764 3229 1835 poenitentiae,
3270 1783 3375 1821 non

95 1851 317 1905 carnalia
357 1851 753 1922 pronittebat;
807 1850 903 1906 sed
954 1851 1059 1906 hoc
1104 1862 1507 1908 sacramentum
1553 1870 1679 1909 cor-
1713 1865 1756 1924 Β
1786 1854 1965 1923 utique
1989 1852 2377 1923 judicaremur,
2424 1855 2478 1909 id
2522 1862 2608 1909 est
2644 1854 3034 1911 damnaremur
3072 1869 3173 1926 pro
3218 1856 3306 1912 his
3342 1872 3374 1912 a

96 1958 126 2011 p
157 1942 229 1997 ris
250 1949 303 1996 et
330 1942 623 2013 sanguinis
653 1942 758 1998 mei
782 1957 897 1998 rem
924 1958 1145 2009 novam,
1183 1945 1313 2014 quia
1340 1944 1680 2014 Spiritualem

96 2032 477 2088 beatitudinem
522 2033 816 2104 promittit.
889 2033 1297 2090 Testamentum
1344 2037 1509 2090 etiam
1560 2036 1682 2091 ideo

98 2141 301 2192 novum,
351 2124 488 2195 quia
538 2140 823 2195 nunquam
872 2137 956 2181 est
1005 2126 1430 2193 immutandum,
1481 2135 1543 2180 ut
1588 2127 1680 2181 alii

98 2215 220 2271 ritus
242 2215 600 2271 inducantur.
632 2215 697 2271 Et
721 2216 838 2284 hoc,
868 2217 1078 2272 scilicet
1102 2217 1425 2287 sanguinem
1454 2233 1636 2271 meum
1663 2236 1677 2284 ;

100 2306 261 2374 facite,
286 2306 340 2361 id
366 2317 457 2363 est
483 2307 705 2373 sumite,
734 2308 790 2361 in
829 2324 997 2362 meam
1019 2309 1595 2376 commemorationem,
1625 2298 1679 2364 id

100 2407 169 2451 est
210 2398 453 2453 contrito
500 2406 555 2452 et
602 2398 893 2453 humiliato
944 2401 1127 2467 corde,
1180 2415 1288 2454 non
1336 2401 1532 2468 semel,
1585 2401 1679 2456 sed

102 2489 491 2559 quotiescunque
532 2490 764 2544 sumitis.
797 2489 865 2544 Et
884 2491 1093 2561 justum
1122 2500 1208 2547 est
1232 2500 1292 2546 ut
1317 2493 1419 2547 hoc
1450 2492 1680 2548 sumatis

103 2578 147 2631 in
170 2580 489 2636 memoriam
519 2581 626 2635 mei
653 2599 668 2647 ;
696 2583 824 2652 quia
857 2583 1265 2653 quotiescunque
1288 2582 1679 2636 manducabitis

102 2687 265 2740 panem
284 2672 449 2738 hunc,
476 2672 531 2726 id
576 2680 661 2727 est
689 2689 875 2728 verum
904 2689 1104 2743 corpus
1147 2689 1352 2739 meum,
1381 2675 1525 2745 quod
1554 2690 1677 2744 spe—

101 2761 219 2816 ciem
259 2772 314 2817 et
365 2778 623 2834 saporem
670 2764 834 2834 panis
884 2764 1079 2819 retinet
1124 2765 1215 2834 (ne
1242 2773 1521 2820 sumentes
1548 2765 1678 2819 illud

101 2852 474 2924 abhorreant);
517 2863 566 2907 et
602 2855 806 2925 quoties
836 2853 1022 2909 bibetis
1048 2854 1184 2909 hunc
1211 2854 1451 2921 calicem,
1497 2855 1553 2910 id
1594 2866 1678 2912 est

102 2946 404 3016 sanguinem
459 2946 614 3017 131
657 2962 839 3001 meum
875 2946 1115 3016 (propter
1170 2961 1420 3017 saporem
1461 2955 1517 3002 et
1557 2962 1671 3017 spe.

102 3036 220 3091 ciem
247 3039 364 3092 vini
382 3038 988 3109 retinentem),quoties,
1009 3039 1255 3109 inquam,
1282 3038 1399 3094 haec
1425 3039 1675 3105 sumetis,

105 3130 471 3183 mumiabitis
487 3171 501 3193 ,
528 3129 579 3184 id
603 3139 689 3184 est
714 3129 1170 3199 reprazsventabitis
1198 3138 1418 3183 mortem
1438 3126 1676 3197 Domini,

1784 1942 2037 1999 Domino.
2086 1943 2241 2000 Unde
2267 1944 2412 1999 enim
2435 1945 2601 2000 homo
2627 1945 2868 2015 seipsum
2898 1945 3130 2015 judicat,
3160 1947 3286 2002 inde
3309 1947 3377 2001 li-

1780 2035 1880 2090 ber
1901 2036 2079 2090 evadit
2102 2036 2369 2106 judicium
2398 2034 2513 2089 Dei.
2554 2034 2621 2089 Et
2648 2035 2773 2090 licet
2799 2051 2896 2106 per
2925 2037 3296 2091 inﬁrmitatem
3321 2048 3377 2093 et

1783 2127 2206 2183 imbecillitatem
2236 2128 2316 2183 sic
2350 2127 2654 2198 allligamur
2683 2144 2715 2182 a
2749 2126 3004 2195 Domino,
3033 2136 3215 2183 tamen
3246 2129 3375 2182 dum

1782 2218 1861 2274 sie
1881 2219 2212 2289 judicamur,
2241 2228 2314 2285 et,
2353 2220 2651 2275 secundum
2674 2212 2939 2290 quosdam
2966 2220 3032 2276 de
3053 2220 3211 2274 nobis
3232 2220 3377 2275 male

1781 2320 2026 2380 agentes,
2047 2309 2393 2375 damnamur,
2417 2324 2520 2364 nos
2548 2309 2660 2377 alii,
2691 2325 2760 2365 nc
2788 2309 3039 2364 similiter
3060 2325 3373 2380 peccemus,

1781 2403 2099 2471 corripiatur
2123 2419 2154 2454 a
2176 2400 2434 2467 Domino;
2463 2402 2516 2455 in
2548 2416 2658 2471 quo
2688 2402 2835 2456 enim
2857 2400 3003 2458 Deus
3030 2401 3238 2472 judicio
3264 2402 3378 2474 agit

1782 2500 1973 2548 contra
2009 2492 2226 2561 impios,
2254 2492 2309 2545 in
2336 2508 2402 2546 eo
2429 2492 2859 2547 misericorditer
2879 2493 3111 2563 castigat
3142 2508 3297 2548 suos.

1854 2582 2188 2652 Corripimur
2219 2583 2364 2649 dico,
2397 2593 2455 2636 ut
2500 2582 2730 2639 correcti
2765 2599 2866 2637 non
2892 2584 3206 2638 damnemur
3251 2599 3373 2636 cum

1781 2673 1877 2727 hoc
1907 2676 2134 2738 mundo;
2183 2675 2304 2728 ideo
2347 2690 2454 2728 non
2500 2674 2577 2728 ait
2623 2691 2743 2728 cum
2773 2674 3082 2740 Corinthiis,
3119 2675 3213 2729 sed
3252 2690 3373 2727 cum

1783 2764 1997 2817 mundo.
2038 2762 2292 2836 lnteliigit
2311 2764 2456 2819 enim
2480 2765 2561 2819 eis
2584 2765 2677 2834 qui
2710 2773 2938 2834 peccant
2963 2781 3072 2819 non
3099 2765 3221 2835 plus
3244 2779 3372 2835 pro-

1781 2853 1940 2908 desse
1968 2862 2187 2923 accepta
2227 2864 2592 2920 sacramenta,
2622 2869 2788 2924 quam
2817 2854 2902 2910 his
2931 2854 3025 2926 qui
3056 2855 3112 2908 in
3138 2853 3368 2922 mundo,

1782 2944 1837 2998 id
1861 2952 1944 2998 est
1974 2942 2027 2997 in
2058 2943 2382 3014 gentilitate,
2410 2944 2589 2999 adhuc
2613 2954 2936 3013 permanent
2969 2962 2981 2997 :
3022 2942 3370 3014 quandoqui-

1782 3040 1905 3095 dem
1961 3039 2181 3110 indigne
2228 3048 2506 3094 sumentes
2561 3039 2934 3106 damnantur;
2987 3047 3042 3093 et
3090 3039 3219 3109 quia
3273 3056 3371 3109 per

1782 3129 2188 3184 damnationem
2219 3129 2512 3199 impiorum
2550 3128 2886 3197 corripiatur.
2930 3125 3141 3198 Itaque,
3175 3127 3367 3197 fratres

106 3218 176 3271 cui
210 3235 428 3290 semper
450 3221 690 3290 compati
715 3229 771 3274 et
795 3220 1062 3275 commori
1111 3221 1320 3276 debetis
1348 3239 1363 3287 ;
1415 3219 1678 3277 facientes
1706 3212 1748 3268 C
1782 3223 1905 3287 mei,
1936 3229 1996 3275 ut
2021 3220 2182 3291 digne
2214 3228 2269 3276 ct
2306 3220 2442 3274 bene
2477 3218 2710 3288 correpti
2752 3216 3087 3287 suscipiatis,
3127 3233 3246 3271 cum
3273 3233 3370 3273 vos

108 3311 191 3366 hoc
209 3313 369 3367 donec
412 3312 679 3367 Dominus
704 3313 876 3367 veniat
903 3312 971 3367 ad
993 3312 1283 3383 judicium,
1333 3321 1388 3367 et
1430 3313 1676 3384 seipsum

108 3403 237 3460 vobis
259 3404 401 3460 facie
427 3404 496 3459 ad
526 3403 721 3459 faciem
747 3403 943 3459 tradat.

165 3493 465 3551 Notandum
501 3504 587 3552 est
623 3511 724 3551 cur
770 3490 1038 3551 Dominus
1076 3494 1237 3551 Jesus
1269 3503 1397 3566 post
1437 3509 1673 3562 cmnam,

110 3585 357 3643 celebrato
381 3588 554 3643 veteri
580 3587 806 3659 pascha,
837 3603 1039 3658 corpus
1063 3595 1116 3643 et
1138 3590 1459 3659 sanguinem
1489 3602 1673 3653 suum,

113 3692 284 3734 novam
331 3680 542 3736 scilicet
576 3680 782 3750 pascha
816 3679 1100 3749 discipulis
1147 3679 1432 3734 tradiderit
1464 3697 1479 3747 ;
1527 3680 1674 3750 quod

113 3770 223 3826 satis
264 3771 596 3843 competenti
642 3771 836 3827 ordine
871 3770 1076 3826 factum
1106 3779 1210 3827 est.
1250 3769 1306 3825 Si
1338 3771 1485 3827 enim
1520 3771 1675 3841 prius

116 3875 283 3917 novum
312 3864 542 3934 pascha,
571 3862 769 3918 deinde
793 3870 948 3918 vetns
973 3862 1293 3927 celebraret,
1328 3878 1436 3917 non
1470 3862 1677 3918 videre-

116 3958 188 4005 tur
203 3969 292 4023 per
318 3956 423 4011 hoc
456 3971 661 4011 novum
704 3962 1109 4010 sacramentum
1149 3954 1429 4009 destruere
1464 3964 1667 4019 vetera,

117 4058 199 4099 nec
214 4045 365 4101 linem
394 4062 521 4102 esse
541 4055 816 4112 veterum;
854 4045 949 4101 sed
972 4045 1246 4100 videretur
1277 4045 1505 4100 innuere
1520 4047 1674 4115 quod

117 4133 303 4204 iterum,
330 4146 456 4208 post
485 4138 603 4193 haec
636 4152 800 4203 nova,
837 4137 1166 4192 reducturus
1201 4135 1381 4191 adhuc
1415 4144 1559 4192 esset
1583 4136 1671 4191 illa

116 4234 283 4282 vetera.
328 4227 397 4283 Ut
424 4238 608 4283 autem
643 4227 956 4284 ostenderet
1001 4227 1186 4282 omnia
1235 4236 1419 4282 vetera
1464 4226 1521 4281 in
1565 4227 1673 4282 hoc

117 4332 232 4372 novo
255 4321 524 4376 sacriﬁcio
566 4322 728 4375 ﬁnem
759 4319 980 4385 habere,
1026 4334 1127 4374 nec
1162 4317 1250 4373 illa
1282 4334 1523 4388 unquam
1553 4334 1674 4375 esse

116 4409 413 4479 reducenda,
446 4426 689 4484 congrue
716 4422 873 4467 vetus
908 4410 1113 4481 pascha
1143 4411 1212 4466 ad
1241 4411 1673 4466 destructionem

1780 3311 2067 3365 convenitis
2101 3310 2171 3364 ad
2209 3308 2638 3363 manducandum
2664 3323 2879 3364 caenam
2913 3306 3150 3374 Domini,
3187 3323 3370 3378 exspe-

1778 3409 1918 3455 ctate
1951 3401 2192 3467 invicem,
2224 3399 2279 3453 id
2304 3407 2389 3455 est
2411 3399 2550 3455 alter
2578 3398 2832 3466 alterum,
2869 3412 2980 3452 non
3006 3397 3369 3467 anticipantes

1778 3492 2133 3547 constitutam
2178 3492 2369 3545 horam
2405 3489 2706 3561 accipiendi
2759 3488 3101 3544 Dominicam
3126 3504 3360 3545 comam.

1781 3579 2092 3636 Secundum
2121 3580 2267 3635 enim
2292 3579 2641 3634 traditionem
2667 3578 2905 3661 Domini,
2953 3577 3237 3634 consuevit
3263 3576 3365 3631 Ec-

1776 3672 1944 3728 clesia
1964 3672 2023 3726 in
2046 3671 2133 3727 die
2161 3687 2332 3728 etenae
2352 3669 2421 3726 ad
2446 3685 2734 3741 vesperum
2766 3668 3194 3725 communicare.
3234 3668 3368 3724 Dleo

1778 3775 1839 3821 ut
1859 3766 2206 3836 exspectetis.
2251 3763 2311 3819 Si
2340 3764 2458 3834 quis
2494 3778 2612 3815 vero
2641 3761 2828 3826 esurit,
2857 3769 2910 3815 et
2931 3759 3227 3830 legitimam
3264 3758 3367 3814 h0-

1777 3871 1895 3911 ram
1944 3863 2259 3925 exspectare
2286 3852 2530 3924 negligit,
2572 3851 2718 3905 malo
2765 3857 2825 3904 ut
2869 3849 3147 3903 manducet
3198 3848 3365 3914 domi,

1776 3958 1943 4015 quam
1980 3950 2106 3998 ante
2137 3943 2330 3997 horam
2360 3939 2620 4009 anticipet
2642 3952 2853 3993 cmuam
2876 3935 3115 4003 Christi;
3145 3953 3253 3991 non
3283 3944 3365 3989 ta-

1776 4049 1938 4101 men,
1987 4042 2276 4104 postquam
2318 4029 2655 4097 comederit,
2695 4029 3121 4100 participaturus
3164 4041 3368 4082 mensa:

1774 4124 2000 4181 Christi.
2054 4124 2148 4180 Sic
2188 4124 2421 4180 invicem
2449 4125 2766 4192 exspectare
2805 4137 2904 4178 vos
2945 4122 3093 4187 volo,
3151 4129 3207 4175 ut
3263 4135 3368 4173 non

1775 4219 2098 4274 conveniatis
2131 4219 2189 4271 in
2202 4217 2492 4288 judicium,
2528 4216 2580 4272 id
2608 4224 2691 4272 est
2718 4225 3020 4272 conventus
3050 4225 3231 4271 vester
3254 4228 3366 4269 non

1776 4310 1847 4367 sit
1872 4311 2028 4366 vobis
2058 4325 2224 4366 causa
2253 4308 2644 4365 damnationis.
2691 4307 2817 4363 Hmc
2856 4306 3168 4378 supradicta
3206 4305 3364 4379 132
3392 4320 3397 4325 '

1776 4403 1942 4457 modo
1980 4402 2139 4457 vobis
2167 4401 2448 4472 proposui,
2489 4400 2618 4472 quia
2661 4400 2777 4455 seio
2823 4416 2921 4456 vos
2968 4399 3089 4454 sine
3130 4398 3216 4455 his
3258 4414 3370 4453 non

115 4503 387 4571 praemisit,
429 4511 486 4559 et
535 4518 739 4557 novum
792 4503 1026 4574 pascha,
1068 4502 1215 4573 quod
1248 4517 1671 4572 permansurum
1711 4564 1748 4574 _
1777 4509 1941 4565 posse
1998 4493 2221 4548 salvari.
2276 4491 2485 4549 Caetera
2527 4500 2733 4558 autem,
2783 4492 2911 4548 sine
2941 4492 3142 4562 quibus
3186 4500 3368 4546 tamen

114 4564 227 4660 erat,
254 4564 574 4665 supposuit;
610 4594 666 4649 in
693 4564 810 4665 qud
834 4564 1363 4649 omnium'vctci-um
1393 4594 1519 4651 ﬁnis
1547 4594 1673 4663 fuit,
1710 4564 1754 4623 θ
1780 4585 1982 4642 salvari
2020 4585 2272 4655 potestis,
2316 4584 2412 4640 sed
2447 4584 2514 4640 ad
2542 4583 2940 4639 incrementum
2973 4583 3158 4654 gloriae
3197 4583 3363 4654 proﬁ-

115 4685 524 4756 quaudoquidem
554 4687 612 4740 in
640 4686 1191 4740 commemorationem
1218 4693 1273 4740 et
1300 4685 1356 4739 in
1384 4685 1678 4741 conformi-

116 4777 253 4830 latem
276 4775 481 4833 Christi
504 4778 767 4833 sumenda
797 4785 926 4832 sunt
954 4777 1071 4832 haec
1097 4787 1457 4832 sacramenta.
1488 4776 1677 4848 Itaque

116 4866 376 4940 quicunque
399 4870 795 4924 manducauerit
811 4886 1022 4940 panem,
1041 4869 1094 4925 id
1115 4878 1199 4925 est
1220 4885 1420 4941 corpus
1435 4869 1673 4937 Domini,

119 4953 180 5005 rel
198 4958 373 5013 biberit
396 4959 637 5026 calicem,
668 4959 720 5014 id
743 4969 826 5014 est
853 4960 1175 5030 sanguinem
1198 4960 1411 5013 Domini
1435 4960 1672 5031 indigne,

119 5044 159 5097 id
197 5058 270 5105 est
300 5053 355 5106 in
409 5052 674 5118 scissura,
724 5051 779 5107 in
824 5052 1111 5117 ebrietate,
1146 5053 1230 5108 vel
1265 5052 1318 5107 in
1358 5052 1673 5123 huiusmodi

119 5141 265 5209 malis,
286 5144 376 5199 ille
405 5144 507 5198 erit
533 5160 649 5198 reus
678 5145 914 5214 corporis
947 5152 997 5197 et
1033 5144 1309 5214 sanguinis
1354 5142 1590 5209 Domini,
1621 5143 1673 5199 id

118 5240 185 5284 t‘st
203 5234 519 5291 damnabilis
544 5245 763 5306 propter
802 5251 1005 5305 corpus
1041 5244 1094 5290 et
1119 5235 1441 5307 sanguinem
1467 5233 1675 5291 Christi

121 5316 304 5393 indigne
331 5335 638 5396 acceptum.
677 5324 757 5380 Ne
790 5335 969 5379 autem
998 5341 1126 5380 reus
1157 5324 1252 5379 ﬁat
1278 5324 1466 5392 homo,
1495 5324 1674 5395 probet

122 5413 335 5485 seipsum,
368 5419 419 5472 id
442 5426 527 5473 est
546 5417 823 5472 examinet
850 5425 905 5472 et
930 5416 1193 5487 dijudicet
1216 5431 1293 5481 se,
1331 5423 1458 5472 non‘
1485 5416 1674 5472 confe-

124 5516 226 5561 rens
245 5509 314 5563 illi
343 5511 440 5580 qui
468 5510 608 5564 male
633 5509 762 5577 agit,
795 5509 953 5579 quasi
983 5524 1080 5579 per
1101 5508 1203 5563 hoc
1220 5507 1497 5578 justitiam
1517 5523 1672 5564 suam

128 5596 373 5667 Praeferat;
407 5601 502 5656 sed
531 5601 711 5670 seipse
742 5602 795 5655 in
817 5601 1063 5656 contuitu
1088 5600 1420 5656 inﬁrmitatis
1453 5616 1568 5655 suae
1592 5600 1676 5655 di-

125 5680 310 5745 l'tdicet.
351 5690 419 5743 Et
455 5692 531 5744 sic
573 5691 833 5760 probatus
861 5690 979 5744 edat
1019 5690 1081 5743 de
1114 5706 1247 5760 pane
1270 5689 1387 5754 illo,
1411 5689 1545 5744 etde
1579 5706 1674 5742 ca-

132 5772 210 5837 lice
244 5779 394 5836 bibat.
452 5781 675 5855 Oportet
723 5791 783 5837 ut.
823 5782 988 5837 homo
1039 5782 1116 5837 sic
1163 5783 1403 5853 seipsum
1461 5781 1670 5852 probet.

1780 4692 1903 4744 cua,
1931 4677 2023 4732 illa
2051 4693 2173 4730 cum
2194 4690 2297 4747 ego
2322 4690 2505 4730 venero
2532 4674 2811 4744 disponam
2838 4674 3009 4730 vobis.

2377 4764 2608 4820 CAPUT
2645 4764 2759 4818 XII.

1859 4876 1878 4909 ‹
1923 4856 1999 4912 De
2026 4856 2404 4928 spiritualibus
2441 4864 2624 4911 autem
2653 4856 2782 4909 nolo
2810 4869 2908 4910 vos
2964 4853 3236 4924 ignorare,
3261 4852 3371 4910 fra-

1788 4969 1807 5001 ε
1854 4957 1981 5005 tres.
2024 4948 2188 5005 Scitis
2218 4957 2401 5004 autem
2438 4948 2698 5018 quoniam
2741 4961 2868 5002 cum
2916 4955 3106 5018 gentes
3151 4949 3368 5016 essetis,

1786 5062 1805 5094 ‹
1854 5042 1921 5097 ad
1973 5042 2267 5098 simulacra
2327 5048 2480 5095 muta
2539 5048 2705 5110 prout
2753 5039 3099 5095 ducebamini
3151 5051 3367 5098 euntes.

1784 5154 1803 5186 ι
1851 5132 1975 5189 Ideo
2002 5141 2192 5187 notum
2218 5129 2376 5185 vobis
2401 5129 2543 5184 facio
2571 5129 2718 5201 quod
2747 5145 2909 5185 nemo
2947 5130 3000 5185 in
3046 5130 3239 5201 spiritu
3269 5130 3366 5187 Dei

1784 5245 1803 5278 ι
1844 5226 2094 5294 loquens,
2124 5222 2256 5278 dicit
2279 5221 2569 5278 anathema
2592 5219 2742 5276 Jesu.
2795 5219 2863 5275 Et
2892 5236 3053 5276 nemo
3079 5229 3257 5291 potest
3284 5222 3368 5277 di-

1784 5338 1803 5369 ι
1845 5332 1968 5373 cere
2011 5335 2029 5367 ι
2064 5315 2329 5370 Dominus
2374 5311 2557 5381 Jesus,
2587 5332 2605 5365 ι
2666 5313 2774 5369 nisi
2819 5313 2875 5367 in
2913 5311 3118 5383 Spiritu
3159 5322 3369 5370 sancto.

1784 5431 1803 5461 ι
1849 5409 2156 5463 Divisiones
2174 5423 2305 5462 vero
2331 5407 2629 5475 gratiarum
2651 5414 2800 5473 sunt,
2826 5404 2969 5459 idem
2994 5415 3175 5459 autem
3206 5405 3367 5473 spiri-

1784 5523 1802 5554 ‹
1846 5512 1952 5556 tus.
1994 5499 2061 5554 Et
2094 5498 2393 5554 divisiones
2421 5497 2888 5552 ministrationum
2921 5504 3072 5563 sunt,
3096 5494 3239 5550 idem
3271 5510 3371 5548 au—

1784 5618 1801 5650 ‹
1845 5606 1951 5651 tem
1995 5596 2283 5652 Dominus.-
2336 5596 2402 5650 Et
2445 5595 2743 5651 divisiones
2789 5593 3169 5664 operationum
3218 5599 3369 5655 sunt,

1785 5710 1800 5739 ε
1846 5688 1986 5743 idem
2012 5704 2142 5742 vero
2170 5687 2333 5755 Deus,
2379 5689 2473 5759 qui
2511 5697 2771 5759 operatur
2794 5684 2979 5740 omnia
3010 5682 3062 5737 in
3091 5680 3364 5735 omnibus.

1788 5801 1807 5827 ε
1853 5777 2158 5849 Unicuique
2194 5789 2372 5835 autem
2419 5779 2578 5837 datur
2618 5774 2988 5839 manifestatio
3034 5770 3258 5843 spiritus
3302 5772 3369 5829 ad
