3928 6452
492 328 598 386 187

1026 323 1083 380 S.
1126 319 1474 379 BRUNONIS
1510 314 2153 378 CARTHUSIANORUM
2192 313 2682 375 INSTITUTORIS
2721 313 2875 373 OPP.
2916 313 3097 372 PARS
3134 313 3210 371 ΙΙ.

3695 314 3780 373 188

496 458 520 495 ε
563 438 870 496 ut’litatem.
907 436 1013 506 Alii
1046 434 1269 507 quidem
1307 449 1403 506 per
1430 433 1682 504 spiritum
1707 431 1869 488 datur
1897 446 2079 487 sermo
2106 435 2150 492 Α
2184 431 2418 502 Spiritus
2464 431 2658 488 sancti.
2711 429 2816 497 Qui
2855 444 2986 491 vero
3028 427 3360 500 majoribus
3398 425 3599 497 gratiis
3631 427 3784 483 abun-

497 550 517 585 ο
560 529 873 601 sapientius;
901 527 995 584 alii
1023 536 1207 584 autem
1242 540 1423 583 sermo
1467 524 1729 590 scientiae,
1775 520 2099 600 secundum

497 644 516 675 ι
561 622 816 679 eumdem
861 620 1151 692 spiritum;
1200 618 1352 673 alteri
1394 617 1525 671 fides
1551 616 1606 670 in
1635 615 1827 672 eodem
1854 613 2079 684 spiritu;

499 737 517 767 ε
566 715 659 771 alii
682 713 856 784 gratia
886 713 1175 770 sanitatem
1218 712 1272 769 in
1305 706 1416 766 uno
1441 710 1665 780 sp'ritu;
1699 708 1793 763 ali
1835 707 2083 777 operatio

500 830 518 861 ε
569 808 866 875 vit-itum;
898 807 991 862 alii
1018 805 1328 877 prophetia;
1356 802 1449 858 alii
1471 803 1730 859 discretio
1759 800 2080 871 spitituum;

499 920 518 952 ι
567 898 661 954 alii
693 914 894 972 genera
941 899 1283 968 linguarum;
1332 894 1427 975 alii
1475 893 1849 965 intirjretatio
1871 905 2083 948 sermo-

501 1011 520 1043 ι
566 984 737 1048 num.
774 982 901 1048 Huic
950 998 1129 1049 autem
1182 988 1368 1044 omnia
1417 995 1679 1058 operatur
1720 1002 1865 1041 unus
1921 996 2103 1055 atque

497 1102 516 1135 ε
566 1084 711 1139 idem
734 1077 986 1154 'spiritus,
1021 1067 1269 1139 dividens
1297 1080 1719 1151 singulisiprout
1748 1078 1861 1132 vult
1905 1076 2081 1148 (Rom.

498 1193 517 1226 ι
570 1174 769 1243 nt,‘6;
804 1160 999 1245 (Ep/tes.
1049 1189 1122 1238 tv,
1170 1171 1242 1242 7).
1290 1170 1445 1227 Sicut
1489 1171 1636 1226 enim
1676 1184 1883 1240 corpus
1912 1183 2083 1223 unum

500 1285 520 1315 ι
570 1275 674 1333 est,
704 1275 757 1322 et
781 1250 1033 1321 membra
1053 1265 1217 1319 habet
1243 1263 1438 1327 multa,
1475 1262 1660 1316 omnia
1700 1270 1883 1315 autem
1912 1275 2087 1314 mem-

501 1374 522 1405 ‹
563 1354 660 1410 bra
694 1355 941 1424 corporis
968 1371 1095 1410 cum
1130 1354 1241 1410 sint
1269 1354 1464 1418 multa,
1489 1367 1659 1407 unum
1691 1366 1891 1421 corpus
1919 1358 2083 1416 sunt;

503 1463 540 1517 c_
570 1447 641 1500 Ita
669 1452 724 1500 et
748 1430 1024 1501 Christus.
1067 1443 1282 1498 Etenim
1322 1443 1377 1497 in
1408 1457 1519 1501 uno
1546 1441 1741 1512 spiritu
1771 1455 1962 1495 omnes
1987 1454 2087 1494 nos

501 1553 519 1588 ι
562 1536 617 1589 in
654 1552 826 1591 unum
853 1551 1054 1605 corpus
1080 1534 1338 1604 haptizati
1362 1548 1584 1600 sumus;
1612 1532 1728 1588 sive
1750 1529 1945 1596 Judaei,
1973 1530 2088 1584 sive

501 1641 521 1673 ι
566 1624 817 1693 gentiles,
851 1624 964 1679 sive
993 1622 1158 1688 servi,
1195 1622 1312 1677 sive
1347 1621 1530 1687 liberi;
1561 1630 1615 1675 et
1642 1633 1834 1675 omnes
1881 1618 1937 1672 in
1978 1632 2089 1672 uno

501 1733 521 1766 ι
564 1712 760 1784 spiritu
783 1717 955 1785 potati
974 1730 1187 1770 sumus.
1211 1711 1349 1770 Nam
1368 1723 1424 1769 et
1445 1729 1649 1784 corpus
1670 1728 1780 1767 non
1800 1719 1886 1769 est
1910 1725 2084 1765 unum

504 1823 523 1854 ι
569 1806 899 1872 membrum,
936 1805 1030 1863 sed
1075 1808 1267 1862 multa.
1316 1805 1374 1860 Si
1414 1792 1776 1874 dixeritpcs,
1816 1800 2085 1873 quoniam

505 1912 524 1945 ι
573 1907 683 1949 non
712 1911 832 1955 sum
861 1911 1078 1963 manus,
1111 1913 1219 1952 non
1248 1912 1375 1951 sum
1404 1897 1471 1951 de
1501 1910 1760 1966 corpore;
1798 1909 1933 1949 num
1964 1892 2087 1947 idco

505 2003 525 2037 ι
571 2001 681 2040 non
710 1995 793 2041 est
820 1986 887 2042 de
911 1989 1182 2057 corpore?
1218 1986 1283 2042 Et
1311 1988 1356 2042 si
1387 1987 1588 2042 dixerit
1622 1986 1794 2065 auris,
1816 1985 1948 2055 quia
1977 1999 2086 2039 non

504 2094 523 2126 ι
567 2091 689 2130 sum
722 2077 937 2145 oculus,
966 2093 1072 2133 non
1105 2093 1227 2133 sum
1258 2078 1324 2133 de
1350 2092 1607 2148 corpore;
1657 2093 1787 2131 num
1831 2075 1950 2131 ideo
1979 2089 2088 2128 non

503 2188 520 2220 ι
566 2178 648 2224 est
676 2168 743 2223 de
772 2171 1047 2241 corpore?
1090 2170 1148 2225 Si
1185 2179 1359 2225 totum
1389 2186 1590 2241 corpus
1625 2171 1840 2236 oculus,
1872 2169 1965 2224 ubi
1990 2184 2089 2222 au-

500 2277 522 2312 t
565 2260 754 2316 dtus?
810 2262 869 2316 Si
915 2271 1087 2317 totum
1131 2263 1352 2318 auditus
1378 2304 1393 2328 ,
1444 2263 1538 2316 ubi
1582 2262 1889 2317 odoratus?
1933 2260 2090 2316 Nunc

504 2369 522 2399 ι
569 2359 749 2403 autem
781 2353 963 2420 posuit
985 2350 1129 2407 Deus
1154 2353 1419 2417 membra,
1446 2352 1873 2422 unumquodque
1897 2366 2088 2406 eurum

507 2458 525 2489 ι
572 2440 625 2493 in
661 2456 889 2510 corpore
937 2442 1082 2496 sicut
1129 2442 1320 2497 voluit.
1372 2440 1530 2507 Quod
1573 2442 1621 2497 si
1671 2450 1859 2497 essent
1906 2441 2089 2496 omnia

507 2549 525 2581 ι
548 2592 551 2595 η
572 2526 743 2585 unum
773 2533 932 2587 me:nl
955 2549 1099 2601 rum,
1133 2533 1224 2588 ubi
1253 2534 1495 2603 Carpus?
1522 2532 1680 2588 Nunc
1708 2543 1891 2588 autem
1920 2533 2089 2588 multa

507 2640 527 2673 ι
571 2622 791 2691 quidem
829 2625 1095 2692 membra,
1132 2640 1302 2679 unum
1332 2635 1514 2679 autem
1549 2639 1769 2694 corpus.
1824 2622 1942 2679 Non
1988 2639 2090 2695 po-

508 2731 551 2787 «_
575 2722 679 2770 test
708 2723 887 2771 autem
915 2716 1110 2772 oculus
1150 2716 1331 2772 dicere
1370 2717 1596 2771 manui:
1625 2715 1801 2786 Opera
1845 2725 1937 2771 tua
1981 2732 2090 2771 non

507 2820 528 2855 ι
574 2803 817 2875 indigeo;
841 2814 936 2860 aut
957 2806 1154 2861 iterum
1179 2816 1343 2876 caput
1365 2806 1631 2877 pedibus:
1662 2803 1779 2860 Non
1804 2806 1937 2861 estis
1956 2806 2091 2860 mihi

507 2915 528 2948 ι
549 2889 557 2902 “
576 2896 895 2951 necessarii.
948 2895 1056 2952 Sed
1084 2897 1257 2952 multo
1282 2897 1457 2968 magis
1491 2912 1615 2968 quae
1639 2897 1891 2952 videntur
1915 2912 2092 2951 mem-

508 3006 529 3038 ι
574 2987 672 3041 bra
703 2976 951 3058 corporis
982 2989 1290 3051 infirmiora
1334 3004 1478 3058 esse,
1521 2983 1895 3057 necessariora
1943 2996 2091 3043 sunt.

2180 523 2403 594 dabant,
2427 523 2760 594 arrogabant
2790 522 2896 577 hoc
2922 520 3133 576 meritis
3159 519 3298 576 suis
3319 536 3343 585 ;
3377 525 3440 572 et
3486 516 3697 573 meritis
3718 519 3786 573 in-

2182 616 2445 674 feriorum
2472 618 2579 673 hoc
2606 615 3071 687 improperabant,
3095 614 3149 669 in
3178 613 3355 668 hunc
3386 612 3624 667 modum
3647 612 3787 667 dero-

2181 709 2359 780 gaizdo
2392 708 2631 780 spiritui.
2670 706 2943 764 Errabant
2972 706 3139 762 etiam
3166 705 3234 760 in
3261 704 3408 771 hoc,
3432 701 3591 773 quod
3610 703 3789 775 gratias

2183 801 2304 857 illas
2352 816 2478 872 qua:
2522 799 2814 855 inferiores
2857 806 3035 866 erant,
3091 805 3150 853 ut
3191 811 3424 868 genera
3472 794 3789 866 linguarum,

2182 891 2543 962 praeferebant
2580 890 2811 959 caeteris,
2855 889 3139 960 magisque
3165 885 3554 958 appetebant.
3596 883 3666 941 Ut
3709 900 3791 940 au-

2184 992 2291 1039 tem
2323 983 2470 1039 hunc
2501 996 2748 1037 errorem
2788 981 3099 1051 depelleret,
3131 979 3385 1036 instruit
3441 992 3548 1032 cos
3584 978 3685 1043 sic,
3723 979 3793 1031 die

2182 1091 2313 1134 cens
2337 1094 2350 1129 :
2387 1074 2544 1147 133
2577 1074 2785 1130 Caetera
2811 1090 2934 1144 quae
2954 1073 3251 1143 disponam
3276 1085 3421 1127 cum
3455 1084 3661 1124 venero
3676 1085 3792 1139 pra»

2187 1164 2446 1230 trrmitto,
2477 1164 2572 1219 sed
2601 1163 2666 1219 de
2694 1162 3065 1233 spiritualibus
3102 1176 3199 1216 vos
3240 1161 3467 1217 dooere
3501 1156 3638 1212 illud
3665 1158 3792 1211 nullo

2186 1254 2348 1310 modo
2389 1253 2601 1309 differo.
2645 1251 2808 1327 Nolo,
2840 1252 3086 1324 inquam,
3125 1268 3240 1317 eos,
3296 1251 3541 1321 fratres,
3572 1248 3793 1318 ignorare

2184 1345 2252 1400 de
2274 1345 2672 1415 spiritualibus,
2700 1344 2754 1399 id
2773 1350 2861 1398 est
2882 1343 2950 1399 de
2971 1342 3129 1411 donis
3156 1341 3424 1412 Spiritus
3451 1339 3656 1405 sancti,
3681 1337 3791 1408 quid

2185 1437 2361 1493 dehis
2391 1436 2738 1494 sentiendum
2759 1435 2832 1492 sit
2859 1433 3036 1490 vobis.
3078 1430 3192 1488 Hoc
3234 1440 3448 1507 autem
3493 1429 3565 1484 de
3610 1426 3790 1505 Spiritu

2185 1531 2309 1586 dico
2339 1528 2486 1600 quod
2514 1527 2645 1584 facit
2668 1543 2889 1583 cessare
2916 1542 2948 1580 a
2981 1525 3149 1592 malo,
3191 1532 3255 1581 et
3304 1520 3547 1594 operari
3584 1520 3787 1575 bonum.

2191 1623 2294 1679 Sed
2315 1623 2384 1677 ad
2413 1623 2517 1677 hoc
2538 1620 2904 1677 inducendum
2926 1617 3208 1688 praemittit
3232 1612 3701 1677 similitudinem,
3720 1612 3791 1665 di-

2192 1729 2324 1769 cens
2349 1733 2362 1768 :
2389 1712 2515 1768 Ideo
2541 1711 2735 1768 scitote
2755 1709 2902 1781 quod
2930 1708 3169 1779 Spiritus
3209 1715 3468 1771 sanctus
3510 1703 3677 1759 faciat
3698 1717 3787 1755 non

2188 1791 2430 1875 separari
2460 1819 2492 1858 a
2515 1802 2757 1867 Christo,
2785 1801 3036 1873 quoniam
3070 1800 3221 1855 scitis
3265 1797 3453 1870 quod,
3477 1811 3604 1849 cum
3636 1794 3791 1848 adhuc

2186 1898 2367 1952 essetis
2393 1905 2590 1968 gentes,
2619 1896 2673 1952 id
2693 1903 2778 1950 est
2806 1894 3054 1966 gentiles,
3083 1894 3169 1948 vel
3191 1891 3501 1964 gentiliter
3526 1888 3783 1953 viventes,

2187 1986 2355 2042 eratis
2400 1992 2578 2039 euntes
2607 1984 2676 2039 ad
2703 1982 2999 2037 simulacra
3028 1991 3175 2036 muta
3198 1990 3375 2053 prout
3402 1978 3737 2035 ducebantini
3764 1992 3789 2030 ι

2188 2079 2428 2149 maligno
2458 2076 2683 2148 spiritu;
2714 2075 2844 2147 quia
2873 2074 3015 2131 alius
3062 2075 3130 2129 ad
3178 2073 3631 2137 immolandum,
3666 2068 3783 2124 alius

2188 2171 2257 2226 ad
2285 2167 2735 2234 tlturilicandum,
2782 2166 2924 2222 alius
2958 2165 3026 2221 ad
3067 2165 3432 2221 adorandum
3483 2161 3784 2217 ducebatur.

2190 2260 2296 2317 Ubi
2325 2262 2422 2328 ait,
2449 2272 2596 2314 muta
2621 2259 2784 2325 idola,
2816 2257 3055 2313 ostendit
3073 2257 3218 2328 quod
3248 2257 3491 2313 ratione
3512 2270 3624 2311 non
3646 2254 3785 2308 duce-

2190 2355 2411 2420 bantur,
2442 2369 2565 2423 qua:
2588 2352 2722 2408 satis
2743 2351 3053 2406 discernere
3073 2357 3280 2420 posset,
3307 2349 3537 2404 idolum
3560 2362 3669 2402 non
3686 2356 3788 2399 cs1

2192 2445 2385 2512 Deum,
2422 2444 2517 2501 sed
2549 2459 2644 2515 per
2669 2443 2970 2515 malignum
3006 2441 3286 2512 spiritum.
3331 2440 3410 2495 Et
3460 2440 3585 2494 ideo
3614 2436 3728 2508 quia
3757 2450 3782 2488 a

2192 2536 2432 2607 maligno
2458 2535 2652 2606 spiritu
2694 2533 2760 2589 ad
2803 2533 3010 2588 malum
3053 2532 3443 2597 ducebamini,
3497 2545 3599 2600 per
3634 2526 3785 2583 simile

2193 2639 2375 2689 notum
2419 2629 2562 2700 facio
2601 2627 2767 2694 vobis,
2823 2626 2971 2697 quod
3016 2640 3113 2696 per
3158 2623 3446 2696 Spiritum
3496 2629 3782 2678 sanctuma

2119 2789 2122 2791 λ
2193 2724 2364 2795 priori
2392 2723 2536 2779 malo
2569 2719 2855 2778 desistitis.
2893 2718 3051 2793 Quod
3086 2718 3524 2789 mquipollentcr
3548 2714 3661 2770 ait:
3688 2709 3781 2764 lloc

2195 2814 2337 2871 facio
2350 2812 2505 2868 vobis
2527 2819 2740 2878 notum,
2765 2809 2904 2881 quod
2932 2825 3081 2863 nemo
3112 2807 3337 2880 loquens
3368 2809 3431 2862 in
3457 2803 3665 2877 Spiritu
3683 2798 3779 2864 Dei,

2195 2907 2424 2976 loquens
2474 2912 2624 2970 actu,
2671 2901 3002 2973 cogitatione
3044 2909 3099 2956 et
3136 2901 3350 2955 verbo:
3384 2899 3623 2970 spiritus
3656 2894 3777 2949 enim

2195 2999 2290 3070 qui
2319 3013 2410 3054 res
2442 3005 2527 3052 est
2555 2993 2869 3060 invisibilis,
2901 3006 3013 3047 non
3036 2992 3406 3062 cognoscitur
3446 3003 3574 3045 esse
3621 2986 3671 3039 in
3700 2984 3781 3038 ho-

507 3097 528 3131 ι
573 3078 641 3134 Et
678 3096 804 3151 qua:
830 3089 1090 3152 putamus
1117 3080 1441 3152 ignobiliora
1477 3081 1721 3135 membra
1753 3095 1873 3136 esse
1901 3094 2092 3150 corpo-

2197 3091 2366 3157 mine,
2413 3088 2523 3143 nisi
2557 3102 2655 3158 per
2694 3086 2812 3141 haec
2854 3100 2978 3154 quae
3019 3083 3378 3139 extrinsecus
3419 3081 3673 3149 videntur
3710 3073 3779 3128 vel

507 3189 528 3223 ι
571 3172 669 3240 ris,
721 3173 808 3228 his
853 3173 1117 3230 honorem
1153 3172 1607 3228 abundantiorem
1652 3172 2079 3229 circumdamus.

2184 3182 2505 3241 audiuntur.
2559 3177 2750 3244 Nemo,
2781 3177 3029 3246 inquam,
3063 3174 3279 3246 loquens
3325 3176 3388 3230 in
3436 3172 3648 3244 Spiritu
3678 3165 3779 3228 Bri.

509 3246 641 3318 (Et
660 3254 783 3345 qute
807 3264 1093 3346 inhonesta
1115 3273 1245 3318 sunt
1269 3272 1475 3330 nostra,
1506 3263 1959 3318 abundantiorem
1985 3263 2085 3318 ho-
2190 3274 2322 3327 άξσξι
2345 3270 2595 3327 similiter
2616 3276 2761 3334 actu,
2793 3267 2979 3334 verbo,
3010 3266 3369 3336 cogitatione,
3404 3262 3704 3322 anathema,
3728 3253 3770 3307 id

509 3371 531 3407 ι
576 3340 841 3410 aestatem
891 3342 1134 3433 habent:
1169 3357 1408 3434 honesta
1441 3364 1623 3411 autem
1661 3365 1849 3413 nostra
1882 3356 2088 3412 nullius

498 3463 532 3509 β
574 3454 767 3517 egent;
796 3446 892 3501 sed
931 3445 1075 3503 Deus
1109 3447 1429 3518 temperavit
1458 3463 1678 3518 corpus,
1708 3448 1760 3503 ei
1789 3448 1879 3503 cui
1905 3447 2092 3503 deerat

511 3556 532 3588 σ
576 3537 1031 3593 abundantiorem
1081 3538 1369 3594 tribuendo
1416 3540 1716 3606 honorem,
1761 3549 1822 3594 ut
1868 3554 1979 3594 non
2022 3539 2094 3595 sit

512 3646 533 3680 ι
580 3627 823 3689 schisma
864 3629 923 3684 in
966 3626 1213 3700 corpOre,
1245 3630 1342 3687 sed
1377 3630 1433 3685 in
1463 3630 1702 3702 idipsum
1730 3645 1830 3701 pro
1861 3631 2095 3686 invicem

513 3739 532 3770 ι
577 3718 811 3775 sollicita
852 3719 963 3776 sint
1006 3720 1270 3776 membra.
1328 3716 1394 3776 Et
1427 3721 1473 3777 si
1507 3720 1642 3792 quid
1674 3721 1878 3793 patitur
1921 3736 2093 3776 unum

514 3829 535 3861 ε
581 3811 910 3878 membrum,
944 3811 1377 3882 ,compatiuntur
1424 3812 1610 3868 omnia
1658 3813 1930 3880 membra;
1985 3812 2097 3869 sive

513 3920 534 3951 c
574 3903 842 3973 gloriatur
893 3918 1065 3958 unum
1117 3903 1424 3958 membrum
1453 3946 1469 3969 ,
1519 3904 1865 3975 congaudent
1911 3904 2098 3959 omnia

512 4012 535 4045 ι
580 3995 845 4050 membra.
880 3992 991 4051 Vos
1013 4003 1197 4050 autem
1217 3996 1352 4050 estis
1371 4010 1573 4066 corpus
1592 3994 1819 4062 Christi,
1843 4006 1898 4051 et
1925 4011 2099 4050 mem-

516 4103 535 4135 ι
561 4085 675 4159 Ἰπει
696 4085 763 4141 de
783 4087 1048 4142 membro.
1099 4084 1166 4141 Et
1198 4087 1463 4157 quosdam
1490 4087 1711 4159 quidem
1740 4088 1923 4159 posuit
1955 4086 2100 4143 Deus

517 4196 537 4226 ι
585 4180 641 4231 in
666 4175 906 4234 Ecclesia
932 4197 945 4232 :
969 4178 1207 4249 primum
1232 4179 1535 4251 apostolos,
1579 4180 1823 4249 secundo
1862 4178 2101 4250 prophe-

518 4286 537 4318 ι
585 4274 692 4333 tas,
722 4267 883 4343 tertio
907 4267 1180 4335 doctores,
1215 4267 1411 4324 deinde
1432 4253 1705 4336 virtutes;
1752 4268 1948 4324 exinde
1977 4284 2103 4340 gra-

517 4377 537 4408 σ
568 4357 687 4413 ‘tias
712 4361 1078 4435 curationum,
1101 4359 1509 4436 opitulationes,
1535 4360 1979 4435 gubernationes,
2006 4375 2099 4431 ge-

2189 3373 2275 3421 est
2326 3362 2725 3433 separationem
2756 3375 2789 3414 a
2820 3358 2979 3429 Iesu.
3024 3356 3196 3413 Nemo
3227 3357 3383 3412 enim
3444 3353 3656 3410 habens
3702 3346 3776 3433 do

2193 3472 2326 3513 num
2364 3454 2603 3526 Spiritus
2640 3451 2816 3508 sancti
2867 3449 3069 3521 poterit
3118 3448 3362 3518 operari,
3417 3443 3676 3515 cogitare,
3709 3432 3774 3488 vel

2194 3550 2366 3622 loqui,
2397 3563 2499 3619 pro
2525 3561 2636 3617 quo
2671 3552 2957 3615 separetur
3001 3557 3032 3596 a
3073 3539 3229 3607 Jesu,
3271 3538 3534 3611 quandiu
3566 3530 3774 3630 Spiritus

2197 3642 2257 3697 in
2286 3656 2353 3696 eo
2379 3637 2664 3695 manserit.
2703 3634 2762 3690 ιιι
2797 3634 2904 3690 hoc
2928 3632 3162 3688 multum
3206 3631 3419 3686 relevat
3464 3627 3772 3697 desperatio-

2199 3748 2325 3788 nem
2363 3744 2577 3795 eorum,
2607 3727 2703 3796 qui
2750 3725 2992 3780 minores
3027 3722 3232 3794 gratias
3273 3726 3628 3791 acceperant,
3669 3722 3771 3766 cum

2196 3825 2347 3879 dicat
2381 3838 2489 3877 non
2522 3833 2684 3890 posse
2711 3815 2955 3887 separari
2975 3831 3007 3870 a
3034 3813 3187 3882 Jesu,
3212 3813 3267 3868 in
3290 3829 3409 3885 quo
3437 3809 3670 3882 Spiritus
3692 3797 3769 3854 Dei

2198 3930 2297 3986 per
2323 3910 2545 3983 aliquod
2571 3910 2778 3965 donum
2810 3906 3099 3962 manserit.

2270 4002 2380 4060 Nec
2418 4002 2597 4058 solum
2634 3997 2765 4054 facit
2801 3996 3040 4068 Spiritus
3086 4011 3154 4051 ne
3198 4008 3530 4066 separemur
3569 4006 3599 4045 a
3637 3984 3765 4041 Jesu.

2200 4094 2298 4150 sed
2323 4093 2487 4149 etiam
2515 4105 2665 4145 nemo
2699 4096 2870 4159 potest
2913 4087 3086 4141 dicere
3129 4087 3319 4155 verbo,
3364 4098 3557 4156 opere,
3595 4074 3771 4147 cogita-

2202 4184 2369 4253 tione.
2421 4180 2579 4236 Jesus
2625 4187 2711 4236 est
2755 4176 3014 4232 Dominus
3061 4191 3238 4241 meus,
3281 4177 3418 4247 quia
3463 4187 3566 4244 ego
3610 4174 3771 4225 servus

2202 4272 2343 4342 ejus,
2381 4270 2436 4326 id
2479 4277 2582 4338 est,
2631 4282 2794 4323 nemo
2836 4274 3015 4337 potest
3054 4266 3263 4339 bonum
3307 4263 3550 4336 operari,
3594 4256 3690 4313 nisi
3727 4253 3771 4305 in

2209 4364 2415 4437 Spiritu
2439 4371 2645 4430 sancto,
2676 4362 2773 4432 qui
2800 4376 2897 4431 per
2925 4376 3053 4417 eum
3083 4369 3363 4431 operatur.
3400 4359 3564 4415 Jesus
3591 4361 3666 4410 est
3692 4348 3773 4402 Do-

517 4464 538 4498 ‹
582 4462 713 4525 nera
735 4447 1064 4520 linguarum,
1090 4448 1562 4519 interpretationes
1584 4465 1920 4507 sermonum.
1945 4448 2099 4504 Nun-
2129 4456 2177 4515 ο
2204 4458 2388 4513 minus
2414 4470 2592 4511 meus.
2626 4452 2741 4510 Hoc
2769 4454 2960 4525 nequit
2988 4455 3191 4523 dicere,
3233 4454 3330 4525 qui
3357 4470 3472 4510 non
3499 4459 3583 4507 est
3606 4453 3770 4504 servus

518 4559 536 4591 ι
582 4538 713 4609 quid
738 4554 930 4596 omnes
951 4534 1191 4612 apostoli
1215 4542 1241 4596 ?
1267 4540 1526 4613 Nunquid
1554 4558 1746 4601 omnes
1773 4543 2096 4614 propheta)?

517 4652 536 4683 ι
578 4629 823 4703 Nunquit
862 4647 1055 4711 omnes
1085 4633 1385 4691 doctores?
1432 4633 1691 4707 Nunquid
1740 4651 1933 4691 omnes
1979 4635 2092 4691 vir-

515 4742 537 4775 ι
579 4723 763 4779 totes?
809 4720 1069 4794 Nunquid
1111 4738 1304 4779 omnes
1334 4724 1575 4796 gratiam
1619 4724 1822 4780 habent
1854 4723 2096 4780 curatio-

517 4832 536 4865 ι
582 4816 757 4870 num?
805 4813 1066 4887 Nunquid
1102 4830 1305 4893 omnes
1330 4816 1535 4888 linguis
1571 4815 1919 4886 loquuntur?
1945 4814 2096 4883 Nun-

519 4925 539 4957 ε
580 4907 713 4977 quid
761 4923 956 4964 omnes
994 4908 1464 4980 interpretantur?
1507 4906 1869 4963 IEmulamini
1913 4917 2095 4964 autem

520 4997 913 5079 «charismata
953 5001 1181 5056 meliora
1221 4999 1347 5073 [al.,
1382 4998 1637 5073 majora].
1688 4998 1756 5054 Et
1788 4998 1968 5056 adhuc
1999 5016 2097 5056 ex-

520 5107 542 5139 c
587 5087 954 5145 cellentlorem
983 5092 1127 5147 viam
1163 5092 1321 5148 vobis
1350 5092 1686 5150 demonstro.
1721 5111 1741 5145 ι

1151 5198 1458 5241 EXPOSITIO.

586 5270 691 5339 Hic
716 5271 840 5329 ﬁnis
877 5281 965 5330 est
992 5273 1061 5331 de
1085 5277 1446 5332 sacramentis
1471 5277 1661 5334 altaris
1686 5297 1699 5335 :
1727 5294 1877 5335 nunc
1904 5281 2104 5347 transit

428 5422 429 5425 η
515 5372 579 5425 ut
608 5365 803 5423 doceat
840 5379 936 5421 eos
979 5366 1047 5422 de
1100 5365 1262 5422 donis
1306 5364 1542 5438 Spiritus
1576 5370 1772 5439 sancti,
1809 5371 1866 5427 in
1901 5358 2104 5444 quibus

498 5456 754 5530 'graviter
785 5457 1065 5514 errabant.
1115 5457 1223 5526 Qui
1252 5458 1398 5515 enim
1442 5459 1653 5532 majora
1690 5462 1835 5519 dona
1879 5479 2104 5536 accepe-

482 5557 662 5632 rant,
705 5549 1079 5627 gloriabantur
1121 5549 1387 5607 adversus
1442 5566 1542 5607 eos
1602 5553 1804 5627 quibus
1862 5555 2106 5613 minores

516 5643 707 5713 gratia:
727 5658 1003 5701 concessae
1029 5642 1263 5719 fuerant.
1304 5641 1371 5700 Hi
1396 5653 1580 5701 autem
1611 5647 1705 5716 qui
1744 5647 1926 5703 minus
1959 5663 2108 5704 accc-

522 5741 735 5806 perant,
767 5735 1147 5811 desperabant,
1174 5735 1305 5808 quia
1328 5734 1618 5793 inferiores
1648 5748 1804 5793 erant
1849 5738 1903 5792 in
1949 5738 2106 5793 donis

854 6410 1243 6421 Mf-___.._.+o—~——

2199 4552 2350 4623 ejus;
2380 4549 2534 4622 quia,
2559 4550 2607 4606 si
2630 4564 2741 4605 non
2765 4560 2851 4605 est
2879 4565 3095 4616 servus,
3127 4550 3395 4606 mentitur
3424 4545 3604 4618 potius
3628 4544 3767 4607 quam

2199 4658 2391 4701 verum
2418 4640 2583 4696 dicat.
2617 4638 2717 4695 llic
2745 4640 2979 4694 multum
3006 4639 3270 4710 deprimit
3294 4653 3415 4705 eos,
3456 4633 3548 4706 qui
3578 4629 3641 4684 de
3665 4634 3763 4719 uti:

2194 4734 2414 4816 joribus
2442 4731 2602 4788 donis
2632 4747 2693 4788 se
2735 4707 3098 4803 praeferebant
3129 4730 3283 4797 aliis;
3324 4744 3453 4785 eum
3487 4724 3629 4781 dicat
3655 4707 3765 4816 nihil

2198 4814 2322 4883 esse
2340 4842 2411 4882 ex
2438 4823 2636 4881 merito
2658 4824 2916 4892 hominis,
2941 4823 3036 4880 sed
3058 4831 3235 4879 totum
3261 4823 3317 4877 in
3349 4819 3554 4892 Spiritu
3580 4814 3759 4870 sancit)-

2204 4916 2356 4974 Licct
2385 4917 2492 4972 hoc
2519 4916 2892 4972 indifferenter
2915 4913 3009 4969 det
3035 4913 3263 4984 spiritus
3290 4912 3564 4968 declinare
3590 4918 3620 4957 a
3646 4892 3765 4953 malo

2201 5020 2257 5068 et
2302 5009 2482 5066 facere
2522 5009 2768 5074 bonum;
2816 5005 3007 5078 gratia:
3042 5014 3227 5062 tamen
3255 5003 3510 5077 ejusdem
3557 4987 3762 5067 Spiritus

2204 5103 2425 5161 divisim
2461 5101 2871 5158 distribuuntur
2907 5097 3163 5153 diversis.
3204 5093 3313 5151 Sed
3351 5094 3472 5150 licet
3512 5082 3761 5144 division“

2206 5196 2314 5256 sint
2345 5194 2664 5266 gratiarum,
2694 5201 2871 5246 tamen
2897 5189 3039 5245 idem
3064 5200 3120 5245 et
3143 5187 3410 5243 indivisus
3434 5193 3516 5241 est
3538 5172 3756 5249 Spiritus.

2206 5286 2302 5358 qui
2329 5285 2538 5351 divisas
2560 5284 2654 5341 dat
2681 5283 2906 5357 gratias.
2938 5280 3006 5337 Et
3029 5281 3176 5337 sicut
3202 5287 3332 5335 sunt
3355 5275 3636 5334 divisiones

2209 5379 2442 5444 tiarum,
2483 5376 2557 5432 ita
2599 5383 2731 5431 sunt
2764 5373 3065 5431 divisiones
3101 5371 3393 5428 eflectuum
3436 5375 3631 5424 earum.
3664 5364 3752 5407 εει*

2208 5469 2337 5525 licet
2362 5467 2854 5524 ministrationum.
2890 5462 2993 5520 Hic
3016 5462 3165 5520 enim
3196 5461 3472 5517 ministrat
3496 5456 3548 5510 in
3575 5445 3753 5545 θνξῗξίξ

2212 5560 2324 5632 pio,
2359 5560 2451 5615 hic
2501 5559 2557 5614 in
2605 5556 2936 5623 sacerdotio,
2978 5564 3035 5611 et
3074 5556 3157 5611 sic
3197 5553 3253 5607 in
3292 5550 3501 5609 caeteris
3535 5532 3751 5639 gradibus

2217 5626 2491 5710 Ecclesiae.
2526 5651 2771 5708 Dicimus
2796 5648 2959 5704 etiam
2995 5645 3428 5704 ministrationes
3472 5641 3522 5694 in
3557 5626 3747 5724 quibus:

2216 5760 2451 5814 cunque,
2484 5743 2676 5799 idonee
2707 5738 3089 5798 ministramus
3117 5737 3386 5810 proximo.
3418 5732 3479 5789 Et
3509 5729 3618 5789 Ιὶοθι
3638 5716 3747 5772 d‘V“
