3928 6408
72 377 166 433 189

691 369 1070 437 ‘Exros‘trto
1108 367 1174 436 lN
1215 381 1600 440 EPISTOLAS
1637 382 1648 438 ι

1750 384 1866 441 'JLI.
1909 418 1969 427 —
2017 385 2085 441 IN
2124 356 2348 444 EPIST.
2380 388 2401 444 ι
2437 390 2529 476 an
2566 392 2723 450 eoa.

3227 404 3328 459 190

65 493 234 547 siones
258 491 890 563 singministrationum,
923 502 1104 549 tamen
1127 496 1282 550 idem
1311 506 1397 552 est
1443 496 1633 551 Domi-
1666 502 1709 560 Δ
1739 498 1792 553 id
1833 509 1918 556 est
1953 501 2188 569 diversa,
2227 512 2354 580 sunt
2393 521 2557 560 unum
2596 524 2805 580 corpus.
2843 510 2919 566 lta
2957 512 3209 575 Christus
3241 523 3323 580 di-

67 602 151 643 uus
179 583 270 654 qui
301 583 399 638 dat
435 584 661 654 gratiam
696 583 751 638 in
783 599 892 653 qua
919 586 1314 642 ministramus.

128 676 261 730 Sunt
279 677 454 731 etiam
483 675 778 731 divisiones
806 679 1205 747 operationum,
1233 694 1354 749 qua:
1379 679 1435 733 in
1459 679 1640 734 nobis-

67 769 183 839 ipsis
215 768 354 822 bene
376 783 690 836 operamur,
722 769 951 848 orando,
983 770 1278 840 vigilando,
1307 771 1635 841 jejunando;

64 870 111 914 et
133 862 210 914 hie
234 859 583 928 operationes
615 867 745 914 sunt
782 859 1008 916 eﬂ'ectus
1048 863 1368 932 gratiarum.
1407 860 1475 915 Et
1516 859 1639 915 licet

65 953 232 1006 dit-iste
271 951 382 1004 sint
426 951 784 1020 operationes,
824 960 1000 1006 tamen
1046 953 1186 1006 idem
1225 961 1302 1024 est
1347 951 1506 1018 Deus,
1549 952 1640 1022 qui

66 1052 297 1110 operatur
320 1043 509 1096 omnia
537 1057 877 1113 quaecunque
904 1052 1208 1112 opportuna
1235 1043 1380 1098 videt
1400 1042 1561 1098 saluti
1584 1043 1638 1096 in

67 1116 306 1187 omnibus.
339 1132 503 1199 Quod
545 1133 622 1188 ita
656 1133 774 1188 ait:
801 1133 948 1188 Idem
992 1133 1248 1203 Spiritus,
1281 1132 1421 1188 idem
1455 1133 1641 1188 Domi-

68 1240 175 1288 nus,
204 1223 344 1277 idem
391 1223 571 1290 Deus;
613 1238 725 1278 non
758 1224 903 1293 quod
931 1224 1177 1280 diversas
1210 1223 1475 1295 intelligat
1510 1223 1640 1279 sub-

71 1312 298 1378 stantias,
340 1313 444 1366 sed
485 1322 546 1367 ut
586 1311 909 1368 Trinitatem
954 1313 1010 1368 in
1052 1315 1324 1384 personis,
1373 1314 1639 1368 unitatem

73 1404 296 1474 designet
328 1404 386 1458 in
416 1405 747 1460 substantia.
796 1403 863 1459 Et
888 1405 1012 1460 licet
1037 1413 1166 1460 sunt
1193 1405 1486 1460 divisiones
1515 1421 1640 1476 gra-

70 1495 269 1560 tiarum,
295 1504 485 1550 tamen
507 1497 790 1567 unicuique
809 1497 974 1550 datur
994 1497 1354 1567 manifestatio
1385 1497 1639 1567 Spiritus,

72 1586 114 1638 id
137 1594 212 1639 est
239 1586 470 1655 aliquod
508 1586 714 1641 bonum
753 1603 851 1656 per
884 1587 1033 1657 quod
1072 1585 1310 1657 Spiritus
1339 1587 1553 1657 operari
1582 1587 1638 1641 in

72 1691 124 1730 eo
150 1677 548 1745 manifestetur,
590 1678 660 1731 ad
705 1677 1013 1733 utilitatem.
1063 1677 1156 1733 Sic
1198 1679 1344 1734 enim
1392 1679 1525 1734 utile
1557 1688 1642 1734 est

75 1770 230 1826 minus
258 1771 472 1824 donum
507 1770 598 1825 cui
626 1770 804 1838 datur,
839 1771 983 1826 sicut
1017 1771 1197 1841 majus
1225 1771 1432 1827 donum
1459 1771 1638 1826 alteri.

1743 579 1900 644 versa
1947 591 2192 646 membra
2245 592 2407 648 habet
2447 595 2500 649 in
2548 595 2820 667 Ecclesia;
2856 608 2911 655 et
2949 609 3130 660 tamen
3165 607 3223 663 in
3263 625 3328 665 eo

1741 681 1916 750 capite
1941 697 2111 738 unum
2143 692 2272 739 sunt
2297 703 2310 739 :
2337 701 2438 742 nec
2459 689 2687 760 mirum;
2721 693 2849 762 quia
2881 695 3024 751 sicut
3052 713 3149 767 per
3176 715 3328 756 eam-

1741 771 1864 825 dem
1893 771 2133 827 animam
2161 774 2376 831 diversa
2405 779 2650 835 membra
2686 781 2896 852 vivunt,
2932 785 3013 842 sic
3046 804 3143 857 per
3175 805 3330 846 eum-

1740 862 1863 916 dem
1893 863 2143 932 spiritum
2172 867 2426 923 universa
2455 871 2698 927 membra
2725 874 2846 943 ejus
2875 888 3158 949 reguntur.
3191 881 3331 939 Vere

1740 951 1993 1009 Christus
2021 962 2106 1010 est
2138 971 2306 1011 unum
2331 973 2531 1030 corpus
2550 980 2571 1032 γε
2594 965 2786 1019 etenim
2816 983 2996 1024 omnes
3027 988 3120 1026 nos
3145 990 3330 1030 sumus

1741 1044 2002 1113 baptizati
2029 1054 2084 1106 et
2118 1047 2376 1104 viviﬁcati
2415 1051 2472 1104 in
2498 1069 2602 1107 uno
2639 1053 2865 1126 Spiritu,
2897 1069 3246 1121 transeuntes
3275 1067 3330 1120 in

1740 1150 1910 1188 unum
1939 1151 2140 1207 corpus
2164 1137 2387 1196 Christi.
2432 1141 2623 1200 Omnes
2648 1147 2770 1202 dico
2801 1149 3192 1222 indifferenter,
3223 1158 3331 1212 sive

1740 1225 1913 1280 simus
1942 1225 2142 1294 Judaei,
2174 1230 2282 1283 sive
2311 1233 2551 1302 gentiles,
2591 1237 2698 1291 sive
2721 1241 2876 1307 servi,
2914 1243 3021 1297 sive
3054 1245 3229 1302 liberi.
3265 1248 3332 1303 Et

1739 1319 1882 1374 sicut
1915 1320 2193 1390 baptizati,
2227 1324 2309 1381 sic
2337 1326 2502 1380 etiam
2528 1344 2704 1384 omnes
2738 1341 2862 1402 post
2890 1335 3220 1405 baptismum
3242 1357 3331 1409 po-

1741 1413 1843 1464 tati
1871 1429 2053 1466 sumus
2082 1431 2186 1468 uno
2215 1416 2518 1488 eodemque
2550 1418 2757 1490 Spiritu
2795 1423 2849 1479 in
2892 1427 3329 1497 conﬁrmatione,

1738 1513 1794 1559 et
1821 1504 1875 1557 in
1903 1505 2113 1561 exteris
2143 1507 2428 1564 Ordinibus
2459 1509 2748 1581 Ecclesiae.
2773 1514 2909 1571 Vere
2943 1534 3042 1574 nos
3071 1519 3331 1590 baptizati

1740 1613 1933 1652 sumus
1967 1613 2178 1667 omnes,
2217 1600 2270 1655 id
2306 1611 2389 1656 est
2423 1618 2546 1658 vere
2577 1620 2769 1662 sumus
2811 1609 3026 1665 diversa
3063 1614 3328 1673 membra.

1743 1687 1910 1756 Nam,
1944 1691 2081 1744 sicut
2110 1707 2307 1761 corpus.
2325 1685 2565 1758 hominis
2590 1707 2693 1751 non
2715 1707 2792 1752 est
2821 1716 2984 1753 unum
3016 1704 3330 1773 membrum,

1741 1781 1834 1834 sed
1871 1782 2072 1847 multa;
2120 1791 2174 1838 et
2214 1799 2313 1853 per
2351 1784 2530 1841 simile
2576 1803 2686 1843 non
2730 1799 2816 1846 est
2863 1789 3116 1849 Christus
3161 1811 3330 1850 unum

76 1860 196 1917 Deus
220 1863 366 1918 enim
398 1878 513 1918 non
544 1863 842 1925 secundum
876 1863 1072 1918 merita
1111 1863 1395 1918 hominum
1438 1863 1642 1933 gratias
1675 1845 1718 1898 Β
1743 1845 2085 1939 membrum,‘
2110 1845 2422 1932 sed-multa.
2455 1877 2589 1933 Illud
2616 1845 2780 1936 etiam
2815 1845 3178 1940 totam
3207 1901 3332 1941 sen-

77 1969 185 2006 suas
211 1952 498 2007 distribuit
534 1971 547 2006 :
579 1952 899 2023 plerumque
929 1954 1076 2009 enim
1107 1955 1293 2010 minus
1324 1954 1489 2026 digno
1518 1971 1637 2008 ma-
1683 1964 1687 1967 '

74 2045 146 2113 jus
177 2045 408 2112 donum;
454 2045 778 2116 plerumque
812 2045 1053 2116 digniori
1084 2047 1268 2101 minus
1303 2047 1466 2102 datur
1497 2065 1509 2101 :
1551 2063 1640 2102 se-

79 2136 286 2190 cundum
316 2137 473 2206 quod
510 2135 657 2191 Deus
695 2137 841 2192 videt
873 2137 1021 2192 hunc
1063 2138 1240 2207 magis
1272 2147 1639 2206 opportunum

79 2229 131 2281 ad
158 2229 277 2284 illud
304 2229 700 2294 exercendum,
730 2228 882 2283 illum
907 2229 975 2284 ad
1007 2228 1182 2296 aliud;
1211 2236 1497 2284 enumerat
1521 2243 1644 2298 gra-

83 2322 196 2386 tias,
237 2321 429 2377 dicens
474 2340 487 2375 :
532 2319 842 2380 Divisiones
887 2321 1079 2392 utique
1136 2328 1266 2376 sunt
1318 2320 1639 2391 gratiarum.

85 2409 202 2463 Nam
233 2410 327 2465 alii
368 2411 619 2482 quidem,
666 2411 722 2466 id
763 2420 848 2468 est
883 2411 1118 2467 discrete
1149 2412 1311 2466 datur
1345 2427 1439 2481 per
1469 2408 1644 2480 Spiri-

87 2509 174 2554 tum
201 2502 487 2571 sapientia,
535 2502 590 2556 id
627 2511 712 2558 est
748 2503 988 2575 cognitio
1017 2503 1350 2571 divinorum,
1393 2511 1446 2558 et
1473 2519 1643 2557 sermo

86 2593 343 2660 sapientiae,
369 2602 439 2648 ut
465 2594 704 2664 gratiose
723 2594 906 2665 eloqui
930 2595 1103 2664 possit
1139 2595 1287 2665 quod
1316 2595 1453 2650 bene
1480 2595 1641 2664 sapit.

87 2682 174 2736 Atii
201 2695 367 2739 autem
398 2685 568 2740 datur
595 2686 819 2740 scientia
855 2686 922 2741 de
960 2687 1216 2742 humanis
1255 2694 1310 2741 et
1345 2703 1556 2755 sermo,
1584 2694 1646 2742 ut

87 2776 298 2843 expedite
323 2777 592 2847 loquatur
619 2777 767 2848 quod
799 2777 932 2844 scit;
964 2787 1018 2834 et
1046 2779 1152 2834 hoc
1177 2779 1464 2834 secundum
1493 2795 1642 2832 eum-

90 2867 182 2922 dem
210 2868 492 2939 Spiritum,
520 2871 744 2926 excluso
768 2870 964 2925 merito
994 2871 1252 2927 hominis.
1283 2871 1452 2926 Alteri
1484 2871 1646 2924 datur

91 2960 212 3028 ﬁdes,
239 2963 289 3017 id
321 2971 412 3018 est
461 2961 620 3033 134
643 2961 729 3016 vel
757 2962 1068 3018 constantia
1108 2962 1268 3029 ﬁdei,
1316 2972 1377 3019 ut
1409 2977 1510 3033 pro
1542 2961 1646 3018 ﬁde

93 3054 255 3110 tuenda
283 3071 391 3110 non
424 3053 639 3109 dubitet
668 3053 830 3109 mori.
874 3051 966 3109 Vel
995 3055 1150 3122 tides,
1193 3056 1322 3126 quia
1352 3055 1504 3111 novit
1551 3070 1645 3110 sa-

1746 1963 1988 2018 tentiam.
2021 1962 2179 2042 Nune
2218 1965 2382 2021 infert
2427 1984 2459 2024 a
2499 1973 2790 2040 superiori,
2827 1976 2972 2044 quod
3009 1991 3110 2031 nos
3140 1992 3334 2032 omnes

1743 2070 1855 2109 uno
1891 2054 2097 2124 Spiritu
2122 2057 2380 2126 baptizati
2410 2067 2464 2114 et
2494 2063 2682 2129 potati,
2708 2079 2900 2132 sumus
2930 2081 3100 2119 unum
3130 2082 3332 2136 corpus

1741 2142 1977 2211 Christi;
2007 2146 2138 2215 quia
2177 2163 2345 2202 unum
2377 2167 2389 2202 :
2416 2149 2580 2220 igitur
2608 2152 2656 2204 si
2679 2152 2877 2205 dixerit
2905 2171 3013 2223 pes,
3047 2155 3100 2208 id
3125 2164 3210 2221 est
3255 2156 3332 2209 in-

1743 2231 1913 2290 ferius
1939 2237 2243 2292 membrum
2278 2238 2330 2292 in
2354 2237 2618 2307 Ecclesia,
2649 2245 2898 2312 quoniam
2943 2261 3046 2298 non
3069 2262 3187 2299 sum
3215 2263 3331 2300 ma-

1745 2342 1864 2395 nus,
1911 2327 1963 2383 id
2005 2337 2090 2384 est
2127 2330 2251 2386 talis
2291 2342 2544 2400 operator
2580 2343 2640 2389 ut
2679 2336 2794 2402 ille;
2841 2337 2963 2392 ideo
2997 2354 3101 2392 non
3130 2355 3246 2392 sum
3270 2340 3336 2392 de

1744 2434 1958 2489 corpore
1991 2419 2226 2490 Christi;
2262 2439 2364 2476 non
2387 2423 2503 2478 ideo
2536 2429 2773 2496 sequitur
2810 2413 2930 2482 eum
2978 2442 3080 2482 non
3125 2447 3238 2484 esse
3269 2431 3334 2486 de

1743 2527 1959 2582 corpore
1987 2512 2212 2569 Christi.
2247 2514 2402 2582 Quod
2432 2525 2517 2572 est
2547 2518 2729 2573 dicere
2757 2538 2768 2573 :
2799 2518 2892 2575 Ille
2933 2521 3029 2590 qui
3077 2529 3160 2576 est
3190 2522 3333 2578 infe-

1743 2605 1859 2661 rior
1907 2623 2017 2662 non
2050 2617 2230 2678 potest
2272 2625 2331 2666 se
2364 2612 2688 2683 abrumpere
2721 2615 2790 2669 ab
2827 2614 3038 2670 unitate
3083 2615 3289 2671 Christi
3318 2635 3333 2682 ;

1744 2697 1874 2765 quia
1903 2697 2068 2753 habet
2095 2699 2263 2754 alium
2294 2703 2631 2772 superiorem
2664 2721 2723 2760 se
2765 2704 2822 2759 in
2863 2706 3056 2762 eodem
3110 2721 3338 2776 corpore

1743 2785 1968 2843 Christi.
2000 2789 2066 2842 Et
2093 2789 2235 2846 sicut
2273 2808 2371 2861 pes
2407 2808 2515 2847 non
2551 2795 2912 2866 abrumpitur,
2945 2797 3074 2867 quia
3110 2812 3221 2852 non
3250 2804 3336 2852 est

1745 2893 1972 2946 manus;
2019 2880 2093 2935 ita
2143 2883 2192 2936 si
2237 2884 2436 2938 dixerit
2484 2887 2650 2953 auris,
2689 2887 2741 2942 id
2792 2897 2877 2943 est
2921 2889 3009 2943 ille
3045 2904 3208 2958 quem
3241 2903 3338 2958 per

1745 2967 1913 3022 alium
1954 2969 2238 3028 docentem
2268 2983 2482 3043 Oportet
2527 2975 2845 3048 intelligere,
2895 2979 3021 3049 quia
3070 2995 3174 3033 non
3215 2996 3336 3033 sum

1746 3059 1951 3128 oculus,
1984 3061 2039 3116 id
2066 3073 2150 3118 est
2175 3063 2303 3133 quia
2335 3078 2431 3134 per
2457 3082 2546 3121 me
2566 3082 2672 3121 non
2695 3069 2880 3123 omnia
2911 3070 3182 3142 intelligo;
3213 3071 3338 3127 ideo

93 3156 328 3202 tramenta
357 3146 520 3212 ﬁdei;
553 3153 603 3201 et
635 3145 740 3201 hoc
781 3146 837 3200 in
874 3147 1054 3200 eodem
1085 3145 1310 3216 Spiritu.
1343 3145 1454 3200 Alii
1486 3147 1648 3201 datur
1748 3165 1850 3203 non
1881 3167 1998 3203 sum
2032 3151 2101 3205 ‘de
2134 3169 2376 3222 corpore;
2413 3170 2516 3208 non
2553 3157 2789 3226 sequitur
2823 3159 2941 3211 ideo
2984 3175 3089 3219 non
3121 3175 3234 3214 esse
3275 3159 3340 3214 de

96 3240 235 3306 gratia
269 3241 601 3307 sanitatum,
653 3247 714 3315 ut
758 3254 856 3309 per
900 3237 1154 3293 virtutem
1203 3236 1429 3307 spiritus
1474 3237 1648 3306 possit

95 3327 319 3397 depellere
346 3331 606 3405 morbos;
638 3338 694 3384 et
722 3329 827 3384 hoc
856 3329 912 3382 in
943 3343 1044 3381 uno
1074 3327 1377 3397 eodemque
1416 3324 1644 3395 Spiritu,

95 3421 195 3489 quia
217 3424 446 3480 taedebat
470 3439 595 3479 cum
626 3422 856 3494 singulis
883 3420 1044 3476 donis
1072 3420 1322 3490 spiritum
1350 3433 1645 3488 apponere,

98 3515 473 3584 comprehendit
506 3505 731 3570 caeteras
765 3512 990 3584 gratias,
1031 3519 1087 3565 et
1124 3509 1193 3564 ad
1235 3508 1491 3564 ultimum
1520 3508 1649 3564 sub-

97 3602 158 3656 dit
187 3621 366 3663 omnes
411 3605 534 3659 dari
578 3619 677 3674 per
721 3602 1008 3674 Spiritum.
1063 3599 1176 3655 Alii
1219 3599 1381 3655 datur
1414 3602 1649 3670 operatio

100 3692 330 3763 rirtﬁtum,
356 3696 414 3752 id
443 3703 528 3751 est
563 3694 955 3749 miraculorum
986 3706 1108 3762 qua:
1134 3697 1323 3746 contra
1351 3690 1520 3762 legem
1552 3705 1650 3744 na-

102 3791 206 3840 tura
237 3788 388 3854 liunt,
429 3795 492 3841 ut
526 3801 730 3842 caecum
779 3784 1108 3850 illuminare,
1155 3792 1435 3838 mortuum
1476 3782 1651 3838 susci-

104 3882 207 3931 tare.
239 3878 342 3933 Alii
372 3878 540 3934 datur
579 3877 875 3948 prophetia,
923 3875 977 3930 id
1018 3883 1101 3930 est
1147 3873 1405 3930 revelatio
1436 3872 1650 3928 futuro-

105 3982 218 4035 rum,
245 3971 323 4026 vel
372 3971 680 4026 intellectus
732 3968 1156 4039 Seripturarum.
1188 3967 1299 4022 Alii
1335 3966 1496 4022 datur
1539 3965 1653 4018 dis-

106 4061 234 4113 cretio
267 4062 583 4132 spirituum;
615 4060 743 4130 quia
779 4060 883 4114 scit
922 4059 1252 4124 discernere,
1293 4071 1403 4127 quo
1456 4053 1652 4126 spiritu

105 4151 300 4223 quisque
327 4161 583 4224 operetur
610 4151 838 4222 aliquid,
874 4151 958 4205 vel
993 4150 1267 4220 loquatur.
1301 4148 1412 4202 Alii
1452 4147 1654 4203 dantur

107 4258 258 4310 genere
289 4247 625 4318 linguarum;
663 4244 792 4315 quia
832 4243 936 4299 scit
969 4242 1122 4313 loqui
1156 4241 1388 4297 diversis
1427 4240 1648 4312 linguis.

107 4337 193 4392 Alii
228 4341 382 4398 datur
427 4342 796 4412 interpretatio
831 4355 1160 4402 sermonum;
1208 4337 1354 4409 quod
1405 4337 1653 4394 Grmcum

109 4423 189 4477 scit
218 4426 553 4498 interpretari
588 4443 685 4497 per
729 4426 1008 4492 Latinum,
1055 4425 1142 4479 vel
1175 4440 1207 4479 e
1238 4438 1524 4480 converso.
1557 4423 1653 4478 Vel

1749 3258 1982 3311 corpore.

1819 3331 2042 3387 Dixerat
2070 3332 2342 3402 superius,
2373 3333 2519 3405 quod
2545 3351 2731 3407 corpus
2756 3353 2858 3392 non
2882 3345 2959 3392 est
2990 3355 3152 3393 unum
3176 3356 3340 3414 mem-

1749 3422 1920 3490 brum,
1950 3424 2044 3478 sed
2073 3440 2182 3479 non
2208 3425 2430 3483 dederat
2460 3427 2748 3484 rationem.
2782 3429 2963 3496 Quare
2989 3440 3043 3486 et
3070 3432 3174 3488 hoc
3195 3449 3342 3488 nunc
3379 3447 3386 3454 '

1749 3515 1952 3582 subdit,
1985 3515 2172 3572 dicens
2197 3535 2210 3571 :
2240 3515 2379 3574 Vere
2403 3519 2574 3588 auris,
2606 3518 2733 3576 licet
2766 3537 2877 3576 non
2905 3523 2978 3578 sit
3014 3523 3228 3591 oculus,
3255 3533 3340 3580 ta-

1751 3622 1875 3662 men
1902 3616 1986 3662 est
2012 3606 2079 3663 de
2106 3622 2382 3679 corpore;
2408 3610 2537 3680 quia
2569 3612 2616 3667 si
2644 3612 2765 3668 ideo
2787 3629 2907 3668 non
2936 3622 3104 3680 esset,
3138 3629 3336 3684 seque-

1751 3705 1898 3752 retur
1923 3697 2067 3767 quod
2097 3697 2289 3753 oculus
2311 3708 2456 3754 esset
2479 3709 2654 3756 totum
2685 3717 2904 3772 corpus.
2940 3701 3045 3756 Sed
3076 3703 3122 3758 si
3151 3703 3343 3758 oculus

1751 3797 1896 3843 esset
1925 3797 2098 3843 totum
2133 3804 2352 3859 corpus,
2387 3791 2484 3844 ubi
2523 3801 2608 3846 est
2643 3793 2900 3848 auditus?
2933 3791 3074 3848 Ecce
3114 3793 3342 3864 penuria

1753 3877 1808 3932 in
1836 3892 2078 3946 corpore.
2113 3877 2179 3932 Et
2223 3878 2272 3933 si
2315 3879 2537 3934 auditus
2565 3889 2649 3935 est
2679 3889 2850 3936 totum
2881 3897 3103 3952 corpus,
3137 3881 3230 3936 ubi
3262 3890 3344 3938 est

1753 3968 2047 4024 odoratus?
2076 3968 2276 4024 lterum
2303 3969 2552 4040 penuria.
2585 3970 2689 4027 Per
2716 3972 3024 4041 odoratum,
3057 3972 3340 4029 discretio-

1754 4074 1879 4114 nem
1907 4058 2035 4114 boni
2064 4069 2118 4115 et
2147 4061 2276 4115 mali
2312 4061 2634 4132 accipimus.
2663 4051 2749 4116 'Ne
2792 4071 2974 4118 autem
3021 4063 3077 4118 in
3114 4078 3344 4133 corpore

1753 4159 1900 4206 esset
1928 4151 2044 4206 haec
2069 4153 2317 4222 penuria,
2353 4153 2535 4223 posuit
2566 4169 2712 4209 nunc
2741 4153 2885 4211 Deus
2919 4155 3135 4211 diversa
3166 4171 3340 4209 mem-

1755 4242 1875 4310 bra,
1905 4243 2332 4314 unumquodque
2359 4260 2550 4300 eorum
2582 4246 2636 4301 in
2669 4263 2780 4302 uno
2809 4262 3058 4318 corpore,
3091 4247 3234 4303 sicut
3258 4262 3344 4304 vo-

1755 4333 1859 4388 luit
1884 4333 2220 4389 distribuens
2254 4336 2334 4390 eis
2369 4336 2594 4407 gratias.
2637 4336 2757 4393 Non
2783 4339 2963 4394 solum
2993 4347 3213 4408 propter
3252 4353 3342 4394 rc-

1756 4424 2082 4480 movendam
2108 4424 2416 4494 penuriam,
2447 4441 2616 4480 unum
2649 4425 2954 4480 membrum
2985 4441 3098 4481 non
3126 4434 3212 4481 est
3256 4435 3342 4481 to-

111 4513 444 4589 in'terpretatio
473 4535 809 4585 sermonum,
850 4518 901 4572 id
945 4525 1028 4572 est
1062 4516 1328 4586 expositio
1363 4514 1648 4586 allegoria-
1677 4516 1730 4578 D
1754 4523 1871 4570 tum
1914 4529 2133 4586 corpus,
2167 4515 2263 4570 sed
2292 4516 2457 4571 etiam
2494 4516 2615 4572 ideo
2648 4532 2770 4571 esse
2815 4532 2923 4571 non
2965 4525 3172 4586 potest;
3216 4517 3344 4587 quia

112 4620 223 4664 rum.
262 4611 325 4668 Et
364 4627 492 4668 eum
523 4610 752 4666 diversis
793 4609 911 4664 haec
952 4609 1168 4682 diversa
1213 4607 1429 4674 dentur,
1469 4616 1651 4661 tamen

111 4694 196 4752 bac
221 4705 386 4757 omnia
422 4690 672 4773 operatur
695 4717 830 4753 unus
855 4707 1010 4770 atque
1040 4698 1178 4753 idem
1211 4696 1463 4767 Spiritus,
1489 4712 1654 4767 quem

112 4801 243 4859 supra
268 4794 454 4850 vocavi
485 4792 658 4848 Deum
688 4799 742 4847 et
769 4790 1060 4845 Dominum
1087 4808 1100 4842 :
1130 4787 1362 4858 Spiritus
1404 4787 1549 4854 dico,
1569 4786 1654 4840 di-

113 4879 255 4936 ridens
284 4884 504 4956 singulis
536 4882 718 4954 proult
748 4881 879 4949 vult,
923 4881 976 4935 id
1011 4888 1096 4936 est
1126 4894 1223 4948 per
1255 4877 1508 4949 gratiam,
1545 4891 1655 4932 non

113 4982 186 5035 per
215 4976 478 5031 meritum.

167 5059 249 5118 Hie
276 5065 461 5136 incipit
487 5063 772 5120 ostendere
804 5061 1175 5117 diversitatem
1206 5059 1576 5115 membrorum
1600 5059 1656 5114 in

114 5150 268 5208 eodem
307 5155 505 5226 capite,
553 5154 648 5223 qui
693 5161 776 5208 est
817 5153 1100 5217 Christus;
1145 5159 1199 5206 et
1247 5150 1524 5222 quomodo
1565 5150 1655 5210 illa

117 5239 289 5302 diversa
325 5262 499 5302 unum
551 5246 684 5300 liant
732 5245 786 5298 in
835 5245 1012 5314 capite
1057 5242 1298 5298 Christo.
1327 5242 1530 5296 Littera
1578 5240 1659 5297 sic

115 5330 334 5406 iungitur.
367 5339 512 5394 Bene
538 5339 664 5393 dico
690 5337 917 5408 spiritus
940 5335 1190 5391 dividens
1217 5335 1468 5406 singulis,
1493 5333 1547 5389 id
1573 5342 1659 5390 est

118 5421 308 5485 diversis
349 5431 610 5486 membris
654 5431 898 5485 diversas
935 5427 1224 5484 conferens
1259 5427 1482 5497 gratias.
1524 5425 1662 5481 Nam

120 5512 328 5580 Christus
355 5535 444 5579 est
479 5538 646 5577 unum
673 5537 872 5592 corpus
900 5520 1113 5576 diversa
1145 5519 1351 5573 habens
1380 5517 1620 5572 membra
1647 5539 1662 5571 :

123 5608 229 5662 situt
251 5615 392 5670 vides
421 5614 569 5686 quod
597 5630 783 5682 corpus
814 5611 1074 5677 hominis,
1099 5627 1256 5663 unum
1282 5618 1378 5672 est,
1408 5618 1457 5661 et
1488 5617 1660 5661 tamen

125 5696 245 5755 habet
270 5707 428 5760 multa
453 5706 706 5771 membra,
736 5705 788 5759 id
815 5712 900 5758 est
923 5703 1170 5757 diversos
1195 5709 1352 5755 actus
1371 5700 1654 5767 habentia;

127 5799 338 5853 ﬂiamcn
387 5800 564 5853 omnia
606 5799 834 5852 membra
877 5796 1110 5866 corporis
1155 5809 1270 5847 cum
1315 5793 1421 5846 sint
1466 5791 1657 5860 multa,

1752 4609 1801 4662 si
1825 4617 1993 4662 essent
2026 4607 2204 4661 omnia
2240 4608 2471 4662 membra
2512 4624 2675 4662 unum
2709 4607 3019 4673 membrum,
3070 4606 3225 4678 135
3259 4607 3347 4661 ubi

1754 4708 1888 4753 esset
1917 4699 2148 4768 corpus?
2174 4697 2384 4755 Periret
2417 4700 2606 4770 utique
2639 4714 2862 4769 corpus,
2909 4697 3038 4767 quia
3074 4698 3122 4752 si
3162 4697 3346 4752 omnia

1758 4789 2001 4845 membra
2031 4786 2216 4846 essent
2243 4807 2460 4859 manus,
2505 4806 2608 4846 nec
2647 4790 2729 4846 sic
2767 4798 2913 4845 esset
2943 4802 3143 4857 corpus
3173 4787 3346 4842 homi-

1758 4879 1864 4934 nis.
1909 4876 1966 4933 Si
2007 4879 2204 4935 iterum
2248 4895 2440 4936 omnes
2485 4880 2540 4934 in
2584 4879 2828 4934 Ecclesia
2866 4885 3052 4934 essent
3091 4877 3348 4947 apostoli,

1757 4970 1844 5025 vel
1880 4986 2049 5025 unum
2100 4970 2327 5041 aliquid,
2378 4987 2480 5026 nec
2521 4972 2625 5040 ipsi
2650 4971 2814 5026 iidem
2861 4976 3048 5026 essent
3093 4957 3350 5040 apestoli,

1759 5076 1883 5116 cum
1911 5078 2022 5117 non
2051 5071 2235 5117 essent
2261 5061 2462 5132 quibus
2487 5051 2864 5132 praedicarent.
2897 5061 3353 5133 Quandoquidem

1759 5152 1807 5207 si
1833 5169 2003 5207 unum
2031 5152 2339 5208 membrum
2366 5159 2543 5206 totum
2573 5167 2772 5222 corpus
2798 5152 3022 5220 dicitur,
3045 5161 3102 5208 et
3122 5152 3354 5222 penuria

1759 5243 1815 5298 in
1844 5257 2092 5314 corpore,
2116 5252 2171 5299 et
2189 5243 2354 5300 etiam
2380 5243 2625 5300 defectus
2649 5243 2896 5313 corporis
2918 5245 3189 5314 sequitur.
3214 5243 3354 5299 Pro-

1759 5344 1936 5405 pterea
1968 5352 2104 5389 nunc
2133 5335 2353 5406 quidem
2386 5335 2558 5390 multa
2593 5344 2648 5391 et
2673 5335 2909 5392 discreta
2943 5346 3065 5390 sunt
3099 5335 3354 5400 membra,

1768 5442 1955 5496 corpus
1985 5433 2162 5480 autem
2191 5428 2387 5482 horum
2417 5428 2789 5484 membrorum
2814 5444 2978 5482 unum
3002 5435 3099 5481 est.
3133 5425 3199 5480 Et
3227 5424 3356 5496 quia

1766 5533 1834 5573 ex
1872 5518 2200 5575 necessitate
2237 5517 2493 5576 inferiora
2543 5528 2604 5575 ut
2649 5519 2932 5590 superiora
2985 5517 3229 5572 membra
3277 5514 3358 5570 sic

1767 5619 1897 5665 sunt
1929 5610 1981 5664 in
2015 5624 2263 5681 corpore,
2294 5599 2461 5682 igitur
2489 5628 2590 5665 non
2621 5619 2789 5681 potest
2817 5608 3000 5663 oculus
3032 5607 3206 5661 dicere
3243 5622 3354 5659 ma-

1768 5702 1880 5769 nui,
1917 5702 1970 5757 id
2011 5711 2094 5758 est
2133 5702 2384 5772 superior
2429 5702 2674 5757 infcriori
2721 5721 2734 5755 :
2779 5699 2900 5754 Non
2949 5698 3153 5769 indigeo
3199 5713 3356 5767 opera

1766 5803 1892 5863 tua;
1923 5813 2049 5851 cum
2079 5813 2251 5852 unum
2274 5795 2582 5854 membrum
2610 5794 2849 5849 ablatum
2873 5789 3158 5862 penuriam
3191 5787 3356 5846 facta
