3928 6452
508 338 602 394 191

1039 332 1098 390 S.
1136 305 1487 395 DRUNONIS
1523 333 2167 393 CARTHUSIANORUM
2209 335 2696 399 lNSTlTUTORIS
2733 340 2885 399 OPP.
2925 341 3109 403 PARS
3142 344 3219 402 ll.

3690 353 3796 412 Μ’

501 453 741 524 corpori.
771 449 876 529 Per
902 451 1008 506 hoc
1031 421 1178 508 satis
1222 459 1446 522 apparet
1471 449 1617 521 quod
1655 450 1750 519 qui
1773 447 1952 520 majus
1989 448 2089 503 do-
2121 461 2164 512 Α
2193 450 2425 518 quidem,
2449 451 2502 506 id
2523 460 2610 508 est
2634 454 2888 524 discreta,
2916 459 3094 527 posuit
3119 457 3278 517 Deus
3301 460 3364 514 in
3392 459 3654 524 Ecclesia.
3671 466 3780 522 Pri-

504 559 636 600 nnm
678 542 916 612 accepit,
963 557 1074 598 non
1115 543 1280 598 habet
1326 541 1468 598 unde
1509 555 1568 596 se
1607 539 1860 612 praeferat
1899 540 1950 596 ei
1995 539 2090 610 qui

507 636 692 692 minus
738 634 986 706 accepit;
1029 651 1157 690 eum
1200 633 1428 689 inferior
1473 631 1554 688 sic
1599 631 1766 688 faciat
1806 632 2090 703 penuriam

505 726 775 796 corporis,
799 733 860 782 ut
885 727 1156 798 superior,
1184 724 1232 780 si
1259 733 1623 780 removeatur.
1655 724 1761 778 Aut
1788 725 1980 780 iterum
2003 740 2094 777 ea-

505 827 601 888 put
630 819 870 888 pedibus,
906 819 1156 890 superior
1181 806 1431 876 similiter
1462 815 1712 872 inferiori
1757 816 1938 872 dicere
1983 831 2094 888 non

507 914 726 976 potest:
751 923 854 961 non
886 909 1012 962 estis
1047 907 1177 962 mihi
1205 907 1519 971 necessarii;
1555 922 1684 962 eum
1727 906 1920 963 oculus
1964 922 2097 978 pur-

511 999 728 1070 gatione
753 1014 851 1070 per
877 1013 1097 1054 manum
1125 998 1382 1070 indigeat,
1418 1007 1585 1068 caput
1611 1005 1672 1053 ut
1702 997 1930 1068 pedibus
1970 1013 2096 1070 por-

511 1100 657 1146 tetur
683 1090 751 1146 ad
786 1091 890 1146 hoc
914 1089 1055 1161 quod
1086 1098 1329 1162 gustare,
1360 1089 1571 1156 audire,
1620 1090 1704 1145 vel
1741 1089 1924 1146 videre
1951 1089 2096 1145 desi-

511 1178 686 1234 derat.

585 1269 842 1324 lnferiora
882 1285 990 1324 non
1027 1279 1243 1325 tantum
1287 1278 1417 1326 sunt
1444 1268 1778 1335 necessaria,
1806 1267 1900 1324 sed
1929 1271 2094 1324 etiam

515 1361 686 1415 multo
715 1361 888 1432 magis
925 1371 1056 1418 sunt
1083 1361 1392 1418 necessaria
1436 1359 1732 1432 aliquando
1759 1375 1824 1414 ea
1853 1358 2096 1414 membra

512 1453 754 1523 corporis
797 1469 922 1524 quae
956 1455 1211 1509 videntur
1248 1470 1370 1510 esse
1401 1453 1721 1509 inlirmiora.
1767 1451 2098 1524 Plerumque

508 1543 674 1598 etiam
703 1542 936 1614 quilibet
965 1543 1148 1600 idiotas
1176 1544 1352 1615 magis
1381 1543 1678 1600 necessarii
1725 1551 1856 1598 sunt
1877 1542 1932 1597 in
1964 1557 2097 1614 pro-

511 1623 794 1687 curatione
823 1630 1346 1696 ecclesiastieorum,
1375 1645 1540 1700 quam
1577 1629 1631 1682 hi
1673 1628 1767 1699 qui
1807 1627 1982 1700 magis
2010 1643 2101 1683 sa-

511 1719 727 1788 pientes
769 1727 920 1786 sunt,
953 1721 1253 1776 secundum
1302 1723 1766 1793 opportunitatem
1814 1723 2096 1794 temporis.

2195 557 2360 609 mum,
2383 541 2438 598 id
2465 551 2550 598 est
2579 545 2634 600 in
2673 547 2856 616 primo
2887 557 2942 604 et
2969 551 3464 608 excellentissimo
3499 556 3665 625 gradu
3695 575 3782 630 po-

2192 647 2330 689 nens
2351 635 2639 704 apostolos.
2669 635 2972 694 Seeundum
3001 649 3126 711 post
3145 643 3460 712 apostolos
3483 647 3666 714 posuit
3683 665 3784 718 pro-

2191 723 2398 794 phetas,
2429 725 2485 782 id
2511 728 2597 783 est
2624 728 2776 785 viros
2801 729 3094 788 illuminati
3123 749 3370 801 sensus,
3409 735 3512 806 qui
3541 739 3786 808 aperirent

2195 813 2526 886 Scripturas.
2561 817 2738 875 Tertio
2759 821 2932 892 gradu
2957 823 3064 878 sub
3087 824 3394 894 prophetis
3420 827 3612 896 posuit
3632 829 3789 884 docto-

2193 921 2296 972 res,
2322 907 2418 977 qui
2441 907 2508 964 de
2536 909 2784 967 moribus
2811 911 3165 970 instruerent.
3192 913 3264 970 In
3297 910 3396 973 his
3421 917 3604 974 tribus
3629 935 3786 974 serva-

2191 997 2270 1054 vit
2287 997 2557 1067 ordinem,
2577 999 2736 1072 136
2746 1001 2956 1075 reliqua
2968 1001 3090 1058 sine
3107 1004 3318 1060 ordine
3339 1005 3599 1062 miscuit.
3615 1007 3789 1063 Deinde

2193 1095 2318 1157 post
2343 1087 2598 1145 doctores
2626 1089 2810 1160 posuit
2841 1091 3082 1159 uirtutes,
3109 1107 3210 1148 eos
3239 1093 3473 1150 scilicet
3495 1095 3594 1166 qui
3623 1095 3675 1150 in
3697 1097 3788 1151 vir-

2195 1186 2310 1234 tute
2353 1177 2448 1234 Dei
2493 1193 2670 1235 etecos
2715 1180 3109 1249 illuminarent,
3139 1193 3418 1241 mortuos
3461 1187 3785 1242 suscitaan

2197 1265 2408 1321 Exinde
2448 1269 2630 1338 posuit
2673 1271 2878 1340 gratias
2918 1271 3292 1338 curationum,
3325 1287 3434 1328 eos
3474 1255 3680 1328 scilicet
3711 1275 3785 1344 qui

2193 1356 2342 1412 dono
2372 1357 2467 1411 Dei
2517 1358 2740 1417 morbos
2767 1359 3114 1430 depellerent.
3151 1360 3384 1418 Dehine
3411 1363 3787 1432 opitulationes,

2195 1449 2251 1506 id
2269 1459 2354 1506 est
2391 1449 2671 1520 adjutores
2711 1452 3138 1523 prtedicationis,
3177 1461 3246 1509 ut
3282 1453 3611 1510 Barnabam
3635 1464 3687 1510 et
3711 1454 3784 1532 Ti;

2196 1542 2476 1597 motheum
2503 1561 2516 1597 :
2539 1557 2652 1613 quo
2681 1543 2858 1600 ollicio
2899 1545 3080 1602 adhuc
3118 1544 3453 1618 funguntur
3496 1547 3659 1622 legati
3697 1547 3786 1603 llo-

2196 1647 2375 1688 manaa
2413 1633 2579 1690 sedis.
2628 1633 2759 1690 Post
2791 1635 2908 1691 huic
2955 1637 3142 1708 posuit
3167 1637 3628 1708 gubernatione,
3657 1639 3704 1694 id
3722 1649 3790 1694 est

2197 1722 2503 1796 episcopos,
2547 1725 2932 1798 presbyteros:
2963 1727 3059 1799 qui
3099 1727 3398 1786 Ecelesias
3443 1729 3682 1787 ﬁdelium
3709 1747 3786 1801 guv

515 1809 584 1864 Et
609 1825 676 1866 ea
697 1809 941 1864 membra
983 1809 1239 1868 Ecclesia:
1292 1825 1412 1886 qua:
1463 1824 1713 1884 putamus
1756 1815 2096 1888 ignobiliora,
2129 1796 2174 1853 Β
2199 1814 2512 1872 bernarent.
2539 1815 2624 1872 Ad
2651 1796 2902 1874 ultimum
2945 1796 3130 1891 posuit
3156 1835 3366 1891 genera
3395 1796 3730 1892 linguarum,
3745 1822 3786 1876 id

515 1900 642 1970 quia
675 1901 954 1969 labuntur,
967 1902 1264 1973 aliquando
1291 1905 1373 1958 his
1395 1906 1788 1961 circumdamus
1819 1907 2098 1962 abundan-

515 1990 704 2046 tiorem
721 1990 988 2060 honorem,
1009 1993 1063 2048 id
1083 2001 1169 2049 est
1191 1994 1290 2050 hos
1315 1995 1450 2050 tales
1468 1996 1740 2054 solertiori
1765 2013 1895 2053 cura
1919 1997 2100 2054 fovere

515 2083 798 2150 debemus,
852 2093 906 2140 et
953 2085 1212 2142 reducere
1259 2085 1330 2142 ad
1383 2089 1632 2144 meliora.
1694 2087 1888 2144 Nos'tra
1931 2088 2100 2143 etiam

515 2177 760 2232 membra
785 2193 903 2248 qua:
921 2179 1198 2234 inhonesta
1219 2189 1344 2235 sunt
1362 2195 1380 2234 :
1398 2187 1456 2234 ut
1478 2181 1728 2251 pudenda
1753 2180 1810 2236 in
1838 2195 2096 2251 corpore;

514 2273 572 2320 et
607 2265 907 2322 fornicator
934 2269 1024 2324 ille
1053 2269 1150 2339 qui
1187 2284 1416 2324 uxorem
1450 2271 1622 2340 patris
1651 2270 1883 2326 duxerat
1917 2271 1973 2324 in
1998 2269 2102 2325 Ec-

515 2360 684 2415 clesia
729 2359 1176 2429 Corinthiorum;
1203 2370 1265 2417 ut
1302 2361 1476 2416 David
1519 2363 1742 2434 quando
1771 2362 2018 2433 peccavit
2045 2362 2101 2417 in

519 2463 746 2507 uxorem
770 2447 952 2518 Uriae;
980 2451 1098 2506 haec
1129 2451 1419 2507 inhonesta
1441 2451 1632 2506 habent
1661 2451 2102 2507 abundantiorem

517 2531 864 2603 honestatem,
891 2535 943 2590 id
962 2543 1047 2592 est
1065 2537 1296 2608 diligens
1313 2546 1368 2594 et
1391 2537 1621 2593 honesta
1642 2553 1773 2594 cura
1800 2537 2103 2594 exhibenda

517 2636 608 2684 est
635 2626 738 2694 eis,
769 2643 858 2695 ne,
888 2629 936 2685 si
979 2637 1327 2700 spernentur,
1358 2630 1677 2701 desperent;
1699 2631 1826 2702 quia
1873 2628 2106 2686 fortasse

515 2743 644 2786 cras
666 2728 892 2801 perfecti
915 2739 1096 2798 erunt,
1127 2739 1189 2786 ut
1211 2731 1267 2786 in
1287 2730 1458 2786 David
1478 2730 1656 2786 visum
1683 2739 1784 2786 est.
1816 2729 2106 2786 Inhonesta

519 2820 766 2892 indigent
784 2821 1222 2878 honestate:sed
1253 2823 1474 2876 honesta
1512 2821 1758 2878 membra
1803 2837 1908 2875 non
1957 2830 2105 2892 egent

519 2915 690 2971 ullius
723 2915 954 2972 honoris
997 2915 1228 2988 impensi
1263 2915 1370 2971 sibi
1403 2915 1474 2970 ab
1509 2913 1636 2970 alio.
1679 2911 1784 2981 Qui
1813 2913 1956 2968 enim
1984 2928 2109 2984 per-

519 3007 650 3064 fecti
702 3016 852 3075 sunt,
884 3023 996 3064 non
1048 3016 1209 3080 egent
1255 3006 1385 3062 alio.
1423 3004 1664 3062 Honesta
1697 3004 1918 3075 quidem
1955 3004 2108 3059 nullo

519 3109 683 3173 egent
711 3119 724 3156 :
753 3100 844 3156 sed
875 3099 1016 3155 Deus
1063 3100 1392 3172 temperavit,
1428 3097 1480 3154 id
1515 3106 1600 3154 est
1623 3097 1955 3153 modiﬁcavit
1987 3112 2112 3152 cor-

525 3205 652 3262 pus,
704 3198 766 3246 ut
796 3191 1026 3246 honesta
1078 3198 1341 3246 ornarent
1386 3189 1698 3244 inhonesta.
1741 3185 2108 3258 Temperavit,

525 3277 774 3349 inquam,
807 3279 1084 3334 tribuendo
1113 3280 1554 3336 abundantiorem
1589 3278 1837 3334 honorem
1857 3279 1908 3334 ei
1939 3293 2113 3334 mem-

527 3371 630 3427 bro
659 3371 748 3426 cui
777 3371 980 3443 aliquid
1017 3371 1224 3440 deerat,
1256 3381 1318 3428 ut
1343 3372 1650 3427 membrum
1679 3386 1884 3442 aegrum
1914 3369 2110 3442 majori

527 3456 819 3517 dilectione
847 3461 1177 3529 foveremus,
1207 3477 1375 3534 quam
1397 3478 1614 3518 sanum.
1639 3461 1764 3516 Ideo
1794 3460 1876 3516 sic
1903 3469 2112 3531 tempe-

522 3552 684 3620 ravit,
716 3561 774 3608 ut
801 3569 906 3608 non
926 3553 1000 3608 sit
1019 3553 1271 3621 schisma,
1300 3552 1354 3608 id
1377 3561 1462 3608 est
1491 3552 1785 3620 discordia,
1817 3553 1874 3605 in
1899 3568 2114 3622 corpore

525 3642 764 3710 Christi;
785 3643 876 3698 sed
901 3644 1087 3700 omnia
1103 3643 1335 3698 membra
1357 3643 1592 3698 sollicita
1619 3644 1726 3696 sint
1751 3659 1846 3712 pro
1869 3642 2112 3710 invicem,

529 3732 587 3788 id
607 3740 692 3788 est
731 3731 962 3789 alterum
991 3749 1092 3806 pro
1124 3734 1326 3812 altero;
1357 3735 1635 3790 sentientes
1655 3733 1908 3805 ia'ipsum,
1944 3732 1997 3789 id
2031 3741 2117 3789 est

531 3825 840 3896 angustiam
868 3825 1104 3897 proximi
1125 3825 1438 3898 judicantes
1461 3825 1761 3899 propriam.
1805 3824 1875 3880 Et
1905 3827 1952 3880 si
1986 3825 2114 3896 quid

528 3916 793 3972 molestiae
804 3917 1013 3988 patitur
1024 3933 1187 3971 unum
1201 3915 1510 3984 membrum,
1525 3916 1920 3987 compatiuntur
1937 3915 2116 3969 ontnia

529 4001 798 4075 membra;
823 4009 929 4064 sine
952 4009 1218 4080 gloriatur
1237 4001 1417 4063 unum'~
1427 4008 1736 4073 membrum,
1751 4007 2115 4079 congaudeant

529 4098 712 4152 omnia
741 4099 992 4154 membra.
1017 4097 1084 4154 Et
1108 4097 1374 4170 quidquid
1399 4097 1516 4153 dixi
1539 4098 1608 4154 de
1637 4097 1844 4152 unitate
1869 4096 2116 4167 corporis

533 4185 760 4254 Christi,
786 4195 960 4243 totum
999 4197 1210 4260 spectat
1254 4185 1320 4242 ad
1366 4202 1484 4254 vos,
1536 4200 1570 4242 ο
1628 4185 1930 4252 Corinthii;
1983 4185 2112 4256 quia

537 4263 632 4332 vos
669 4278 798 4332 estis
841 4293 1012 4334 unum
1064 4295 1256 4350 corpus
1287 4277 1508 4344 Christi,
1542 4285 1593 4331 et
1635 4276 1850 4332 diversa
1885 4275 2116 4331 membra

534 4368 822 4439 pendentia
847 4370 912 4424 de
934 4370 1163 4424 membro
1189 4368 1415 4434 Christi,
1442 4369 1536 4438 qui
1567 4384 1662 4424 vos
1683 4369 1750 4425 de
1778 4369 1884 4424 [ide
1907 4368 2110 4425 docuit.

537 4457 634 4515 Vel
665 4461 908 4518 membra
937 4461 1226 4533 pendentia
1253 4462 1320 4518 de
1350 4463 1616 4530 membro,
1654 4463 1706 4518 id
1733 4471 1819 4517 est
1845 4463 1912 4518 de
1939 4463 2116 4533 capite

533 4549 776 4620 Christo,
828 4553 923 4623 qui
971 4567 1289 4626 supremum
1341 4552 1650 4606 membrum
1699 4561 1785 4608 est
1839 4550 2114 4608 Ecclesiae.

535 4642 796 4700 Locutus
829 4650 914 4700 est
959 4645 1214 4716 superius
1240 4643 1328 4699 "de
1374 4643 1689 4700 diversitate
1743 4644 2118 4700 membrorum

533 4733 758 4802 Christi,
789 4735 1066 4806 quomodo
1091 4751 1262 4791 unum
1295 4735 1406 4792 sint
1432 4735 1488 4791 in
1530 4737 1706 4807 capite
1730 4753 1832 4794 suo
1845 4735 2114 4804 .Christo;

533 4825 775 4896 loquitur
801 4828 980 4886 adhuc
1004 4828 1073 4884 de
1099 4827 1304 4886 eisdem
1329 4828 1594 4884 membris
1617 4829 1916 4886 secundum
1937 4829 2118 4886 diver-

535 4915 724 4976 sitates
766 4919 1037 4975 donorum
1069 4935 1192 4991 quae
1223 4920 1429 4976 habent
1461 4936 1492 4976 a
1526 4918 1733 4990 Spiritu
1763 4929 1986 4988 sancto;
2013 4937 2115 4976 vo—

537 5006 654 5062 lens
695 5015 1014 5080 comparare
1039 5011 1186 5068 dona
1218 5011 1310 5068 illa
1359 5011 1500 5068 inter
1533 5027 1613 5079 se,
1645 5027 1768 5082 qum
1807 5011 1980 5082 magis
2008 5011 2120 5068 sint

541 5097 714 5166 utilia,
759 5117 924 5172 quam
974 5101 1158 5158 minus
1183 5121 1196 5157 ε
1227 5113 1288 5158 ιιι
1317 5103 1557 5160 charitas
1585 5112 1641 5160 et
1665 5103 1970 5174 prophetia,
1997 5119 2121 5174 quae

542 5191 783 5248 maxima
813 5194 960 5248 sunt.
993 5193 1168 5265 Loqui
1212 5196 1443 5254 diversis
1471 5195 1692 5267 linguis,
1720 5195 1879 5266 longe
1907 5195 1994 5251 his
2029 5195 2116 5250 in-

539 5279 728 5337 ferius.
755 5281 820 5338 Et
847 5283 962 5338 haec
988 5283 1109 5338 ideo
1135 5293 1434 5354 comparat,
1465 5285 1594 5356 quia
1619 5283 1888 5340 Corinthii
1921 5299 2118 5356 genera

538 5371 850 5442 linguarum
886 5371 1031 5443 (qua:
1071 5371 1261 5428 ultima
1309 5375 1446 5446 erat)
1481 5373 1840 5446 praeferebant
1867 5373 2122 5434 omnibus

539 5463 753 5536 gratiis.
831 5464 836 5468 ⁷

611 5555 814 5612 Littera
851 5555 934 5614 sic
947 5556 1196 5630 jungitur
1223 5577 1236 5612 :
1265 5555 1376 5613 Vos
1401 5557 1535 5615 estis
1563 5558 1805 5614 membra
1835 5558 2121 5630 pendentia

543 5649 608 5703 de
636 5651 903 5719 membro,
947 5649 1000 5706 id
1030 5649 1208 5706 estde
1231 5649 1408 5722 capite
1447 5650 1692 5718 Christo,
1722 5651 1774 5704 in
1809 5665 1922 5721 quo
1947 5667 2120 5706 unum

541 5757 740 5815 corpus
761 5743 924 5812 estis;
941 5753 994 5800 et
1016 5743 1070 5799 in
1087 5743 1187 5800 hac
1205 5742 1412 5800 unitate
1426 5743 1702 5811 discretio,
1721 5743 1848 5814 quia
1867 5743 2121 5813 quosdam

2200 1915 2286 1963 est
2309 1907 2557 1964 ultimam
2581 1909 2832 1980 gratiam,
2855 1925 3023 1980 quam
3044 1926 3165 1977 vos,
3191 1927 3227 1965 ο
3248 1911 3786 1979 Corinthii,marinie

2199 1999 2540 2056 desideratis.
2576 1998 2644 2054 Et
2671 2015 2912 2072 congrue
2941 1999 3086 2058 Deus
3113 2001 3489 2058 diversitates
3511 2001 3783 2074 gratiarum

2201 2091 2258 2146 in
2289 2090 2533 2148 Ecclesia
2569 2091 2861 2148 ordinavit.
2891 2090 3146 2164 Nunquid
3173 2093 3338 2149 enim
3373 2109 3563 2149 omnes
3593 2093 3785 2150 fuerunt

2201 2183 2466 2253 apostoli?
2493 2182 2552 2238 Si
2579 2197 2772 2239 omnes
2809 2185 3016 2255 utique,
3041 2199 3142 2240 nec
3177 2200 3357 2240 unus.
3389 2183 3539 2240 Nam
3589 2185 3656 2251 si,
3681 2199 3784 2239 eum

2202 2286 2394 2328 omnes
2421 2280 2607 2329 essent
2635 2273 2888 2344 apostoli,
2919 2289 3028 2328 non
3059 2287 3249 2333 essent
3295 2275 3516 2345 quibus
3545 2273 3769 2345 pradica-

2203 2372 2324 2419 rent
2345 2363 2571 2419 verbum
2601 2363 2718 2432 Dei,
2744 2364 2873 2434 quia
2899 2379 3092 2421 omnes
3119 2364 3394 2435 perfecti;
3425 2365 3649 2433 iterum,
3675 2380 3784 2418 m-

2203 2455 2332 2528 quid
2365 2471 2545 2510 omnes
2573 2465 2758 2512 essent
2806 2457 3112 2528 prophetw?
3158 2455 3252 2512 Sic
3283 2457 3409 2528 jam
3458 2458 3598 2512 nihil
3643 2455 3780 2512 alicui

2204 2557 2390 2618 posset
2417 2547 2666 2616 revelari,
2695 2548 2827 2620 quia
2858 2547 3062 2620 singuli
3094 2557 3287 2605 essent
3309 2549 3621 2620 prophetae.
3657 2545 3783 2600 Nun-

2207 2641 2334 2712 quid
2363 2641 2562 2696 iterum
2593 2656 2770 2696 omnes
2799 2649 2966 2696 erunt
2989 2640 3273 2696 doctores?
3305 2639 3436 2696 Non
3468 2647 3612 2697 esset
3647 2651 3778 2708 quem

2205 2733 2276 2788 de
2302 2731 2550 2788 moribus
2577 2732 2934 2800 instruerent,
2963 2731 3090 2802 quia
3115 2747 3316 2789 omnes
3338 2732 3518 2789 docti.
3553 2726 3778 2798 Nunquid

2209 2839 2385 2878 omnes
2420 2825 2639 2878 virtutes
2656 2825 2682 2878 ?
2708 2822 2802 2880 Sic
2828 2837 2930 2880 nec
2950 2831 3116 2889 esset,
3139 2823 3230 2879 cui
3268 2824 3482 2879 fierent
3525 2819 3775 2877 mimanta.

2215 2913 2471 2986 Nunquid
2508 2931 2684 2969 omnes
2723 2915 2916 2969 habent
2954 2915 3186 2985 gratiam
3227 2913 3622 2970 curationum?
3645 2907 3774 2963 Non:

2214 3008 2344 3078 quia
2371 3021 2482 3062 non
2505 3014 2650 3062 esset
2673 3021 2834 3077 quem
2877 3013 3156 3062 curarent.
3207 3005 3484 3078 Nunquid
3511 3019 3678 3059 omnes
3701 3015 3776 3054 va-

2212 3099 2311 3155 riis
2359 3097 2558 3168 linguis
2601 3097 2926 3168 loquuntur?
2986 3095 3080 3152 Sic
3101 3081 3218 3170 jam
3246 3098 3365 3154 vile
3411 3104 3471 3153 et
3517 3104 3774 3152 commune

2215 3193 2368 3248 fieret
2388 3191 2592 3246 donum
2623 3189 2738 3248 Dei.
2769 3188 3024 3261 Nunquid
3055 3205 3233 3246 omnes
3265 3190 3704 3262 interpretantur,
3731 3181 3770 3236 ic

2212 3291 2318 3350 est,
2362 3281 2602 3351 linguam
2651 3279 2707 3336 in
2752 3280 2999 3352 linguam
3041 3279 3348 3338 transferre
3395 3274 3692 3336 noverunt?
3726 3266 3769 3322 Si

2213 3383 2406 3426 oumes
2449 3369 2794 3440 interpretes,
2842 3384 2942 3440 pro
2991 3369 3163 3424 nihilo
3207 3369 3369 3426 ﬁeret
3413 3359 3770 3437 interpretatio.

2213 3459 2352 3516 Cum
2379 3467 2559 3516 autem
2593 3459 2704 3515 sint
2727 3468 2806 3514 tot
2835 3459 2978 3516 dona
3009 3459 3248 3530 Spiritus
3271 3459 3480 3526 sancti,
3507 3447 3771 3512 azmulami-

2215 3552 2292 3619 ni,
2327 3551 2382 3606 id
2408 3559 2494 3606 est
2537 3549 2841 3606 desiderate
2866 3564 2933 3604 ea
2967 3549 3322 3617 charismata,
3365 3548 3422 3604 id
3463 3555 3548 3603 est
3574 3537 3774 3615 gratuita

2215 3643 2356 3697 dona
2406 3641 2652 3712 spiritus,
2716 3657 2840 3712 quze
2894 3641 3040 3698 inter
3081 3641 3345 3712 praedicta
3397 3647 3532 3698 sunt
3563 3631 3768 3690 meliora.

2215 3733 2501 3791 Charisma
2550 3732 2847 3804 gratuitum
2897 3731 3120 3788 dicitur.
3170 3729 3238 3786 Et
3265 3739 3474 3802 praeter
3525 3727 3636 3781 haec
3675 3728 3772 3794 qui

2216 3841 2381 3895 supra
2434 3823 2756 3890 monstravi,
2799 3823 3102 3878 demonstro
3134 3822 3278 3876 vobis
3313 3821 3495 3876 adhuc
3528 3816 3659 3871 viam
3693 3821 3766 3895 af

2216 3893 2593 3979 cellentiorem,
2631 3911 2684 3967 id
2706 3919 2790 3967 est
2810 3911 3298 3982 eharitatem,qu:e
3321 3912 3413 3967 via
3439 3917 3546 3974 est,
3573 3913 3626 3960 ct
3646 3893 3769 3956 omni

2215 4005 2362 4060 dono
2395 4003 2775 4070 excellentior;
2807 4003 2936 4082 quia
2960 4009 3156 4059 uetera
3182 4003 3372 4058 omnia
3401 4016 3511 4058 non
3535 3991 3768 4053 sudicilwl

2216 4093 2285 4149 ad
2314 4093 2703 4151 beatitudinem
2728 4093 2845 4150 sine
2873 4091 3159 4149 cbaritate.

2801 4180 3032 4238 CAPUT
3070 4179 3209 4236 Xlll.

2294 4295 2313 4328 ι
2344 4274 2400 4330 Si
2427 4275 2628 4347 linguis
2672 4274 2955 4330 hominum
2999 4273 3197 4344 loquar
3224 4281 3279 4329 et
3303 4269 3640 4343 angelorum,
3659 4257 3768 4314 cha-

2224 4387 2243 4418 c
2288 4367 2506 4423 ritatem
2533 4375 2715 4424 autem
2759 4381 2870 4423 non
2902 4365 3154 4429 habeam,
3198 4363 3380 4421 factus
3407 4375 3529 4418 sum
3557 4355 3689 4412 velut
3709 4362 3768 4402 ωε

2223 4480 2242 4510 ι
2287 4473 2512 4525 sonans,
2529 4467 2625 4538 aut
2646 4458 2954 4530 cymbalum
2977 4458 3236 4514 tinnieus.
3251 4455 3318 4512 Et
3338 4457 3386 4514 si
3414 4452 3646 4511 habuero
3663 4453 3766 4513 pto-

2227 4571 2246 4604 ‹
2292 4549 2552 4622 phetiam,
2581 4559 2636 4606 et
2667 4551 2914 4607 noverim
2965 4550 3226 4624 mysteria
3269 4549 3479 4612 omnia,
3504 4553 3558 4600 et
3583 4543 3766 4595 omnem

2173 4698 2180 4705 ,
2227 4657 2246 4692 σ
2292 4637 2600 4705 scientiam,
2657 4646 2712 4694 et
2758 4639 2804 4696 si
2841 4639 3086 4698 habuero
3132 4653 3351 4695 omnem
3403 4637 3581 4697 iidem,
3619 4627 3683 4682 ita
3721 4625 3767 4672 ιιι

2225 4753 2244 4784 ‹
2287 4741 2500 4788 montes
2515 4729 3198 4798 transferam,charitatem
3222 4738 3404 4786 autem
3429 4741 3535 4782 non
3551 4718 3764 4777 habeam.

2225 4844 2244 4877 ε
2290 4824 2426 4880 nihil
2441 4839 2586 4881 sum.
2609 4822 2677 4880 Et
2698 4823 2745 4880 si
2761 4823 3092 4880 distribuere
3107 4823 3161 4878 in
3184 4821 3336 4878 cibos
3355 4825 3644 4892 pauperum
3665 4817 3762 4858 om-

2225 4937 2243 4970 ε
2287 4933 2386 4974 nes
2416 4916 2702 4973 facultates
2731 4931 2902 4982 meas,
2937 4923 2992 4970 et
3012 4914 3060 4968 si
3081 4913 3354 4969 tradidero
3393 4920 3587 4978 corpus
3614 4904 3762 4954 meum

2231 5029 2249 5061 σ
2296 5009 2372 5066 ita
2413 5017 2476 5064 ut
2508 5007 2762 5074 ardeam,
2802 5005 3124 5063 eharitatem
3162 5011 3346 5060 autem
3379 4989 3487 5058 non
3535 4991 3758 5087 litibuij

2231 5121 2251 5152 ι
2295 5101 2431 5158 nihil
2458 5099 2592 5154 mihi
2623 5099 2863 5176 prodest.
2893 5096 3148 5154 Charitas
3182 5095 3397 5166 patiens
3428 5099 3528 5154 est,
3564 5083 3762 5176 δεηίειὴει
3817 5107 3825 5118 ο

2231 5213 2250 5243 ι
2296 5202 2400 5249 est.
2436 5191 2691 5248 Charitas
2731 5175 2842 5246 non
2873 5177 3194 5255 aemulatur,
3222 5202 3332 5242 non
3359 5183 3468 5256 agit
3495 5175 3754 5250 perperam

2233 5305 2252 5338 ι
2299 5300 2406 5340 non
2433 5283 2672 5348 inﬂatur,
2693 5297 2802 5338 non
2829 5289 2913 5337 est
2936 5279 3249 5345 ambitiosa,
3294 5293 3404 5332 non
3454 5263 3634 5344 quaerit
3661 5266 3758 5326 ειυκ

2234 5398 2251 5428 ς
2295 5392 2395 5434 sua
2436 5384 2588 5443 sunt,
2623 5391 2733 5430 non
2768 5373 3036 5439 irritatur,
3071 5387 3180 5427 non
3211 5369 3412 5441 cogitat
3438 5355 3750 5452 malumﬂ'ﬂ"

2233 5489 2251 5520 ι
2297 5467 2496 5539 gaudet
2515 5440 2681 5537 super
2700 5465 3013 5535 iniquitate;
3038 5440 3342 5532 congaudet
3362 5467 3534 5514 autem
3555 5440 3750 5539 vernali:

2233 5581 2251 5613 ι
2296 5537 2490 5616 Dmnia
2523 5557 2731 5622 sullert,
2757 5557 2940 5612 omnia
2969 5555 3162 5622 credit,
3185 5551 3370 5608 omnia
3391 5549 3578 5622 sperat.
3599 5537 3746 5622 om?"

2235 5673 2252 5703 α
2299 5651 2552 5708 sustinet.
2573 5617 2827 5704 Charitas
2858 5617 3399 5718 nunquam-excidit;
3421 5617 3534 5697 sive
3557 5617 3746 5718 Ρτορὶξίξς

2237 5763 2253 5793 ι
2300 5742 2389 5797 tiae
2433 5740 2864 5806 evacuabuntur,
2913 5737 3025 5792 sive
3073 5735 3273 5808 lingua:
3329 5713 3745 5790 cessabimus”
