3928 6440
83 396 174 452 193

706 390 1071 451 ΒΧΡῡειτιο
1108 393 1175 449 ΙΝ
1210 393 1592 450 EPISTOLAS
1628 390 1856 447 PAULI.
1905 421 1967 430 -ο
2007 388 2072 444 IN
2110 388 2325 446 EPIST.
2368 389 2388 443 l
2420 388 2514 446 AD
2546 388 2706 446 (20R.

3228 391 3333 447 l9!»

86 528 103 560 ι
140 508 360 563 scientia
396 507 725 565 destruetur.
767 507 845 562 Ex
896 517 1049 578 parte
1072 508 1218 564 enim
1247 506 1652 579 cognoscimus,
1684 511 1728 567 Α
1757 517 2026 573 perverse,
2057 503 2299 573 aliquid;
2338 518 2441 557 non
2467 503 2712 572 inﬂatur,
2743 501 2797 557 id
2831 510 2913 556 est
2936 516 3045 557 non
3066 504 3335 574 superbit,

87 620 104 652 ι
141 609 193 654 et
206 615 273 654 ex
294 608 454 669 parte
479 600 887 669 prophetamus.
911 600 1050 655 Cum
1069 609 1257 655 autem
1281 599 1487 654 venerit
1502 597 1648 668 quod

87 708 103 737 ι
144 687 440 757 perfectum
456 696 557 754 est,
578 690 935 745 evacuabitur
952 688 1099 759 quod
1121 703 1190 744 ex
1210 697 1367 759 parte
1384 697 1486 743 est.
1511 686 1651 742 Cum

87 799 103 831 ι
141 794 314 835 essem
346 779 631 848 parvulus,
662 781 928 850 loquebar
958 790 1020 836 ut
1048 780 1332 851 parvulus,
1370 781 1650 850 sapiebam

88 888 103 918 ι
143 877 198 921 ιιι
221 868 505 937 parvulus,
534 870 842 941 cogitabam
882 879 946 925 ut
990 870 1271 940 parvulus.
1300 867 1532 938 Quando
1554 885 1655 924 aua-

87 978 104 1011 ι
142 968 241 1013 tem
267 957 453 1015 factus
479 975 602 1016 sum
633 961 735 1028 vir,
783 963 1043 1017 evacuavi
1087 977 1210 1033 qua
1233 971 1391 1017 erant
1417 962 1651 1031 parvuli.

88 1071 103 1101 ι
143 1049 395 1106 Videmus
439 1066 587 1108 nunc
636 1068 733 1123 per
754 1054 1037 1123 speculum
1073 1054 1129 1109 in
1169 1052 1497 1125 aenigmate:
1523 1062 1655 1108 tunc

90 1160 105 1193 ι
143 1148 317 1196 autem
358 1139 503 1197 facie
542 1142 611 1197 ad
645 1142 862 1199 faciem.
890 1143 1048 1200 Nunc
1068 1160 1342 1217 cognosco
1366 1160 1434 1201 ex
1463 1153 1652 1216 parte:

92 1252 107 1281 ι
146 1240 266 1287 tunc
294 1239 481 1286 autem
523 1248 873 1305 cognoscam,
919 1236 1065 1291 sicut
1117 1244 1171 1291 et
1214 1237 1469 1308 cognitus
1505 1252 1650 1292 sum.

92 1343 107 1373 ι
146 1321 288 1378 Nunc
333 1332 522 1378 autem
574 1335 801 1382 manent
829 1326 983 1394 ﬁdes,
1036 1342 1183 1397 spes,
1231 1327 1475 1383 charitas
1507 1346 1521 1381 :
1550 1327 1654 1382 tria

93 1434 108 1465 ι
148 1415 270 1471 haec.
307 1414 487 1486 Major
505 1425 688 1472 autem
722 1418 920 1473 horum
948 1428 1032 1474 est
1066 1419 1367 1474 charitas.»

708 1525 1012 1566 EXPOSITIO.

148 1596 274 1662 Quia
316 1597 435 1651 vult
469 1598 787 1671 Corinthios
837 1601 1011 1672 magis
1050 1610 1304 1672 appetere
1332 1600 1654 1657 charitatem

1751 594 1818 649 de
1854 595 2136 662 temporali
2170 595 2313 649 bono
2346 595 2429 649 vel
2463 595 2764 665 spirituali;
2799 611 2902 649 non
2924 605 3004 651 est
3023 598 3330 663 ambitiosa,

1752 695 1813 741 ut
1846 686 2139 757 dignitates
2178 687 2370 742 mundi
2407 686 2788 757 concupiscat;
2841 703 2944 742 non
2986 689 3181 759 quierit
3217 705 3336 760 quat

1752 794 1852 832 sua
1881 786 2004 830 sunt
2026 785 2261 844 tantum,
2298 778 2394 833 sed
2423 793 2578 848 teque
2600 779 2819 834 utilitati
2842 780 3072 835 intendit
3102 782 3336 851 proximi

1754 876 1814 923 ut
1840 883 1971 924 suae.
1996 867 2092 923 Vel
2121 885 2224 923 non
2248 870 2461 940 quaerit,
2490 870 2544 925 id
2579 878 2787 925 estnon
2814 872 3065 941 requirit,
3093 889 3212 943 qua:
3236 890 3336 928 sua

1752 968 1895 1025 sunt,
1928 958 1976 1015 si
2006 959 2131 1029 quis
2163 960 2452 1015 abstulerit
2478 961 2549 1016 ei.
2579 960 2703 1015 Non
2727 962 2999 1029 irritatur,
3032 964 3085 1018 id
3112 972 3197 1020 est
3224 980 3355 1035 non.

1752 1058 2085 1120 provocatur
2120 1049 2187 1104 ad
2238 1050 2398 1118 iram,
2449 1068 2553 1105 non
2604 1053 2800 1123 cogitat
2845 1057 3067 1122 malum,
3105 1065 3166 1112 ut
3187 1056 3338 1113 dicat

1752 1141 1839 1197 vel
1864 1138 2064 1195 inferat
2087 1140 2272 1196 alicui.
2305 1140 2429 1195 Non
2464 1142 2656 1213 gaudet
2688 1160 2866 1214 super,
2915 1145 2969 1200 id
2994 1154 3083 1201 est
3118 1148 3187 1202 de
3228 1148 3338 1202 ini-
3389 1205 3398 1212 _

1753 1232 1991 1302 quitate;
2024 1231 2071 1287 si
2124 1232 2273 1288 videt
2315 1233 2502 1303 inique
2543 1233 2629 1305 agi
2674 1234 2731 1289 in
2777 1236 3118 1305 proximum,
3153 1240 3338 1308 potius

1753 1323 2116 1394 compatitur;
2155 1325 2448 1396 co'ngaudet
2473 1335 2649 1379 autem
2693 1329 2923 1396 veritati,
2947 1329 2999 1385 id
3023 1339 3109 1385 est
3135 1346 3335 1387 secun-

1753 1414 1885 1470 dum
1935 1415 2218 1471 veritatem
2265 1416 2507 1486 loquenti
2555 1417 2638 1471 vel
2685 1419 2884 1488 agenti.
2920 1419 3113 1475 Omnia
3171 1422 3338 1477 etiam

1754 1508 1983 1562 adversa
2009 1522 2133 1577 quas
2179 1506 2512 1575 inferuntur,
2553 1510 2823 1579 patienter
2855 1512 3061 1580 suffert,
3110 1514 3335 1579 tolerat;

1755 1597 1935 1651 omnia
1967 1597 2160 1664 credit,
2189 1613 2530 1668 quaecunque
2547 1598 2615 1653 de
2642 1597 2752 1654 Deo
2776 1614 2907 1655 sane
2932 1601 3079 1656 credi
3103 1612 3335 1673 oportet.

91 1705 230 1756 quam
257 1689 499 1760 linguas,
513 1692 707 1761 probat
726 1693 1051 1749 charitatem
1072 1695 1507 1750 excellentiorem
1536 1710 1658 1751 esse

1770 1687 1953 1743 Omnia
1982 1697 2180 1758 sperat,
2219 1697 2275 1743 et
2315 1689 2374 1743 in
2417 1689 2671 1759 praesenti
2701 1690 2953 1757 virtutes,
2993 1700 3049 1747 et
3073 1692 3128 1745 in
3154 1692 3341 1748 futuro

92 1796 231 1847 quam
260 1782 409 1851 loqui
457 1783 677 1855 linguis,
707 1784 895 1842 dicens
920 1804 933 1840 :
957 1785 1212 1842 Charitas
1240 1788 1430 1859 utique
1452 1788 1653 1859 linguis

1770 1779 2009 1849 gloriam.
2052 1778 2247 1835 Omnia
2269 1782 2517 1847 sustinet,
2557 1781 2612 1836 id
2641 1790 2745 1849 est,
2787 1783 2834 1837 si
2863 1782 3147 1838 differatur
3176 1784 3341 1839 retri-

92 1881 159 1924 νει
182 1874 561 1943 excellentior;
591 1892 718 1931 nam
747 1879 796 1930 si
824 1893 926 1948 ego
954 1877 1145 1949 loquar
1185 1879 1381 1951 linguis
1408 1881 1652 1935 omnium
1689 1861 1731 1915 Β
1757 1867 1931 1935 butio,
1956 1868 2287 1940 longanimis
2317 1880 2402 1925 est
2424 1870 2480 1924 in
2507 1872 2851 1927 sustinendo.
2879 1872 2998 1928 Alia
3024 1872 3341 1950 excellentia

94 1967 354 2033 hominum,
391 1967 587 2039 (aqua,
612 1970 777 2024 etiam
803 1970 1002 2040 ungui,
1020 1971 1329 2042 angelorum
1352 1974 1484 2044 (ηοη
1507 1973 1655 2043 (μηδ
1757 1958 2064 2024 eharitatis,
2092 1960 2304 2015 scilicet
2330 1961 2460 2030 quia
2481 1961 2720 2015 charitas
2750 1978 3018 2032 nunquam
3037 1965 3258 2032 excidit,
3290 1965 3343 2020 id

95 2056 243 2125 angeli
278 2057 488 2128 linguis
531 2059 849 2129 loquantur,
887 2061 982 2116 sed
1014 2062 1345 2132 quibusdam
1376 2063 1547 2135 signis
1577 2065 1658 2118 al-

98 2147 175 2199 teri
197 2148 325 2202 alter
342 2145 685 2205 voluntatem
709 2166 866 2206 suam
889 2152 1204 2223 signiﬁcat),
1229 2154 1348 2209 etsi
1370 2169 1472 2224 ego
1494 2162 1658 2209 tanta:

98 2238 418 2306 perfectionis
455 2258 657 2310 essem,
708 2252 769 2298 ut
816 2245 1151 2300 monitiones
1202 2247 1524 2317 angelorum
1560 2263 1656 2302 co-

100 2347 405 2400 ignoscerem,
467 2333 625 2406 137
673 2335 759 2391 vel
802 2335 999 2407 linguis
1045 2336 1355 2407 angelorum
1406 2339 1662 2409 loquerer

101 2425 220 2489 (cum
246 2426 390 2481 enim
421 2429 601 2499 angeli
620 2438 903 2500 assumpta
933 2430 1110 2485 forma
1132 2432 1314 2502 aliqua
1344 2433 1660 2489 hominibus

104 2515 387 2585 loquuntur,
423 2535 651 2576 necesse
678 2531 763 2577 est
787 2531 846 2576 ut
873 2523 1037 2577 verba
1072 2523 1309 2579 humana
1333 2526 1657 2595 proferant);

104 2607 324 2663 siautem
354 2610 479 2665 haec
503 2612 691 2666 eadem
711 2613 875 2668 verba
896 2614 1112 2683 loquar.
1136 2612 1232 2669 Vel
1256 2614 1328 2669 ita
1351 2634 1364 2670 ε
1393 2614 1452 2670 Si
1473 2615 1665 2686 loquar

105 2697 268 2768 linguis
314 2700 625 2770 hominum,
668 2703 721 2757 id
750 2711 835 2758 est
879 2704 1190 2760 immaniter
1228 2705 1568 2762 viventium:
1612 2715 1662 2760 et

106 2790 272 2860 linguis
300 2792 638 2863 angelorum,
683 2795 736 2850 id
766 2804 850 2851 est
878 2811 1070 2851 eorum
1094 2797 1189 2866 qui
1226 2797 1280 2850 in
1322 2796 1427 2852 hoc
1459 2799 1665 2853 mundo

106 2887 493 2955 contemplativa
510 2887 723 2957 vivunt,
752 2889 1067 2944 cltaritatem
1098 2900 1277 2944 au'em
1297 2906 1401 2944 non
1421 2891 1662 2959 habeam,

107 2975 251 3040 factus
270 2994 383 3031 sum
421 2978 636 3035 inutilis
655 2980 793 3034 velut
818 2996 891 3035 ars
919 2998 1133 3047 sonans,
1154 2982 1300 3053 quod
1328 2981 1667 3038 infructuose

108 3077 339 3135 quantum
388 3070 465 3125 ad
516 3086 577 3126 se
621 3073 986 3142 pcrtunditur,
1036 3083 1130 3127 aut
1178 3074 1317 3128 velut
1368 3075 1666 3144 cymbalum

111 3158 333 3227 unum,
372 3163 529 3232 quod
565 3179 729 3219 aures
765 3165 1050 3220 hominum
1078 3166 1325 3233 delectat,
1349 3182 1519 3237 seque
1544 3185 1666 3238 per—
1694 3199 1740 3260 ο

111 3250 253 3305 tundit
283 3260 337 3306 et
371 3253 657 3310 diiiiinuit.
706 3254 777 3309 Et
825 3258 873 3310 si
930 3256 1162 3311 habuero
1207 3258 1559 3329 prophetiam,
1606 3269 1668 3314 ut

113 3338 381 3399 illuminato
407 3329 577 3400 sensu
613 3356 840 3402 ventura
857 3348 1238 3418 pradicerem;
1279 3358 1327 3403 et
1354 3350 1401 3404 si
1435 3352 1667 3404 noverim

111 3435 257 3487 viauia
285 3438 564 3506 mysteria,
596 3437 649 3493 id
679 3448 764 3495 est
785 3441 990 3509 figuras
1020 3456 1243 3510 operum
1282 3441 1378 3495 Dei
1415 3442 1499 3514 (ut
1519 3443 1669 3497 dilu-

111 3521 229 3577 vium
257 3527 431 3598 ﬁgura
468 3526 571 3582 fuit
596 3529 851 3599 baptismi
890 3539 945 3587 et
978 3531 1232 3603 similia);
1267 3541 1318 3586 et
1347 3533 1394 3588 si
1424 3536 1668 3589 noverim

113 3629 282 3670 omnem
308 3620 619 3687 scientiam,
642 3620 694 3675 id
717 3631 801 3677 est
822 3621 1066 3692 ipsorum
1094 3624 1478 3695 mysteriorum
1500 3626 1670 3697 signi-

115 3703 423 3778 licationem;
450 3719 502 3765 et
521 3712 568 3765 si
591 3711 821 3767 habuero
845 3728 1049 3770 omnem
1074 3716 1256 3785 ﬁdem,
1280 3718 1358 3771 ita
1390 3729 1447 3772 ut
1472 3728 1671 3774 montes

117 3796 185 3849 (ad
226 3799 486 3872 litteram)
530 3805 850 3874 transferam
899 3807 1027 3876 (hoc
1071 3808 1219 3863 enim
1255 3819 1374 3865 erat
1415 3813 1670 3867 meritum

118 3887 232 3958 ﬁdei,
280 3904 338 3949 ut
389 3896 441 3951 si
477 3896 652 3952 fidelis
688 3898 895 3954 diceret
941 3901 1111 3955 monti
1169 3902 1358 3957 tollere
1421 3904 1570 3971 hinc,
1619 3902 1697 3960 ct’

119 3983 297 4041 mittere
314 3989 367 4043 in
385 4004 542 4044 mare
563 3988 785 4062 [Matt/i.
816 4008 929 4058 xxi,
948 3992 1064 4065 2i],
1098 3993 1169 4048 ita
1186 4010 1285 4065 pro
1306 4005 1454 4050 certo
1475 3994 1669 4065 fici-et).

120 4071 193 4128 Vel
214 4080 359 4135 aliter
385 4099 399 4135 :
428 4079 487 4135 Si
505 4081 748 4138 habuero
771 4092 879 4138 tam
902 4084 1198 4154 perfectam
1218 4086 1375 4142 fidem
1400 4097 1459 4141 ut
1487 4088 1672 4142 tollam

119 4178 323 4236 montes,
387 4172 445 4227 id
496 4182 581 4228 est
624 4174 874 4231 diabolos
921 4176 991 4230 ab
1047 4176 1288 4233 obsessis
1351 4179 1676 4248 corporibus

120 4262 418 4320 transferam
444 4265 500 4319 in
532 4280 729 4336 porcos
766 4268 851 4322 vel
891 4268 945 4322 in
989 4268 1324 4339 bujusmodi,
1359 4271 1676 4326 charitatem

118 4356 267 4407 autem
288 4372 394 4411 non
420 4356 679 4424 habuero,
705 4358 844 4412 nihil
863 4376 1003 4426 sum,
1035 4361 1089 4415 id
1116 4371 1220 4428 est,
1252 4364 1458 4420 nullius
1495 4365 1675 4419 meriti

121 4455 310 4514 propter
323 4448 485 4504 ﬁdem
503 4449 622 4505 sine
643 4450 909 4506 charitate
928 4451 1157 4522 judicor.
1182 4453 1311 4508 Etsi
1331 4456 1671 4524 distribuere,

1756 2059 1859 2115 est,
1890 2066 2219 2119 permanens
2240 2059 2324 2106 est
2348 2051 2403 2106 in
2425 2060 2714 2117 internum,
2736 2059 2793 2106 et
2812 2068 3092 2123 nunquam
3114 2065 3342 2124 praater-

1759 2141 1840 2196 iit.
1880 2140 2021 2197 Vere
2050 2141 2292 2197 Charitas
2328 2142 2443 2197 sola
2487 2158 2595 2198 non
2619 2143 2839 2197 excidit.
2884 2141 3020 2197 Nam
3045 2145 3345 2215 prophetiae

1756 2239 1810 2285 et
1847 2229 2098 2297 scientia,
2129 2246 2252 2301 qua:
2283 2231 2424 2285 inter
2448 2240 2642 2286 uetera
2672 2233 2847 2302 magis
2880 2240 3027 2286 stare
3065 2232 3340 2301 videntur,

1761 2319 1849 2373 illa
1871 2318 2249 2374 destruuntur.
2294 2318 2414 2374 Sive
2450 2321 2593 2373 enim
2630 2320 2919 2390 prophetia:
2952 2321 3084 2388 sint,
3112 2338 3344 2405 etmcua-I

1761 2409 1957 2464 buntur
1982 2410 2039 2464 in
2075 2409 2281 2466 futuro.
2327 2409 2466 2467 Cum
2496 2411 2642 2466 enim
2669 2412 2854 2467 omnia
2884 2414 3141 2470 omnibus
3156 2424 3347 2485 aperta

1762 2502 1913 2570 lient,
1938 2501 2072 2572 quid
2100 2503 2534 2573 .prOphetarent?
2574 2502 2697 2558 Sive
2716 2503 2912 2575 lingua:
2940 2506 3069 2572 sint,
3100 2506 3205 2561 illa:
3230 2522 3346 2560 ces-

1762 2592 1975 2663 sabunt,
2017 2596 2277 2652 omnibus
2304 2596 2451 2651 enim
2493 2597 2550 2652 in
2584 2596 2772 2653 futuro
2813 2598 3072 2655 identitas
3098 2599 3205 2654 erit
3228 2615 3348 2655 ser-

1765 2688 1972 2755 monis;
2028 2688 2135 2743 sive
2188 2690 2411 2744 scientia
2454 2704 2577 2759 quae
2626 2705 2773 2745 nunc
2826 2690 3078 2758 habetur,
3123 2690 3215 2745 illa
3256 2690 3352 2744 de—

1764 2789 2018 2834 struetur.
2076 2779 2215 2847 Quia
2269 2782 2338 2836 de
2390 2782 2619 2837 scientia
2668 2782 3000 2852 quibusdam
3065 2783 3354 2838 videbatur

1765 2869 1912 2940 quod
1941 2886 2268 2941 permanens
2295 2881 2460 2939 esset,
2487 2872 2683 2941 probat
2725 2873 2870 2943 quod
2903 2889 3090 2929 revera
3125 2874 3353 2929 scientia

1766 2978 2004 3032 prsescns
2033 2963 2373 3030 destruetur;
2423 2964 2552 3033 quia
2581 2980 2729 3020 nunc
2756 2966 3138 3035 cognoscimus,
3181 2966 3356 3020 idest

1768 3052 1976 3108 scimus
1998 3070 2065 3107 ex
2087 3063 2258 3124 parte,
2290 3054 2342 3109 id
2364 3062 2449 3107 est
2473 3052 2808 3123 imperfecte.
2828 3053 2895 3108 Et
2919 3069 3045 3109 vere
3060 3055 3355 3123 prophetia

1768 3142 2143 3197 evacuabitur.
2173 3142 2311 3197 Nam
2340 3160 2488 3198 nunc
2514 3143 2887 3213 prophetamus
2907 3159 2973 3197 ex
2995 3152 3166 3213 parte,
3191 3143 3245 3198 id
3271 3154 3357 3199 est

1770 3231 2116 3303 imperfecte;
2149 3234 2240 3288 sed
2264 3232 2319 3288 in
2343 3233 2530 3289 futuro
2558 3248 2679 3286 cum
2696 3234 2891 3287 venerit
2907 3232 3356 3303 quod‘perfectum

1768 3334 1867 3392 est,
1891 3324 2232 3379 evacuabitur
2259 3340 2422 3380 omne
2455 3323 2588 3379 illud
2622 3323 2761 3395 quod
2787 3339 2852 3378 ea:
2879 3333 3051 3394 parte,
3074 3323 3127 3379 id
3150 3333 3234 3380 est
3255 3325 3360 3379 im-

1769 3416 2069 3489 perfectum
2094 3427 2193 3473 est.
2446 3426 2449 3429 '

1841 3530 2149 3602 Opponeret
2169 3531 2369 3602 aliquis
2394 3549 2408 3585 :
2432 3529 2634 3586 Verum
2656 3530 2877 3601 quidem
2899 3540 2984 3586 est
3006 3532 3152 3599 quod
3175 3533 3363 3587 scien-

1771 3624 1846 3680 tia
1873 3639 2019 3679 nunc
2051 3633 2136 3679 est
2164 3622 2500 3694 imperfecta,
2533 3624 2628 3678 sed
2657 3622 2895 3693 perfecta
2926 3624 3031 3677 erit
3059 3624 3114 3677 in
3137 3622 3361 3691 futuro;

1773 3716 1870 3772 sed
1911 3724 2092 3771 tamen
2147 3714 2237 3769 illa
2286 3730 2415 3784 pars
2468 3715 2709 3769 scicntia:
2736 3729 2859 3785 quae
2902 3728 3051 3770 nunc
3096 3723 3202 3781 est,
3248 3729 3365 3769 non

1772 3808 2105 3872 destruetur,
2150 3805 2244 3861 sed
2279 3806 2334 3859 in
2357 3806 2445 3860 illa
2475 3805 2742 3859 totalitate
2783 3805 3025 3860 scientia:
3053 3803 3362 3859 claudetur.

1775 3897 1842 3952 Et
1870 3898 1977 3954 hoc
2000 3911 2099 3967 per
2120 3897 2400 3953 inductam
2425 3895 2841 3951 similitudinem
2866 3886 3070 3951 Paulus
3099 3895 3358 3962 destruit,

1774 3986 1921 4057 quod
1969 4002 2069 4042 nec
2113 3986 2204 4041 illa
2247 3985 2477 4041 scientia
2513 4001 2637 4055 qua:
2680 4001 2831 4040 nunc
2876 3994 2961 4041 est
3002 3993 3362 4057 permaneat;

1775 4079 1905 4149 quia
1948 4079 2412 4149 quemadmodum
2448 4079 2608 4150 138
2639 4094 2778 4149 puer
2806 4079 2881 4133 nil
2934 4094 3033 4149 per
3061 4078 3366 4150 rationem,

1778 4171 1873 4226 sed
1903 4187 1997 4241 per
2025 4186 2221 4227 sensus
2248 4180 2304 4227 et
2343 4187 2443 4241 per
2467 4172 2734 4242 quasdam
2763 4171 3033 4243 imagines
3061 4170 3312 4242 intelligit
3345 4189 3362 4225 :

1776 4264 1845 4320 de
1868 4264 2044 4335 lapide
2064 4264 2211 4333 quod
2231 4264 2405 4319 durus
2434 4264 2507 4319 sit
2535 4272 2589 4318 et
2624 4262 2855 4328 solidus,
2885 4269 2939 4317 et
2962 4261 3029 4317 de
3051 4262 3174 4317 aliis
3202 4261 3362 4317 simi-

1778 4357 1928 4423 liter;
1966 4371 2093 4411 cum
2122 4364 2304 4410 autem
2330 4356 2471 4410 idem
2496 4368 2629 4425 puer
2661 4354 2838 4410 factus
2875 4363 2960 4410 est
2984 4354 3092 4421 vir,
3116 4353 3366 4409 dimissis

1780 4449 2131 4521 imaginibus,
2185 4447 2298 4517 jam
2346 4462 2455 4502 non
2519 4447 2787 4517 corporali
2838 4461 3002 4503 sensu
3052 4446 3368 4502 discernere

123 4532 164 4585 id
187 4545 261 4590 est
288 4538 525 4595 diversis
556 4539 820 4608 tribuero,
846 4557 954 4596 non
982 4543 1254 4612 superflua
1284 4559 1404 4600 mea
1435 4554 1676 4613 tantum;
1708 4544 1754 4602 ι)
1777 4558 2050 4612 quaerens,
2079 4542 2195 4596 sola
2232 4542 2284 4595 vi
2311 4540 2542 4596 rationis
2571 4540 2732 4611 longe
2770 4539 2968 4595 melius
2989 4538 3268 4609 cognoscit
3295 4537 3368 4592 de

123 4624 199 4678 sed
224 4629 380 4685 etiam
419 4631 705 4701 facultates
732 4648 897 4698 meas,
947 4632 1001 4686 id
1042 4642 1149 4700 est,
1202 4651 1324 4705 quae
1349 4635 1583 4695 facultas
1626 4647 1682 4694 et

124 4717 427 4778 possibilitas
459 4731 610 4777 esset
633 4722 768 4777 mihi
791 4710 1058 4779 retinere:
1087 4725 1406 4781 distribuere
1421 4730 1544 4785 dico
1569 4732 1678 4785 non

126 4800 169 4857 in
188 4810 468 4878 superﬂua,
485 4810 581 4866 sed
594 4811 653 4864 in
667 4811 841 4876 cibos;
870 4828 970 4868 nec
984 4813 1236 4882 divitum,
1250 4816 1344 4871 sed
1358 4833 1681 4888 pauperum;

126 4904 169 4948 et
186 4912 387 4967 omnes,
406 4911 679 4973 quotquot
702 4912 852 4971 sunt,
885 4904 1214 4975 facultates;
1242 4916 1293 4960 et
1324 4910 1371 4961 si
1409 4910 1681 4965 tradidero

128 5001 290 5058 corpus
321 5010 512 5061 meum,
554 4996 636 5049 ita
679 5004 741 5049 ut
779 4996 1028 5064 ardeam,
1062 4997 1205 5052 sicut
1234 4996 1293 5053 Β.
1332 4997 1685 5072 Laurentius,

129 5077 415 5139 chatitatem
440 5097 623 5141 autem
649 5103 755 5142 non
786 5087 1037 5155 habuero,
1062 5088 1198 5144 nihil
1222 5089 1351 5144 mihi
1378 5093 1610 5161 prodest.
1674 5100 1677 5103 ⁷

184 5169 375 5231 Caetera
400 5178 524 5234 sine
561 5179 828 5235 charitate
864 5195 973 5236 non
998 5189 1261 5251 prosunt;
1296 5182 1390 5238 sed
1426 5183 1684 5252 charitas,

131 5262 321 5321 etiamsi
344 5283 438 5338 per
462 5285 528 5325 se
555 5271 896 5327 considerari
923 5283 1109 5343 queat,
1135 5275 1344 5344 patiens
1378 5287 1486 5342 est,
1516 5277 1569 5333 id
1604 5289 1689 5334 est

132 5353 361 5414 Virtutem
387 5362 661 5431 patientiae
704 5363 888 5432 habet,
929 5365 1142 5421 etiamsi
1185 5367 1321 5422 nihil
1360 5370 1692 5442 quandoque

136 5447 364 5511 patiatur.
402 5452 503 5508 Est
541 5455 707 5510 etiam
739 5455 981 5527 benigna,
1017 5457 1070 5513 id
1114 5469 1198 5513 est
1229 5459 1377 5531 larga
1423 5470 1477 5517 et
1508 5463 1687 5517 abun-

135 5535 252 5595 dans
282 5542 564 5602 dilectione
596 5547 859 5617 proximi,
896 5549 1062 5604 etiam
1103 5549 1151 5604 si
1192 5565 1303 5604 non
1349 5551 1513 5608 habet
1554 5554 1688 5625 quid

139 5630 336 5689 tribuat.
376 5636 671 5709 Postquam
711 5640 853 5696 bona
888 5640 945 5695 in
978 5640 1248 5697 charitate
1290 5644 1496 5712 posuit,
1545 5646 1689 5702 mala

141 5733 354 5781 removet
375 5730 443 5786 ah
472 5732 685 5796 eadem,
722 5732 909 5788 dicens
939 5750 953 5786 :
979 5730 1230 5787 Charitas
1262 5749 1366 5788 non
1386 5736 1689 5805 aemulatur,

145 5807 187 5860 id
224 5824 303 5869 est
333 5824 529 5877 nemini
575 5824 796 5878 invidet.
851 5823 973 5879 Non
1020 5824 1132 5893 agit
1179 5840 1474 5895 perperam,
1515 5828 1567 5881 id
1608 5838 1692 5883 est

1780 4633 2018 4700 eisdem;
2076 4634 2151 4687 ita
2195 4641 2257 4687 ut
2307 4632 2582 4688 sensualis
2623 4640 2678 4686 ct
2726 4630 3048 4702 imaginaria
3101 4628 3366 4698 ceg:.itio,

1781 4739 1946 4795 quam
1976 4739 2113 4795 puer
2141 4723 2351 4790 habuit,
2380 4723 2527 4777 nulla
2547 4721 2660 4793 jam
2691 4722 2796 4777 sibi
2820 4721 3032 4775 ratione
3054 4722 3227 4774 utenti
3243 4732 3371 4774 esse

1783 4816 2048 4870 videatur.
2102 4813 2194 4871 Sic
2245 4814 2473 4870 scientia
2515 4813 2679 4883 hujus
2717 4813 2906 4867 mundi
2952 4826 3051 4882 per
3097 4809 3369 4881 quasdam

1783 4906 2172 4963 similitudines
2197 4906 2530 4977 imaginatur
2556 4904 2758 4970 Deum;
2813 4911 2874 4959 ut
2921 4902 3050 4972 quia
3093 4901 3241 4957 videt
3267 4900 3366 4956 ali-

1782 5010 1946 5065 quem
1994 5002 2292 5065 potentem,
2335 5002 2530 5064 pensat
2579 4992 2751 5047 Deum
2798 4992 2895 5063 qui
2947 4992 3094 5046 hunc
3141 4991 3371 5058 creavit,

1781 5090 1942 5159 longe
1962 5088 2361 5158 potentiorem;
2403 5096 2457 5142 et
2505 5086 2573 5142 de
2608 5084 2821 5142 cteteris
2850 5084 3123 5141 similiter.
3170 5083 3276 5141 Sed
3313 5079 3370 5141 in

1781 5172 1971 5237 futuro
2013 5194 2411 5251 c-gnoscemus
2458 5172 2626 5240 Deum
2677 5177 2837 5234 sicuti
2867 5187 2997 5234 est:
3048 5193 3212 5248 quem
3256 5192 3373 5231 non

1782 5273 2171 5346 cognoscimus
2201 5274 2367 5329 modo
2396 5273 2559 5329 sicuti
2589 5283 2694 5339 est,
2733 5273 2827 5328 sed
2858 5281 3070 5328 tantum
3099 5271 3371 5343 imagina-

1782 5383 1909 5423 mur
1933 5380 2038 5450 per
2062 5367 2331 5437 quasdam
2369 5364 2776 5421 similitudines.
2829 5363 2897 5420 Et
2922 5364 3050 5435 quia
3088 5372 3218 5420 tunc
3248 5377 3347 5433 per

1788 5459 1927 5515 fecta
1953 5501 1991 5537 ,_
2019 5474 2167 5514 nunc
2208 5457 2554 5529 imperfecta;
2604 5465 2734 5513 tunc
2763 5457 3061 5512 secundum
3087 5455 3374 5511 veritatem

1792 5552 1889 5618 rei,
1940 5565 2090 5623 nunc
2134 5551 2433 5607 secundum
2476 5551 2743 5622 imagines
2784 5556 3038 5605 tantum:
3086 5555 3377 5618 propterea

1792 5643 1932 5700 dixit
1973 5643 2260 5723 scientiam
2318 5641 2548 5698 destrui.
2609 5640 2836 5696 Dilectio
2887 5647 3068 5694 autem
3113 5652 3222 5693 non
3274 5633 3374 5691 de-

1793 5744 2062 5802 struetur;
2096 5737 2238 5806 .quia
2266 5736 2517 5790 eumdem
2552 5744 2685 5788 tunc
2728 5732 3016 5802 diligemus
3038 5744 3198 5801 quem
3229 5740 3379 5784 nunc

1795 5828 2093 5897 diligimus,
2125 5829 2249 5909 licet
2279 5837 2408 5884 tunc
2450 5824 2763 5895 pcrfcttius.
2817 5822 2951 5878 Vere
2984 5822 3128 5892 quod
3177 5823 3378 5893 imper-

2186 5966 2217 6007 ι
