3928 6422
613 374 717 431 195

607 486 815 544 fectum
836 493 922 542 est
940 484 1319 551 cvacuabitur,
1349 498 1476 539 cum
1510 482 1719 538 venerit
1744 480 1893 553 quod
1941 489 2029 536 est
2057 495 2183 551 per-

606 577 853 636 fectum:
898 576 1359 649 quemadmodum
1407 574 1598 631 videtis
1646 574 1813 644 quod,
1861 591 1982 629 cum
2024 590 2191 631 essent

606 668 882 741 parvulus,
907 668 1021 741 vim
1048 667 1282 723 rationis
1310 666 1587 737 ignorans,
1628 664 1881 735 loquebar
1909 675 1966 719 ut
1990 682 2189 736 paruu-

605 760 1003 831 lus,sapicbum
1064 768 1120 812 ut
1162 756 1436 829 parvulus,
1466 757 1765 828 cogitabam
1816 767 1875 812 ut
1915 758 2188 828 parvulus,

604 854 795 911 omnia
856 850 1186 923 imperfecte.
1233 848 1337 905 Sed
1380 848 1591 920 quando
1627 850 1800 920 factus
1844 867 1962 905 sum
2000 852 2101 917 uir,
2136 860 2205 909 et.

607 946 719 1000 vim
751 944 983 1000 rationis
1005 942 1243 1007 exercui,
1271 941 1520 996 concitari
1537 958 1601 995 ea
1625 957 1744 1012 quae
1772 951 1925 996 erant
1946 942 2187 1012 parvuli;

604 1035 736 1105 quia
783 1035 897 1105 jam
947 1033 1156 1089 ratione
1207 1033 1367 1104 longe
1414 1034 1614 1088 melius
1664 1033 1906 1089 intellexi
1949 1049 2013 1090 ea
2044 1050 2186 1105 quae,

603 1127 734 1182 dum
769 1142 919 1181 eram
964 1125 1244 1195 parvulus,
1302 1123 1394 1178 vix
1445 1139 1543 1194 per
1576 1123 1840 1195 imagines
1887 1133 1943 1180 et
1991 1140 2188 1181 sensus

602 1217 998 1287 aliquantulum
1022 1215 1276 1286 cognovi.
1658 1262 1687 1284 _
1883 1215 1888 1219 ’

675 1308 952 1372 Similiter,
990 1307 1454 1378 quemadmodum
1482 1305 1660 1377 pueri,
1688 1307 1922 1363 ridemus
1942 1325 2100 1375 nunc,
2132 1310 2186 1366 id

597 1409 681 1455 est
710 1400 765 1455 in
795 1399 1075 1469 praesenti,
1104 1398 1276 1454 Deum
1300 1415 1392 1470 per
1419 1398 1710 1469 speculum,
1740 1402 1804 1457 id
1833 1410 1916 1456 est
1934 1415 2075 1456 non-
2092 1418 2188 1472 per

596 1491 878 1546 veritatem
911 1491 990 1546 rei
1025 1490 1187 1546 sicuti
1211 1498 1316 1556 est,
1351 1490 1445 1546 sed
1474 1506 1569 1560 per
1589 1492 1884 1561 quamdam
1929 1493 2188 1549 similitu-e

594 1580 777 1637 dinem
825 1596 934 1650 qua
978 1579 1151 1635 Deum
1196 1579 1593 1649 imaginantur;
1624 1596 1726 1636 nec
1762 1597 1859 1652 per
1903 1585 2184 1653 speculum

595 1670 746 1739 quod
798 1669 1198 1740 aliquantulum
1241 1670 1315 1725 sit
1358 1658 1623 1738 lucidum,
1683 1673 1779 1729 sed
1833 1672 2071 1743 positum
2129 1676 2186 1728 in

596 1762 898 1830 aruigmatr,
932 1761 987 1816 id
1015 1771 1119 1828 est,
1149 1761 1204 1815 in
1228 1761 1562 1818 obscuritate
1591 1772 1761 1829 tanta,
1789 1774 1851 1819 ut
1869 1764 2073 1821 veritas
2102 1767 2181 1821 rei

596 1852 896 1907 secundum
935 1854 1080 1923 quod
1125 1862 1230 1920 est,
1271 1854 1421 1908 nullo
1456 1856 1619 1911 modo
1657 1863 2051 1927 cognoscatur;
2086 1858 2179 1914 sed

596 1929 720 1995 tunc
764 1942 818 2003 in
856 1942 1041 1999 futuro
1070 1944 1358 1999 videbimus
1386 1944 1558 2003 Deum
1589 1947 1728 2018 facie
1768 1949 1839 2002 ad
1861 1949 2078 2018 faciem,
2126 1950 2180 2007 id

592 2043 696 2100 est,
726 2034 1031 2092 videbimus
1068 2035 1239 2091 Deum
1283 2037 1447 2093 sicuti
1492 2048 1594 2095 est.
1630 2039 1697 2094 Et
1749 2042 1880 2112 quia
1916 2042 2000 2098 sic
2053 2044 2177 2111 erit,

588 2132 815 2193 apparet
856 2126 1000 2196 quod
1042 2142 1285 2196 praesens
1314 2128 1541 2183 scientia
1580 2131 1798 2200 penitus
1832 2131 2176 2202 destruetur;

589 2214 686 2270 sed
724 2216 963 2272 charitas
990 2218 1332 2287 permanebit
1360 2234 1373 2269 :
1407 2218 1540 2275 dum
1561 2223 1813 2278 eumdem
1841 2239 2003 2295 quem
2033 2243 2180 2282 nunc

588 2306 888 2377 diligimus,
925 2309 980 2363 in
1006 2308 1192 2364 futuro
1229 2310 1541 2381 diligemus.
1596 2313 1671 2369 De
1695 2315 1853 2372 vobis
1885 2317 2075 2387 utique
2100 2319 2180 2376 sic

589 2398 714 2463 erit,
746 2407 805 2452 ut
832 2414 982 2455 nunc
1009 2398 1346 2469 imperfecte,
1379 2411 1509 2459 tunc
1533 2404 1771 2475 perfecte
1802 2412 2176 2480 cognoscatis;

591 2491 721 2560 quia
748 2507 850 2562 ego
886 2492 1003 2563 ipse
1029 2510 1167 2549 nunc
1196 2513 1448 2567 cognosco
1488 2497 1665 2555 Deum
1695 2517 1759 2555 ex
1788 2512 1957 2572 parte,
2007 2504 2062 2561 id
2095 2515 2181 2562 est

590 2581 937 2652 imperfecte;
970 2584 1061 2638 sed
1098 2594 1220 2640 tunc
1258 2587 1315 2642 in
1344 2586 1530 2644 futuro
1558 2605 1868 2661 cognoscam
1892 2609 2020 2651 eum
2065 2606 2176 2651 tam

588 2671 849 2741 perfecte,
886 2675 1025 2727 sicut
1048 2683 1098 2728 et
1127 2690 1230 2747 ego
1256 2679 1500 2748 cognitus
1538 2692 1656 2734 sum
1686 2696 1717 2736 a
1751 2680 1879 2750 Deo,
1917 2685 2006 2739 cui
2040 2686 2177 2741 nihil

588 2763 721 2819 latet
769 2765 824 2819 in
870 2781 976 2820 me.
1030 2765 1157 2822 Ideo
1198 2769 1439 2825 charitas
1469 2779 1555 2826 est
1604 2774 1975 2842 excellentior,
2022 2778 2174 2847 quia,

588 2872 716 2911 cum
747 2858 852 2912 alia
877 2857 1249 2928 destruentur,
1281 2861 1371 2917 illa
1400 2864 1515 2919 sola
1533 2866 1909 2934 permanebit;
1941 2875 1995 2922 et
2010 2870 2175 2924 etiam

587 2965 755 3016 nunc,
784 2950 915 3006 dum
952 2951 1006 3006 in
1044 2955 1296 3022 praesenti
1322 2970 1448 3011 cum
1494 2958 1618 3013 aliis
1646 2958 1941 3016 virtutibus
1961 2977 2176 3030 perma-

586 3048 697 3105 net,
741 3041 1098 3098 excellentior
1140 3051 1225 3099 est
1262 3046 1519 3102 omnibus
1566 3046 1694 3104 illis.
1756 3047 1861 3104 Sed
1885 3050 2063 3106 littera
2094 3052 2176 3107 sic

580 3131 848 3202 jungitur.
898 3132 955 3188 In
986 3133 1191 3191 futuro
1239 3137 1609 3208 destruentur,
1655 3142 1746 3196 sed
1783 3159 1920 3197 nunc
1962 3155 2175 3199 manent

585 3224 738 3292 ﬁdes,
776 3242 913 3295 spes,
962 3226 1218 3282 cltaritas.
1250 3229 1363 3285 Per
1401 3232 1503 3286 has
1530 3246 1720 3287 omnes
1750 3233 1983 3290 virtutes
2012 3235 2173 3290 intel-

587 3318 705 3384 ligit
731 3319 879 3387 quod
909 3319 1090 3386 fidem,
1146 3338 1298 3391 spem
1340 3331 1395 3377 et
1431 3324 1775 3394 charitat'em,
1823 3327 1956 3383 satis
1984 3328 2177 3383 leviter

587 3408 787 3462 habere
817 3410 1064 3478 potestis,
1092 3412 1219 3480 quia
1241 3429 1347 3468 non
1379 3424 1503 3469 sunt
1533 3416 1636 3470 nisi
1661 3416 1767 3470 tria
1798 3416 1941 3482 hac;
1971 3428 2020 3472 et
2049 3435 2173 3474 cum

588 3506 697 3550 tam
726 3513 899 3567 pauca
934 3498 1065 3565 sint,
1096 3511 1403 3570 praeparant
1428 3518 1649 3560 omnem
1674 3506 1926 3577 gloriam.
1957 3507 2024 3562 Et
2051 3509 2178 3564 licet

587 3588 753 3644 simul
780 3599 1057 3658 maneant,
1095 3600 1277 3648 tamen
1306 3594 1542 3650 charitas
1564 3605 1641 3651 est
1669 3596 1842 3667 major
1879 3598 2089 3667 Irarum,
2121 3600 2174 3655 id

586 3688 670 3734 est
697 3679 838 3735 inter
867 3681 1001 3749 hzec,
1036 3683 1119 3737 vel
1149 3683 1324 3753 major
1348 3685 1457 3753 his,
1494 3686 1602 3743 fide
1630 3688 1840 3745 scilicet
1872 3698 1931 3745 et
1954 3707 2084 3761 spe;
2120 3702 2175 3747 et

586 3772 716 3842 quia
763 3774 1106 3843 permanebit
1155 3776 1209 3831 in
1246 3785 1533 3847 retentum,
1554 3788 1608 3836 et
1652 3797 1800 3837 nunc
1840 3783 2017 3853 major
2067 3793 2170 3850 est,

584 3864 709 3919 ideo
766 3866 1051 3922 sectamini
1104 3868 1426 3926 charitatem
1475 3872 1771 3945 praecipue,
1812 3890 1921 3930 non
1974 3891 2173 3948 genera

585 3953 918 4025 linguarum.
1601 3968 1606 3973 ’

1177 4047 1405 4104 CAPUT
1445 4050 1585 4106 XIV.

666 4152 687 4185 ι
729 4132 1026 4191 Sectamini
1080 4138 1424 4207 charitatem,
1474 4143 1807 4198 annulamini
1846 4145 2171 4215 spiritualia,

593 4245 611 4277 ι
654 4226 831 4297 magis
879 4216 1061 4301 auitam
1095 4238 1156 4283 ut
1205 4232 1557 4301 prophetetis.
1605 4232 1709 4300 Qui
1740 4235 1885 4290 enim
1933 4238 2175 4307 loquitur

593 4340 611 4368 ι
659 4317 864 4388 lingua,
896 4334 1005 4373 non
1050 4321 1366 4379 hominibus
1394 4323 1655 4395 loquitur,
1688 4327 1781 4382 sed
1822 4326 1954 4384 Deo.
1999 4328 2175 4387 Nemo

594 4427 612 4460 ε
652 4408 799 4463 enim
845 4409 1015 4477 audit,
1076 4411 1302 4481 spiritus
1356 4424 1539 4470 autem
1598 4416 1841 4496 loquitur
1889 4422 2169 4491 mysteria.

594 4521 612 4554 ε
654 4499 792 4555 Nam
826 4502 922 4572 qui
955 4504 1262 4573 prophetat,
1300 4505 1619 4564 hominibus
1642 4508 1885 4579 loquitur
1914 4511 1982 4565 ad
2003 4512 2174 4569 aediﬁ-

594 4610 612 4641 ι
656 4590 951 4667 cntionem,
1008 4600 1065 4647 et
1113 4594 1571 4664 exhortationem,
1621 4607 1674 4653 et
1718 4600 2169 4657 consolationem;

594 4703 612 4735 ι
658 4681 763 4749 Qui
798 4681 1041 4753 loquitur
1090 4682 1297 4755 lingua,
1355 4687 1709 4758 semetipsum
1764 4690 2025 4759 aedificat;
2077 4693 2174 4763 qui

594 4793 611 4825 ε
656 4782 838 4829 autem
884 4774 1190 4846 pr0phetat,
1234 4773 1531 4832 Ecclesiam
1570 4778 1801 4835 aediﬁcat
1850 4780 1997 4853 [αι.,⁸
2029 4781 2171 4855 Dei].

594 4885 611 4916 ‹
660 4862 796 4920 Volo
844 4874 1026 4922 autem
1064 4882 1255 4923 omnes
1303 4883 1402 4923 vos
1431 4868 1582 4941 loqui
1608 4869 1842 4942 linguis,
1871 4874 2046 4944 magis
2073 4890 2175 4930 au-

597 4975 614 5006 1
663 4966 769 5027 tem
797 4957 1141 5029 prophetare.
1190 4957 1328 5014 Nam
1373 4959 1551 5031 major
1591 4970 1675 5016 est
1725 4963 1821 5033 qui
1862 4964 2171 5036 prophetat,

599 5064 616 5097 ς
662 5062 828 5115 quam
849 5049 963 5123 _qui
999 5050 1243 5120 loquitur
1269 5051 1504 5122 linguis;
1542 5052 1648 5108 nisi
1679 5052 1818 5110 forte
1848 5054 2178 5128 interprete-'

599 5156 617 5187 ‹
663 5144 771 5203 tur,
802 5145 863 5191 ut
888 5135 1132 5195 Ecclesia
1160 5139 1578 5199 aedificationem
1603 5144 1856 5217 accipiat.
1884 5144 2042 5204 Nunc
2074 5164 2176 5204 au-

599 5246 617 5278 ‹
667 5236 798 5294 tem,
845 5226 1064 5296 fratres,
1095 5230 1144 5286 si
1172 5246 1373 5311 venero
1421 5234 1491 5289 ad
1517 5251 1618 5291 vos
1662 5236 1865 5309 linguis
1918 5239 2173 5311 loquens,

597 5340 616 5372 ι
662 5320 795 5392 quid
817 5321 969 5378 vobis
990 5323 1244 5392 prodero,
1271 5323 1378 5379 nisi
1401 5324 1557 5382 vobis
1583 5327 1796 5399 loquar,
1816 5338 1913 5385 aut
1939 5330 1993 5385 in
2023 5344 2178 5387 reve-

597 5432 615 5466 ‹
657 5412 881 5482 latione,
915 5423 1011 5470 aut
1053 5414 1109 5470 in
1135 5416 1384 5484 scicntia,
1429 5418 1606 5473 autin
1637 5421 1941 5491 prophetia,
1993 5431 2091 5478 aut
2117 5424 2175 5480 in

598 5523 618 5557 ι
662 5503 944 5585 doctrinal
998 5505 1205 5563 Tamen
1254 5523 1379 5578 qua:
1433 5507 1552 5565 sine
1579 5509 1761 5567 anima
1806 5524 1937 5569 sunt
1979 5529 2172 5570 vocem

598 5613 617 5648 ι
662 5596 869 5665 dantia,
902 5596 1016 5655 sive
1050 5597 1202 5675 tibia,
1225 5598 1341 5656 sive
1362 5600 1595 5666 cithara,
1627 5600 1736 5657 nisi
1764 5603 2171 5662 distinctionem

599 5708 616 5740 ι
664 5677 941 5747 sonituum
964 5691 1228 5763 dederint,
1255 5696 1532 5767 quomodo
1553 5695 1758 5752 scietur
1778 5696 1831 5752 id
1856 5696 2003 5767 quod
2023 5696 2176 5752 cani-

599 5801 620 5866 g
653 5792 743 5840 tur
783 5780 961 5858 139,
990 5796 1084 5844 aut
1121 5789 1269 5865 quod
1310 5788 1704 5846 citharizatur?
1744 5786 1957 5845 Etenim
2008 5787 2054 5844 si
2085 5788 2170 5845 in-

1144 369 1203 425 S.
1242 365 1593 425 BRUNONIS
1629 364 2272 423 CARTHUSIANOBUM
2312 360 2802 422 INSTITUTORIS
2836 363 2990 423 OPP.
3028 364 3212 423 PARS
3249 366 3312 427 11.

2216 483 2261 544 ,ι
2294 495 2314 530 r
2350 489 2556 535 certam
2578 495 2768 536 vocem
2789 480 2883 536 det
2903 479 3057 548 tuba,
3086 480 3212 552 quis
3238 481 3450 553 parabit
3467 483 3795 545 seadbellunl
3868 490 3869 533 ἰ

2298 591 2317 624 ι
2353 571 2431 628 Ita
2458 580 2514 627 et
2536 587 2637 628 vos
2661 587 2759 643 per
2783 572 3027 644 linguam
3050 572 3159 628 nisi
3182 573 3529 633 manifestum
3556 592 3795 637 sermonem

2297 682 2317 715 ι
2348 664 2630 732 dederitis,
2652 664 2931 736 quomodo
2968 664 3174 722 scietur
3196 665 3252 721 id
3279 666 3424 736 quod
3450 666 3796 731 diciturlEritis

2297 770 2316 804 ι
2353 757 2501 808 enim
2531 754 2585 808 in
2617 769 2746 811 aera
2774 755 3081 825 loquentes.
3126 755 3262 813 Tam
3300 758 3488 826 multa,
3511 769 3569 814 ut
3598 770 3706 832 puta
3735 781 3797 836 ge-

2296 862 2315 896 ‹
2348 859 2480 901 nera
2525 846 2836 916 linguarum
2884 857 3016 903 sunt
3038 848 3093 903 in
3121 849 3230 906 hoc
3252 850 3479 917 mundo,
3502 861 3558 908 et
3580 854 3693 909 nihil
3715 857 3797 913 sine

2295 954 2314 988 ι
2348 952 2483 992 voce
2509 947 2614 993 est.
2658 921 2716 991 Si
2741 954 2872 1010 ergo
2899 939 3151 995 nesciero
3177 941 3436 996 virtutem
3477 943 3637 1009 vocis,
3667 960 3743 1001 ero
3763 950 3796 1003 ei
3870 921 3871 1009 ἦ

2294 1047 2314 1081 ‹
2345 1030 2437 1085 cui
2465 1030 2662 1101 loquor
2675 1031 2965 1097 barbarus,
2987 1039 3043 1087 et
3061 1033 3158 1103 qui
3172 1034 3413 1104 loquitur
3427 1035 3556 1090 mihi
3574 1036 3795 1092 barbarus.

2294 1140 2313 1173 ι
2353 1120 2445 1176 Sic
2470 1131 2527 1175 et
2544 1136 2645 1177 vos
2667 1123 2929 1193 quoniam
2952 1123 3299 1180 aemulatores
3316 1125 3450 1181 estis
3472 1126 3797 1196 spirituum,ad

2295 1231 2314 1265 ι
2352 1210 3072 1279 acditicationemEcclesiae,
3102 1214 3330 1283 quaerite
3354 1222 3419 1269 ut
3444 1214 3714 1270 abundetis.
3753 1215 3799 1270 Et

2293 1324 2313 1358 ‹
2351 1305 2475 1360 ideo
2521 1305 2616 1376 qui
2668 1305 2914 1376 loquitur
2947 1306 3156 1379 lingua,
3197 1315 3319 1362 oret
3356 1314 3419 1361 ut
3463 1307 3795 1378 interpretetur.

2293 1413 2311 1448 ι
2349 1394 2487 1451 Nam
2513 1396 2559 1451 si
2584 1412 2737 1452 orem
2766 1397 2974 1468 lingua,
3006 1397 3232 1467 spiritus
3259 1413 3416 1454 meus
3435 1407 3570 1464 orat,
3592 1414 3721 1454 mens
3737 1415 3799 1452 au-

2290 1504 2310 1538 ι
2348 1495 2455 1542 tem
2494 1502 2615 1541 mea
2644 1487 2763 1542 sine
2808 1486 2989 1543 fructu
3018 1496 3120 1543 est.
3169 1487 3312 1554 Quid
3346 1502 3477 1559 ergo
3522 1488 3627 1543 est?
3670 1485 3798 1543 Orabo

2293 1597 2312 1629 ι
2355 1577 2573 1648 spiritu,
2598 1579 2769 1634 orabo
2798 1589 2853 1635 et
2874 1588 3090 1647 mente;
3122 1581 3352 1650 psallam
3385 1580 3595 1649 spiritu,
3627 1581 3796 1650 psallam

2294 1686 2312 1720 ι
2347 1678 2404 1725 et
2446 1678 2645 1725 mente.
2690 1670 2961 1726 Caeterum
3008 1671 3056 1727 si
3098 1671 3445 1728 bcnedixeris
3486 1671 3683 1742 spin’tu,
3712 1672 3798 1741 quis

2297 1778 2315 1810 ι
2352 1759 2566 1830 supplet
2596 1760 2779 1815 locum
2803 1760 3023 1817 idiotat?
3054 1761 3341 1829 Quomodo
3360 1762 3504 1819 dicet
3522 1779 3665 1818 amen
3683 1778 3798 1834 super
3872 1766 3873 1811 ἓ

2214 1835 2258 1894 Β
2294 1871 2312 1901 ι
2349 1860 2498 1906 tuam
2551 1851 3013 1922 benedictionem,
3055 1854 3314 1924 quoniam
3362 1854 3494 1925 quid
3541 1855 3704 1921 dicas,
3734 1870 3799 1908 ne-

2289 1960 2307 1992 r
2347 1941 2484 1998 scit?
2518 1940 2656 1998 Nam
2686 1952 2745 1998 tu
2773 1944 2994 2014 quidem
3030 1946 3167 2001 bene
3201 1945 3409 2017 gratias
3438 1946 3572 2017 agis,
3597 1946 3678 2000 sed
3705 1945 3798 2000 alter

2288 2051 2306 2084 ι
2344 2048 2454 2087 non
2477 2026 2797 2089 aedificatur.
2823 2034 3040 2091 Gratias
3069 2051 3173 2108 ago
3218 2034 3471 2109 Deolal.,
3517 2034 3650 2109 meo]
3696 2035 3797 2105 quod

2210 2161 2220 2175 .
2288 2143 2307 2176 ‹
2340 2128 2589 2182 omnium
2628 2136 2872 2183 vestrum
2917 2128 3105 2199 lingua
3144 2129 3361 2200 loquor.
3406 2126 3514 2184 Sed
3542 2128 3594 2184 iu
3625 2128 3795 2183 ecclesia

2287 2235 2305 2268 ι
2346 2217 2470 2274 νοίο
2499 2218 2745 2289 quinque
2780 2220 2947 2276 verba
2986 2236 3153 2276 sensu
3184 2236 3309 2277 meo
3354 2221 3524 2292 loqui,
3561 2230 3614 2275 ut
3636 2228 3683 2275 et
3703 2220 3797 2274 alios

2286 2327 2305 2360 ι
2345 2308 2641 2377 instruam,
2670 2325 2837 2381 quam
2858 2312 3044 2368 decem
3070 2312 3241 2368 millia
3260 2313 3554 2369 verborum
3580 2313 3630 2367 in
3649 2313 3795 2383 lingua.

2286 2420 2304 2452 ι
2341 2401 2582 2470 Fratres,
2614 2403 2783 2459 nolite
2820 2404 2975 2474 pueri
3016 2403 3154 2460 edici
3206 2406 3490 2472 sensibus,
3530 2407 3618 2462 sed
3646 2406 3797 2461 malitia
3874 2402 3875 2407 “

2286 2510 2305 2543 ‹
2342 2493 2552 2562 parvuli
2577 2502 2773 2565 estote,
2808 2496 3272 2551 sensibus'autem
3312 2496 3539 2567 perfecti
3564 2506 3726 2554 estote.
3759 2494 3796 2549 In

2286 2604 2304 2637 ι
2339 2586 2456 2658 lege
2495 2587 2643 2644 enim
2688 2589 2955 2659 scriptum
2996 2599 3119 2645 est:
3151 2610 3170 2643 ‹
3197 2589 3475 2657 Quoniam
3505 2592 3557 2646 in
3591 2591 3696 2646 aliis
3724 2591 3796 2643 lin-

2284 2696 2304 2731 r
2337 2679 2462 2749 guis
2486 2688 2541 2735 ct
2569 2680 2626 2734 in
2652 2680 2814 2739 labiis
2843 2680 2967 2737 aliis
2996 2682 3194 2753 loquar
3223 2684 3432 2754 popqu
3472 2684 3622 2752 huic;
3652 2693 3696 2739 et
3730 2698 3798 2737 nec

2284 2789 2302 2821 ι
2339 2770 2420 2825 sic
2439 2771 2733 2827 exaudient
2756 2773 3282 2839 me,dicitl)ominus
3307 2774 3449 2845 (Isa.
3501 2792 3675 2843 xxvm,
3693 2776 3792 2843 11).»

2283 2882 2301 2914 ι
2339 2860 2525 2931 Itaque
2554 2862 2753 2933 linguae
2792 2863 2847 2918 in
2898 2865 3117 2936 signum
3162 2876 3293 2923 sunt
3320 2868 3702 2935 non.lidelibus,
3733 2865 3794 2923 scd

2284 2970 2302 3003 ε
2342 2951 2653 3020 infidelibus
2683 2972 2697 3008 :
2734 2955 3033 3025 prophetia:
3060 2966 3255 3013 autem
3275 2974 3391 3015 non
3419 2958 3796 3025 intidelitus,scd

2283 3063 2301 3095 ι
2337 3043 2609 3100 fidelibus.
2649 3044 2708 3101 Si
2734 3062 2865 3118 ergo
2896 3050 3186 3105 conveniat
3221 3053 3483 3110 universa
3527 3052 3733 3111 Ecclesia
3760 3051 3795 3104 in
3876 3070 3877 3077 η

2285 3156 2303 3187 ‹
2340 3154 2531 3206 unum,
2558 3149 2613 3195 et
2657 3154 2849 3195 omnes
2877 3141 3080 3211 linguis
3104 3142 3427 3214 loquantur,
3452 3147 3640 3202 intrent
3663 3153 3795 3200 autem

2288 3247 2306 3279 ι
2345 3226 2528 3285 idiota}
2555 3240 2650 3286 aut
2669 3232 2936 3300 inﬁdeles,
2961 3249 3145 3290 nonne
3169 3236 3377 3306 dicent,
3408 3239 3537 3309 quid
3569 3238 3774 3294 insanitis

2286 3341 2304 3373 ι
2340 3321 2396 3377 Si
2427 3332 2610 3379 autem
2663 3340 2856 3381 omnes
2896 3327 3241 3397 propheteut,
3294 3329 3467 3387 intret
3511 3338 3674 3386 autem
3711 3328 3798 3397 quis

2284 3432 2302 3464 ι
2344 3414 2583 3470 infidelis
2610 3415 2690 3469 Vel
2726 3415 2914 3482 idiota,
2951 3417 3297 3473 convincitur
3321 3420 3398 3474 ab
3419 3421 3678 3487 omnibus,
3696 3417 3798 3487 diju-

2283 3525 2302 3557 ι
2341 3507 2557 3563 dicatur
2577 3508 2646 3562 ab
2665 3508 2942 3564 omnibus.
2964 3507 3189 3565 Occulta
3213 3511 3362 3566 enim
3383 3514 3564 3569 cordis
3582 3512 3685 3581 ejus
3712 3524 3797 3563 nn-

2282 3612 2301 3642 ‹
2338 3592 2703 3660 nifcstaliunt,
2721 3604 2776 3649 et
2790 3594 2864 3648 ita
2886 3594 3090 3650 cadens
3115 3595 3169 3649 in
3194 3593 3394 3652 faciem
3411 3595 3797 3655 adorabitDcum.

2283 3704 2300 3735 ι
2340 3686 2702 3754 pronuntians
2741 3686 2889 3756 quod
2934 3702 3063 3742 vere
3090 3685 3236 3744 Deus
3286 3689 3342 3743 in
3389 3690 3547 3745 vobis
3582 3688 3660 3745 sit.
3699 3684 3799 3753 Quid

2283 3796 2300 3828 ι
2340 3792 2471 3847 ergo
2518 3786 2623 3845 est,
2672 3776 2903 3834 fratres?
2945 3794 3071 3834 cum
3116 3780 3456 3849 convenitis,
3488 3779 3799 3850 unusquisque

2282 3886 2300 3919 ι
2336 3876 2577 3923 vestrum
2600 3868 2873 3938 psalmum
2917 3869 3108 3937 habet;
3138 3870 3449 3927 doctrinam
3485 3873 3665 3937 habet;
3696 3869 3800 3939 Apo-

2282 3975 2301 4007 ι
2339 3956 2603 4028 calypsim
2632 3957 2828 4025 habet;
2852 3958 3095 4028 linguam
3123 3959 3314 4025 habet;
3358 3961 3799 4033 interpretationem

2286 4063 2302 4096 ι
2340 4044 2504 4100 habet
2531 4063 2545 4099 :
2574 4046 2759 4100 omnia
2786 4047 2855 4102 ad
2889 4047 3306 4105 aediﬁcationem
3334 4051 3491 4107 (iant.
3521 4051 3638 4106 Sive
3661 4050 3799 4119 lingua

2283 4155 2300 4187 ι
2336 4136 2464 4206 quis
2484 4136 2727 4207 loquitur
2748 4137 3050 4193 secundum
3085 4138 3248 4208 duos,
3265 4150 3365 4197 aut
3391 4152 3453 4199 ut
3470 4141 3684 4198 multum
3705 4149 3798 4199 tres.

2282 4246 2301 4280 ι
2341 4235 2396 4282 et
2427 4242 2524 4297 per
2547 4236 2751 4297 partes,
2774 4236 2829 4284 et
2854 4245 2998 4284 unus
3024 4229 3436 4301 interpretetur.
3471 4232 3526 4289 Si
3547 4243 3707 4289 autem
3724 4244 3800 4284 non

2282 4339 2301 4373 ι
2335 4320 2501 4375 fuerit
2528 4319 2814 4392 interpres,
2850 4330 3031 4378 taceat
3063 4322 3118 4378 in
3151 4325 3409 4393 ecclesia,
3434 4326 3539 4382 sibi
3567 4322 3801 4382 autemlo-

2282 4431 2301 4465 ‹
2337 4422 2537 4484 quatur
2561 4421 2618 4468 et
2643 4412 2775 4469 Deo.
2815 4413 3100 4484 Propheta:
3124 4425 3307 4471 autem
3353 4418 3466 4473 duo
3488 4426 3582 4475 aut
3613 4426 3707 4473 tres
3740 4412 3801 4468 di-

2202 4523 2249 4583 D
2283 4523 2303 4558 ι
2343 4513 2491 4573 eant,
2520 4513 2576 4560 et
2603 4506 2784 4561 caeteri
2820 4506 3142 4577 dijudicent.
3182 4507 3342 4576 Quod
3382 4512 3430 4567 si
3458 4510 3651 4582 aliquid
3675 4503 3800 4580 [aliis]

2282 4614 2302 4647 ι
2340 4595 2640 4651 revelatum
2684 4597 2851 4652 luerit
2893 4598 3126 4666 sedenti,
3169 4601 3323 4671 prior
3383 4610 3576 4659 taceat.
3618 4596 3803 4656 Potestis

2281 4704 2301 4739 ‹
2335 4687 2483 4741 enim
2519 4702 2713 4743 omnes
2756 4704 2854 4759 per
2894 4689 3139 4761 singulos
3167 4693 3517 4763 prophetare,
3569 4703 3625 4749 ut
3657 4702 3802 4747 omnes

2281 4796 2299 4829 ς
2335 4776 2570 4844 discant,
2600 4787 2656 4833 et
2690 4793 2884 4835 omnes
2924 4780 3320 4851 exhortentur;
3349 4791 3406 4838 et
3453 4783 3666 4854 spiritus
3707 4791 3802 4850 pro-

2281 4887 2299 4920 ι
2338 4867 2625 4938 phetarum
2656 4870 2939 4940 prophetis
2962 4870 3246 4942 subjectus
3287 4882 3393 4929 est.
3422 4872 3541 4929 Non
3569 4872 3699 4928 enim
3719 4867 3802 4922 dis-

2282 4979 2300 5012 ι
2343 4960 2616 5017 sensionis
2655 4969 2739 5017 est
2774 4960 2941 5029 Deus,
2988 4961 3083 5018 sed
3110 4963 3291 5034 pacis;
3327 4965 3473 5022 sicut
3501 4966 3556 5020 in
3596 4959 3802 5019 omnibus

2281 5069 2301 5103 ι
2341 5051 2587 5107 ecclesiis
2633 5058 2949 5106 sanctorum
2991 5051 3183 5111 doceo.
3230 5052 3488 5111 Mulieres
3514 5054 3568 5108 in
3605 5044 3801 5107 ecclesiis

2282 5163 2301 5196 ι
2339 5151 2555 5200 taceant
2578 5162 2592 5199 :
2621 5158 2731 5199 non
2752 5144 2898 5199 enim
2916 5145 3249 5214 permittitur
3275 5147 3356 5203 eis
3374 5136 3802 5218 loqui,sed'sultdi'

2283 5256 2302 5289 ι
2334 5247 2421 5293 tas
2441 5251 2586 5305 esse,
2639 5254 2659 5288 ε
2695 5236 2841 5293 sicut
2882 5245 2939 5292 et
2978 5237 3068 5293 lex
3109 5238 3245 5295 dicit
3282 5238 3436 5311 (Gen.
3476 5255 3557 5305 nt,
3589 5235 3720 5307 16).:
3758 5226 3798 5280 Si

2282 5347 2301 5381 ι
2337 5327 2470 5400 quid
2496 5336 2680 5384 autem
2700 5328 2892 5384 volunt
2912 5328 3146 5396 discere,
3176 5331 3324 5387 domi
3348 5331 3497 5387 viros
3517 5342 3640 5386 suos
3671 5325 3800 5378 inter-

2282 5439 2301 5472 r
2338 5428 2550 5492 rogent.
2596 5419 2778 5490 Turpe
2801 5429 2889 5477 est
2921 5420 3068 5476 enim
3095 5423 3315 5479 mulieri
3344 5422 3495 5493 loqui
3517 5421 3568 5475 in
3592 5409 3795 5474 οωιωῑιο

2281 5530 2301 5565 ι
2330 5512 2415 5567 An
2437 5527 2466 5566 a
2491 5512 2648 5569 vobis
2677 5514 2906 5570 verbum
2930 5513 3025 5570 Dei
3045 5515 3365 5583 proeessitl'
3381 5522 3479 5569 aut
3502 5513 3556 5567 in
3573 5522 3661 5565 vos

2282 5624 2301 5656 ι
2340 5604 2627 5676 pervenit?
2660 5602 2718 5659 Si
2747 5605 2873 5676 quis
2894 5604 3109 5661 videtur
3141 5607 3403 5678 propheta
3429 5618 3566 5669 esse.
3600 5605 3685 5692 al"
3709 5604 3795 5692 51":

2284 5715 2302 5747 ι
2337 5697 2571 5763 ritualis,
2602 5706 2903 5768 cognoscat
2919 5712 3043 5769 quae
3063 5699 3248 5754 scribo
3275 5697 3449 5763 vobis,
3480 5694 3602 5767 (Ιυίί
3622 5689 3794 5780 Dm}?!

2283 5808 2301 5838 ε
2340 5798 2469 5845 sunt
2500 5790 2773 5846 mandata.
2814 5789 2872 5845 Si
2905 5788 3032 5860 quis
3069 5798 3250 5847 autem
3299 5790 3527 5861 ignorat,
3571 5770 3794 5855 ἱειιοηδί·

2203 3173 2247 3235 C
