3928 6412
134 415 226 469 197

765 403 1128 460 EXPOSITIO
1167 402 1232 457 IN
1273 399 1655 456 EPISTOLAS
1694 398 1921 455 PAULI.
1964 431 2032 440 —
2072 398 2136 452 IN
2179 397 2396 454 EPIST.
2441 399 2460 453 l
2495 400 2588 454 AD
2624 398 2782 456 COR.

3290 403 3396 460 £98

133 548 148 578 α
184 537 284 580 tur.
318 523 533 592 ltaque,
561 519 777 585 fratres,
810 518 1148 573 annulamini
1175 517 1520 587 prophetare,
1555 524 1610 570 et
1630 516 1706 569 lo-
1737 520 1781 578 Α
1810 514 2024 583 operari
2047 523 2264 583 oportet
2290 533 2302 568 :
2335 514 2620 570 scientiam
2642 516 2709 570 de
2739 515 2948 572 natus-is
2977 532 3179 584 rerum,
3208 518 3261 573 in
3283 536 3395 591 quo

131 641 146 670 ε
181 618 268 688 qui
316 614 529 684 linguis
574 612 742 666 nolite
783 611 1092 681 prohibere.
1125 606 1322 662 Omnia
1370 616 1553 661 autem
1601 607 1702 662 ho-

132 728 146 760 ι
180 714 325 761 ueste
348 713 405 759 et
431 701 738 758 secundum
769 701 1018 755 ordinem
1050 699 1184 774 flant
1205 698 1260 752 in
1290 697 1464 752 vobis.
1500 715 1518 747 ι

765 807 1069 848 εκιιοειτιο.

185 891 484 961 Postquam
521 889 587 944 de
627 886 894 943 charitate
934 884 1208 957 probavit,
1247 882 1393 954 quod
1428 881 1705 937 excellen-

125 986 222 1039 tior
241 991 386 1037 esset
424 994 540 1035 non
585 979 766 1034 solum
808 977 1032 1058 linguis,
1059 976 1154 1032 sed
1200 984 1255 1030 et
1280 974 1432 1058 omni
1479 974 1700 1040 virtute,

127 1075 304 1144 probat
331 1071 482 1142 quod
514 1051 852 1142 prophetare.
867 1068 1088 1138 dignius
1111 1076 1167 1120 et
1195 1051 1397 1121 utilius
1421 1065 1493 1119 sit
1518 1063 1571 1118 in
1604 1063 1706 1118 Ec-

125 1167 295 1230 clesia,
343 1177 515 1234 quam
546 1162 695 1232 loqui
745 1161 967 1233 linguis.
1012 1158 1078 1214 Et
1121 1159 1226 1213 hoc.
1276 1157 1471 1227 probat
1517 1155 1705 1210 multis

127 1257 308 1322 modis,
335 1255 533 1311 dicens
559 1271 572 1307 :
603 1253 756 1310 Licet
782 1253 960 1308 dicam
994 1267 1106 1322 pra:
1144 1250 1401 1305 omnibus
1427 1248 1704 1302 sectamini

127 1351 450 1413 charitatem,
499 1347 624 1401 volo
669 1354 850 1400 tamen
898 1341 1221 1399 wmulemini
1265 1339 1598 1411 spiritualia,
1649 1339 1703 1395 id

127 1451 199 1495 est
246 1438 571 1494 desideretis
612 1436 928 1506 spirituales
969 1433 1193 1505 gratias.
1259 1431 1325 1485 Et
1355 1446 1478 1486 cum
1511 1445 1704 1486 omnes

130 1533 271 1588 utiles
309 1532 442 1595 sint,
492 1539 666 1583 tamen
698 1528 1002 1584 desiderate
1049 1535 1107 1580 ut
1152 1525 1472 1596 prophetetis
1509 1523 1700 1593 magis,

129 1639 275 1693 quam
304 1621 454 1692 loqui
481 1620 705 1691 linguis.
751 1617 818 1672 Et
847 1617 1022 1688 magis
1056 1616 1245 1686 utique
1277 1621 1364 1669 est
1382 1613 1702 1669 desideran-

129 1717 240 1770 dum
265 1733 279 1781 ;
308 1715 434 1785 quia
460 1713 551 1767 ille
572 1712 664 1782 qui
689 1710 925 1781 loquitur
962 1709 1147 1779 lingua
1190 1705 1493 1778 incognita,
1527 1705 1703 1776 loqui-

131 1814 203 1856 tur
233 1819 329 1856 non
355 1802 682 1866 hominibus,
720 1801 774 1854 id
808 1807 894 1854 est
919 1813 1027 1853 non
1058 1798 1126 1853 ad
1153 1797 1566 1853 :edilicationem
1600 1797 1699 1850 ho-

1809 605 2108 673 speculatio
2133 605 2248 658 sola
2277 605 2494 660 sullieit.
2525 604 2872 676 Prophctiam
2899 616 3058 662 vocat
3077 609 3394 664 continuam

1809 691 2120 748 futurorum
2151 695 2541 764 cognitionem,
2563 711 2671 752 non
2696 712 2792 766 per
2822 697 3026 767 figuras
3049 697 3285 768 aliquas.
3301 701 3394 756 sed

1809 784 1924 838 sola
1987 783 2356 840 insinuatione
2420 785 2658 856 Spiritus
2728 787 2945 853 sancti;
3002 790 3394 845 revelationem

1807 887 1958 938 vero,
1987 873 2222 928 subitam
2244 875 2612 945 cognitionem
2637 876 2970 944 futurorum,
3001 887 3060 934 ut
3080 880 3282 950 aliquis
3299 881 3396 936 ab-

1809 973 1996 1034 reptus
2042 981 2073 1020 a
2111 965 2320 1036 Spiritu
2352 969 2537 1024 subito
2566 967 2749 1024 futura
2794 971 3124 1040 praedixerit,
3164 979 3220 1026 ct
3266 986 3396 1027 mox

1809 1053 2048 1124 Spiritus
2089 1057 2159 1110 ah
2186 1055 2258 1112 eo
2282 1060 2607 1127 recesserit;
2648 1061 2731 1116 vel
2761 1062 3171 1128 revelationem,
3210 1063 3262 1117 id
3309 1071 3395 1118 est

1806 1146 2174 1216 cognitionem
2203 1147 2511 1204 futurorum
2542 1166 2637 1220 per
2657 1151 2893 1218 somnia,
2925 1161 2986 1206 ut
3015 1153 3069 1206 in
3099 1151 3320 1208 Daniele
3339 1161 3395 1208 et

1804 1234 2028 1306 Josrpb,
2054 1238 2136 1292 vel
2165 1253 2262 1308 per
2282 1254 2370 1294 res
2398 1249 2598 1310 gestas,
2626 1249 2688 1295 ut
2715 1240 2828 1296 Noe
2858 1256 2955 1311 per
2991 1257 3196 1297 arcam.

1875 1328 2075 1384 Probat
2121 1331 2261 1385 idem
2295 1331 2654 1387 similitudine
2689 1333 3137 1400 iuanimatorum,
3162 1335 3390 1391 dicens:

1807 1419 1957 1475 Licet
1981 1421 2047 1474 de
2070 1436 2156 1474 me
2179 1421 2298 1491 ipso
2323 1423 2632 1492 exemplum
2669 1425 2824 1479 vobis
2850 1425 3191 1492 adduxerim,
3217 1436 3393 1480 tamen

1806 1524 1915 1563 non
1947 1510 2216 1578 oportuit;
2262 1512 2390 1580 quia
2434 1512 2487 1566 in
2519 1511 2605 1567 his
2630 1529 2748 1583 qua:
2772 1523 2893 1566 sunt
2934 1515 3046 1568 sine
3075 1516 3275 1582 anima,
3305 1532 3394 1569 ro-

1806 1614 1937 1662 cem,
1972 1598 2024 1652 id
2054 1609 2138 1653 est
2162 1615 2356 1654 sonum
2381 1601 2603 1664 dantia;
2631 1602 2738 1655 sive
2756 1602 2869 1656 hoc
2893 1602 2965 1656 sit
2987 1603 3142 1670 tibia,
3171 1604 3276 1658 sive
3309 1605 3392 1658 ci~

1807 1689 1960 1743 thura
1991 1704 2009 1742 :
2039 1691 2144 1744 nisi
2171 1691 2412 1745 dederint
2441 1692 2838 1746 distinctionem
2863 1680 3155 1759 sonituum,
3181 1711 3395 1764 quomo-

1805 1781 1872 1835 do
1903 1782 2102 1835 scietur
2123 1783 2261 1852 quod
2285 1785 2517 1850 canitur,
2547 1793 2640 1837 aut
2682 1784 2821 1854 quod
2871 1784 3266 1838 citharizatur?
3301 1783 3394 1838 Sic

130 1895 337 1961 mium“,
383 1894 478 1947 sed
515 1892 646 1957 Deo,
670 1858 738 1945 ’ίά
791 1900 876 1946 ρει
921 1891 990 1944 ad
1035 1890 1300 1943 ιιυιιοιιριη
1333 1887 1429 1943 Dei
1461 1896 1696 1954 tantum,
1735 1858 1776 1918 Β
1803 1884 1858 1931 et
1878 1891 1996 1940 vos,
2025 1876 2153 1946 quia
2186 1877 2533 1932 indistinctos
2574 1892 2738 1932 sonos
2777 1875 3136 1943 confunditis,
3167 1892 3274 1930 non
3312 1876 3397 1929 in-

129 1985 208 2053 qui
236 1984 477 2055 linguam
508 1982 674 2037 dedit.
709 1979 848 2037 Vere
890 1997 995 2034 non
1035 1979 1356 2045 hominibus,
1398 1995 1520 2032 nam
1552 1995 1702 2032 nemo

131 2077 389 2129 hominum
439 2075 618 2141 audit,
667 2073 720 2128 id
751 2082 835 2129 est
871 2072 1121 2143 intelligit
1161 2087 1284 2142 qua:
1321 2071 1409 2124 ille
1437 2070 1700 2139 loquitur,

131 2168 210 2221 sed
238 2168 357 2221 licet
383 2182 553 2221 nemo
574 2165 780 2231 audiat,
799 2163 993 2219 tamen
1019 2162 1254 2233 Spiritus
1277 2169 1500 2216 sanctus
1528 2160 1703 2230 loqui-

132 2270 204 2310 tur
227 2260 474 2329 mysteria
514 2274 614 2328 per
650 2258 803 2311 illum
841 2256 1154 2325 loquentem
1191 2253 1373 2322 lingua
1405 2251 1708 2322 incognita.

139 2348 252 2403 Vere
272 2351 442 2422 magis
471 2349 612 2404 utile
632 2357 715 2403 est
746 2347 1072 2418 prophetare
1102 2359 1268 2415 quam
1295 2343 1444 2412 loqui
1469 2343 1700 2414 linguis;

133 2440 239 2507 quia
272 2441 357 2495 ille
386 2441 485 2510 qui
528 2439 818 2511 prophetat
855 2438 1100 2509 loquitur
1125 2435 1441 2491 hominibus
1467 2434 1536 2488 ad
1575 2434 1705 2489 aedi-

135 2531 435 2586 ticationem.
492 2529 594 2586 Vel
625 2530 924 2600 jungamus
952 2529 1019 2584 ad
1054 2527 1383 2598 proximum,
1421 2535 1480 2580 ut
1521 2535 1703 2580 tamen

133 2622 293 2674 eadem
310 2623 379 2676 sit
397 2621 674 2677 sententia
693 2640 704 2675 :
725 2630 944 2691 propter
955 2619 1216 2690 hocquod
1231 2635 1376 2683 nam,
1390 2617 1540 2687 quia,
1556 2616 1703 2671 enim

138 2713 372 2780 proximis
395 2713 739 2784 respondere
755 2713 981 2778 debent;
1008 2711 1237 2781 loquens
1256 2708 1459 2779 linguis
1490 2723 1600 2762 non
1625 2708 1705 2762 lo-

137 2803 299 2869 quitur
346 2803 690 2858 hominibus.
739 2801 884 2855 Nam
914 2798 1004 2856 ille
1037 2809 1246 2856 tantum
1282 2800 1372 2870 qui
1407 2798 1702 2868 prophetat,

139 2893 180 2946 id
219 2904 293 2949 est
337 2897 432 2966 qui
493 2895 863 2950 obscuritates
917 2893 1326 2964 Scripturarum
1375 2891 1566 2962 aperit,
1616 2892 1706 2948 hic

137 2986 342 3054 loquitur
387 2988 696 3042 hominibus
750 2987 820 3041 ad
869 2987 1297 3056 wdiﬁcationem,
1320 2983 1374 3038 id
1400 2992 1484 3038 est
1525 2993 1586 3038 ut
1622 2984 1705 3038 in-

139 3087 290 3132 struat
321 3080 623 3135 ruditatem
663 3078 823 3151 140
842 3094 1062 3145 eorum;
1095 3085 1149 3132 et
1178 3085 1468 3146 postquam
1500 3076 1705 3130 instru-

140 3167 194 3219 cti
218 3170 415 3223 suntad
445 3169 898 3236 exhortationem,
927 3177 988 3224 ut
1017 3169 1085 3224 ad
1113 3168 1338 3223 meliora
1367 3183 1428 3222 se
1455 3166 1700 3236 erigant;

145 3267 184 3308 tt
207 3258 266 3312 ad
287 3260 727 3326 consolationem,
753 3267 813 3314 ut
842 3259 896 3313 in
927 3257 1378 3313 tribulationibus
1409 3255 1581 3310 fortes
1611 3270 1707 3323 ap-

144 3359 355 3413 pareant.
393 3349 491 3404 Ille
531 3364 662 3403 vero
701 3349 790 3418 qui
837 3348 1073 3418 loquitur
1099 3347 1282 3418 lingua
1315 3346 1611 3416 incognita,
1650 3352 1709 3398 ut

145 3439 245 3505 plus
266 3441 501 3510 tediﬁcat
540 3441 877 3510 semetipsum
905 3455 923 3493 :
952 3439 1282 3510 quandoque
1307 3454 1407 3493 nec
1453 3452 1538 3503 se;
1579 3437 1708 3506 quia

146 3544 234 3584 non
261 3531 530 3604 intelligit,
564 3533 813 3603 opposita
843 3532 1134 3588 sententia.
1179 3529 1286 3586 Sed
1322 3530 1412 3585 ille
1453 3531 1542 3601 qui
1585 3544 1709 3599 pro-

144 3621 314 3689 phetat,
345 3625 478 3679 dum
513 3623 827 3693 Scripturas
851 3623 1043 3694 aperit,
1067 3631 1235 3677 totam
1260 3621 1556 3675 Ecclesium
1583 3621 1709 3675 tedi-

146 3715 266 3777 βίαι.
288 3716 349 3771 Ει
372 3720 507 3788 quia
532 3727 685 3773 tanta
710 3717 917 3772 utilitas
940 3725 1024 3772 est
1052 3716 1433 3788 prophetandi,
1463 3717 1578 3771 volo
1598 3716 1708 3770 uti-

146 3822 232 3873 que
250 3825 330 3862 vos
366 3827 551 3864 omnes
583 3810 726 3880 loqui
776 3810 994 3880 linguis,
1031 3811 1125 3865 sed
1179 3819 1354 3863 tanton
1384 3810 1553 3880 magis
1582 3810 1708 3865 volo

150 3910 226 3950 vos
268 3901 598 3970 prophetare.
644 3899 959 3969 Propterea,
1003 3899 1129 3970 quia
1177 3899 1267 3954 ille
1295 3901 1386 3970 qui
1432 3899 1706 3970 prophetat

149 3986 294 4048 maior
315 3999 389 4043 est
417 3990 710 4061 dignitate,
743 3999 796 4045 et
825 3991 1040 4056 merito,
1071 3998 1126 4044 et
1149 3991 1402 4056 utilitate,
1434 4008 1591 4061 quam
1621 3992 1708 4044 ille

149 4077 222 4141 qui
246 4078 474 4149 loquitur
525 4080 744 4150 linguis,
781 4081 885 4134 nisi
916 4080 1054 4150 forte
1101 4081 1270 4150 (quod
1301 4081 1392 4134 vix
1419 4081 1705 4152 contingit)

152 4165 224 4221 ille
266 4171 655 4242 interpretetur,
709 4173 762 4227 id
817 4181 902 4226 est
953 4181 1192 4242 exponat
1229 4172 1449 4242 cognita
1496 4170 1704 4241 lingua,

152 4261 276 4324 quod
318 4262 596 4334 incognita
645 4263 909 4333 loquitur,
957 4273 1014 4317 ut
1070 4265 1150 4319 sic
1190 4263 1432 4317 Ecclesia
1479 4264 1706 4334 accipiat

153 4349 532 4417 ediﬁcationem
553 4369 650 4424 per
667 4355 789 4425 ejus
824 4355 1352 4424 interpretationem,
1385 4369 1507 4424 qua:
1549 4355 1711 4409 inter—

154 4445 352 4505 pretatio
382 4447 528 4500 idem
557 4447 702 4501 valet
729 4447 876 4517 quod
904 4445 1208 4517 prophetia.
1252 4445 1456 4500 Probat
1493 4462 1588 4517 per
1627 4447 1707 4502 si-

1806 1970 2066 2041 telligitur
2090 1971 2234 2040 quod
2260 1970 2463 2025 dicitis.
2506 1969 2706 2025 lterum
2737 1985 2833 2040 per
2882 1969 3029 2022 aliud
3063 1969 3236 2038 probo
3281 1983 3392 2022 non

1803 2077 1925 2116 esse
1956 2061 2313 2130 appetendam
2363 2059 2744 2116 confusionem
2791 2061 3122 2132 linguarum.
3176 2061 3391 2116 Etenim

1804 2152 1850 2205 si
1884 2152 2010 2205 tuba
2057 2151 2144 2205 det
2176 2152 2432 2204 incertum
2468 2166 2662 2218 vocem,
2706 2166 2831 2205 cum
2868 2150 3124 2206 distincta
3170 2151 3242 2206 sit
3284 2165 3390 2204 vox

1807 2243 1970 2308 tuba,
2000 2242 2238 2296 lﬂVllaltS
2259 2242 2326 2297 ad
2352 2242 2574 2308 bellum,
2611 2243 2728 2312 quis
2756 2251 2978 2312 propter
3000 2241 3264 2296 incertam
3293 2257 3390 2294 vo-

1803 2349 1922 2388 cem
1958 2334 2170 2402 parabit
2199 2349 2254 2387 se
2293 2331 2632 2408 adjellum?
2660 2331 2831 2386 Nemo
2860 2331 3068 2400 utique.
3127 2329 3220 2384 Vel
3257 2329 3392 2384 illud

1804 2424 2003 2478 etenim
2021 2424 2272 2494 jungitur
2297 2423 2364 2478 ad
2394 2423 2724 2492 proximum.
2753 2421 2977 2476 Cithara
2999 2420 3083 2475 vel
3117 2420 3247 2474 tibia
3267 2435 3396 2475 con-

1805 2514 1926 2571 fuse
1968 2530 2174 2570 sonans
2212 2530 2322 2568 non
2359 2513 2698 2584 intelligitur.
2744 2511 2881 2566 Nam
2916 2512 3046 2566 tuba
3081 2527 3177 2581 per
3215 2511 3394 2567 simile

1804 2607 1943 2662 dans
1973 2622 2162 2661 vocem
2187 2607 2450 2662 incertam
2475 2623 2584 2662 non
2617 2607 2960 2678 intelligitur.
2994 2605 3060 2662 Et
3087 2608 3232 2662 sicut
3263 2606 3394 2660 tuba

1805 2701 1944 2754 dans
1967 2700 2231 2754 incertam
2258 2716 2444 2754 vocem
2469 2715 2578 2754 non
2602 2700 2940 2770 intelligitur,
2969 2702 3046 2754 ita
3077 2711 3126 2754 et
3155 2717 3264 2767 vos,
3291 2700 3394 2752 nisi

1805 2809 1897 2862 per
1925 2791 2166 2861 linguam
2217 2791 2470 2845 dederitis
2507 2793 2851 2862 manifestum
2900 2809 3214 2858 sermonem,
3262 2808 3396 2862 quo-

1807 2884 1961 2937 modo
1990 2884 2188 2937 scietur
2213 2884 2282 2938 ab
2307 2883 2652 2940 auditoribus
2674 2885 2729 2938 id
2755 2886 2895 2954 quod
2923 2902 2953 2940 a
2977 2885 3133 2940 vobis
3154 2887 3400 2939 dicetur?

1807 2978 2091 3035 Nescietur
2117 2979 2324 3048 utique.
2364 2977 2507 3031 Nam
2540 2993 2640 3032 vos
2667 2979 2818 3032 eritis
2856 2978 3122 3048 loquentes
3153 2973 3209 3031 in
3248 2995 3395 3044 aera,

1807 3071 1860 3124 id
1897 3079 1981 3124 est
2027 3069 2230 3124 frustra
2271 3069 2621 3124 verberantes
2659 3084 2861 3124 aerem.
2922 3068 3233 3138 Loquentes
3273 3068 3398 3123 dico

1809 3171 1918 3214 tum
1944 3159 2112 3213 multa
2137 3168 2195 3212 ut
2217 3168 2367 3228 puta,
2396 3159 2448 3213 id
2479 3168 2564 3213 est
2599 3158 2743 3213 sicut
2768 3143 2957 3228 genera
2982 3157 3288 3228 linguarum
3313 3159 3399 3212 in-

1810 3252 1959 3306 linita
1989 3261 2110 3304 sunt
2142 3252 2196 3304 in
2224 3251 2320 3303 hoc
2343 3251 2560 3315 mundo,
2589 3259 2639 3303 et
2672 3251 2725 3304 in
2765 3249 2998 3319 singulis
3027 3249 3229 3320 linguis
3263 3249 3397 3302 nihil

1808 3345 2020 3398 estsine
2044 3360 2162 3397 voce
2189 3359 2207 3396 :
2236 3327 2664 3412 unumquodque
2695 3343 2859 3397 habet
2887 3342 3170 3412 proprium
3194 3351 3248 3397 et
3277 3342 3396 3397 dis-

1810 3439 2039 3494 tinctum
2084 3439 2154 3492 ab
2197 3439 2319 3493 aliis
2352 3439 2700 3493 vocabulum.
2729 3438 2870 3508 Ergo
2899 3438 3029 3508 quia
3052 3437 3248 3509 lingua:
3270 3447 3399 3493 sunt

1809 3530 2058 3595 diversa),
2083 3537 2136 3583 et
2163 3544 2327 3584 voces
2347 3529 2639 3596 distinctae,
2664 3531 2712 3584 si
2739 3545 2842 3600 ego
2871 3532 3102 3583 nesciero
3127 3529 3394 3596 virtutem,

1811 3622 1864 3678 id
1894 3631 1978 3678 est
2005 3621 2458 3692 significationem
2491 3622 2632 3675 vocis
2662 3637 2826 3691 quam
2873 3621 3114 3690 profero,
3147 3638 3235 3676 ero
3267 3622 3396 3675 bar-

1811 3715 1970 3769 barus
2003 3714 2050 3767 ei
2080 3715 2166 3766 cui
2197 3713 2418 3784 loquar;
2463 3723 2513 3766 et
2541 3714 2631 3784 qui
2665 3713 2902 3783 loquitur
2954 3715 3104 3779 mihi,
3141 3713 3397 3767 barbarus

1811 3807 2063 3863 similiter
2098 3805 2404 3872 videbitur;
2455 3804 2533 3859 sic
2554 3804 2688 3858 estis
2727 3811 2781 3857 et
2822 3818 2921 3857 vos
2969 3804 3023 3856 in
3074 3803 3396 3857 alterutrum

1810 3897 2049 3952 barbari.
2079 3895 2176 3950 Vel
2206 3905 2265 3950 ut
2305 3896 2394 3950 hic
2422 3894 2649 3964 incipiat
2671 3908 2886 3948 versus.
2929 3892 3040 3960 Sic,
3071 3894 3124 3948 id
3165 3903 3252 3948 est
3297 3894 3400 3949 hac

1812 3990 2054 4055 ratione;
2086 3988 2214 4058 quia
2254 3987 2527 4058 incognite
2569 3985 2834 4056 loquitur,
2879 3986 3148 4042 barbarus
3182 3986 3400 4056 judica-

1810 4091 1929 4148 tur;
1958 4099 2046 4135 vos
2071 4082 2255 4146 etiam,
2281 4081 2533 4151 quoniam
2572 4081 2700 4134 estis
2724 4080 3058 4135 annulatores
3089 4080 3396 4150 spitituum,

1811 4171 1864 4226 id
1888 4180 1972 4226 est
1997 4172 2394 4227 desideratores
2437 4172 2808 4241 spiritualium
2851 4173 3146 4250 bonorum,
3175 4173 3400 4243 quaerite

1808 4272 1866 4316 ut
1889 4264 2168 4317 abundetis
2219 4263 2274 4317 in
2329 4263 2418 4318 his
2455 4263 2618 4319 donis
2663 4280 2786 4334 quae
2821 4266 2998 4319 valent
3050 4266 3119 4318 ad
3163 4265 3400 4335 a'diﬁca-

1812 4355 2006 4409 tionem
2060 4353 2344 4421 Ecclesiae,
2401 4363 2463 4409 ut
2509 4356 2814 4425 prophetia.
2878 4355 2947 4410 Et-
2987 4372 3056 4410 ne
3105 4357 3400 4412 intendatis

1809 4446 2164 4502 varietatibus
2223 4447 2572 4517 linguarum;
2627 4447 2756 4516 quia
2809 4447 2898 4500 illa
2949 4447 3091 4502 dona
3141 4457 3396 4517 appetere

157 4529 624 4601 militudinemsui,
662 4537 808 4608 quod
840 4552 948 4591 non
975 4536 1210 4592 debeant
1237 4535 1492 4592 insistere
1524 4537 1706 4593 varie-
1739 4554 1784 4612 ι)
1809 4537 2057 4605 debetis,
2133 4553 2256 4608 quae
2326 4537 2542 4591 valeant
2613 4537 2680 4591 ad
2747 4536 3161 4592 aedificationem
3241 4536 3395 4607 141

158 4620 334 4678 tatibus
381 4625 718 4696 linguarum,
753 4626 976 4680 dicens:
1006 4624 1143 4691 Quia
1189 4641 1284 4696 per
1326 4626 1568 4696 linguam
1619 4627 1706 4680 in-

157 4713 396 4779 cognitam
436 4714 685 4770 Ecclesia
725 4731 835 4770 non
875 4715 1193 4781 aedificatur,
1224 4730 1332 4770 non
1357 4725 1486 4771 sunt
1511 4717 1709 4787 linguae

161 4795 261 4854 ideo
287 4805 516 4860 multum
549 4806 884 4876 appetenda,
921 4821 1022 4860 nec
1066 4805 1231 4859 etiam
1283 4804 1424 4872 ideo,
1463 4807 1592 4876 quia
1629 4809 1710 4863 sic

159 4904 242 4959 ego
271 4911 399 4950 nunc
421 4897 586 4952 etiam
615 4913 740 4952 cum
777 4897 890 4967 jam
917 4895 1168 4951 conversi
1204 4896 1372 4961 estis,
1409 4904 1464 4950 et
1497 4896 1712 4968 linguas

164 4979 366 5053 habetis,
391 5005 577 5043 uenero
599 4989 669 5042 ad
689 5006 799 5056 vos,
826 4990 1042 5058 fratres,
1081 4989 1296 5060 loquens
1325 4990 1522 5060 linguis
1555 4991 1716 5048 inane

163 5072 290 5139 ditis,
318 5080 442 5148 quid
483 5080 626 5133 vobis
663 5081 907 5150 prodere,
947 5079 1054 5133 nisi
1081 5079 1271 5150 loquar
1319 5080 1484 5145 vobis,
1530 5089 1625 5134 aut
1655 5081 1712 5134 in

165 5166 520 5238 reuelationem,
545 5180 636 5224 aut
661 5172 716 5225 in
738 5173 982 5239 scientia,
1007 5181 1099 5225 aut
1121 5173 1175 5224 in
1205 5172 1500 5242 prophetia,
1531 5181 1626 5226 aut
1657 5173 1713 5226 in

165 5254 401 5337 doctrina,
423 5261 478 5316 id
501 5271 587 5318 est
606 5263 653 5318 si
681 5262 816 5316 nihil
839 5263 1034 5334 loquar
1056 5263 1214 5319 vobis
1235 5263 1291 5317 in
1314 5264 1499 5334 aliquo
1519 5279 1714 5336 genere

167 5342 532 5408 instruetionis.
563 5352 968 5409 Revelationem
990 5362 1046 5408 et
1066 5354 1427 5425 prophetiam,
1447 5355 1591 5410 dona
1617 5355 1713 5411 Dei

169 5433 406 5513 intelligit,
436 5445 722 5501 scientiam
750 5454 806 5501 et
832 5445 1138 5502 doctrinam
1187 5446 1533 5503 industrialia
1561 5466 1574 5502 :
1608 5449 1678 5504 ba
1699 5478 1711 5489 -

169 5525 340 5588 bentur
363 5537 508 5592 enim
535 5553 631 5608 per
671 5538 998 5594 industriam
1025 5539 1282 5594 hominis.
1330 5538 1396 5595 Et
1425 5550 1582 5596 vocat
1613 5541 1713 5597 do-

171 5623 394 5696 ctrinam,
422 5631 568 5701 quod
593 5631 720 5701 quis
746 5631 981 5690 addiscit
1002 5633 1072 5687 ab
1115 5633 1244 5687 alio.
1284 5632 1582 5690 Scientiam
1615 5650 1714 5689 au-

169 5720 398 5791 temhoc,
428 5725 575 5795 quod
603 5727 784 5781 studio
805 5735 860 5782 et
887 5727 1110 5797 proprio
1145 5728 1436 5783 excercitio
1465 5729 1716 5801 intelligit

174 5805 228 5860 de
257 5808 561 5887 Scripturis.
610 5818 704 5875 Vel
733 5821 1036 5875 doctrinam
1079 5820 1145 5876 de
1195 5821 1463 5886 moribus,
1506 5824 1558 5876 in
1605 5839 1715 5894 quo

1812 4627 2090 4685 Ecclesiae.
2149 4627 2278 4682 Ideo
2316 4628 2406 4682 ille
2453 4628 2543 4698 qui
2597 4627 2834 4698 loquitur
2890 4627 3073 4696 lingua
3101 4626 3398 4696 incognita,

1811 4730 1922 4775 oret
1973 4719 2142 4775 Deum
2190 4730 2248 4774 ut
2301 4720 2692 4789 interpretetur,
2749 4719 2802 4773 id
2827 4727 2912 4774 est
2957 4727 3018 4772 ut
3058 4719 3197 4773 sciat
3233 4718 3399 4773 inter-

1813 4812 2014 4884 pretari
2059 4811 2407 4867 audientibus
2431 4853 2447 4880 ,
2498 4811 2644 4880 quod
2695 4808 2888 4865 aliena
2917 4810 3100 4880 lingua
3133 4809 3398 4878 loquitur.

1817 4906 1912 4962 Vel
1937 4907 2010 4961 ita
2044 4925 2056 4959 :
2091 4905 2195 4970 Qui
2217 4905 2453 4976 loquitur
2485 4903 2688 4974 lingua,
2724 4910 2856 4969 oret,
2893 4903 3058 4956 idest
3102 4902 3355 4973 loquatur
3383 4921 3396 4957 :

1816 5001 1890 5055 ita
1915 5007 1972 5052 ut
1999 4998 2144 5067 quod
2171 5006 2390 5067 perorat
2416 4995 2804 5064 interpretetur.
2836 4990 2927 5047 Sic
2959 4993 3144 5064 utique
3173 4993 3399 5064 loquen-

1816 5091 1948 5145 dum
1975 5098 2079 5155 est,
2107 5096 2165 5142 ut
2191 5084 2563 5154 interpretatio
2584 5097 2769 5138 comes
2799 5081 2889 5138 sit.
2925 5079 3068 5136 Nam
3093 5083 3140 5138 si
3163 5098 3264 5154 ego
3285 5083 3402 5154 ipse

1817 5195 1980 5245 orem,
2003 5178 2056 5233 id
2081 5185 2165 5234 est
2182 5177 2396 5246 loquar,
2419 5173 2503 5228 vel
2525 5187 2676 5228 orem
2705 5171 2874 5229 Deum
2896 5173 3080 5244 lingua
3100 5173 3400 5245 incognita,

1816 5271 2036 5340 spiritus
2068 5284 2235 5334 meus,
2279 5267 2332 5322 id
2361 5275 2446 5322 est
2490 5264 2728 5337 Spiritus
2766 5275 2990 5322 sanctus
3015 5265 3149 5320 mihi
3192 5267 3354 5324 datus
3384 5285 3398 5323 :

1817 5363 1900 5418 vel
1925 5362 2143 5433 spiritus
2169 5375 2336 5426 meus,
2362 5359 2416 5414 id
2441 5367 2527 5414 est
2545 5359 2684 5416 ratio
2700 5375 2844 5426 mea,
2869 5374 3010 5431 quas,
3033 5360 3160 5415 licet
3183 5375 3294 5415 non
3318 5360 3395 5413 in-

1818 5454 2038 5526 telligat,
2080 5453 2284 5508 bonum
2313 5460 2496 5507 tamen
2521 5452 2624 5507 scit
2646 5467 2770 5508 esse
2797 5453 2944 5522 quod
2973 5452 3128 5520 dicit,
3177 5451 3307 5522 quia
3332 5466 3399 5505 ex

1817 5546 1963 5602 dono
2009 5544 2102 5599 Dei
2138 5562 2150 5598 :
2192 5544 2354 5611 ratio,
2382 5543 2628 5614 inquam,
2655 5544 2742 5598 vel
2783 5543 3010 5614 spiritus
3041 5559 3195 5598 meus
3223 5542 3278 5595 in
3312 5556 3401 5596 me

1819 5644 1935 5690 orat
1961 5633 2152 5690 Deum.
2179 5631 2276 5688 Vel
2296 5643 2436 5701 orat,
2461 5633 2516 5690 id
2531 5642 2616 5690 est
2635 5633 2877 5704 loquitur
2905 5652 2918 5687 :
2943 5633 3034 5687 sed
3057 5646 3222 5697 mens,
3245 5629 3298 5684 id
3317 5639 3402 5686 est

1821 5731 2126 5788 intellectus
2158 5745 2336 5796 meus,
2359 5737 2435 5783 est
2463 5728 2576 5782 sine
2615 5727 2814 5795 fructu,
2843 5725 2896 5780 id
2921 5733 3004 5780 est
3025 5723 3144 5794 sine
3167 5722 3401 5778 utilitate

1821 5823 2280 5893 compunctionis.
2339 5821 2467 5891 quia
2505 5835 2601 5890 per
2645 5820 2748 5873 hoc
2793 5815 2939 5886 quod
2978 5830 3088 5870 non
3138 5813 3400 5887 intelligo,
