3928 6414
541 367 642 425 199

1075 363 1132 420 S.
1175 360 1524 420 BRUNONIS
1560 358 2207 419 CARTIIUSIANORUM
2243 357 2737 416 lNSTlTUTORlS
2770 359 2922 416 OPP.
2960 360 3149 417 PARS
3178 361 3241 417 Il.
3671 371 3756 428 mo

536 480 828 553 compungi
853 494 1082 550 nequeo.
1107 478 1556 549 Quandoquidem
1577 478 1623 533 si
1645 477 1829 549 lingua
1846 475 2121 547 incognita
2153 480 2196 537 Λ
2224 476 2423 531 ctando
2452 475 2668 545 linguas
2693 492 2930 545 quarum
2959 491 3182 534 sensum
3216 493 3324 533 non
3356 479 3613 550 habeatis,
3635 487 3763 544 nulla

538 574 757 644 loquor,
781 571 902 628 sine
923 569 1105 627 fructu
1140 586 1284 637 sum,
1316 570 1444 640 quia
1473 584 1579 624 non
1608 569 1953 637 interpretor.
1983 567 2125 633 Quid

537 681 661 735 ergo
699 672 799 730 est,
842 663 895 718 id
942 670 1027 718 cst
1053 662 1326 732 quomodo
1361 660 1628 715 orandum
1676 660 1797 714 est?
1823 658 1902 714 lta
1942 660 2130 729 utique

540 752 723 819 orabo,
751 752 831 807 vel
852 752 1057 822 loquar.
1068 752 1282 822 spiritu,
1308 750 1362 805 id
1383 759 1467 806 est
1494 764 1628 805 voce
1657 749 1934 821 incognita
1962 766 2128 820 quam

539 843 770 914 spiritus
799 844 913 911 dat,
931 845 1016 899 vel
1043 844 1181 898 ratio
1204 851 1354 901 estet
1377 842 1452 897 ita
1478 840 1639 897 orabo
1663 841 1909 896 utetiam
1936 851 2127 909 mente,

543 935 597 990 id
620 945 704 990 est
732 935 1104 1007 intelligentia,
1148 933 1275 1003 quia
1319 932 1467 1003 quod
1492 931 1811 1002 intelligam,
1843 932 1976 987 illud
2007 941 2129 987 tan-

542 1036 658 1083 tum
691 1026 985 1098 proferam.
1015 1025 1153 1081 Vere
1201 1025 1372 1081 orabo
1402 1024 1600 1095 spiritu
1634 1033 1690 1080 et
1716 1031 1897 1079 mente
1939 1043 1953 1079 :
2002 1040 2127 1080 nam

540 1134 644 1190 ego
669 1118 898 1189 psallam
924 1117 1117 1187 spiritu
1183 1115 1416 1187 psallam
1439 1124 1491 1171 et
1517 1125 1707 1172 mente.
1738 1114 1979 1171 Psallere
1999 1115 2132 1171 dicit

540 1225 701 1265 orare
730 1209 897 1265 Deum
918 1222 1159 1279 consona
1187 1208 1340 1263 vocis
1369 1207 1761 1273 modulatione,
1783 1220 1905 1277 qua:
1933 1222 2132 1263 conso-

542 1300 728 1356 nantia
755 1300 1095 1354 diversarum
1122 1313 1322 1354 vocum
1370 1298 1428 1352 in
1455 1296 1700 1354 Ecclesia
1735 1297 1915 1353 innuit
1939 1312 2131 1353 omnes

541 1389 595 1444 in
625 1390 981 1447 consonantia
1004 1388 1129 1445 ﬁdei
1163 1397 1219 1444 et
1253 1388 1379 1444 vitae
1401 1387 1600 1444 debere
1642 1388 1885 1444 laudare.
1917 1387 2128 1445 Bonum

537 1489 620 1536 est
640 1481 834 1551 spiritu
863 1481 1030 1537 simul
1051 1488 1106 1535 et
1126 1493 1310 1537 mente
1338 1497 1497 1538 orare
1520 1501 1532 1537 :
1555 1492 1824 1549 caeterum,
1849 1482 1903 1538 id
1926 1492 2011 1538 est
2034 1484 2129 1538 sed

537 1574 583 1626 si
617 1583 673 1626 tu
717 1572 840 1627 bene
864 1573 1069 1626 dixeris
1098 1573 1313 1642 spiritu,
1342 1573 1396 1628 id
1423 1582 1509 1629 est
1533 1589 1668 1630 voce
1709 1574 1985 1646 incognita
2010 1583 2131 1630 tan-

539 1672 676 1728 tum,
707 1664 824 1733 quis
855 1664 911 1717 in
949 1673 1044 1717 tua
1082 1664 1327 1719 oratione
1363 1664 1569 1734 supplet
1607 1664 1801 1732 locant,
1832 1665 1887 1720 id
1912 1674 1998 1720 est
2030 1680 2128 1721 vo-

539 1770 657 1808 cem
689 1755 909 1808 idiotaz?
931 1752 1283 1811 Consuetudo
1308 1764 1426 1810 erat
1454 1755 1508 1810 in
1546 1754 1791 1813 Ecclesia
1827 1766 1889 1811 ut
1923 1756 2124 1822 idiotas,

544 1843 596 1897 id
628 1852 712 1899 cst
737 1844 901 1899 rudes
925 1843 979 1898 in
1008 1834 1133 1911 ﬁde,
1169 1845 1333 1901 etiam
1368 1846 1631 1902 illitterati
1658 1848 1879 1917 quando
1899 1863 2125 1917 perora-
2158 1826 2203 1887 Β

544 1936 636 1990 bat
658 1936 934 2004 sacerdos,
959 1937 1350 2006 responderent
1368 1955 1542 2005 auten,
1563 1948 1613 1992 et
1634 1956 1753 1993 cum
1778 1941 1973 2010 spiritu
1997 1949 2086 1994 tuo
2105 1956 2126 1994 :

540 2029 636 2084 sed
662 2028 822 2083 modo
860 2039 1151 2099 perorante
1176 2031 1362 2101 aliquo
1399 2033 1584 2104 lingua
1632 2034 1930 2106 incognita,
1961 2036 2125 2091 etiam

540 2116 916 2185 prudentiores
943 2119 1261 2176 nesciebant
1303 2121 1394 2177 ubi
1425 2121 1575 2189 ﬁnis,
1603 2123 1696 2177 ubi
1737 2125 1977 2180 medium
2002 2141 2129 2182 ora-

538 2208 725 2275 tionis,
753 2209 881 2279 quia
914 2225 1024 2264 non
1072 2211 1562 2282 intelligebantzet
1607 2215 1688 2270 sic
1723 2231 1833 2271 non
1878 2227 2131 2287 poterant

539 2301 738 2368 facere,
768 2318 867 2358 nec
908 2301 1040 2359 illdd
1072 2305 1221 2374 quod
1249 2306 1430 2361 idiota:
1458 2314 1859 2383 consueverant
1897 2323 2129 2378 respon-

539 2397 686 2452 dere.
720 2397 925 2465 Idioma
950 2399 1148 2455 dicitur
1178 2399 1484 2469 proprium,
1513 2400 1641 2456 inde
1667 2400 1926 2457 dicuntur
1947 2401 2132 2457 idiotas

539 2487 634 2557 qui
667 2489 723 2542 in
750 2490 1084 2561 proprietate
1106 2498 1318 2546 natura:
1340 2492 1520 2549 adhuc
1540 2500 1708 2548 sunt:
1733 2492 1871 2547 nihil
1895 2494 2132 2550 scientes

540 2580 649 2635 nisi
695 2580 842 2650 quod
870 2595 904 2635 a
952 2581 1221 2638 matribus
1266 2582 1423 2653 pueri
1455 2581 1803 2639 didicerunt:
1851 2584 1937 2639 vel
1974 2569 2128 2651 illud,

541 2680 818 2737 caeterum,
856 2686 1054 2727 nomen
1090 2671 1164 2727 sit
1183 2673 1258 2729 ita
1285 2690 1300 2728 :
1329 2672 1557 2743 Propter
1586 2673 1690 2730 hoc
1714 2674 1859 2744 quod
1884 2675 2134 2745 praemis-

541 2777 664 2816 sum
714 2770 816 2828 est,
849 2778 958 2818 non
1009 2762 1225 2820 debetis
1252 2778 1413 2819 orare
1444 2764 1630 2837 lingua
1679 2772 1891 2822 tantum
1930 2784 1944 2820 :
1977 2776 2133 2822 ecete-

542 2869 681 2918 rum,
708 2853 758 2907 id
780 2863 864 2910 est
886 2854 1055 2918 aliud,
1080 2863 1302 2925 propter
1322 2856 1468 2926 quod
1488 2871 1557 2912 ne
1578 2855 1792 2912 faciatis
1813 2858 1977 2925 idem,
2000 2859 2131 2929 quia

539 2944 586 2996 si
618 2954 672 2999 tu
701 2944 824 2999 bene
846 2945 1048 2999 dixeris
1077 2946 1294 3015 spiritu,
1325 2954 1430 3002 etc.
1460 2945 1599 3003 Vere
1621 2962 1782 3003 nemo
1811 2949 2026 3019 supplet
2051 2950 2135 3005 lo-

539 3051 665 3089 cum
717 3036 897 3091 idiota:
947 3055 960 3090 :
999 3038 1220 3107 quando
1262 3048 1321 3093 tu
1375 3038 1649 3110 inc0gnita
1696 3055 1829 3095 voce
1859 3055 2131 3110 peroras:

2225 568 2375 635 pueri
2397 567 2526 636 elﬁci
2552 566 2813 634 sensibus,
2839 568 2935 637 qui
2965 568 3263 638 loquuntur
3283 572 3435 640 quod
3458 588 3563 629 non
3600 576 3763 634 intelli.

2227 666 2388 728 gunt;
2418 658 2510 712 sed
2537 667 2701 713 estote
2744 659 2957 729 parvuli
2984 660 3271 715 secundum
3307 662 3469 734 142
3497 665 3764 724 malitiam:

2226 757 2281 803 et
2310 749 2413 805 hoc
2446 749 2598 816 dicit,
2625 749 2754 820 quia
2787 759 2947 805 erant
2989 751 3221 828 multum
3257 754 3518 810 malitiosi
3558 759 3767 817 sensibus

2226 840 2311 895 vel
2335 840 2685 911 cogitatione,
2710 842 2880 898 verbo
2906 850 2962 896 et
2978 850 3125 897 actu.
3150 841 3374 897 Parvuli
3412 845 3623 915 quidem
3644 851 3769 905 mali-

2226 931 2325 998 tia,
2347 932 2437 986 sed
2459 931 2697 986 sensibus
2717 941 2882 987 estote
2901 933 3139 1002 perfecti,
3166 933 3218 988 id
3244 946 3328 990 est
3348 936 3633 1005 perfectam
3652 940 3771 997 intel-

2226 1021 2506 1092 ligentiam
2539 1030 2876 1093 appetentes,
2904 1034 2965 1079 ut
2988 1010 3314 1095 prophetare
3347 1030 3588 1094 possitis.
3609 1031 3769 1090 ιιεηιιι

2228 1114 2351 1170 ideo
2381 1114 2583 1185 linguae
2607 1128 2715 1169 non
2746 1124 2876 1171 sunt
2899 1119 3214 1187 appetenda:
3239 1121 3400 1175 vobis
3437 1139 3453 1175 :
3476 1122 3601 1192 quia
3625 1122 3772 1182 ﬁdeles

2227 1202 2362 1259 estis
2402 1211 2459 1258 et
2495 1203 2694 1274 lingua?
2741 1220 2848 1259 non
2885 1206 3154 1276 ﬁdelibus,
3194 1209 3284 1264 sed
3336 1211 3631 1280 inﬁdelibus
3668 1229 3771 1284 pro-

2229 1302 2377 1350 sunt.
2406 1292 2475 1350 Et
2510 1294 2659 1364 quod
2699 1295 2774 1351 ita
2804 1296 2909 1364 sit,
2936 1300 3317 1356 auctoritatem
3360 1302 3636 1372 praemittit
3653 1302 3771 1360 Isaia:

2231 1386 2444 1457 (xxvm,
2470 1385 2558 1457 ll)
2586 1405 2599 1441 :
2632 1401 2798 1457 quam
2820 1396 3000 1445 tamen
3016 1391 3076 1445 in
3105 1391 3221 1462 lege
3240 1408 3367 1451 esse
3389 1394 3542 1463 dicit,
3561 1396 3681 1467 legis
3696 1412 3772 1452 no-

2230 1479 2377 1534 mine
2407 1477 2753 1548 prophetiam
2777 1478 3090 1550 designans.
3133 1480 3272 1537 Vere
3305 1498 3421 1538 non
3449 1484 3680 1540 fidelibus
3698 1486 3770 1541 sed

2230 1568 2555 1625 inﬁdelibus.
2581 1566 2717 1623 Nam
2757 1569 2815 1621 in
2853 1568 2964 1639 lege
2989 1571 3247 1640 scriptum
3272 1581 3354 1626 est
3383 1573 3536 1641 illud,
3556 1575 3771 1644 quoniam

2227 1659 2314 1713 vel
2342 1657 2417 1712 ibi
2450 1657 2821 1725 continuatur,
2859 1661 2942 1715 vel
2974 1660 3064 1716 bic
3097 1663 3320 1731 ponitur
3341 1678 3446 1733 pro
3467 1665 3607 1734 quod
3635 1664 3770 1733 :lloc,

2229 1748 2475 1820 inquam,
2504 1750 2769 1821 scriptum
2798 1759 2900 1818 est,
2926 1754 3065 1822 quod
3095 1755 3151 1807 in
3178 1754 3302 1808 aliis
3325 1755 3548 1826 linguis,
3568 1756 3618 1811 id
3641 1764 3712 1812 est
3730 1758 3771 1812 in

2229 1841 2490 1896 varietate
2511 1841 2844 1912 linguarum,
2875 1851 2925 1896 et
2953 1843 3011 1896 in
3038 1843 3163 1898 aliis
3195 1844 3380 1911 labiis,
3407 1846 3463 1900 id
3503 1855 3585 1901 est
3611 1846 3659 1900 in
3680 1848 3773 1902 aliis

2228 1933 2575 1988 sermonibus
2601 1951 2615 1987 :
2642 1933 2772 2003 quia
2797 1934 2951 2003 prius
2983 1935 3051 1990 de
3080 1936 3419 2003 carnalbus,
3463 1953 3604 1993 nunc
3627 1947 3771 1993 autem

2227 2023 2295 2078 de
2318 2023 2696 2094 Spiritualibus
2723 2022 2915 2094 loquar
2944 2024 3138 2096 populo
3189 2025 3312 2080 huic
3338 2025 3568 2083 Judaico
3589 2027 3770 2095 inﬁdeli,

2228 2122 2292 2167 ut
2331 2114 2596 2170 mirantes
2627 2115 2920 2171 novitatem
2962 2115 3296 2186 linguarum,
3333 2118 3560 2174 audiant
3586 2134 3701 2175 me:
3735 2127 3772 2172 et

2229 2214 2411 2261 tamen
2444 2222 2536 2260 nec
2561 2206 2659 2273 sic,
2686 2205 2743 2261 id
2762 2215 2847 2262 est
2872 2222 2972 2278 pro
3009 2216 3119 2262 tam
3148 2208 3387 2264 evidenti
3416 2209 3684 2275 miraculo,
3707 2224 3772 2262 es-

2230 2296 2448 2351 audient
2469 2315 2569 2355 me.
2605 2298 2874 2372 Quodque
2894 2303 2969 2361 ita
3004 2305 3078 2360 sit
3103 2305 3309 2361 credite
3337 2324 3350 2360 :
3378 2307 3517 2377 quia
3544 2306 3651 2361 hate
3671 2305 3771 2360 dicit

2229 2385 2489 2443 Dominus
2517 2389 2616 2460 (ait
2637 2390 2694 2446 in
2720 2391 2844 2448 aliis
2865 2392 3028 2450 labiis
3054 2395 3273 2453 nihilad
3293 2397 3678 2467 probationem,
3702 2394 3772 2451 sel

2230 2495 2353 2536 mos
2380 2490 2465 2538 est
2488 2490 2547 2537 ut
2574 2485 2925 2541 auctoritates
2950 2485 3203 2556 perfectae
3229 2489 3549 2559 ponantur).

2300 2567 2457 2625 Nunc
2482 2570 2551 2627 de
2579 2571 2698 2643 lege
2751 2575 3033 2643 praemissa
3074 2575 3242 2632 infert
3287 2576 3516 2634 Paulus.
3556 2576 3771 2646 Quiapo-

2231 2663 2361 2732 pulo
2389 2663 2674 2720 incredulo
2700 2665 2931 2725 diversae
2957 2667 3157 2739 linguae
3184 2670 3484 2739 propositae
3508 2676 3629 2726 sunt
3654 2687 3667 2723 :
3688 2668 3765 2722 ita-

2231 2767 2330 2822 que
2348 2768 2439 2822 per
2463 2753 2567 2808 hoc
2607 2763 2853 2824 apparet,
2898 2757 3045 2827 quod
3070 2756 3268 2829 lingat:
3307 2759 3368 2813 in
3410 2756 3771 2830 signumidett

2234 2858 2403 2898 causa
2428 2844 2681 2900 miraculi
2706 2856 2837 2902 sunt
2864 2862 2969 2903 non
2991 2849 3259 2918 ﬁdelibus,
3283 2865 3538 2921 quorum
3553 2850 3674 2905 ﬁdes
3688 2860 3769 2901 nos

2233 2943 2354 3007 eget
2387 2935 2693 3006 miraculis,
2721 2939 2812 2992 sed
2840 2939 3165 3010 inﬁdelibus,
3188 2941 3286 3012 qui
3313 2942 3558 2997 novitate
3582 2939 3770 2995 miracu-

2234 3027 2413 3084 lorum
2446 3028 2516 3083 ad
2552 3030 2998 3088 ﬁdemtrahendi
3048 3041 3198 3089 sunt.
3226 3031 3493 3105 Opposita
3530 3029 3768 3089 sententia.

538 3128 799 3196 quomodo
823 3113 968 3182 enim
992 3128 1130 3182 dicet
1152 3145 1327 3195 amen,
1353 3145 1510 3198 super
1530 3138 1677 3183 tuam
1703 3130 2132 3198 benedictionem,
2161 3166 2207 3227 Ο
2237 3117 2461 3191 Lingua?
2484 3136 2591 3227 "’0':
2615 3120 2869 3227 ξξξίολίδυδ
2894 3122 2990 3227 fed
3032 3124 3345 3225 inﬁmus
3375 3124 3768 3227 merkelfwffj

539 3219 704 3273 etiam
736 3219 957 3288 sapiens
988 3238 1001 3273 :
1026 3221 1282 3289 quoniam
1304 3221 1468 3274 nescit
1488 3221 1617 3291 quid
1637 3222 1829 3277 dicas?
1846 3221 1968 3278 Non
1986 3223 2133 3279 enim
2164 3209 2207 3227 υ
2239 3216 2340 3261 τειη
2370 3225 2475 3262 ηοη
2500 3210 2770 3279 Mellitus:
2812 3211 3040 3268 Stultum
3066 3215 3213 3269 enim
3240 3223 3394 3271 esset
3418 3213 3656 3287 “15m
3677 3209 3768 3265 add

545 3318 817 3388 intelligit,
848 3320 1069 3388 quando
1103 3328 1184 3385 tu,
1224 3320 1500 3392 incognita
1551 3321 1735 3392 lingua
1772 3323 2025 3394 loquens,
2065 3324 2133 3378 ﬁ—

544 3409 662 3464 nire
689 3409 890 3463 debeas
923 3418 1018 3462 aut
1043 3410 1353 3479 procedere.
1392 3409 1468 3465 De
1520 3410 1625 3465 hoc
1651 3412 1799 3481 quod
1847 3413 2135 3483 proximus

544 3509 598 3555 te
623 3515 732 3555 non
761 3499 1015 3571 intelligit
1034 3501 1373 3573 reprehendo
1398 3512 1454 3556 te
1484 3519 1497 3555 :
1525 3518 1651 3557 nam
1680 3505 1980 3560 secundum
2007 3519 2136 3575 pro-

543 3590 721 3661 priam
748 3605 1039 3660 personam
1071 3598 1126 3645 te
1150 3606 1264 3646 non
1286 3592 1646 3661 reprehendo.
1679 3591 1824 3647 Nam
1845 3602 1903 3647 tu
1923 3595 2136 3665 quidem

544 3681 671 3735 bene
710 3682 915 3752 gratias
943 3682 1059 3752 agis
1090 3691 1358 3752 quantum
1386 3683 1440 3737 in
1481 3691 1537 3738 te
1564 3693 1675 3752 est;
1707 3684 1797 3739 sed
1824 3685 1946 3740 ideo
1972 3687 2143 3753 male,

541 3773 691 3843 quia
714 3772 871 3840 alter,
916 3772 969 3827 id
1005 3781 1091 3828 est
1126 3773 1567 3847 proximusknon
1604 3776 1907 3846 aediﬁcatur
1939 3793 1960 3830 :
2006 3778 2136 3848 quia

541 3881 642 3921 nec
672 3864 940 3935 intelligit.
972 3862 1071 3920 Vel
1098 3864 1181 3931 ibi,
1203 3880 1371 3936 supra
1395 3866 1646 3938 jungitur
1672 3886 1685 3921 :
1722 3865 1877 3923 Juste
1899 3867 2013 3923 dixi
2042 3870 2138 3925 be-

543 3955 847 4021 nedixcris;
875 3971 1002 4009 nam
1028 3963 1086 4010 tu
1113 3955 1336 4026 quidem
1370 3957 1511 4012 bene
1539 3957 1745 4029 gratias
1786 3957 1927 4030 agis,
1952 3975 2133 4030 quan-

543 4054 659 4099 tum
693 4045 749 4099 in
778 4055 829 4102 te
851 4053 935 4099 est
959 4064 975 4100 ε
1008 4045 1103 4100 sed
1124 4044 1290 4100 frater
1318 4061 1430 4102 non
1459 4047 1769 4104 instruitur.
1813 4047 2015 4104 Probat
2035 4050 2136 4106 ite-

541 4151 665 4189 rum
691 4136 941 4205 excmplo
970 4144 1026 4191 et
1054 4136 1380 4192 auctoritate
1414 4153 1534 4204 sua,
1558 4139 1707 4208 quod
1729 4155 1840 4195 non
1872 4140 2010 4197 adeo
2035 4142 2132 4197 de-

544 4227 710 4282 beant
744 4226 942 4282 sectari
967 4227 1207 4298 linguas,
1251 4228 1440 4284 dicens
1479 4248 1492 4282 :
1522 4228 1702 4285 Nolite
1741 4231 1891 4301 loqui
1926 4232 2131 4304 lingua,

543 4318 620 4372 ita
657 4326 717 4372 ut
746 4333 856 4373 non
887 4318 959 4372 sit
1008 4318 1298 4373 instructio
1341 4320 1577 4389 proximi
1618 4339 1631 4375 :
1669 4338 1792 4375 nam
1816 4338 1932 4392 ego,
1968 4338 2134 4393 quem

542 4409 745 4466 imitari
770 4409 997 4475 debetis,
1030 4408 1143 4464 volo
1174 4408 1317 4481 loqui
1351 4412 1405 4464 in
1451 4411 1694 4466 Ecclesia
1716 4414 2048 4485 quandoque,
2077 4415 2133 4470 id

2236 3300 2475 3356 revelare
2503 3299 2820 3368 incredulis,
2861 3304 2951 3358 sed
2988 3304 3257 3375 ﬁdelibus.
3297 3305 3369 3362 Et
3405 3306 3531 3377 quia
3564 3320 3651 3361 vos
3673 3301 3768 3356 ﬁde-

2234 3392 2314 3446 les
2340 3392 2491 3460 estis,
2521 3394 2749 3463 quaerite
2769 3396 3111 3465 prophetiam
3130 3414 3253 3468 quaa
3272 3398 3525 3456 ﬁdelibus
3549 3392 3767 3467 congruit.

2234 3481 2435 3538 lterum
2474 3484 2624 3539 aliud
2666 3501 2836 3555 quare
2879 3502 2989 3541 non
3024 3497 3282 3559 appetant
3307 3480 3572 3563 linguas:
3612 3482 3767 3557 quiasi

2235 3575 2345 3632 illis
2372 3577 2719 3647 loquentibus
2748 3578 2803 3632 in
2830 3578 3073 3636 Ecclesia
3112 3583 3278 3638 variis
3312 3583 3539 3655 linguis,
3564 3579 3686 3636 forte
3705 3577 3767 3631 in-

2236 3666 2421 3723 ﬁdeles
2448 3668 2812 3725 intraverint:
2856 3673 3128 3741 putabunt
3161 3689 3259 3729 eos
3301 3673 3562 3731 insanire.
3611 3669 3767 3725 Littera

2235 3761 2316 3815 sic
2332 3760 2582 3831 jungitur
2613 3780 2628 3815 :
2652 3759 2791 3828 Quia
2820 3762 3020 3834 linguae
3054 3781 3163 3820 non
3187 3774 3319 3822 sunt
3346 3767 3404 3823 in
3435 3767 3639 3838 signum
3668 3760 3765 3817 tide-

2234 3850 2417 3907 libus:
2469 3867 2599 3924 ergo
2653 3868 2753 3908 vos
2797 3855 2895 3924 qui
2922 3856 3055 3912 estis
3083 3855 3349 3925 Ecclesia,
3387 3875 3555 3930 quare
3596 3861 3768 3927 prole

2234 3943 2449 4015 linguas
2490 3944 2668 4001 insani
2710 3948 3072 4016 reputamini?
3109 3947 3170 4004 Si
3208 3952 3349 4006 enim
3386 3952 3645 4007 conveniet
3678 3944 3768 4000 ual-

2233 4050 2381 4088 versa
2411 4032 2654 4089 Ecclesia
2678 4036 2735 4090 in
2782 4053 2967 4106 unum,
2994 4048 3046 4093 et
3073 4055 3250 4095 omnes
3292 4042 3574 4114 loquantur
3613 4036 3767 4108 litigii!

2235 4126 2527 4197 incognitis
2554 4168 2570 4195 ,
2616 4128 2723 4184 illis
2754 4138 2935 4189 autem
2967 4132 3225 4188 varietate
3263 4133 3570 4206 linguarum
3594 4129 3766 4187 concla-

2233 4218 2531 4285 mantibus,
2579 4219 2775 4274 intrent
2822 4222 3005 4279 idiota:
3054 4223 3378 4294 Ecclesiam,
3429 4236 3523 4283 aut
3571 4220 3767 4279 inﬁdeles

2232 4311 2421 4381 aliqui,
2455 4328 2620 4366 nonne
2647 4312 2883 4368 dicerent
2908 4315 3047 4385 quod
3076 4333 3163 4371 vos
3192 4318 3465 4386 insanitis,
3497 4316 3617 4389 quia
3637 4314 3766 4384 phre-

2232 4404 2412 4458 netico
2437 4418 2590 4460 more
2626 4405 3014 4462 tumultuatis?
3056 4406 3329 4466 Varietate
3352 4411 3645 4482 linguarum
3666 4416 3767 4459 con-

540 4511 626 4558 cst
654 4516 826 4573 pauca
863 4500 1018 4555 verba
1038 4517 1150 4555 meo
1177 4517 1355 4569 sensu,
1383 4502 1435 4557 id
1458 4511 1545 4557 est
1565 4503 1859 4571 intellectu,
1896 4514 1958 4562 ut
1979 4507 2126 4575 quod
2161 4516 2203 4572 ο
2228 4498 2527 4555 clamantes
2555 4494 2778 4554 1953005
2812 4497 3015 4555 dicem-
3063 4498 3168 4555 θεά
3204 4502 3253 4556 εί
3281 4518 3460 4558 οηικεε
3501 4502 3551 4555 in
3572 4493 3766 4554 Εοοίαθ

542 4592 738 4664 loquar
761 4590 1080 4662 intelligam.
1124 4589 1230 4646 Per
1251 4591 1357 4647 hoc
1378 4600 1531 4647 notat
1557 4607 1652 4649 eos
1682 4594 1762 4649 sic
1806 4594 2133 4665 quandoque

538 4682 715 4753 loqui,
739 4681 886 4754 quod
934 4696 1037 4736 nec
1061 4680 1167 4752 ipsi
1202 4697 1261 4737 se
1284 4682 1665 4753 intelligerent.
1703 4682 1856 4752 Volo,
1881 4684 2130 4755 inquam,

541 4775 691 4845 loqui
723 4789 846 4830 meo
869 4789 1037 4831 sensu
1068 4792 1082 4828 :
1116 4782 1176 4828 ut
1210 4783 1263 4829 et
1297 4789 1385 4829 me
1413 4782 1468 4830 et
1493 4774 1628 4829 alios
1652 4775 1937 4841 instruam,
1971 4793 2131 4848 quam

541 4866 851 4933 electivum,
881 4850 1028 4936 quod
1050 4866 1200 4921 nullo
1223 4866 1388 4923 modo
1413 4866 1538 4922 volo
1560 4867 1711 4938 loqui
1741 4887 1754 4922 :
1783 4868 2011 4935 scilicet,
2034 4868 2128 4924 de-

541 4973 652 5010 cem
676 4958 869 5024 millia,
899 4959 954 5014 id
988 4968 1073 5015 est
1094 4959 1416 5017 inﬁnitatem
1440 4960 1715 5015 verborum
1748 4961 1934 5033 lingua
1974 4963 2130 5021 inco-

541 5044 689 5114 gnita
727 5047 913 5115 :qued
944 5048 1133 5118 utique
1173 5066 1390 5119 possent
1438 5050 1487 5107 si
1516 5051 1729 5119 vellem,
1758 5061 1815 5108 et
1853 5052 1979 5109 inde
2002 5069 2132 5125 gra-

542 5135 649 5189 tias
676 5151 773 5206 ago
801 5135 910 5190 Deo
945 5152 964 5191 :
1005 5141 1258 5208 quoniam
1280 5156 1403 5212 ego,
1433 5142 1480 5198 si
1506 5143 1703 5213 placet,
1734 5142 1923 5216 loquor
1948 5144 2133 5217 lingua

542 5229 779 5283 omnium
804 5237 1032 5298 vestrum
1056 5247 1075 5286 :
1093 5232 1206 5299 sed,
1237 5234 1290 5289 id
1309 5243 1614 5303 esttamen,
1645 5238 1701 5291 in
1731 5236 1968 5293 Ecclesia
1995 5238 2132 5309 uolo,

542 5331 647 5379 etc.
683 5319 807 5377 Ideo
834 5320 1037 5378 Paulus
1069 5340 1128 5380 se
1156 5325 1295 5381 dixit
1329 5326 1530 5384 habere
1571 5345 1777 5398 genera
1798 5330 2131 5401 linguarum,

542 5426 613 5468 ne
662 5411 906 5468 dicerent
931 5412 1223 5482 Corinthii,
1254 5416 1383 5486 quia
1418 5431 1530 5472 non
1549 5418 1712 5475 habet
1743 5420 1980 5493 linguas.
2013 5421 2139 5478 Ideo

543 5502 704 5559 nobis
730 5501 797 5557 de
820 5502 1024 5575 linguis
1050 5505 1402 5578 improperat.
1426 5505 1627 5562 lterum
1651 5509 1796 5564 aliud
1830 5526 2002 5581 quare
2022 5524 2131 5568 non

543 5599 800 5660 appetant
828 5591 1067 5662 linguas,
1109 5593 1239 5664 quia
1280 5595 1589 5652 elliciuntur
1612 5597 1701 5653 sic
1739 5600 1972 5668 parvuli.
2025 5599 2133 5657 Sed

544 5680 722 5738 littera
743 5683 824 5739 sic
842 5684 1093 5756 jungitur
1116 5686 1187 5741 ad
1207 5688 1518 5757 proximum
1547 5706 1560 5743 :
1602 5687 1757 5744 Sicut
1780 5690 1834 5745 in
1866 5706 1954 5745 me
1978 5691 2130 5748 vidc-

544 5772 639 5841 tis,
666 5774 954 5846 loquimini
985 5788 1166 5836 vestro
1192 5794 1354 5834 sensu
1384 5802 1395 5834 :
1422 5789 1475 5835 et
1502 5780 1773 5847 similiter,
1805 5782 1999 5852 fratres
2045 5798 2131 5833 ςα-

2235 4586 2563 4659 prophetent,
2609 4589 2904 4658 aperiendo
2944 4589 3278 4661 Scripturas,
3314 4594 3477 4648 intret
3510 4599 3666 4647 autem
3685 4582 3766 4641 illi!

2236 4679 2687 4750 prophetantibus
2722 4680 2939 4751 aliquis
2988 4683 3222 4752 inﬁdelis
3268 4684 3348 4739 uel
3399 4685 3580 4750 idiota,
3619 4675 3764 4736 statim

2234 4771 2567 4826 convincitur
2592 4770 2657 4825 ab
2689 4772 2931 4827 omnibus
2963 4773 3039 4829 ibi
3066 4775 3533 4845 prophetautibus.
3568 4770 3764 4827 Audiens

2234 4862 2381 4917 enim
2414 4871 2680 4932 praecepta
2722 4862 2821 4919 Dei
2865 4867 3129 4937 mysteria
3173 4868 3321 4935 ﬁdei,
3358 4885 3456 4925 sua
3481 4859 3761 4924 conscientia

2236 4952 2512 5009 convincit
2543 4968 2670 5011 eum
2709 4963 2766 5011 et
2793 4956 2975 5028 arguit
3005 4974 3019 5011 :
3059 4967 3115 5014 et
3160 4958 3234 5014 ita
3266 4960 3605 5035 diiudicatur,
3629 4953 3675 5008 id
3698 4956 3761 5003 es!

2230 5045 2584 5118 judicabilem
2618 5054 2673 5102 et
2698 5046 3067 5104 damnabilem
3096 5065 3159 5105 se
3186 5052 3485 5122 cognoscit,
3513 5049 3760 5104 instructus

2236 5139 2303 5193 ab
2333 5138 2596 5207 omnibus,
2623 5140 2717 5209 qui
2740 5140 2939 5197 ibidem
2961 5142 3309 5214 prophetam,
3353 5153 3409 5200 et
3450 5152 3572 5198 tunc
3595 5131 3761 5192 occulta

2237 5229 2413 5284 cordis
2435 5229 2550 5300 ejus
2581 5233 2867 5303 manifesta
2889 5245 3013 5288 sunt
3059 5234 3165 5290 sibi
3193 5235 3297 5306 ipsi
3330 5255 3347 5291 :
3377 5236 3501 5307 quia
3529 5233 3578 5287 in
3601 5225 3758 5299 quibus

2239 5337 2300 5378 se
2325 5337 2582 5393 peccasse
2605 5340 2714 5380 non
2737 5326 2984 5396 putabat,
3013 5327 3427 5397 pet-doctrinam
3454 5338 3601 5399 quam
3622 5315 3755 5377 audit,

2236 5415 2471 5485 graviter
2493 5430 2553 5471 se
2580 5431 2734 5471 reum
2769 5419 3071 5489 cognoscit.
3107 5418 3176 5473 Et
3196 5421 3277 5474 ita
3301 5421 3586 5481 convictus,
3606 5407 3755 5466 enim

2233 5506 2292 5559 in
2313 5505 2527 5576 faciem,
2557 5507 2807 5562 adorabit
2847 5509 3039 5577 Deum,
3068 5520 3129 5566 ut
3168 5511 3403 5582 accipiat
3438 5502 3752 5566 remissionem

2233 5605 2605 5666 peccatorum,
2627 5601 2977 5668 pronuntians
2998 5602 3162 5657 etiam
3185 5604 3366 5674 palam
3389 5582 3752 5688 οωιύὺυεςσκίξδ

2234 5687 2376 5743 Deus
2409 5705 2522 5745 vere
2562 5690 2634 5743 sit
2673 5691 2732 5744 in
2758 5691 2899 5748 vobis
2925 5696 3377 5765 prophetantibus
3409 5716 3423 5752 :
3451 5707 3575 5766 quos
3600 5688 3752 5752 Ιὶη3¹¹¹⁵

2234 5782 2627 5841 tumultuantes
2653 5784 2816 5851 paulo
2838 5796 2965 5843 ante
2996 5787 3212 5844 dicebat
3257 5789 3507 5851 insanire.
3538 5778 3651 5849 Qui:
3674 5778 3748 5824 nec
