3928 6426
81 408 175 465 ιω

708 403 1078 462 EXPOSITIO
1111 406 1179 462 ΙΝ
1214 406 1866 464 EPISTULAS'PAULI.
1904 437 1973 450 —-
2010 405 2078 462 IN
2116 405 2335 464 EPIST.
2374 407 2394 461 l
2432 408 2527 464 AD
2552 392 2719 467 COR.‘

80 519 368 577 indiscrete
393 533 492 575 eos
537 518 654 575 vult
682 518 838 589 loqui
885 519 1111 592 linguis,
1146 535 1219 576 ne
1236 520 1667 591 judicenturin-
1695 526 1741 585 Α
1772 528 1829 577 et
1872 518 2159 590 prophetia
2204 527 2262 574 et
2315 519 2611 589 charitate,
2659 529 2715 577 et
2754 521 3015 578 omnibus
3054 525 3359 594 praemissis

81 612 222 679 sani;
272 627 379 669 nec
407 611 607 667 iterum
637 610 885 671 vulteos
920 612 1139 682 penitus
1187 613 1417 683 rejicere
1457 611 1664 671 donum

82 705 191 770 Dci,
215 703 449 770 scilicet,
484 702 635 773 loqui
665 701 890 773 linguis,
912 703 1240 759 determinat
1271 703 1551 774 quomodo
1579 699 1667 760 uti-

80 806 228 851 antur
262 794 373 850 hoc
403 793 675 864 praecipue
708 804 763 849 et
789 792 912 850 aliis
939 794 1101 850 donis
1131 812 1146 849 :
1195 794 1383 849 omnia
1417 793 1666 850 faciendo

79 886 139 940 ad
158 885 449 942 utilitatem
472 885 730 955 proximi.
758 885 963 942 Littera
987 887 1070 944 sic
1094 886 1345 957 jungitur
1370 902 1385 940 :
1408 883 1666 952 Quando-

79 979 283 1049 quidem
341 978 548 1048 linguis
592 978 992 1047 tumultuantes
1024 978 1205 1035 insani
1232 978 1485 1034 dicimur.
1524 976 1663 1034 Pro-

78 1068 351 1137 phetantes
379 1081 516 1121 vero
539 1065 714 1122 Deum
744 1068 799 1122 in
827 1067 986 1125 nobis
1006 1068 1211 1124 habere
1232 1068 1488 1124 dicimur.
1520 1066 1663 1132 Quid

76 1173 186 1227 ergo
213 1155 531 1217 faciendum
562 1166 665 1223 est,
688 1158 897 1228 fratres
917 1159 943 1212 .9
979 1156 1386 1229 Prophetabitis
1425 1174 1659 1229 semper,

80 1248 320 1319 neglectis
356 1250 578 1319 penitus
609 1247 846 1320 linguis?
880 1250 1141 1309 Minime:
1173 1252 1270 1308 sed
1303 1268 1438 1306 cum
1467 1269 1660 1309 conve-

79 1341 212 1408 nitis,
255 1342 619 1412 unusquisque
644 1342 801 1401 habet
843 1338 1048 1399 donum
1089 1359 1273 1401 suum.
1303 1344 1460 1401 Alius
1506 1344 1660 1401 habet

77 1432 363 1501 psalmum,
408 1442 471 1488 ut
516 1442 724 1501 cantet,
768 1436 853 1492 vel
893 1435 1280 1507 interpretetur
1324 1437 1570 1508 psalmos
1602 1438 1660 1492 in

79 1521 321 1579 Ecclesia.
347 1523 507 1581 Alius
531 1524 687 1583 habet
709 1526 1032 1595 doctrinam,
1059 1535 1121 1585 ut
1144 1528 1283 1585 sciat
1297 1528 1572 1586 instruere
1591 1529 1660 1585 de

81 1614 327 1671 moribus.
360 1615 523 1671 Alius
564 1615 721 1671 habet
746 1616 1144 1690 Apocalypsim,
1168 1620 1223 1675 id
1251 1629 1336 1677 est
1368 1620 1657 1677 revelatio-

82 1721 191 1762 nem
232 1707 603 1763 occultorum.
637 1706 763 1766 llaec
789 1709 892 1765 tria
931 1710 1117 1782 posuit
1143 1711 1320 1768 solum
1351 1712 1422 1769 ad
1456 1712 1656 1768 simili-

81 1797 330 1864 tudinem;
357 1798 475 1854 duo
493 1814 619 1869 quae
645 1809 975 1869 sequuntur,
1001 1802 1072 1857 ad
1095 1802 1474 1860 intentionem.
1499 1803 1655 1860 ﬂius

81 1886 214 1943 habet
257 1863 891 1962 linguam'incognitam.
926 1863 1085 1950 Alius
1136 1892 1294 1951 habet
1337 1897 1658 1966 iuterpreta-
1691 1863 1736 1921 Β

82 1980 253 2034 tionem
293 1978 735 2051 Scripturarum,
766 1982 822 2038 id
874 1992 958 2040 est
1004 1982 1348 2055 prophetiam
1393 2002 1406 2039 :
1453 1993 1661 2040 etcum

83 2069 179 2125 haec
203 2072 387 2127 omnia
423 2072 675 2129 habeatis
706 2092 721 2128 :
750 2073 932 2129 omnia
959 2073 1093 2131 ﬁant
1127 2075 1184 2131 in
1209 2073 1364 2131 vobis
1416 2075 1487 2130 ad
1529 2075 1663 2131 tedi-

80 2160 355 2227 ﬁcatiouem
409 2160 688 2218 Ecclesiae.
742 2162 870 2220 Sive
903 2164 1039 2222 illud
1074 2164 1310 2233 faciatis,
1346 2165 1463 2222 sive
1497 2165 1658 2239 143

80 2251 207 2307 aliud
251 2271 266 2306 :
313 2254 430 2309 sive
492 2254 690 2325 aliquis
752 2255 990 2327 loquitur
1064 2255 1253 2329 lingua
1328 2258 1608 2331 incognita
1638 2300 1655 2328 ,

85 2342 172 2398 hoc
212 2346 301 2400 tiat
333 2345 633 2417 secundum
661 2345 793 2401 duos
813 2388 829 2414 ,
877 2348 933 2403 id
961 2359 1048 2405 est
1076 2349 1294 2405 duobus
1329 2358 1544 2405 tantum
1579 2351 1661 2407 sic

85 2432 212 2503 loqui
237 2436 503 2506 permitto
536 2455 552 2493 :
584 2447 680 2493 aut
708 2438 1015 2495 secundum
1038 2449 1176 2508 tres,
1220 2449 1280 2496 ut
1302 2441 1532 2497 multum
1571 2443 1660 2499 di-

85 2541 184 2581 cam
210 2546 223 2582 :
253 2543 363 2583 non
393 2531 550 2584 enim
571 2528 698 2599 plus
721 2544 891 2600 quam
919 2531 1238 2588 tribus‘boc
1263 2532 1431 2588 licere
1457 2547 1660 2589 conce-

84 2616 143 2669 do
169 2636 181 2671 :
208 2634 306 2674 nec
326 2619 429 2676 hic
448 2619 563 2675 duo
583 2619 668 2676 vel
697 2628 809 2678 tres
840 2621 896 2677 in
918 2622 1291 2693 eademparte
1318 2623 1504 2694 templi
1526 2627 1680 2681 con-'

85 2708 327 2777 clament;
355 2711 458 2767 sed
487 2728 581 2782 per
617 2721 799 2783 partes
819 2754 836 2780 ,
874 2723 937 2770 ut
964 2714 1012 2770 si
1047 2714 1138 2770 ille
1162 2715 1220 2770 in
1247 2716 1426 2787 capite
1445 2756 1462 2784 ,
1487 2717 1579 2773 hic
1602 2716 1658 2772 in

87 2800 176 2857 ﬁne
197 2805 460 2861 ecclesiae.
486 2803 584 2860 Vel
606 2821 703 2876 per
742 2813 924 2877 partes
964 2807 1093 2875 diei,
1126 2816 1188 2863 ut
1209 2807 1300 2864 hic
1318 2809 1455 2864 hora
1473 2809 1658 2878 tertia,

88 2888 163 2946 ille
187 2904 357 2949 sexta.
386 2892 506 2950 Nec
528 2894 584 2949 hi
604 2895 904 2966 loquantur
931 2896 1051 2952 sine
1075 2898 1339 2968 propheta
1354 2939 1371 2966 ,
1394 2898 1490 2954 sed
1508 2914 1657 2955 scm-

87 2996 167 3050 per
186 2999 315 3046 unus
362 2992 573 3056 praesto
601 2986 675 3042 sit
707 3005 723 3042 :
756 2995 817 3042 ut
849 2987 998 3057 quod
1034 2987 1299 3044 inusitato
1325 2988 1491 3045 modo
1517 2988 1656 3045 dici-

89 3080 179 3141 tur,
214 3078 469 3147 populari
490 3077 678 3150 lingua
698 3079 1093 3150 interpretetur.
1117 3079 1179 3136 Si
1198 3090 1376 3136 autem
1396 3082 1655 3156 objicitis,

92 3167 216 3259 quod
241 3168 578 3239 quandoque
601 3185 706 3224 non
733 3169 909 3240 fuerit
936 3180 1137 3241 praesto
1178 3172 1466 3243 interpres,
1512 3173 1659 3227 malo
1684 3201 1728 3259 ο

95 3264 144 3310 ut
162 3256 387 3328 loquens
419 3260 609 3331 lingua
642 3261 699 3315 in
720 3260 956 3316 ecclesia
986 3270 1187 3331 taceat,
1219 3278 1385 3334 quam
1413 3263 1533 3319 sine
1566 3263 1654 3320 in—

90 3355 289 3417 terprete
325 3350 630 3421 barbarum
664 3351 902 3408 frendat.
954 3352 1218 3411 Ecclesiae.
1255 3368 1399 3421 non,
1433 3354 1524 3408 sed
1568 3354 1654 3409 ιο-

88 3443 287 3499 quantur
309 3437 421 3490 sibi
439 3444 492 3490 et
512 3435 624 3491 Deo
643 3476 659 3503 ,
688 3436 744 3492 id
771 3446 858 3493 est
885 3438 1240 3495 instructioni
1264 3439 1351 3527 sui
1373 3448 1429 3496 et
1456 3440 1657 3497 divinae

91 3520 230 3578 laudi.
261 3524 419 3582 Sicut
468 3525 758 3596 loquentes
784 3527 1018 3600 linguis,
1066 3530 1150 3586 sic
1177 3520 1350 3587 etiam
1389 3531 1657 3601 prophetes

91 3611 177 3667 duo
200 3626 289 3669 aut
335 3626 448 3672 tres
475 3616 665 3673 dicant
690 3618 744 3672 in
773 3618 1009 3675 ecclesia
1032 3661 1050 3685 ,
1076 3628 1133 3675 et
1166 3635 1263 3690 per
1282 3630 1467 3691 partes
1502 3620 1656 3677 simi-

92 3700 211 3761 liter.
256 3705 517 3765 Dicerent
566 3708 660 3763 alii
691 3726 705 3763 :
735 3705 849 3764 Nos
874 3709 990 3780 [qui
1031 3712 1369 3767 tantumdem
1415 3712 1651 3781 scimus,

93 3808 247 3852 nomne
270 3798 763 3869 prophetabimus?
783 3799 1038 3869 Minime;
1056 3802 1155 3859 sed
1181 3805 1360 3859 cwteri
1387 3805 1654 3875 propheta

94 3883 359 3953 dijudiceut
385 3905 452 3945 ea
481 3905 605 3960 quae
630 3891 902 3946 docentur
926 3893 996 3948 ab
1038 3893 1148 3950 illis
1183 3893 1479 3962 fratribus,
1503 3903 1565 3951 ut
1606 3896 1654 3952 si

94 3978 203 4045 quid
238 3983 381 4038 male
421 3982 687 4049 doceant,
722 3984 913 4041 caeteri
942 3976 1233 4058 .corrigant
1276 3988 1420 4043 illos.
1450 3986 1653 4045 lterum

96 4068 219 4127 aliud
246 4073 313 4129 de
339 4074 646 4144 prephctis.
683 4073 745 4131 Si
781 4092 901 4131 vero
925 4085 1149 4148 repente
1174 4078 1339 4149 fuerit
1367 4078 1654 4134 revelatum

94 4162 200 4227 quid
227 4179 257 4218 a
283 4164 483 4236 spiritu
521 4166 620 4221 alii
658 4167 899 4236 sedenti,
926 4177 1117 4241 surgat
1138 4177 1210 4225 .et
1239 4170 1495 4241 loquatur
1532 4170 1651 4237 ille,

96 4262 140 4306 et
159 4256 243 4324 qui
268 4260 421 4328 prior
448 4249 804 4330 loquebatur,
836 4261 1003 4316 modo
1051 4269 1247 4319 taceat.
1290 4260 1657 4333 Contingebat

102 4344 227 4401 enim
273 4351 600 4422 plerumque
650 4362 712 4408 ut
752 4354 981 4424 spiritus
1011 4353 1195 4411 subito
1241 4355 1509 4426 arriperet
1549 4355 1653 4410 ali-

100 4449 238 4504 que
264 4459 280 4496 :
306 4452 364 4498 et
406 4444 476 4500 de
517 4445 623 4500 hoc
672 4445 917 4517 praecipit
959 4446 1287 4518 Apostolus,
1332 4456 1394 4503 ut
1435 4447 1657 4518 quando

1767 609 1893 665 dico
1927 610 2083 666 vobis
2107 628 2121 664 :
2147 612 2287 665 sicut
2315 626 2418 682 ego
2447 612 2590 667 idem
2618 613 2777 667 doceo
2808 614 2866 667 in
2892 614 3136 668 omnibus
3172 615 3357 674 Eccle-

1767 701 1894 767 siis,
1940 701 2250 756 doctrinam
2315 716 2483 771 quam
2540 702 2876 759 imitamini:
2905 704 3033 774 quia
3093 703 3357 765 Ecclesiis

1766 800 2093 849 sanctorum.
2117 789 2218 849 Vel
2243 791 2378 847 illud
2406 792 2551 849 idem
2575 794 2825 864 sequenti
2849 795 3043 851 litterae
3058 796 3311 868 jungitur
3337 816 3356 856 :

1766 878 1970 945 Omnes
1993 880 2216 952 quidem
2243 882 2349 938 viri
2377 884 2703 954 pr0pltetare
2730 895 2993 955 possunt,
3030 889 3126 944 sed
3157 890 3358 946 mulie-

1767 987 1864 1029 res
1891 988 2175 1043 nunquam
2201 991 2215 1028 :
2244 982 2300 1030 et
2324 975 2432 1031 hoc
2449 975 2575 1031 dico
2606 976 2751 1032 sicut
2772 977 2828 1031 in
2864 979 3126 1036 omnibus
3167 978 3354 1038 Eccle-

1764 1064 1865 1122 siis
1904 1065 2116 1121 doceo:
2145 1066 2257 1120 imo
2298 1076 2507 1121 taceant
2552 1068 2798 1123 mulieres
2848 1070 2905 1124 in
2945 1070 3180 1131 ecclesiis
3204 1087 3222 1125 :
3250 1089 3354 1128 non

1762 1155 1903 1209 enim
1921 1170 1957 1211 a
1987 1170 2077 1210 me
2098 1155 2185 1210 vel
2208 1155 2318 1211 alio
2339 1155 2561 1211 doctore
2587 1159 2941 1227 permittittur
2962 1160 3038 1214 eis
3075 1161 3129 1215 in
3179 1161 3356 1221 ecclco

1763 1245 1847 1301 sia
1875 1245 2020 1317 loqui
2047 1262 2066 1300 :
2100 1246 2192 1301 sed
2225 1244 2483 1316 praecipio
2511 1262 2607 1302 eas
2636 1248 2840 1319 ubique
2868 1249 3121 1305 subditas
3135 1267 3246 1307 esse
3278 1253 3356 1308 vi-

1762 1337 1839 1393 ris
1856 1379 1873 1405 ,
1901 1339 2105 1409 quibus
2134 1337 2594 1409 separiiicarent,
2618 1338 2665 1395 si
2708 1341 2764 1395 in
2786 1341 3020 1396 ecclesia
3045 1341 3196 1413 loqui
3221 1359 3355 1414 prae

1762 1438 2065 1485 sumerent.
2100 1428 2168 1484 Et
2196 1408 2304 1485 hoc
2330 1430 2399 1485 de
2427 1430 2754 1487 mulieribus
2788 1432 2912 1489 dico
2930 1474 2946 1500 ,
2977 1408 3137 1503 quod
3157 1408 3351 1489 subdi-
3414 1408 3421 1417 ’
3450 1420 3459 1427 ”

1762 1525 1831 1574 ιω
1859 1518 2001 1587 sint,
2033 1520 2173 1574 sicut
2198 1518 2363 1574 etiam
2393 1519 2482 1577 lea:
2504 1521 2637 1575 dicit
2662 1521 2719 1576 in
2762 1520 2962 1580 Genesi
2989 1542 3004 1578 :
3033 1543 3053 1575 ι
3100 1522 3215 1580 Sub
3245 1524 3352 1580 viri

1759 1618 2026 1680 potestate
2044 1611 2176 1679 eris,
2190 1620 2247 1667 et
2265 1611 2383 1682 ipse
2404 1611 2775 1668 dominabitur
2791 1613 2871 1669 tui
2893 1612 3047 1685 (Gen.
3075 1629 3136 1670 ut
3150 1656 3166 1683 ,
3199 1614 3310 1687 16).
3324 1635 3344 1668 ι

1761 1700 2019 1761 Dicerem
2050 1703 2199 1760 illae:
2249 1701 2519 1759 Nolumus
2546 1704 2700 1775 loqui
2740 1705 2837 1762 sed
2865 1714 3076 1762 tantum
3116 1706 3353 1763 interro.

1758 1809 1909 1866 gare.
1942 1793 2065 1851 Non
2093 1794 2175 1853 sic
2196 1795 2406 1867 utique.
2432 1794 2539 1852 Sed
2561 1798 2610 1851 si
2639 1798 2768 1868 quid
2803 1798 2984 1854 uolunt
3003 1800 3234 1866 discere,
3262 1799 3353 1853 iu-

1764 1894 2026 1956 terrogent
2047 1887 2187 1941 viros
2212 1903 2337 1941 suos
2355 1927 2373 1954 ,
2403 1901 2517 1942 non
2559 1887 2615 1943 in
2639 1888 2871 1944 ecclesia
2889 1930 2905 1955 ,
2944 1888 3039 1944 sed
3073 1888 3221 1943 domi
3246 1905 3266 1943 :
3295 1888 3353 1944 in

1763 1977 1996 2034 ecclesia
2023 1993 2329 2048 nunquam.
2369 1977 2515 2032 Nam
2554 1977 2699 2049 loqui
2727 1979 2783 2033 in
2814 1978 3070 2046 ecclesia,
3099 1987 3249 2050 turpe
3273 1989 3353 2035 est

1763 2067 2011 2136 mulieri,
2041 2069 2097 2124 id
2118 2078 2204 2125 est
2236 2077 2451 2139 turpem
2492 2076 2549 2124 et
2577 2069 2949 2140 impudentem
2992 2070 3190 2140 probat
3221 2086 3351 2127 mu-

1763 2159 1972 2217 lierem.
2003 2159 2131 2217 Hanc
2149 2161 2217 2217 de
2238 2160 2519 2232 prophetis
2538 2164 2594 2216 et
2616 2161 2943 2219 mulieribus
2958 2203 2976 2229 ,
3006 2170 3060 2218 et
3081 2177 3347 2232 quaecun-

1762 2266 1874 2323 que
1902 2267 2070 2322 supra
2096 2251 2289 2319 docui,
2340 2251 2510 2308 nolite
2551 2253 2918 2323 superbicndo
2960 2253 3252 2324 repellere,
3288 2262 3352 2309 ut

1763 2342 2038 2400 novitates
2056 2353 2272 2399 vestras
2297 2343 2602 2410 inducatis:
2636 2343 2767 2414 quia
2786 2360 2857 2398 an
2872 2361 2907 2398 a
2930 2345 3074 2399 vobis
3096 2346 3352 2415 processit

1761 2436 1973 2492 uerbum
1991 2434 2090 2490 Dei
2111 2435 2181 2491 ad
2207 2434 2346 2492 alias
2373 2433 2681 2503 Ecclesias,
2707 2445 2769 2491 ut
2793 2435 2958 2492 modo
2987 2451 3158 2492 novas
3180 2437 3349 2492 indu-

1762 2527 1902 2584 catis
1927 2524 2225 2601 [int‘eratis]
2253 2527 2573 2584 doctrinas?
2610 2527 2720 2582 Aut
2745 2522 3056 2600 gloriamini
3084 2528 3253 2599 (μιὶεί
3287 2529 3352 2584 in

1761 2636 1850 2675 uos
1875 2619 2018 2675 solos
2058 2620 2349 2691 pervenerit
2375 2621 2604 2675 verbum
2636 2618 2766 2688 Dei,
2801 2628 2857 2677 et
2878 2635 2978 2677 vos
3022 2620 3128 2678 soli
3172 2619 3348 2676 Deam

1759 2712 2039 2769 credatis?
2063 2710 2236 2768 Nemo
2259 2720 2505 2768 vestrum
2535 2711 2919 2783 praesumendo
2940 2712 3101 2783 quasi
3120 2713 3351 2784 swiecs

1760 2805 1859 2872 sit,
1893 2804 2129 2877 negligat
2148 2814 2417 2876 praecepta
2438 2819 2562 2861 mea
2591 2823 2604 2858 :
2634 2804 2730 2860 sed
2749 2802 2799 2858 si
2829 2804 2950 2876 quis
2979 2804 3188 2859 videtur
3203 2805 3349 2860 inter
3450 2876 3457 2879 _

1759 2911 1849 2951 vos
1876 2912 1987 2951 esse
2013 2897 2294 2968 propheta,
2330 2896 2387 2952 id
2407 2904 2493 2954 est
2523 2893 2838 2967 Scripturas
2858 2895 3167 2966 intelligens
3199 2913 3213 2949 :
3252 2904 3348 2950 aut

1759 2989 1927 3044 etiam
1951 2989 2253 3059 spiritualis
2273 3030 2289 3056 ,
2330 2988 2385 3043 id
2412 2996 2499 3044 est
2527 2988 2864 3059 spiritualem
2897 2987 3070 3042 vitam
3099 2987 3305 3043 ducens
3328 3027 3346 3052 ,

1759 3080 2076 3150 quicunque
2103 3080 2202 3145 sit,
2235 3088 2515 3150 cognoscat
2559 3094 2622 3133 ea
2673 3094 2793 3149 ᾳιιιε
2843 3078 3019 3132 scribo
3061 3076 3240 3145 vobis,
3294 3085 3351 3133 et

1758 3178 1977 3240 oportet
2006 3187 2019 3224 :
2047 3171 2176 3240 quia
2192 3171 2309 3224 haec
2338 3169 2594 3223 uiandata
2624 3183 2735 3223 non
2779 3183 2900 3224 mea
2930 3177 3083 3236 sunt,
3115 3167 3210 3223 sed
3237 3162 3349 3222 Do-

1758 3262 1910 3317 mini.
1945 3260 2005 3316 Si
2034 3261 2370 3332 quis-autem
2401 3262 2797 3318 contumeliose
2831 3277 2891 3318 se
2919 3261 3151 3319 el‘erens
3187 3260 3347 3336 igno-

1757 3360 1875 3418 rat,
1910 3352 2214 3424 dedignans
2241 3352 2522 3409 attendere
2567 3354 2684 3410 lucc
2709 3354 2967 3409 mandata
2985 3395 3001 3421 ,
3032 3354 3157 3411 dico
3181 3355 3336 3413 vobis

1755 3443 1824 3500 de
1847 3442 1967 3511 illo,
2001 3443 2148 3515 quod
2172 3457 2274 3514 pro
2297 3452 2449 3499 certo
2470 3443 2812 3515 ignorabitur
2838 3459 2869 3498 a
2900 3441 3016 3499 Deo
3037 3460 3057 3499 τ
3073 3435 3346 3511 "Quando-

1755 3534 1976 3604 quidem
2004 3535 2257 3605 ignorans
2285 3533 2405 3589 hac
2439 3533 2734 3601 mandata,
2785 3549 2817 3588 a
2848 3532 2959 3589 Deo
2980 3534 3339 3605 ignorabitur.

1758 3625 1984 3698 Itaque,
2034 3627 2229 3697 fratres
2272 3626 2407 3693 mei,
2439 3626 2799 3693 temulamini,
2832 3627 2884 3681 id
2926 3635 3010 3682 est
3037 3627 3345 3683 desiderate

1755 3718 2106 3789 prophetare,
2154 3718 2302 3775 sicut
2327 3718 2616 3789 praecipio,
2663 3726 2719 3773 et
2746 3727 2925 3774 tamen
2960 3718 3105 3789 loqui
3145 3719 3344 3790 linguis

1756 3810 1918 3865 nolite
1961 3811 2269 3881 prohibere,
2326 3810 2469 3866 sicut
2511 3826 2678 3881 supra
2734 3810 3112 3866 determinavi.
3164 3810 3344 3868 Nolite

1755 3903 2044 3973 prohibere
2063 3942 2078 3969 ,
2128 3903 2226 3958 sed
2257 3902 2437 3956 omnia
2466 3894 2601 3972 fiant
2643 3901 2699 3956 in
2725 3902 2869 3957 vobis
2903 3902 3144 3969 honeste,
3176 3903 3230 3958 id
3258 3914 3345 3960 est

1755 3995 1824 4051 ad
1842 3978 2255 4051 aediﬁcationem
2273 3993 2534 4051 Ecclesia:
2558 4013 2571 4050 :
2595 4002 2650 4050 et
2679 3994 2841 4068 ιω
2878 3994 3164 4049 secundum
3197 3995 3348 4050 ordi-

1756 4104 1892 4154 nem,
1929 4101 2091 4157 quem
2121 4100 2287 4157 supra
2315 4084 2593 4156 dispOSui,
2642 4095 2705 4142 ut
2744 4084 2905 4158 pauci
2936 4086 3235 4158 loquantur
3260 4087 3345 4143 vel

1755 4179 2110 4250 prophetcnt,
2136 4186 2189 4233 ct
2222 4192 2318 4248 per
2338 4186 2542 4248 partes.
3042 4166 3045 4169 ’

2351 4267 2586 4324 CAPUT
2621 4268 2742 4324 XV.

1833 4380 1853 4413 ε
1896 4359 2098 4416 Notum
2123 4369 2307 4416 autem
2341 4362 2498 4418 vobis
2528 4360 2959 4429 facio,'fratres,
2984 4359 3342 4433 Evangelium

1762 4470 1783 4503 ‹
1827 4452 1976 4523 quod
1995 4453 2287 4523 praedicavi
2317 4453 2503 4521 vobis,
2532 4442 2681 4524 quod
2707 4462 2762 4509 et
2789 4452 3079 4524 accepistis
3104 4494 3120 4522 ,
3147 4453 3205 4509 in
3229 4469 3342 4525 quo

100 4524 186 4585 hoc
219 4535 534 4607 contigerit,
578 4536 681 4593 bic-
711 4538 837 4594 talis
862 4540 1210 4609 permittatur
1252 4540 1424 4610 loqui.
1448 4539 1664 4610 Loqua-
1695 4537 1757 4594 Da
1773 4562 1793 4595 α
1833 4552 1888 4598 et
1910 4543 2087 4599 statis.
2110 4543 2214 4599 Per
2237 4544 2385 4615 quod
2403 4553 2459 4600 et
2478 4545 2766 4600 salvamini
2796 4563 2814 4601 :
2846 4560 2955 4617 qua
2975 4545 3187 4601 ratione
3203 4524 3345 4616 prm-

101 4625 173 4674 tur
193 4625 279 4694 qui
309 4628 465 4697 prius
498 4629 751 4698 sedebat,
780 4639 839 4685 et
881 4631 1019 4686 alter
1054 4640 1248 4688 taceat.
1285 4631 1355 4687 Et
1386 4632 1492 4686 hoc
1531 4632 1654 4689 ideo

96 4707 207 4768 dico
223 4756 240 4781 ,
263 4720 392 4788 quia
414 4735 517 4776 vos
535 4736 714 4776 omnes
734 4724 952 4793 potestis
973 4725 1284 4794 prophetare
1312 4739 1332 4777 :
1357 4724 1538 4779 eundo
1558 4738 1656 4794 per

96 4800 320 4891 tingulos
349 4829 363 4865 :
395 4812 749 4868 solummodo
791 4814 1070 4881 videatur,
1098 4824 1156 4868 ut
1202 4830 1380 4891 parntes
1410 4814 1651 4881 discant',

103 4890 146 4945 id
186 4907 265 4953 est
306 4901 654 4959 instruantur
699 4919 799 4975 per
823 4906 1277 4976 .prophetantem.
1326 4904 1654 4975 Plerumque

102 4988 226 5045 enim
250 4995 513 5068 contingit
543 5005 603 5052 ut
635 4996 732 5069 qui
775 4998 1075 5070 sapientem
1114 5013 1175 5055 se
1197 4998 1456 5068 putabat,
1496 4998 1651 5054 addi-

104 5092 259 5138 «κτα
275 5087 418 5156 quod
449 5087 839 5159 nesciret,per
882 5090 1034 5145 illum
1073 5089 1256 5146 subito
1301 5089 1650 5159 inspiratum.

108 5169 300 5237 Discant
322 5180 476 5245 dico,
501 5188 559 5235 et
590 5179 673 5236 sic
697 5197 875 5237 omnes
903 5184 1247 5238 exhorteutur
1288 5182 1357 5237 ad
1385 5182 1613 5237 meliora
1638 5200 1650 5234 :

106 5259 211 5335 Μαι
225 5271 476 5341 praecipio
504 5279 567 5327 ut
584 5272 736 5343 prior
766 5281 963 5329 taceat.
994 5273 1131 5329 Nam
1171 5274 1395 5346 spiritus
1427 5274 1653 5345 prophe-

105 5358 259 5411 tarum
281 5361 543 5430 subjectus
576 5371 654 5417 est
678 5363 972 5433 prophetis,
1022 5364 1074 5419 id
1104 5371 1191 5423 est
1230 5362 1469 5434 Spiritus
1513 5360 1656 5418 San-

106 5449 209 5500 ctus
226 5462 326 5505 non
348 5452 623 5522 compellit
644 5468 744 5510 eos
765 5454 936 5526 loqui,
958 5456 1127 5511 velint
1157 5455 1348 5522 nolint,
1372 5456 1503 5527 quia
1525 5469 1650 5511 cum

106 5534 302 5603 spiritus
324 5543 399 5598 sit
418 5542 593 5611 Deus,
617 5561 722 5600 non
741 5556 820 5601 est
842 5546 984 5601 Deus
1005 5548 1373 5613 dissensionis,
1403 5560 1528 5618 quat
1548 5547 1655 5602 uti-

107 5638 197 5692 «ιυο
218 5626 484 5690 dissensio
505 5634 660 5692 fleret
674 5676 692 5701 ,
718 5637 768 5692 si
794 5638 1195 5695 conclamando
1217 5639 1515 5711 litigat-ent.
1550 5637 1656 5694 Sed

109 5725 180 5770 est
205 5717 341 5783 Dem
373 5727 523 5796 pacis
552 5736 611 5782 et
653 5730 997 5787 concordiae:
1023 5746 1149 5802 quae
1180 5746 1286 5802 pax
1330 5740 1581 5787 servatur
1608 5731 1655 5788 si

112 5818 161 5860 se
188 5812 481 5875 alternatim
512 5822 975 5889 supportaveriut.
1004 5821 1119 5880 Hoc
1145 5831 1328 5880 autem
1360 5824 1428 5880 de
1452 5822 1655 5897 linguis

392 5912 644 5981 PAIBOL
709 5913 917 5977 CLlll.

1763 4652 1785 4687 ι
1824 4634 2120 4691 dicaverim
2144 4636 2322 4702 vobis,
2346 4635 2392 4692 si
2414 4636 2631 4703 tenetis,
2660 4633 2766 4693 nisi
2790 4636 2993 4691 frustra
3007 4626 3336 4692 credidistis.

1764 4745 1785 4778 ι
1830 4725 2050 4783 Tradidi
2098 4727 2246 4783 enim
2282 4727 2437 4783 vobis
2479 4727 2750 4798 imprimis
2801 4727 2950 4797 quod
3002 4735 3057 4781 et
3109 4716 3337 4797 accepi:

1764 4835 1785 4869 ι
1827 4818 2088 4890 quoniam
2119 4817 2375 4874 Christus
2414 4826 2669 4874 mortuus
2695 4827 2781 4874 est
2804 4833 2905 4888 pro
2937 4819 3178 4889 peccatis
3234 4834 3339 4874 no-

1764 4928 1785 4962 t
1830 4911 1960 4967 stris
1989 4910 2293 4967 secundum
2318 4907 2630 4981 Scriptores
2654 4912 2668 4963 ἐ
2692 4918 2747 4964 et
2765 4909 2893 4981 quia
2930 4908 3177 4979 sepultus
3217 4920 3304 4966 cst
3324 4952 3341 4971 .

1764 5019 1787 5055 ι
1825 5009 1881 5057 et
1900 5002 2030 5072 quia
2056 5001 2358 5057 resurrexit
2380 5000 2538 5057 tertia
2558 5000 2647 5055 die
2667 5001 2968 5056 secundum
2999 4999 3336 5071 Scripturas;

1766 5109 1786 5144 ι
1830 5099 1885 5145 et
1912 5091 2040 5160 quia
2066 5090 2221 5146 visus
2259 5096 2343 5144 est
2366 5089 2599 5159 Cepbm,
2631 5096 2687 5144 et
2731 5097 2856 5159 post
2898 5089 3016 5145 hmc
3060 5090 3338 5145 undecim.

1765 5201 1786 5235 ί
1830 5181 2037 5238 Deinde
2077 5181 2232 5237 visus
2261 5188 2347 5237 est
2389 5181 2681 5252 plusquam
2722 5181 3037 5253 quingentis
3078 5181 3343 5241 fratribus

1767 5292 1787 5327 ι
1832 5273 2028 5339 simul,
2079 5286 2147 5328 ex
2197 5271 2399 5343 quibus
2449 5272 2607 5328 multi
2651 5283 2876 5329 manent
2918 5289 3095 5346 usque
3129 5275 3341 5342 adhuc,

1720 5393 1729 5401 -
1767 5380 1787 5414 ι
1828 5362 2053 5433 quidam
2095 5368 2277 5416 autem
2310 5360 2668 5417 dormierunt.
2703 5361 2908 5419 Deinde
2947 5363 3099 5420 visus
3125 5372 3213 5421 est
3245 5362 3343 5419 Ja—

1769 5472 1787 5506 ι
1833 5454 2002 5519 cobo,
2029 5452 2248 5509 adeinde
2287 5454 2551 5525 apostolis
2577 5455 2832 5512 omnibus
2860 5474 2874 5510 :
2914 5455 3211 5512 novissime
3238 5469 3342 5509 au-

1762 5564 1783 5598 ‹
1827 5556 1934 5601 tom
1959 5545 2209 5601 omnium
2231 5554 2492 5617 tanquam
2522 5547 2768 5603 abortivo
2787 5589 2803 5615 ,
2832 5547 2983 5604 visus
3003 5555 3087 5603 est
3105 5554 3161 5602 ct
3180 5545 3338 5602 mihi.

1760 5656 1783 5689 ι
1828 5635 1944 5708 Ego
1975 5636 2125 5692 cnim
2171 5653 2294 5692 sum
2343 5637 2605 5693 minimus
2635 5639 3042 5709 apostolorum,
3085 5635 3182 5707 qui
3229 5650 3340 5690 non

1763 5747 1785 5781 ι
1828 5743 1951 5785 sum
1975 5728 2174 5801 dignus
2198 5729 2383 5809 vocari
2416 5730 2990 5800 aptistolus,quoniam
3020 5734 3342 5799 persecutus

1766 5838 1787 5875 ι
1829 5836 1952 5878 sum
2000 5820 2301 5880 Ecclesium
2339 5821 2454 5877 Dei.
2505 5820 2692 5877 Gratia
2738 5827 2921 5876 autem
2961 5818 3057 5876 Dei
3101 5834 3226 5876 sum
3287 5819 3342 5875 id
