3928 6416
603 397 711 454 203
1151 393 1209 452 S.
1251 389 1598 452 BRUNONIS
1641 385 2287 450 CARTHUSIANORUM
2326 383 2816 446 INSTITUTORIS
2853 387 3002 446 OPP.
3041 387 3224 445 PARS
3259 389 3322 444 ll.
3729 394 3808 452 204

605 533 629 564 ί(
665 509 824 582 quod
862 523 986 568 sum
1012 525 1025 564 :
1055 519 1110 566 et
1140 511 1316 581 gratia
1337 511 1458 581 ejus
1482 510 1544 564 in
1591 523 1678 564 me
1709 525 1882 564 vacua
1911 505 2021 564 non
2061 507 2194 578 fuit,
2226 512 2274 568 Α
2305 526 2324 560 ι
2367 507 2645 562 terrestria
2676 525 2690 562 :
2721 506 2816 563 sed
2841 506 2948 562 alia
2971 507 3193 576 quidem
3215 506 3516 580 cmlestium
3537 506 3718 578 gloria,
3737 511 3812 565 alia

587 623 630 656 ἰ
675 603 772 658 sed
812 601 1184 656 abundantius
1229 602 1338 657 illis
1365 599 1620 656 omnibus
1647 600 1912 654 laboravi.
1943 598 2066 656 Non
2091 614 2193 670 ego
2301 616 2320 650 ι
2363 605 2546 653 autem
2577 597 2948 653 terrestrium.
2979 597 3099 651 Alia
3123 597 3342 652 claritas
3363 596 3628 662 sclis,a-lia
3645 597 3815 654 claritas

611 716 630 747 ‹
675 701 858 750 autem
875 735 889 758 ,
927 691 1022 747 sed
1043 692 1216 762 gratia
1230 691 1325 746 Dei
1348 703 1583 744 mecum.
1611 687 1736 744 Sive
1753 689 1900 744 enim
1925 703 2027 760 ego
2041 729 2056 755 ,
2079 688 2194 743 sive
2299 709 2318 742 ι
2363 691 2526 756 lunae,
2551 699 2604 745 et
2625 690 2732 744 alia
2753 691 2976 745 claritas
2991 689 3292 745 stellarum.
3309 688 3476 744 Stella
3498 689 3632 744 enim
3653 705 3682 744 a
3700 691 3814 746 stclh

611 807 628 836 ι
676 784 795 850 illi,
831 783 912 838 sic
940 782 1391 853 prmdicavimus,
1425 787 1480 834 et
1513 779 1594 834 sic
1617 767 1948 834 credidistis.
1989 778 2048 833 Si
2089 794 2190 832 au-
2297 773 2326 834 ι’
2359 779 2539 836 diﬂ'ert
2583 781 2640 836 in
2663 775 2911 836 claritate
2937 799 2950 836 :
2978 781 3132 837 sieet
3156 781 3490 836 resurrectio
3511 789 3816 837 mortuorum.

611 898 629 928 ι
671 886 780 931 tem
802 873 1056 930 Christus
1079 872 1432 944 praedicatur,
1463 869 1611 939 quod
1647 870 1950 926 resurrexit
1977 885 2010 924 a
2041 885 2193 925 mor-
2299 891 2318 924 ι
2365 871 2682 928 Seminatur
2715 872 2774 927 in
2805 873 3191 942 corruptione,
3219 881 3406 944 surget
3431 873 3486 926 in
3509 873 3818 942 incorruptio-

591 983 634 1016 -ι
683 965 830 1032 tuis,
867 964 1140 1035 quomodo
1166 959 1387 1031 quidam
1438 959 1629 1014 dicunt
1659 959 1713 1014 in
1743 961 1902 1016 vobis
1929 960 2192 1031 quoniam
2299 979 2318 1014 ι
2363 977 2452 1018 ne.
2487 961 2804 1018 Seminatur
2845 964 2902 1018 in
2946 963 3316 1034 ignobilitate,
3363 971 3550 1034 surget
3595 963 3646 1018 in
3667 964 3813 1034 gloria.

613 1078 634 1110 σ
680 1059 1012 1114 resurrectio
1061 1064 1403 1109 mortuorum
1433 1067 1545 1108 non
1573 1061 1688 1120 est,
1731 1068 1910 1124 neque
1937 1053 2192 1111 Christus
2299 1071 2318 1106 ι
2363 1051 2678 1110 Seminatur
2705 1055 2758 1109 in
2789 1054 3133 1122 inﬁmitate,
3157 1062 3344 1125 surget
3369 1054 3426 1108 in
3449 1054 3660 1110 virtute.
3689 1053 3816 1108 Semi-

613 1168 632 1198 ι
677 1147 995 1205 resurrexit.
1053 1145 1111 1199 Si
1159 1154 1342 1200 autem
1382 1143 1638 1201 Christus
1687 1159 1800 1200 non
1851 1145 2188 1212 resurrexit,
2298 1162 2318 1196 ι
2362 1133 2524 1200 natur
2559 1143 2717 1216 145
2764 1159 2966 1216 corpus
2997 1144 3254 1211 animale,
3301 1151 3492 1214 surget
3537 1158 3716 1214 corpus
3739 1145 3816 1214 apio

591 1259 634 1290 -ι
683 1239 860 1293 inanis
886 1247 974 1291 est
1015 1237 1326 1306 prcedicatio
1359 1246 1576 1302 nostra,
1609 1235 1789 1292 inanis
1837 1245 1922 1292 est
1966 1245 2022 1292 et
2057 1237 2192 1294 ﬁdes
2297 1255 2317 1288 ι
2363 1235 2577 1292 rituale.
2614 1232 2780 1292 Si'est
2832 1252 3034 1308 corpus
3073 1236 3327 1302 animale,
3373 1245 3458 1290 est
3503 1244 3558 1290 et
3573 1235 3816 1304 spirituale,

614 1349 632 1382 ι
677 1337 872 1384 vestra.
905 1326 1222 1382 lnvenimur
1249 1337 1432 1383 autem
1453 1335 1508 1382 et
1535 1325 1658 1382 falsi
1687 1335 1855 1382 testes
1897 1325 2022 1394 Dei,
2053 1341 2193 1396 quo-
2298 1343 2318 1378 ι
2363 1326 2506 1382 sicut
2529 1327 2795 1398 scriptum
2826 1336 2913 1383 est
2945 1345 2958 1382 :
2998 1345 3018 1379 ι
3053 1325 3254 1382 Factus
3277 1325 3493 1397 primus
3507 1325 3668 1400 homo
3687 1325 3814 1380 Atla

611 1440 630 1472 ι
677 1421 822 1474 niam
851 1420 1226 1476 testimonium
1249 1420 1490 1475 diximus
1511 1419 1778 1474 adversus
1803 1417 2010 1486 Deum,
2042 1417 2191 1489 quod
2299 1435 2316 1470 ι
2365 1417 2422 1472 in
2451 1417 2689 1473 animam
2736 1417 3008 1474 viventem
3037 1417 3248 1489 (Cenes.
3287 1434 3349 1484 ιι,
3387 1417 3439 1487 7)
3477 1435 3496 1468 ι
3549 1415 3818 1472 novissimus

609 1531 627 1562 ι
673 1502 1018 1567 suscitaverit
1052 1511 1365 1577 Christum,
1415 1526 1580 1581 quem
1630 1524 1741 1564 non
1774 1509 2091 1574 suscitavit,
2141 1507 2189 1564 si
2297 1529 2316 1562 ι
2361 1509 2536 1565 Adam
2585 1509 2642 1565 in
2691 1510 2944 1581 spiritum
2987 1509 3376 1565 viviﬁcantem.
3417 1507 3522 1563 Sed
3567 1523 3666 1562 non
3707 1507 3817 1576 prius

609 1624 628 1652 ς
675 1603 878 1657 mortui
905 1619 1014 1656 non
1037 1610 1350 1672 resurgunt.
1387 1600 1524 1656 Nam
1555 1601 1603 1658 si
1623 1601 1826 1656 mortui
1861 1616 1972 1656 non
1999 1616 2189 1656 resur-
2297 1618 2317 1653 ι
2361 1599 2508 1670 quod
2534 1599 2818 1670 spirituale
2841 1609 2946 1667 est,
2983 1599 3078 1655 sed
3112 1599 3260 1669 quod
3289 1598 3526 1656 animale
3553 1605 3648 1665 est,
3671 1597 3816 1652 deinde

611 1714 628 1744 ‹
678 1703 841 1764 gunt,
871 1709 1048 1763 neque
1067 1693 1318 1750 Christus
1345 1693 1663 1749 resurrexit.
1697 1691 1836 1760 Quia
1867 1693 1914 1748 si
1935 1691 2190 1749 Christus
2298 1711 2316 1744 ι
2361 1691 2509 1762 quod
2537 1691 2823 1762 spirituale
2853 1699 2956 1746 est.
2989 1689 3210 1746 Primus
3253 1690 3424 1746 homo
3447 1690 3514 1744 de
3536 1697 3666 1744 terra
3689 1695 3816 1742 terre-

611 1801 628 1832 σ
673 1798 778 1838 non
807 1783 1139 1849 resurrexit,
1169 1799 1310 1838 vana
1339 1791 1424 1838 est
1447 1781 1579 1838 ﬁdes
1599 1777 2022 1838 vestraQAdhuc
2042 1783 2190 1838 enim
2297 1803 2316 1836 ι
2363 1799 2508 1840 nus:
2561 1785 2838 1840 secundus
2879 1783 3048 1839 homo
3085 1783 3152 1838 de
3197 1782 3340 1838 caelo
3385 1781 3636 1837 caelestis.
3677 1777 3820 1845 Qualis

609 1893 626 1921 ι
673 1873 806 1926 estis
843 1872 898 1926 in
944 1872 1181 1940 peccatis
1205 1871 1424 1927 vestris.
1457 1869 1602 1942 Ergo
1627 1877 1682 1926 et
1727 1870 1822 1942 qui
1851 1870 2191 1926 dormierunt
2217 1867 2266 1928 B
2299 1895 2317 1929 ι
2363 1885 2636 1943 terrenus,
2671 1876 2808 1932 tales
2834 1883 2890 1930 et
2915 1874 3158 1942 terreni;
3204 1881 3258 1929 et
3283 1873 3466 1945 qualis
3511 1871 3737 1937 caelestis,
3758 1878 3814 1922 ta-

609 1983 628 2012 ι
675 1964 728 2016 in
767 1963 1020 2029 Christo,
1051 1963 1348 2033 perierunt.
1383 1961 1440 2018 Si
1488 1963 1544 2017 in
1575 1963 1678 2018 hac
1726 1962 1840 2018 vita
1871 1969 2088 2017 tantum
2132 1961 2189 2016 in
2299 1987 2316 2020 ι
2359 1967 2441 2023 les
2468 1975 2524 2022 et
2547 1967 2818 2023 caelestes.
2845 1965 3014 2038 igitur
3043 1965 3188 2022 sicut
3213 1965 3556 2035 portavimus
3585 1961 3812 2032 imaginem

609 2074 626 2102 ι
671 2053 888 2109 Christo
927 2065 1206 2124 sperantes
1249 2069 1472 2122 sumus,
1509 2055 1942 2112 miserabiliores
1987 2069 2185 2110 sumus
2297 2078 2316 2111 ι
2361 2057 2588 2126 terreni,
2613 2067 2898 2129 portemus
2923 2067 2976 2113 et
3015 2057 3307 2128 imaginem
3331 2055 3588 2112 caelestis.
3625 2051 3720 2108 Hoc
3747 2067 3816 2105 auo

607 2162 624 2192 ι
671 2143 926 2197 omnibus
949 2145 1282 2199 hominibus.
1309 2143 1466 2198 Nunc
1507 2155 1690 2200 autem
1720 2143 1976 2200 Christus
1999 2159 2189 2200 resur-
2297 2169 2316 2203 ι
2359 2159 2467 2205 tem
2494 2149 2640 2216 dico,
2667 2148 3155 2220 fratres,quoniam
3177 2162 3314 2204 caro
3331 2155 3390 2203 et
3409 2145 3624 2218 sanguis
3641 2157 3812 2215 regnum

609 2253 627 2282 ι
677 2233 818 2288 rexit
848 2248 878 2286 a
907 2234 1140 2288 mortuis
1167 2233 1424 2302 primitize
1451 2234 1841 2289 dormientium
1861 2275 1876 2300 ,
1923 2233 2186 2304 quoniam
2299 2257 2317 2290 ι
2365 2238 2460 2294 Dei
2503 2239 2786 2308 possidere
2821 2253 2930 2292 non
2961 2245 3216 2306 possunt,
3273 2251 3456 2306 neque
3483 2233 3730 2304 corruptio
3755 2233 3812 2284 iu-

609 2343 628 2372 ‹
672 2321 894 2390 quidem
919 2337 1014 2390 per
1051 2323 1326 2377 hominem
1362 2337 1549 2389 mors,
1582 2331 1636 2378 et
1655 2339 1752 2392 per
1787 2324 2068 2378 hominem
2099 2339 2188 2379 re-
2302 2349 2320 2380 ι
2363 2329 2728 2398 corruptelam
2783 2327 3105 2400 possidebit.
3153 2326 3295 2382 Ecce
3351 2325 3660 2397 mysterium
3703 2321 3812 2376 vobis

611 2433 628 2461 ‹
675 2412 944 2467 surrectio
986 2421 1350 2468 mortuorum.
1383 2413 1452 2468 Et
1497 2413 1640 2470 sicut
1686 2414 1742 2468 in
1773 2413 1946 2469 Adam
1999 2430 2191 2471 omnes
2299 2439 2316 2472 ι
2359 2419 2482 2475 dico
2511 2439 2522 2474 :
2551 2417 2754 2476 Omnes
2783 2419 3004 2490 quidem
3035 2417 3534 2489 resurgemusLsed
3561 2431 3658 2472 non
3675 2427 3812 2470 omnes

601 2523 628 2552 ν(
677 2501 1020 2568 moriuntur,
1055 2503 1130 2558 ita
1171 2503 1228 2558 in
1255 2503 1480 2560 Christo
1510 2519 1702 2560 omnes
1741 2504 2184 2560 viviﬁcabuntur.
2299 2531 2318 2562 ι
2364 2509 2797 2567 immutabimur.
2827 2509 2889 2566 In
2925 2517 3224 2576 momento,
3261 2508 3318 2563 in
3357 2510 3472 2564 ictu
3501 2505 3718 2572 oculi,in
3741 2517 3809 2558 no-

610 2611 628 2642 ‹
676 2591 1068 2664 Unusquisque
1139 2601 1321 2650 autem
1354 2595 1436 2667 _in
1487 2609 1590 2652 suo
1645 2596 1868 2663 ordine,
1935 2597 2191 2666 primitias
2297 2621 2316 2653 ε
2362 2602 2588 2658 vissima
2621 2603 2789 2657 tuba:
2821 2609 2982 2657 canet
3011 2601 3158 2656 enim
3183 2600 3336 2668 tuba,
3373 2609 3428 2655 et
3465 2597 3658 2654 mortui
3677 2610 3810 2650 resur-

601 2705 626 2732 ἰ
673 2684 930 2740 Christus
957 2703 970 2739 :
996 2685 1190 2741 deinde
1225 2687 1281 2741 hi
1309 2687 1404 2758 qui
1435 2696 1566 2742 sunt
1591 2685 1830 2752 Christi,
1867 2686 1962 2756 qui
1999 2687 2056 2741 in
2093 2687 2191 2742 ad-
2299 2713 2318 2744 ‹
2364 2702 2492 2764 gent
2527 2693 2860 2764 incorrupti,
2911 2701 2968 2748 et
3021 2707 3124 2748 nos
3171 2691 3603 2746 immutabimur.
3645 2684 3808 2756 Oportet

610 2795 628 2824 ι
675 2785 840 2830 ventu
869 2775 990 2846 ejus
1031 2776 1398 2832 crediderunt.
1437 2775 1642 2832 Deinde
1669 2777 1826 2846 linis,
1862 2791 1988 2834 cum
2017 2777 2188 2832 tradi-
2299 2804 2318 2836 ι
2362 2784 2510 2840 enim
2553 2783 2906 2854 corruptibile
2947 2783 3054 2838 hoc
3101 2781 3332 2837 induere
3393 2777 3808 2848 incorruptionem.

609 2883 628 2914 ι
681 2864 822 2920 derit
847 2880 1076 2936 regnum
1099 2865 1212 2922 Deo
1237 2875 1293 2922 et
1321 2865 1502 2934 Patri,
1533 2883 1660 2923 cum
1685 2870 2032 2925 evacuaverit
2071 2885 2190 2924 om-
2299 2896 2317 2928 ι
2363 2885 2418 2932 et
2449 2876 2682 2931 mortale
2711 2876 2816 2931 hoc
2843 2873 3070 2929 induere
3093 2872 3582 2928 immortalitatem.
3609 2867 3723 2923 Cum
3741 2877 3808 2918 ιιι-

607 2975 626 3005 ι
671 2971 796 3012 nem
845 2957 1212 3028 principatum
1233 3001 1250 3026 ,
1307 2967 1363 3014 et
1409 2967 1756 3030 potestatem,
1801 2970 1855 3016 et
1909 2961 2184 3016 virtutem.
2299 2988 2318 3020 ι
2365 2979 2476 3024 tem
2505 2967 2738 3022 mortale
2785 2965 2892 3022 hoc
2925 2963 3166 3020 induerit
3211 2962 3680 3025 immortalitatem,
3719 2963 3808 3009 tunc

605 3065 626 3096 ι
673 3045 896 3116 Oportet
924 3058 1107 3106 autem
1137 3049 1290 3104 illum
1317 3065 1580 3120 regnare,
1609 3051 1783 3107 donec
1808 3059 1976 3121 ponat
1997 3067 2190 3108 omnes
2300 3078 2318 3110 ι
2359 3061 2452 3114 ﬁet
2475 3073 2656 3114 sermo
2693 3056 2788 3129 qui
2821 3057 3058 3127 scriptus
3079 3063 3162 3112 est
3187 3073 3200 3109 :
3249 3073 3270 3106 ι
3299 3055 3571 3124 Absorpta
3609 3057 3682 3106 est
3703 3059 3808 3102 mors

608 3156 625 3186 ι
669 3137 924 3196 inimicos
955 3141 1058 3196 sub
1091 3141 1323 3210 pedibus
1351 3141 1473 3211 ejus
1503 3141 1522 3212 (
1539 3141 1688 3197 Psal.
1721 3157 1842 3210 crx,
1873 3144 1898 3196 1
1921 3143 1962 3214 ).
1990 3141 2188 3200 Novis-
2231 3218 2254 3221 __
2300 3170 2318 3204 ι
2361 3151 2416 3206 in
2435 3150 2664 3206 victoria
2689 3149 2836 3221 (Ose.
2855 3165 2976 3216 xm,
3007 3149 3117 3220 M).
3139 3167 3158 3199 ι
3187 3145 3294 3202 Ubi
3313 3155 3421 3214 est,
3453 3160 3616 3210 mors,
3639 3135 3808 3198 victoria

606 3247 628 3280 ι
673 3228 808 3284 sime
829 3239 1014 3286 autem
1039 3231 1260 3287 inimica
1285 3231 1602 3288 destruetur
1621 3247 1794 3288 mors.
1821 3232 2016 3288 Omnia
2037 3235 2186 3290 enim
2216 3218 2256 3274 Ο
2297 3261 2316 3294 ι
2361 3242 2498 3296 tua?
2528 3239 2632 3296 Ubi
2660 3218 2765 3310 est,
2789 3255 2962 3308 mors,
2983 3218 3240 3295 stimulus
3269 3238 3453 3295 tuus?
3488 3233 3722 3292 Stimulus
3741 3242 3808 3282 au-

611 3337 632 3370 ι
675 3319 910 3388 subjecit
935 3321 1038 3376 sub
1067 3323 1296 3390 pedibus
1319 3322 1634 3394 ejusf(Psal.
1666 3340 1784 3392 Vill,
1807 3324 1885 3395 8).
1915 3324 2053 3382 Cum
2084 3342 2184 3380 au-
2297 3351 2316 3384 ι
2361 3341 2470 3387 tem
2501 3331 2695 3386 mortis
2725 3338 3010 3401 peccatum
3033 3337 3138 3396 est,
3161 3329 3339 3384 virtus
3379 3343 3509 3384 vero
3531 3319 3808 3398 peccatich

611 3427 630 3458 ι
679 3417 788 3463 tem
821 3410 1004 3466 dicat:
1029 3411 1224 3467 Omnia
1273 3413 1519 3484 subjecta
1561 3423 1694 3468 sunt
1721 3414 1804 3480 ei,
1855 3415 1976 3471 sine
2020 3417 2188 3472 dubio
2297 3441 2316 3474 ι
2361 3421 2474 3476 Deo
2504 3429 2686 3477 autem
2713 3422 2938 3493 gratias,
2963 3421 3060 3492 qui
3089 3420 3240 3476 dedit
3263 3419 3430 3476 nobis
3459 3417 3732 3478 victoriam,
3745 3421 3810 3479 per

613 3522 630 3552 ι
679 3511 874 3572 ιιι-διιεῖ
903 3519 1028 3558 eum
1066 3505 1161 3574 qui
1210 3505 1444 3574 subjecit
1487 3505 1538 3559 ei
1579 3507 1785 3560 omnia.
1817 3506 1956 3562 Cum
1981 3517 2187 3580 ‘autem
2297 3531 2316 3564 ι
2361 3510 2654 3568 Dominum
2669 3520 2922 3566 nostrum
2945 3510 3133 3566 Jesum
3155 3510 3442 3566 Christum
3469 3509 3522 3580 (1
3539 3497 3808 3566 Ιοαιι.ι,5)·

607 3614 628 3646 ι
675 3592 836 3665 [Nam
863 3595 1016 3668 cum]
1053 3596 1298 3667 subjecta
1323 3595 1530 3652 fuerint
1551 3597 1630 3651 illi
1665 3598 1879 3665 omnia,
1911 3607 2042 3655 tunc
2069 3601 2186 3670 ipse
2297 3620 2318 3653 ι
2360 3599 2570 3672 Itaque,
2605 3601 2803 3657 fratres
2839 3602 2948 3656 mei
2981 3601 3186 3669 dilecti,
3227 3600 3461 3656 stabiles
3485 3606 3646 3656 estote
3667 3601 3712 3648 et
3736 3591 3810 3644 im-

609 3705 630 3736 σ
677 3685 823 3746 ﬁlius
857 3686 1138 3757 subjectus
1170 3687 1276 3744 erit
1315 3687 1394 3754 illi
1423 3687 1520 3758 qui
1566 3689 1800 3758 subjecit
1843 3689 1948 3745 sibi
1973 3691 2186 3759 omnia,
2297 3715 2317 3748 ι
2361 3694 2632 3750 mobiles:
2663 3693 3078 3770 abundantesin
3101 3692 3254 3746 omni
3270 3705 3444 3761 opere
3467 3683 3684 3750 Domini,
3703 3691 3809 3770 sent-

611 3796 628 3826 ι
677 3783 738 3830 ιιι
767 3775 838 3830 sit
869 3773 1012 3832 Deus
1043 3777 1227 3832 omnia
1265 3777 1322 3832 in
1353 3778 1632 3834 omnibus.
1665 3778 1924 3850 Alioquin
1945 3781 2079 3852 quid
2102 3780 2188 3836 fa-
2296 3804 2316 3840 ι
2361 3801 2458 3856 per
2483 3785 2718 3842 scientes
2741 3784 2888 3855 quod
2925 3765 3080 3840 labor
3113 3791 3294 3839 vester
3329 3797 3446 3839 non
3493 3787 3574 3836 est
3611 3770 3755 3832 inanis
3773 3765 3810 3818 i

611 3887 630 3918 ‹
677 3867 851 3934 cient,
884 3867 978 3938 qui
1020 3869 1369 3940 baptizantur
1419 3885 1522 3942 pro
1553 3871 1824 3928 mortuis?
1863 3869 1922 3926 Si
1963 3873 2189 3930 omnino
2297 3895 2315 3931 ι
2360 3877 2614 3934 Domino.
2661 3895 2678 3929 ι

611 3983 630 4013 ι
679 3962 882 4018 mortui
929 3977 1040 4018 non
1095 3975 1418 4036 resurgunt,
1469 3975 1530 4020 ut
1581 3967 1714 4037 quid
1759 3975 1814 4022 et
1842 3959 2190 4038 baptizantur
2923 3979 3224 4022 sxrusrrro.

612 4071 629 4100 ι
675 4067 774 4120 pro
809 4051 953 4107 illis?
983 4051 1052 4107 Ut
1088 4054 1218 4123 quid
1239 4063 1294 4110 et
1325 4069 1426 4110 nos
1451 4057 1824 4126 periclitamur
1845 4059 1996 4114 omni
2019 4059 2190 4115 hora?
2359 4056 2657 4128 Postquam
2683 4055 2872 4112 docuit
2895 4071 2992 4113 eos
3019 4056 3088 4112 de
3127 4056 3426 4127 baptismo,
3469 4055 3536 4112 de
3561 4059 3752 4120 corpore
3767 4049 3806 4128 εἴ

620 4161 636 4190 ι
685 4139 940 4206 Quotidie
987 4145 1191 4198 morior
1239 4153 1460 4216 propter
1503 4156 1743 4204 vestram
1793 4149 2022 4219 gloriam
2063 4149 2187 4223 [pro
2291 4127 2560 4219 sanguine
2593 4146 2811 4201 Domini
2849 4155 2906 4202 et
2955 4145 3024 4202 de
3065 4145 3226 4201 donis
3271 4143 3512 4215 Spiritus
3549 4137 3724 4201 sancti,
3759 4127 3808 4185 ad

616 4254 632 4283 ι
657 4241 860 4310 vestra
889 4233 1103 4306 gloria],
1135 4235 1359 4304 fratres,
1390 4253 1556 4308 quam
1577 4239 1754 4295 habeo
1785 4241 1842 4294 in
1857 4240 2078 4298 Christo
2100 4241 2190 4298 ,ἰε-
2290 4237 2544 4292 ultimum
2579 4237 2804 4292 instruit
2857 4251 2956 4292 eos
2991 4235 3060 4292 de
3087 4236 3492 4291 resurrectione
3513 4235 3806 4288 mortuorum.

617 4315 634 4374 ε
685 4340 750 4378 su
781 4324 1011 4382 Domino
1035 4335 1242 4382 nostro.
1275 4327 1330 4382 Si
1353 4329 1654 4384 secundum
1681 4330 1960 4388 hominem
1986 4332 2054 4388 ad
2099 4331 2190 4387 be-
2290 4343 2455 4399 quam
2487 4328 2684 4399 partim
2736 4327 3050 4396 credebant,
3097 4328 3296 4398 partim
3339 4326 3618 4398 negabant.
3659 4313 3808 4373 Crede-

617 4436 636 4468 ι
683 4416 816 4472 stias
845 4419 1078 4496 pugnavi
1101 4417 1480 4489 Ephesi,quid
1507 4420 1642 4475 mihi
1669 4420 1891 4492 prodest
1911 4421 2189 4478 simortui
2291 4421 2424 4476 bant
2441 4420 2590 4476 enim
2614 4418 2893 4477 Christum
2923 4435 3050 4476 vere
3081 4419 3396 4475 surrexisse
3427 4435 3458 4474 a
3485 4412 3716 4474 mortuis;
3739 4416 3805 4458 eos

617 4530 634 4560 ι
683 4525 792 4565 ιιοιι
820 4511 1154 4580 resurgunt?
1201 4509 1592 4570 Manduccmus
1635 4520 1692 4568 et
1738 4512 2020 4582 bibamus,
2067 4529 2190 4570 cras
2222 4551 2270 4612 Β
2295 4512 2460 4568 etiam
2482 4512 2578 4582 qui
2607 4511 2664 4566 in
2690 4512 2990 4570 novissima
3021 4511 3152 4566 tuba
3198 4519 3556 4576 morerentur,
3583 4515 3632 4562 et
3651 4503 3806 4567 integri|

621 4620 638 4651 ι
685 4600 832 4656 enim
855 4600 1155 4655 moriemur
1179 4599 1331 4672 (Sap.
1363 4617 1433 4669 ιι,
1464 4603 1533 4669 6;
1561 4601 1674 4656 Isa.
1707 4604 1970 4675 xxri,l3).
2006 4603 2186 4662 Nolite
2222 4599 2265 4612 ”
2295 4617 2461 4660 carne
2485 4603 2672 4658 statim
2701 4604 3106 4672 reviviscerent,
3151 4603 3254 4660 hos
3291 4605 3428 4661 tales
3472 4599 3806 4660 credebant”

613 4712 632 4742 ι
677 4691 1288 4764 seduci.-Corrumpunt
1315 4709 1495 4750 mores
1517 4695 1692 4752 bonos
1713 4696 1988 4768 colloquia
2021 4700 2185 4757 mala.
2295 4703 2662 4752 surrecturos.
2707 4694 2816 4752 Sed
2871 4711 2968 4752 eos
3007 4711 3242 4766 quorum
3289 4689 3518 4768 corpora
3563 4693 3614 4747 in
3651 4687 3806 4744 είηεκδ

617 4803 636 4834 ι
681 4783 942 4855 Evigilate
978 4783 1144 4854 justi,
1193 4794 1247 4840 et
1279 4787 1448 4842 nolite
1491 4802 1718 4857 peccare
1758 4806 1770 4842 :
1819 4787 2168 4860 ignorantian

2295 4787 2744 4854 dissolverentur,
2771 4787 3024 4844 dicebant
3053 4787 3204 4842 nulla
3235 4786 3450 4842 ratione
3485 4794 3636 4854 posse
3670 4783 3806 4830 resur-

613 4894 632 4925 ι
675 4877 818 4930 enim
867 4875 960 4932 Dei
1009 4877 1232 4947 quidam
1271 4879 1490 4934 habent.
1535 4879 1618 4936 Ad
1665 4882 2028 4938 reverentiam
2085 4899 2186 4939 vo-
2296 4893 2442 4949 gere.
2469 4875 2822 4934 Naturalibus
2858 4893 3026 4947 supra
3061 4877 3286 4932 modum
3333 4877 3654 4932 adhaerentes

618 4983 636 5015 ι
683 4965 766 5020 bis
786 4966 1000 5035 loquor.
1029 4966 1136 5024 Sed
1161 4968 1304 5026 dicet
1321 4968 1521 5039 aliquis
1549 4987 1563 5025 :
1590 4967 1879 5036 Quomodo
1905 4983 2191 5044 resurgent
2297 4969 2514 5026 mentis.
2546 4968 2752 5024 Littera
2777 4968 2858 5024 sic
2873 4969 3160 5040 jungitur:
3197 4967 3276 5024 De
3293 4965 3494 5040 linguis
3517 4973 3568 5020 et
3587 4954 3803 5032 ριοριιθω

613 5073 634 5114 Δι
681 5057 919 5110 mortui?
959 5057 1118 5124 Quali
1147 5069 1330 5116 autem
1357 5075 1584 5132 corpore
1605 5061 1866 5118 venient?
1895 5062 2185 5135 lnsipiens,
2289 5060 2371 5116 sic
2393 5075 2492 5116 vos
2537 5061 2728 5116 doceo.
2775 5057 2855 5115 De
2893 5062 3272 5116 resurrectione
3311 5068 3486 5116 autem
3521 5053 3802 5138 ιιιοιιιιοςυτξιι

616 5165 634 5196 ι
683 5153 738 5200 ιιι
769 5147 918 5216 quod
947 5149 1186 5206 seminas
1233 5167 1343 5207 non
1379 5153 1714 5222 viviﬁcatur,
1749 5154 1856 5210 nisi
1889 5133 2042 5225 prius
2067 5171 2186 5212 mo—
2290 5160 2472 5206 notum
2519 5152 2662 5220 facio
2703 5151 2868 5218 vobis,
2904 5153 3131 5221 fratres:
3189 5160 3392 5218 notum,
3442 5151 3665 5218 inquam.
3702 5133 3804 5188 Ῐ³⁰ί⁰

548 5265 552 5270 -
613 5257 634 5304 μ
680 5237 872 5292 riatur.
899 5237 966 5294 Et
998 5239 1148 5309 quod
1181 5242 1450 5310 seminas,
1499 5260 1610 5300 non
1643 5259 1846 5316 corpus
1865 5247 2012 5316 quod
2035 5247 2185 5304 futu-
2291 5241 2658 5314 Evangelium,
2718 5243 2774 5300 id
2833 5251 2936 5311 est,
2991 5245 3448 5302 resurrectionem
3486 5233 3800 5316 mortuorum?

617 5349 634 5378 ι
681 5345 804 5383 rum
834 5339 918 5384 est
963 5305 1235 5398 seminas,
1283 5334 1378 5388 sed
1421 5305 1627 5390 nudum
1671 5305 1932 5408 granum,
1965 5349 2026 5394 ut
2057 5347 2186 5409 puta
2291 5305 2465 5404 quodv
2484 5305 2722 5390 maxima
2773 5305 3030 5406 pars'est
3079 5351 3216 5392 mea:
3251 5327 3666 5406 pradicationis;

617 5438 632 5468 ι
682 5417 879 5485 tritici,
915 5429 1011 5474 aut
1039 5420 1272 5490 alicujus
1303 5432 1644 5480 ceterorum.
1676 5403 1834 5484 'Deus
1865 5403 2188 5484 autem-dat
2295 5403 2648 5498 Evangelium
2689 5427 2758 5482 de
2776 5403 3200 5484 resurrectione
3241 5403 3342 5499 ego
3387 5415 3648 5497 medicari
3679 5403 3800 5499 ιὀθίετ

615 5527 634 5556 ι
682 5507 755 5560 illi
779 5522 980 5578 corpus
1005 5509 1148 5564 sicut
1179 5489 1328 5577 vult,
1352 5521 1408 5566 et
1437 5513 1732 5584 unicuique
1759 5517 2033 5572 seminum
2057 5533 2186 5587 pro-
2291 5533 2360 5574 ne
2403 5489 2712 5576 obtendatis
2749 5534 2850 5575 vos
2881 5521 3042 5590 quasi
3085 5489 3400 5591 ignoranter
3439 5521 3669 5588 peccare;
3699 5489 3800 5591 9"”?

616 5618 632 5648 ι
679 5599 856 5668 prium
889 5614 1106 5669 corpus.
1141 5599 1256 5656 Non
1291 5604 1472 5660 omnis
1494 5619 1626 5660 caro
1641 5578 1844 5662 eadem
1883 5623 2014 5664 caro
2047 5578 2186 5666 :.scd
2290 5611 2450 5664 etiam
2499 5612 2798 5682 accepistis,
2845 5578 2916 5666 et.
2929 5620 3088 5681 turpe
3109 5578 3262 5668 "esse
3312 5578 3466 5672 debet
3506 5599 3636 5674 quod
3673 5578 3797 5684 59"?“

617 5711 634 5742 ι
681 5693 786 5746 alia
815 5693 1098 5748 hominum
1117 5735 1132 5761 ,
1161 5695 1266 5748 alia
1289 5711 1544 5764 pecorum
1564 5739 1578 5764 ,
1606 5697 1712 5752 alia
1733 5700 2018 5756 volucrum
2039 5741 2054 5764 ,
2079 5701 2182 5756 alia
2291 5703 2426 5757 bene
2451 5702 2760 5758 credidistis
2791 5721 2802 5756 :
2837 5703 3036 5758 iterum
3059 5719 3276 5774 negare,
3301 5706 3354 5757 in
3379 5715 3476 5772 quo
3495 5697 3638 5752 etiam
3655 5683 3794 5774 ειαιιξξ

619 5801 634 5834 ι
680 5793 856 5838 autem
904 5785 1154 5854 piscium.
1195 5787 1260 5842 Et.
1290 5805 1516 5860 corpora
1548 5790 1824 5856 coelestia,
1861 5801 1914 5846 et
1954 5809 2181 5862 corpora
2293 5795 2398 5850 nisi
2425 5794 2570 5850 enim
2611 5795 3090 5867 resurrectionem
3135 5796 3388 5864 credatis,
3431 5792 3616 5846 frustra
3641 5777 3684 5830 ίη
3721 5760 3792 5820 rm
