3928 6448
109 443 199 501 905

697 435 1061 493 EXPOSITIO
1099 436 1163 491 ΙΝ
1203 433 1584 490 EPISTOLAS
1621 431 1847 487 PAULI.
1890 462 1958 470 —
1993 429 2059 486 IN
2100 391 2318 486 EPiST.
2359 430 2380 484 i
2420 431 2512 486 AD
2547 432 2706 490 COR.

3228 445 3334 502 206

115 563 276 626 stetis;
332 575 416 629 per
476 557 611 630 quod
660 556 826 610 etiam
878 553 1228 626 Evangeliuni
1270 551 1652 606 salvabimini:
1683 554 1725 608 Α
1752 549 1981 603 vertitur
2029 550 2096 605 ad
2147 550 2294 620 quod
2341 565 2524 620 supra.
2555 549 2694 607 Vere
2739 550 2983 607 Christus
3026 561 3331 614 resurrexit.

115 650 264 707 carnis
289 648 427 704 enim
472 644 923 702 resurrectionem
968 651 1178 713 partem
1224 643 1458 701 dicimus
1506 639 1649 707 ﬁdei,

116 743 210 795 sine
234 753 330 808 qua
380 749 540 791 nemo
586 734 760 804 possit
803 734 1023 788 salvari.
1069 732 1420 788 Salvabimini
1447 731 1570 786 dico
1604 731 1651 784 si

116 831 266 885 tenetis
293 830 390 884 hoc
431 824 781 896 Evangelium
825 838 889 878 ea
917 825 1120 879 ratione
1143 841 1247 895 qua
1277 822 1432 879 vobis
1451 823 1651 892 prazdi-

115 926 233 977 cavi:
258 933 306 977 et
333 921 435 975 nisi
465 921 567 976 hoc
593 917 664 974 sit
697 917 846 988 quod
872 932 969 974 vos
1012 918 1214 988 frustra
1242 916 1566 981 credidistis,
1598 915 1653 970 id

113 1025 197 1081 est,
224 1013 319 1068 nisi
362 1012 518 1076 fidem
562 1019 800 1064 vestram
850 1009 1099 1064 inutilem
1141 1009 1346 1074 dicitis,
1375 1007 1520 1078 quod
1546 1006 1654 1063 Co-

117 1104 268 1158 rinthii
300 1101 442 1155 milio
492 1099 654 1154 modo
695 1097 997 1154 faterentur
1037 1113 1153 1165 eos,
1195 1098 1403 1153 scilicet
1449 1095 1653 1151 frustra

115 1195 389 1251 credidisse.
418 1191 598 1247 Trado
618 1191 775 1247 vobis
804 1189 1179 1261 Evangelium.
1214 1188 1360 1243 Nam
1379 1189 1485 1244 hoc
1506 1188 1654 1259 quod

115 1303 195 1357 ego
221 1285 406 1339 tradidi
428 1284 569 1338 vobis
595 1283 652 1336 in
670 1283 879 1354 primis,
907 1282 961 1336 id
975 1290 1079 1347 est,
1097 1282 1239 1337 inter
1253 1281 1466 1351 potiora
1490 1279 1614 1336 fidei
1636 1297 1651 1347 ;

115 1377 226 1448 quod
252 1377 402 1432 etiam
441 1391 550 1431 non
581 1391 613 1430 a
644 1389 735 1430 me
759 1374 954 1441 habeo,
972 1373 1073 1430 sed
1099 1373 1277 1443 accepi
1305 1390 1338 1426 a
1369 1371 1493 1428 Deo.
1517 1369 1653 1440 Hoc,

117 1471 305 1535 scilicet,
329 1468 676 1538 Evangelium
705 1467 881 1538 :quod
912 1465 1157 1521 Christus
1183 1473 1425 1519 mortuus
1453 1474 1530 1520 est
1559 1481 1655 1535 pro

116 1561 303 1630 peccatis
330 1560 519 1613 nostris
546 1557 792 1613 delendis
817 1574 831 1624 ;
864 1556 987 1612 etsi
1015 1564 1239 1627 peccata
1267 1564 1455 1611 nostra
1479 1556 1656 1612 deleta

118 1662 236 1718 sunt,
255 1667 475 1722 quorum
500 1665 662 1721 parua
710 1663 864 1704 mors
898 1659 1002 1715 est,
1037 1663 1208 1719 quare
1237 1649 1292 1703 in
1326 1656 1500 1704 morte
1526 1647 1659 1703 deti-

119 1744 307 1800 nemur?
340 1743 586 1807 Mortuus
622 1751 708 1797 est
753 1740 1048 1796 Christus:
1088 1748 1144 1795 et
1177 1740 1284 1796 hoc
1325 1739 1452 1795 dico
1473 1755 1657 1798 secun—

116 1836 214 1887 dum
259 1832 556 1904 Scripturas
606 1830 998 1902 prophetarum
1058 1830 1202 1885 idem
1258 1831 1653 1886 attestantium.

1753 639 1889 693 Nam
1916 639 1991 692 sic
2011 639 2384 708 praedicamus,
2419 640 2526 693 sive
2553 656 2667 710 ego,
2698 641 2803 694 sive
2837 640 2921 694 illi
2960 641 3052 698 alii
3083 648 3335 713 apostoli,

1755 731 1908 785 locus
1934 731 2004 785 ab
2031 730 2376 785 auctoritate.
2397 728 2508 787 Vos
2533 731 2699 786 etiam
2729 733 2806 785 sic
2841 721 3163 800 credidistis,
3191 738 3335 805 quod

1752 821 2005 877 Christus
2043 836 2168 876 vere
2200 822 2538 876 resurrexit:
2591 823 2759 878 nolite
2792 839 3008 894 negare.
3061 824 3122 880 Si
3163 836 3335 880 autem

1750 913 2079 983 prcedicatur
2107 921 2163 967 et
2192 913 2377 983 negari
2407 928 2517 969 non
2541 923 2738 985 potest,
2773 915 2914 986 quod
2947 915 3191 971 Christus
3228 936 3340 971 sur"

1756 1006 1892 1060 rexit
1926 1005 2226 1070 amortuis,
2270 1005 2528 1075 quomodo
2570 1007 2792 1077 quidam
2836 1009 2894 1061 in
2940 1008 3083 1062 vobis
3132 1008 3337 1076 dicunt,

1753 1096 1894 1168 quod
1927 1112 2033 1150 non
2059 1103 2135 1149 est
2159 1093 2343 1150 futura
2365 1096 2675 1150 resurrectio
2704 1105 3032 1152 mortuorum
3058 1099 3159 1154 ?Si
3183 1101 3335 1155 Chri-

1755 1196 1875 1243 stus
1901 1185 2202 1242 resurrexit
2227 1184 2396 1256 (quod
2425 1185 2611 1256 utique
2633 1201 2825 1242 verum
2863 1188 2968 1259 est)
3009 1192 3340 1246 resurrectio

1756 1287 2101 1335 mortuorum
2126 1277 2374 1346 sequitur
2397 1292 2464 1332 ex
2503 1277 2852 1334 necessitate.
2887 1278 3153 1336 Probavit
3178 1299 3339 1354 supe-

1756 1367 1874 1424 rius
1896 1365 2316 1422 auctoritatibus
2348 1364 2756 1436 Scripturarum
2785 1377 2838 1423 et
2858 1369 3185 1427 testimoniis
3214 1388 3315 1428 san

1755 1469 1994 1526 ctorum,
2037 1457 2133 1528 qui
2183 1457 2435 1512 viderunt
2475 1455 2758 1513 Christum
2798 1475 2924 1516 vere
2967 1463 3273 1518 surrexisse
3309 1481 3338 1518 a

1758 1549 2013 1617 mortuis,
2043 1558 2097 1604 et
2123 1565 2190 1604 ex
2217 1564 2284 1605 eo
2312 1548 2497 1604 intulit
2521 1590 2537 1616 ,
2569 1549 2699 1619 quia
2725 1550 2773 1605 si
2799 1551 3052 1607 Christus
3080 1555 3338 1621 surrexit,

1757 1648 1814 1695 et
1839 1637 2171 1694 resurrectio
2199 1646 2543 1693 mortuorum
2570 1638 2693 1693 erit.
2734 1637 2887 1693 Hanc
2929 1648 3108 1695 autem
3147 1657 3336 1697 conse-

1755 1731 2039 1802 quentiam
2061 1729 2144 1785 sic
2164 1729 2400 1799 probat:
2446 1727 2586 1787 Vere
2645 1730 2693 1786 si
2734 1729 2990 1790 Christus
3032 1734 3269 1788 surrexit
3291 1744 3341 1789 et

1759 1822 2091 1880 resurrectio
2115 1829 2460 1876 mortuorum
2484 1829 2588 1876 est.
2622 1820 2766 1875 Nam
2787 1823 2834 1876 si
2864 1825 3176 1877 resurrectio
3199 1841 3343 1878 mor—

117 1925 224 1980 Cum
259 1890 410 1980 modo
443 1890 644 1980 debeat
692 1890 924 1992 probare
963 1921 1038 1979 .de
1063 1921 1485 1987 resurrectione,
1513 1935 1655 1990 prte-
1689 1890 1732 1945 Β
1761 1923 1974 1969 tuorum
2005 1930 2108 1968 non
2129 1923 2229 1981 est,
2257 1929 2418 1984 neque
2451 1912 2692 1969 Christus
2725 1917 3033 1970 resurrexit.
3066 1915 3165 1972 llic
3193 1917 3347 1973 locus

119 2017 248 2070 mittit
269 2015 542 2070 Christum
567 2029 693 2088 vere
715 2012 886 2068 fuisse
909 2020 1213 2080 mortuum,
1239 2021 1301 2068 ut
1325 2026 1469 2067 verte
1494 2012 1657 2066 morti

118 2123 215 2163 vera
254 2109 320 2164 sit
365 2106 717 2164 resurrectio.
765 2103 880 2161 Hoc
919 2104 1086 2160 etiam
1145 2104 1346 2160 tradidi
1389 2103 1546 2160 vobis
1591 2104 1659 2159 de

116 2200 292 2270 Christo
314 2199 448 2270 quod
493 2196 734 2269 sepultus
784 2206 880 2265 est,
920 2213 990 2253 ne
1043 2195 1228 2262 statim
1269 2205 1398 2267 post
1426 2205 1657 2250 mortem

115 2306 378 2362 resurgens,
427 2291 748 2346 diceretur:
781 2287 901 2345 Non
931 2303 1058 2344 vere
1106 2297 1358 2344 mortuus
1387 2295 1490 2342 εει.
1543 2285 1659 2341 Hoc

117 2382 244 2436 etiam
269 2382 457 2438 tradidi
483 2382 648 2437 vobis
673 2380 741 2436 de
771 2396 836 2436 eo
865 2381 1004 2452 quod
1049 2381 1338 2436 resurrexit
1366 2380 1525 2434 tertia
1549 2379 1654 2433 die.

120 2471 167 2526 Et
193 2472 281 2528 hoc
306 2473 423 2530 dico
466 2472 761 2529 secundum
802 2471 1130 2544 Scripturas,
1175 2486 1298 2542 qua:
1317 2471 1424 2527 hoc
1470 2469 1657 2541 perhi-

117 2567 230 2623 bent.

172 2656 388 2714 Probavit
435 2673 540 2728 per
595 2655 907 2713 testimonia
963 2652 1408 2724 Scripturarum,
1465 2650 1661 2721 probat

115 2750 245 2805 etiam
259 2751 542 2812 Christum
569 2747 958 2813 resurrexisse,
996 2762 1095 2816 per
1123 2742 1432 2801 testimonia
1464 2757 1657 2796 eorum

116 2841 277 2908 quibus
302 2851 416 2912 post
452 2839 924 2898 resurrectionem
968 2837 1120 2892 visus
1148 2845 1251 2891 est.
1303 2834 1369 2889 Et
1406 2834 1512 2888 hoe
1547 2841 1659 2887 tra-

119 2930 202 2984 didi
221 2932 372 2998 vobis,
400 2935 533 3003 quia
564 2931 707 2985 visus
740 2939 817 2982 est
841 2927 1048 2997 Cephaz,
1082 2924 1133 2979 id
1159 2933 1264 2990 est,
1292 2921 1472 2977 Petro.
1507 2919 1659 2977 lianc

119 3015 457 3084 apparitionem
472 3015 596 3082 ubi,
617 3022 672 3070 et
695 3012 970 3084 quomodo
994 3011 1134 3066 facta
1166 3010 1237 3065 sit
1267 3023 1376 3062 non
1402 3005 1655 3077 legimus,

119 3105 188 3159 sed
211 3106 570 3162 tantummodo
593 3105 859 3175 scriptum
889 3112 974 3158 est
998 3120 1012 3156 :
1056 3099 1299 3157 Surrexit
1325 3098 1583 3152 Dominus
1607 3105 1657 3152 et

119 3197 318 3262 apparuit
355 3195 544 3262 Petro,
566 3203 617 3249 et
647 3201 765 3265 post
808 3192 926 3247 haec
972 3191 1115 3245 visus
1137 3197 1214 3244 est
1249 3187 1494 3242 undecim
1523 3200 1656 3286 apo-
1683 3225 1727 3286 ϐ

121 3283 258 3351 stt-lis,
297 3285 444 3360 ιω
487 3282 716 3356 quando
757 3279 1001 3336 Thomas
1051 3286 1171 3334 erat
1212 3293 1340 3334 eum
1385 3276 1465 3330 eis
1497 3273 1649 3340 (Luc.

122 3389 234 3440 mv,
257 3377 359 3446 39).
389 3376 599 3432 Deinde
624 3374 766 3429 visus
793 3381 871 3428 est
901 3372 1022 3444 plus
1045 3386 1204 3443 quam
1226 3367 1524 3441 quingentis
1549 3367 1656 3436 fru-

122 3466 250 3521 tribus
279 3469 428 3522 simul
456 3483 476 3522 :
515 3482 584 3521 ex
613 3466 799 3536 quibus
824 3463 980 3518 multi
1007 3470 1218 3516 manent
1259 3475 1422 3531 usque
1462 3458 1532 3512 ad
1559 3457 1656 3513 hoc

122 3565 316 3625 tempus;
340 3569 390 3614 et
415 3560 458 3615 si
488 3559 692 3629 placet,
720 3555 952 3628 quaerite
981 3554 1052 3610 ab
1075 3553 1156 3610 eis
1185 3569 1200 3620 ;
1231 3551 1450 3624 quidam
1479 3558 1656 3605 autem

120 3663 258 3703 eorum
299 3651 644 3705 dormierunt.
682 3647 963 3704 Christum
1009 3644 1143 3702 dicit
1193 3651 1496 3710 mortuum,
1553 3642 1657 3698 hos

122 3739 356 3799 demisse.
409 3741 617 3797 Deinde
661 3741 823 3795 etiam
856 3740 998 3794 visus
1043 3747 1120 3792 est
1161 3735 1363 3791 Iacobo
1398 3732 1655 3790 Hieroso-

124 3829 335 3901 lymitauo
357 3837 641 3906 episcopo,
685 3833 779 3905 qui
821 3832 1014 3888 videns
1051 3828 1332 3886 Christum
1361 3828 1417 3884 in
1471 3843 1654 3893 cruce,

123 3919 293 3978 devovit
333 3941 387 3980 se
428 3939 547 3979 non
590 3922 1048 3977 manducaturum
1070 3931 1288 3989 panem,
1314 3918 1485 3974 donec
1508 3917 1659 3972 vide-

124 4021 182 4065 ret
208 4013 458 4072 Christum
511 4013 897 4070 resurrexisse.
936 4011 1013 4068 De
1042 4010 1130 4067 his
1179 4009 1396 4066 duabus
1443 4009 1660 4080 appari-

125 4100 336 4171 tionibus,
371 4105 510 4160 nihil
541 4103 597 4158 in
622 4099 1242 4174 Evangeliisinvenitur.
1275 4099 1479 4154 Deinde
1506 4099 1660 4154 visus

123 4203 185 4247 est
211 4199 424 4253 omnibus
447 4196 708 4268 apostolis
737 4195 878 4267 (Act.
922 4211 998 4260 rx,
1036 4194 1114 4265 ὅ),
1155 4192 1210 4248 in
1239 4192 1328 4248 die
1367 4191 1661 4247 Ascensio-

126 4287 202 4341 nis.
238 4289 523 4346 Novissime
567 4299 743 4345 autem
785 4289 1020 4343 omnium
1054 4288 1194 4342 visus
1235 4296 1312 4342 est
1353 4287 1483 4340 mihi
1515 4286 1656 4358 (Act.

128 4392 229 4446 xxu,
253 4382 333 4452 17)
359 4402 373 4450 ;
399 4384 557 4454 prius
592 4381 647 4436 in
684 4381 792 4445 via,
821 4389 947 4450 post
981 4379 1036 4433 in
1067 4379 1270 4450 templo
1306 4378 1505 4434 oranti.
1529 4376 1662 4432 Mihi

124 4468 235 4538 dico,
262 4483 509 4546 tanquam
536 4474 795 4539 abortivo,
828 4472 881 4527 id
907 4480 992 4527 est
1014 4471 1066 4525 vi
1093 4471 1328 4542 quadam
1343 4479 1398 4526 et
1423 4470 1666 4541 compul—

1759 2023 1791 2063 a
1837 2007 2005 2063 simili
2043 2015 2147 2073 est,
2199 2015 2255 2062 et
2294 2006 2436 2061 inter
2470 2021 2697 2062 causam
2731 2016 2786 2061 et
2819 2005 3074 2063 eﬂ'ectum
3113 2010 3346 2065 diversis

1758 2097 2116 2168 respectibus.
2144 2094 2458 2150 Similitudo
2480 2095 2534 2150 in
2555 2110 2620 2150 eo
2652 2105 2734 2152 est
2763 2097 2892 2168 quia
2929 2098 2975 2154 si
3012 2098 3267 2154 Christus
3289 2102 3343 2155 in

1759 2194 1938 2242 morte
1958 2185 2189 2241 detineri
2214 2200 2324 2247 non
2352 2185 2550 2255 potuit,
2577 2186 2706 2256 quia
2734 2195 3041 2257 peccatum,
3066 2189 3214 2258 quod
3263 2199 3346 2245 est

1757 2293 1927 2334 causa
1953 2278 2167 2358 mortis,
2198 2277 2255 2332 in
2289 2291 2356 2332 eo
2379 2291 2488 2333 non
2510 2275 2632 2345 fuit,
2678 2294 2778 2334 nec
2802 2294 2903 2334 nos
2931 2296 3032 2350 pro
3056 2282 3220 2336 modo
3248 2297 3349 2336 [ιο--

1758 2378 1875 2425 stro
1895 2368 2179 2439 justiﬁcati
2211 2384 2242 2422 a
2258 2368 2496 2438 peccatis
2520 2367 2577 2424 in
2593 2377 2770 2425 morte
2795 2369 3179 2426 detinebimur.
3205 2371 3346 2438 Quia

1759 2460 1807 2519 .si
1846 2469 2079 2516 mortem
2123 2460 2430 2528 evadimus,
2471 2470 2602 2517 tunc
2646 2476 3018 2534 resurgemus,
3070 2481 3167 2535 per
3205 2465 3348 2523 hanc

1741 2553 2198 2622 ,similitudinem,
2224 2553 2454 2621 scilicet,
2489 2554 2637 2624 quod
2671 2556 2911 2625 peccatis
2935 2557 3222 2628 justitlcati
3250 2575 3346 2614 su-

1759 2663 1904 2714 mus,
1935 2663 2063 2704 cum
2110 2647 2333 2704 Christo
2379 2661 2764 2719 resurgemus;
2809 2649 2903 2704 sed
2927 2650 3054 2720 quia
3095 2649 3349 2705 Christus

1759 2739 1918 2811 longe
1948 2738 2309 2809 majoanobis
2334 2747 2419 2794 est
2468 2738 2523 2792 in
2552 2739 2786 2809 justitia,
2815 2739 2937 2795 ideo
2964 2740 3140 2810 major
3161 2741 3264 2796 erit
3292 2742 3346 2794 in

1759 2827 1929 2898 gloria
1962 2825 2402 2884 resurrectionis.
2451 2825 2654 2883 lterum
2703 2829 3034 2886 resurrectio
3069 2830 3274 2885 Christi
3295 2840 3348 2885 et

1757 2935 2097 2990 quaecunque
2125 2926 2384 2990 operatus
2429 2927 2513 2975 est
2553 2919 2606 2973 in
2637 2920 2818 2987 terris,
2851 2921 3035 2976 omnia
3067 2929 3347 2990 spectave—

1755 3021 1890 3070 runt
1919 3020 1980 3068 ut
2005 3013 2170 3092 homo
2197 3011 2577 3067 restitueretur
2597 3012 2819 3081 perditae
2843 3013 3183 3068 beatitudini.
3209 3012 3346 3079 Quia

1759 3105 1806 3160 si
1840 3104 1931 3160 hic
1955 3102 2200 3171 effectus,
2231 3103 2460 3169 scilicet,
2491 3103 2822 3158 resurrectio
2863 3111 3207 3158 mortuorum
3239 3119 3348 3158 non

1759 3193 2006 3266 sequitur
2027 3235 2044 3262 ,
2107 3192 2312 3250 frustra
2373 3208 2555 3250 causae
2613 3193 2718 3250 illa:
2764 3203 3161 3266 praecesserunt
3184 3236 3200 3261 ,
3253 3196 3349 3250 seal

1756 3285 2012 3343 Christus
2039 3285 2340 3342 resurrexit
2368 3304 2381 3341 :
2405 3293 2459 3341 et
2491 3285 2596 3342 hoc
2619 3287 2814 3358 probat
2839 3302 2936 3358 per
2961 3287 3131 3341 multa
3157 3287 3348 3342 incon-

1757 3375 2053 3442 venientia,
2090 3390 2158 3430 ex
2191 3389 2258 3431 eo
2287 3390 2401 3431 non
2435 3385 2756 3447 resurgente
2791 3375 3187 3446 provenientia.
3219 3374 3350 3430 Dico

1757 3467 1905 3538 quod
1939 3465 2184 3522 Christus
2241 3466 2494 3520 surrexit.
2553 3464 2698 3520 Nam
2739 3466 2785 3520 si
2824 3464 3067 3521 Christus
3095 3481 3198 3518 non
3225 3482 3348 3519 δαν-

1759 3560 1915 3627 rexit,
1940 3575 2064 3631 ergo
2083 3558 2398 3630 prtedicatio
2431 3567 2614 3613 nostra
2657 3568 2734 3612 est
2787 3559 2982 3625 inanis,
3026 3558 3079 3611 i.l
3110 3566 3191 3613 est
3233 3557 3351 3614 sine

1759 3667 1818 3707 re
1849 3669 1864 3719 ;
1896 3651 2026 3722 quia
2053 3665 2144 3707 res
2180 3649 2269 3704 illa
2293 3665 2459 3720 quam
2496 3649 2758 3720 praedicat
2795 3665 2906 3704 non
2946 3649 3024 3704 sic
3047 3656 3170 3718 est;
3201 3659 3255 3704 ει
3283 3650 3350 3704 de

1759 3743 1952 3798 eodem
1979 3741 2123 3798 aliud
2154 3741 2565 3808 inconveniens,
2597 3741 2858 3811 quoniam
2893 3741 3029 3810 ﬁdes
3059 3751 3231 3796 vestra
3268 3751 3348 3796 est

1759 3835 1958 3900 inanis,
1981 3834 2034 3888 id
2062 3841 2147 3888 est
2163 3831 2525 3900 infructuosa,
2549 3831 2596 3888 si
2618 3829 2875 3888 Christus
2893 3849 2999 3887 non
3027 3835 3346 3901 resurrexit,

1761 3926 1908 3998 quod
1936 3924 2227 3991 Corinthii,
2283 3923 2515 3992 scilicet,
2558 3923 2720 3980 ﬁdem
2749 3939 2906 3980 suam
2954 3940 3076 3981 esse
3123 3926 3342 3982 inanem

1762 4017 1912 4073 nullo
1945 4016 2108 4072 modo
2153 4015 2475 4072 faterentur.
2514 4015 2717 4072 lterum
2751 4017 2904 4072 aliud
2936 4017 3347 4086 inconveniens,

1763 4109 1810 4164 si
1838 4108 2094 4164 Christus
2119 4123 2228 4162 non
2252 4107 2551 4164 resurrexit
2575 4125 2589 4174 ;
2619 4108 2751 4179 quia
2776 4117 2909 4164 tunc
2928 4109 3223 4163 invenimur
3249 4127 3351 4164 nos

1764 4199 1892 4270 falsi
1915 4208 2068 4254 testes
2097 4198 2191 4255 Dei
2227 4197 2428 4267 Patris,
2464 4199 2586 4255 ideo
2630 4200 2883 4270 quoniam
2930 4201 3166 4255 diximus
3209 4204 3352 4256 testi-

1764 4289 1998 4342 monium
2023 4298 2209 4342 contra
2236 4287 2440 4343 Deum:
2472 4303 2582 4343 non
2622 4289 2767 4344 enim
2798 4289 2973 4360 placet
3002 4290 3132 4356 Deo,
3158 4292 3202 4347 si
3225 4293 3352 4362 quis

1763 4380 1912 4450 quod
1942 4394 2051 4436 non
2089 4379 2279 4436 fecerit
2305 4379 2450 4436 Deus
2476 4380 2741 4436 attribuat
2767 4381 2817 4437 ei
2843 4400 2857 4449 ;
2890 4382 3016 4449 hoc,
3041 4383 3247 4438 scilicet
3281 4395 3354 4438 te-

1765 4471 2086 4538 stimonium
2124 4471 2262 4541 quod
2303 4470 2446 4526 Deus
2490 4473 2826 4528 suscitaverit
2871 4473 3163 4542 Christum,
3200 4492 3352 4546 quem

124 4557 243 4615 sione
267 4563 317 4618 in
341 4563 708 4635 apostolatum
734 4571 885 4618 nato.
909 4560 1231 4617 Abortivum
1254 4576 1313 4617 se
1335 4561 1505 4627 dicit,
1532 4559 1660 4630 quia
1693 4587 1739 4646 υ
1766 4577 1864 4630 pro
1897 4570 2048 4618 certo
2091 4577 2196 4615 non
2235 4562 2513 4616 suscitavit
2560 4564 2608 4617 si
2659 4563 2855 4617 mortui
2900 4580 3003 4618 non
3052 4574 3348 4636 resurgunt.

123 4659 240 4706 extra
265 4662 469 4725 tempus
494 4662 657 4709 natus
683 4651 738 4707 in
767 4651 1012 4719 Christo,
1038 4651 1403 4721 apostolatum
1429 4651 1658 4720 accepit,

123 4736 164 4791 in
207 4745 327 4800 cmlo
364 4754 584 4817 recepto
639 4743 872 4799 Domino
926 4758 1054 4799 eum
1111 4757 1298 4798 carne.
1352 4740 1496 4797 Bene
1535 4742 1661 4796 dico

124 4830 336 4891 abortivo.
372 4837 519 4891 Nam
544 4853 642 4907 ego
685 4852 802 4890 sum
844 4835 1094 4888 minimus
1143 4832 1524 4904 apostolorum,
1570 4835 1660 4903 qui

126 4937 193 4975 nec
214 4926 356 4981 etiam
380 4929 574 5000 dignus
601 4944 720 4982 sum
753 4927 930 4980 vocari
960 4923 1252 4996 apostolus,
1273 4923 1524 4995 quoniam
1543 4941 1664 4992 per-

123 5025 289 5071 secutus
314 5032 426 5072 sum
451 5018 750 5073 Ecclesium
781 5015 900 5071 Dei.
931 5015 998 5071 Et
1031 5016 1159 5071 licet
1181 5015 1378 5086 dignus
1410 5029 1518 5069 non
1543 5013 1661 5068 fue-

126 5101 221 5170 rim,
245 5093 414 5164 tamen
439 5127 557 5164 sum
585 5109 659 5174 id,
697 5109 751 5163 id
783 5117 866 5164 est
888 5107 1169 5178 apostolus
1191 5105 1286 5177 qui
1317 5105 1506 5176 utique
1531 5121 1654 5160 sum

124 5208 192 5256 Per
215 5201 426 5266 gratiam
472 5199 568 5256 Dei
591 5242 606 5268 ,
641 5209 696 5257 et
716 5199 844 5257 licet
889 5199 1041 5270 prius
1068 5190 1386 5270 persecutor
1432 5196 1652 5265 fuerim,

126 5294 269 5345 tamen
297 5309 358 5349 ex
387 5290 500 5366 qud
533 5295 713 5366 recepi
743 5294 974 5366 gratiam
1007 5293 1147 5364 ejus,
1195 5292 1312 5362 ipsa
1351 5291 1525 5363 gratia
1552 5307 1656 5344 non

127 5377 204 5443 fuit
231 5399 400 5452 vacua,
454 5387 505 5443 id
549 5396 635 5444 est
660 5387 836 5443 otiosa
876 5387 933 5440 in
969 5401 1070 5452 me,
1107 5385 1198 5439 sed
1246 5385 1482 5439 laboravi
1505 5385 1655 5440 omni

78 5525 84 5535 .
127 5481 284 5535 genere
307 5479 570 5545 passionis
597 5477 953 5532 abundantius
989 5476 1228 5531 omnibus
1272 5477 1399 5532 aliis
1431 5485 1655 5547 aposto-

127 5555 194 5613 lis.
222 5561 278 5618 Et
306 5567 429 5623 licet
457 5570 632 5626 dicam
656 5567 914 5636 laboravi,
939 5578 1120 5624 tamen
1169 5585 1275 5623 non
1307 5585 1401 5639 ego
1444 5584 1542 5639 per
1572 5585 1658 5623 me

128 5646 209 5740 hoc
230 5658 390 5726 potui,
427 5661 516 5714 sed
556 5661 732 5731 gratia
759 5659 857 5714 Dei
887 5668 1109 5729 operata
1138 5669 1215 5714 est
1252 5675 1472 5714 mecum.
1518 5659 1662 5740 Cum.

129 5738 244 5797 dicat
266 5762 319 5801 se
339 5757 416 5804 tot
439 5761 490 5806 et
515 5761 666 5807 tanta
695 5750 1041 5818 sustinuisse,
1060 5767 1154 5822 per
1172 5753 1277 5807 hoc
1303 5750 1436 5806 satis
1461 5738 1658 5820 appro?

130 5827 202 5886 hat
237 5843 694 5913 resurrectionem,
744 5857 839 5912 spe
872 5841 1030 5914 cujus
1069 5844 1253 5898 omnia
1297 5843 1516 5912 patitur.
1555 5841 1658 5894 Re-

1769 4651 1967 4708 Verum
1993 4661 2078 4708 est
2105 4653 2252 4722 quod
2287 4653 2488 4710 mortui
2516 4663 2810 4726 resurgunt
2848 4655 2992 4712 sicut
3027 4671 3124 4710 vos
3150 4656 3351 4711 dicitis.

1767 4743 1913 4798 Nam
1935 4743 1982 4798 si
2009 4745 2204 4798 mortui
2226 4760 2330 4798 non
2364 4754 2663 4816 resurgunt,
2715 4762 2877 4817 neque
2902 4746 3147 4801 Christus
3179 4763 3350 4800 resur-

1766 4835 1903 4888 rexit
1931 4849 1949 4887 :
1977 4834 2118 4889 idem
2164 4835 2418 4904 superius
2464 4845 2744 4905 posuerat,
2805 4834 2899 4891 sed
2946 4836 3015 4891 ad
3055 4835 3203 4892 aliud
3234 4854 3247 4891 :
3275 4837 3350 4890 ibi

1765 4925 1912 4979 enim
1957 4933 2019 4979 ut
2071 4925 2219 4979 illam
2278 4925 2533 4995 probaret
2580 4940 2764 4981 veram
2818 4926 2865 4981 si
2921 4925 3175 4983 Christus
3230 4943 3352 4983 sur-

1767 5016 1908 5070 rexit
1933 5023 1988 5070 et
2021 5016 2222 5070 mortui
2251 5023 2556 5085 resurgent.
2591 5015 2689 5070 Hie
2716 5025 2897 5072 autem
2927 5027 2988 5073 ut
3013 5017 3237 5074 inferret
3263 5034 3351 5076 ve-

1763 5122 1879 5162 ram
1901 5122 2023 5162 eam
2053 5122 2176 5177 quae
2194 5107 2327 5162 dicit
2340 5121 2447 5160 non
2476 5122 2538 5162 su
2547 5107 2801 5164 scitatum
2819 5124 2942 5166 esse
2954 5110 3233 5168 Christum
3249 5113 3351 5169 nisi

1767 5200 1923 5273 147
1955 5201 2155 5255 mortui
2180 5208 2486 5270 resurgant.
2518 5198 2728 5256 Diceret
2753 5192 3106 5261 Corinthius:
3136 5204 3351 5261 Mallem

1762 5308 1960 5365 negare
1975 5292 2427 5349 resurrectionem
2451 5293 2674 5360 Christi,
2697 5310 2861 5365 quam
2887 5297 3184 5354 concedere
3207 5300 3352 5369 quod

1762 5395 2049 5457 resurgant
2090 5384 2312 5440 mortui.
2367 5384 2568 5442 Probat
2612 5388 2808 5444 iterum
2835 5405 2932 5460 per
2963 5390 3351 5446 inconveniens

1758 5477 2037 5532 Christum
2072 5476 2436 5544 resurrexisse
2462 5496 2475 5532 :
2507 5477 2646 5534 Vere
2670 5479 2925 5536 Christus
2947 5482 3206 5549 surrexit,
3223 5498 3349 5536 nam

1757 5569 1804 5623 si
1849 5584 1954 5622 non
2001 5569 2289 5624 resurrexit
2330 5569 2598 5637 Christus,
2646 5571 2775 5640 ﬁdes
2806 5580 2978 5626 vestra
3016 5572 3084 5629 de
3128 5573 3349 5628 Christo

1759 5677 1893 5715 vana
1918 5669 2014 5716 est.
2060 5660 2216 5717 Nulla
2241 5661 2342 5716 fuit
2365 5662 2454 5717 illa
2483 5661 2637 5729 ﬁdes,
2669 5679 2834 5734 quam
2865 5665 3170 5734 accepistis.
3209 5662 3350 5719 Vere

1759 5752 1804 5804 si
1854 5750 2107 5808 Christus
2153 5768 2262 5808 non
2310 5752 2630 5818 resurrexit,
2677 5767 2816 5807 vana
2853 5761 2938 5807 est
2982 5753 3116 5808 ﬁdes
3145 5762 3344 5810 vestra.

1767 5841 1907 5897 Nam
1948 5844 2127 5918 adhuc
2177 5845 2302 5899 estis
2351 5844 2406 5896 in
2449 5844 2677 5914 peccatis
2724 5845 2926 5899 vestris.
2974 5842 3194 5918 Legitur
3222 5862 3348 5905 sur-
