3928 6424
610 419 716 474 207

1164 415 1220 470 S.
1262 412 1607 469 BRUNONIS
1643 408 2288 466 CARTHUSIANORUM
2331 399 2835 466 INSTITUTORIS'
2865 408 3016 465 OPP.
3053 398 3239 466 PARS
3275 411 3337 464 ll.
3737 416 3811 471 ξοδ

611 532 823 588 rexisse
851 536 1072 600 propter
1093 522 1532 599 justiﬁeationem
1562 519 1824 578 nostram.
1848 518 1989 587 Quia
2014 521 2062 577 si
2087 536 2196 577 non
2226 527 2275 585 Α
2300 522 2568 578 creaturis
2591 518 2897 592 paternam
2921 519 3265 578 dilectionem
3307 522 3573 580 adhibere.
3605 523 3719 582 Cum
3738 536 3812 585 tra-

612 619 937 686 resurrexit,
982 635 1085 674 nec
1136 633 1238 673 nos
1278 615 1616 688 justiflcavit,
1648 614 1730 669 sic
1759 613 1926 684 igitur
1952 608 2093 668 vana
2121 623 2206 667 est

613 712 750 769 ﬁdes
777 721 978 767 vestra.
1010 709 1081 765 Et
1113 709 1242 781 quia
1287 707 1464 762 adhuc
1504 705 1755 761 homines
1799 713 1929 759 sunt
1973 705 2031 759 in
2074 718 2203 774 pec-

615 802 790 869 catis,
842 819 966 874 ergo
1017 801 1102 856 illi
1144 801 1234 873 qui
1279 799 1606 853 dormierunt
1654 798 1712 850 in
1759 795 1997 864 Christo,
2044 795 2100 851 id
2121 804 2206 851 est

618 896 819 954 mortui
841 896 896 951 in
925 894 1127 950 Christi
1149 893 1251 948 ﬁde
1273 891 1563 962 perierunt,
1596 889 1651 945 id
1675 898 1760 946 est
1783 888 2028 946 damnati
2053 896 2200 944 sunt.

620 987 820 1043 lterum
847 986 994 1041 aliud
1023 982 1425 1039 inconveniens.
1478 980 1547 1035 Et
1588 982 1637 1035 si
1684 994 1797 1042 non
1842 978 2205 1035 resurrecturi

617 1085 884 1148 sperantes
911 1090 1091 1130 sumus
1132 1074 1187 1127 in
1229 1072 1442 1128 Christo
1473 1069 1839 1125 tantummodo
1863 1071 1923 1124 in
1946 1069 2044 1123 hac
2072 1070 2202 1136 vita,

618 1169 761 1225 sicut
781 1183 877 1224 vos
901 1164 1101 1231 dicitis,
1137 1163 1377 1219 futuram
1425 1179 1538 1219 non
1579 1162 1840 1229 habituri,
1867 1171 2001 1218 tunc
2024 1177 2204 1215 sumus

619 1259 1020 1315 miserabiliores
1067 1257 1308 1311 omnibus
1362 1253 1708 1310 hominibus:
1762 1254 1889 1325 quia
1935 1269 2037 1309 nec
2079 1252 2204 1318 huc,

618 1366 717 1407 nec
754 1349 857 1404 alia
897 1349 1009 1404 vita
1040 1347 1320 1403 fruemur:
1373 1361 1499 1402 eum
1554 1345 1798 1415 quotidie
1840 1345 1895 1399 in
1940 1343 2208 1414 angustiis

613 1439 1005 1494 devolvamur:
1051 1435 1495 1508 quandoquidem
1539 1442 1616 1490 tot
1659 1431 2095 1490 inconvenientia
2140 1447 2208 1486 ex

614 1540 808 1603 negata
827 1526 1234 1586 resurrectione
1258 1540 1317 1582 se
1339 1526 1593 1596 ingerunt
1618 1522 1633 1578 ἑ
1661 1524 1826 1596 igitur
1860 1537 2016 1588 nunc,
2043 1519 2098 1574 id
2125 1528 2211 1575 est

614 1640 682 1682 ex
705 1622 1008 1694 praemissis
1048 1618 1356 1675 rationibus
1382 1616 1657 1688 colligitur
1699 1615 1843 1688 quod
1893 1628 2019 1670 vere
2047 1611 2208 1668 Chri-

613 1726 727 1771 stus
754 1714 1045 1769 resurrexit
1073 1729 1106 1767 a
1132 1712 1377 1766 mortuis.
1428 1709 1683 1765 Christus
1725 1708 1851 1765 dico
1880 1707 2133 1778 prtmt‘tite
2156 1713 2212 1763 et

616 1807 918 1865 secundum
943 1814 1180 1876 tempus,
1207 1813 1261 1860 et
1287 1802 1587 1860 secundum
1614 1801 1934 1873 dignitatem
1959 1842 1972 1855 .
2004 1799 2134 1872 quia
2155 1807 2211 1855 et

2306 613 2506 670 diderit
2556 614 2681 671 dico
2730 629 2997 685 regnum:
3045 624 3101 670 et
3150 630 3270 669 eum
3313 619 3625 672 evacuaverit
3666 635 3819 700 omne-5

2304 698 2685 777 principatum,
2715 715 2767 761 et
2794 715 3126 777 potestatem,
3158 716 3209 762 et
3240 709 3509 764 virtutem.

2373 798 2684 855 Notandum
2708 807 2792 855 est
2815 799 2961 870 quod
2984 799 3039 854 in
3066 799 3273 871 angelis
3316 800 3643 860 diversitates
3672 804 3818 861 obicio-

2303 908 2427 948 rum
2455 891 2602 948 Deus
2624 893 2892 963 posuerit,
2939 892 3125 948 ethoc
3158 901 3337 948 totum
3385 909 3549 950 causa
3584 896 3818 963 hominum,

2305 992 2366 1039 ut
2389 984 2566 1055 angeli
2607 984 2993 1040 administrent
3026 985 3191 1040 saluti
3231 999 3447 1041 eorum.
3480 985 3579 1042 Sed
3601 997 3820 1059 postqum
3882 988 3883 1055 ξ

2305 1074 2557 1130 homines
2575 1074 2690 1146 jam
2722 1074 2778 1130 in
2801 1074 3136 1145 perfectione
3154 1085 3337 1143 erunt,
3382 1084 3438 1131 et
3476 1077 3615 1131 nulla
3648 1078 3815 1132 admini-

2306 1166 2570 1221 stratione
2583 1167 2841 1238 egebunt,
2864 1167 3090 1222 nomina
3106 1166 3197 1222 illa
3211 1166 3563 1223 destruentur
3583 1169 3631 1223 in
3655 1171 3820 1241 angelis,

2305 1256 2507 1327 quibus
2528 1258 2868 1313 vocabantur
2889 1273 2991 1329 pro
3027 1258 3347 1315 diversitate
3375 1260 3619 1315 humana:
3653 1260 3818 1315 admini-

2308 1349 2612 1405 strationis.
2668 1340 2809 1405 Sunt
2857 1349 3005 1405 enim
3056 1350 3281 1420 quidam
3327 1351 3472 1406 inter
3518 1350 3728 1423 angelos,
3762 1353 3823 1422 qui
3882 1390 3883 1423 1

2307 1439 2674 1511 principatum
2714 1441 2917 1497 habent
2965 1455 3131 1512 super
3155 1456 3352 1498 omnes
3376 1442 3532 1498 alios.
3572 1442 3710 1515 ιω
3731 1441 3822 1498 Sunt
3882 1439 3883 1493 ἶ

2307 1536 2473 1592 etiam
2511 1534 2603 1589 alii
2623 1533 2717 1604 qui
2738 1534 3061 1605 potestative
3090 1534 3387 1605 perﬁciunt
3410 1550 3498 1602 ea,
3540 1550 3651 1606 qua:
3671 1551 3696 1590 a
3721 1534 3823 1606 prin-
3882 1533 3883 1609 ξ

2310 1624 2494 1695 eipatu
2517 1623 2883 1695 injunguntur
2906 1624 3008 1680 eis.
3038 1621 3179 1679 Sunt
3211 1623 3306 1678 alii
3334 1624 3433 1695 qui
3457 1623 3693 1680 dicuntur
3713 1625 3824 1679 virtu-

2309 1723 2412 1783 tes,
2444 1713 2576 1784 quia
2604 1711 2996 1768 miraculorum
3022 1721 3153 1768 sunt
3174 1721 3515 1784 operatores.
3561 1710 3823 1769 Similiteret
3882 1710 3883 1784 ξ

2312 1807 2366 1862 in
2396 1805 2557 1861 malis
2588 1806 2796 1877 angelis
2821 1805 3043 1876 quidam
3066 1813 3197 1862 sunt
3220 1805 3501 1877 principes
3526 1821 3674 1876 super
3691 1820 3825 1860 omnes
3882 1808 3883 1877 Ἰ

614 1899 661 1955 si
688 1897 910 1968 quidam
937 1904 1062 1951 ante
1085 1908 1211 1951 eum
1236 1893 1486 1951 suscitati
1510 1891 1733 1949 fuerunt
1758 1906 1866 1947 non
1893 1907 1925 1946 a
1951 1890 2205 1963 mortuis,
2238 1886 2279 1946 Β
2308 1898 2465 1954 alios.
2492 1887 2604 1951 Alii
2623 1896 2889 1952 habentes
2916 1904 3239 1967 potestatem
3266 1895 3533 1952 elliciendi
3571 1896 3700 1966 quod
3720 1895 3824 1966 ιιι-ἰη-

618 1986 716 2043 sed
760 1987 816 2041 in
862 2000 1094 2041 numero
1120 1983 1473 2041 morientium
1499 1982 1699 2053 relapsi
1732 1990 1881 2038 sunt.
1912 1980 2204 2052 Dignitate,

611 2078 742 2150 quia
771 2078 1033 2149 majorem
1063 2077 1318 2134 omnibus
1348 2075 1575 2146 gloriam
1602 2072 1842 2141 habebit,
1867 2081 1920 2128 et
1941 2070 2209 2144 quidquid

612 2169 727 2233 alii,
773 2175 948 2222 totum
982 2167 1260 2222 habebunt
1306 2166 1375 2221 ab
1409 2165 1523 2232 illo,
1551 2173 1605 2220 et
1629 2178 1727 2234 per
1752 2162 1924 2218 illum.
1954 2163 2209 2219 Christus

612 2259 737 2315 dico
788 2258 1042 2328 primitiae
1090 2256 1485 2309 dormientium.
1537 2254 1641 2309 Per
1684 2256 1788 2309 hoc
1831 2254 2028 2321 innuit,
2080 2269 2206 2309 cum

614 2347 751 2403 dicit
805 2347 1087 2400 Christum
1148 2345 1438 2416 primitiae,
1509 2343 1656 2414 quod
1720 2344 1813 2398 alii
1875 2342 2208 2401 dormientes

617 2438 861 2493 secuturi
887 2437 997 2493 sint
1020 2452 1145 2492 eum
1173 2438 1232 2491 in
1257 2436 1680 2494 resurrectione.
1727 2435 1941 2492 Diceret
1965 2437 2164 2508 aliquis
2190 2457 2204 2493 :

616 2528 737 2585 Non
766 2529 991 2585 videtur
1023 2537 1084 2584 ut
1122 2544 1221 2599 per
1264 2528 1520 2584 meritum
1546 2528 1712 2584 unius
1739 2527 1978 2585 hominis
2001 2529 2208 2588 Christi

616 2634 809 2676 omnes
878 2619 1131 2675 homines
1201 2634 1483 2690 resurgere
1546 2619 1778 2690 possint.
1836 2619 2041 2677 Contra
2106 2622 2210 2677 hoc

615 2710 818 2767 Paulus
843 2729 856 2765 :
906 2709 1046 2765 Vere
1071 2711 1251 2785 exnteri
1279 2709 1616 2766 dormientes
1641 2724 1738 2781 per
1759 2711 2031 2781 primitias
2054 2727 2206 2781 suas,

614 2803 671 2859 id
725 2811 810 2859 est
859 2801 1163 2868 Christum,
1216 2809 1519 2871 resurgent,
1569 2803 1819 2872 quoniam
1865 2804 2076 2873 quidem
2118 2819 2210 2874 per

614 2895 877 2950 hominem
899 2909 1071 2949 unum
1097 2892 1200 2948 fuit
1220 2909 1360 2947 mors
1382 2893 1650 2960 omnium,
1666 2895 1743 2948 ita
1765 2903 1815 2948 et
1836 2911 1927 2964 per
1946 2895 2209 2949 hominem

614 3001 788 3042 unum
812 2986 918 3042 erit
942 2986 1255 3064 resurrectio
1279 2993 1627 3040 mortuarum.
1661 2984 1813 3041 Unde
1831 2986 1936 3057 hoc
1959 3003 1989 3042 a
2019 2987 2205 3042 si‘mili.

617 3078 760 3134 Nam
785 3079 923 3133 sicut
958 3079 1015 3132 in
1044 3077 1161 3133 solo
1202 3076 1377 3131 Adam
1412 3092 1588 3131 omnes
1618 3078 1937 3143 moriuntur,
1963 3079 2041 3132 ita
2064 3086 2114 3132 et
2152 3079 2209 3132 in

612 3170 732 3226 solo
780 3167 992 3224 Christo
1041 3182 1217 3221 omnes
1264 3166 1690 3237 viviﬁcabuntur.
1748 3165 1805 3222 Si
1855 3168 2000 3223 enim
2049 3169 2209 3240 culpa

613 3257 788 3313 solius
838 3256 969 3311 Adae
992 3298 1008 3322 ,
1062 3256 1129 3312 ad
1175 3256 1585 3313 damnationem
1633 3257 1882 3313 omnium
1935 3258 2210 3316 suﬂiciens

615 3348 757 3415 fuit,
784 3354 848 3402 ut
870 3348 1238 3417 praetermissa
1260 3348 1569 3418 mujoritate
1593 3350 2005 3406 srmilitudinem
2035 3352 2210 3408 solum

615 3439 928 3508 loquamur,
976 3452 1145 3508 quare
1185 3437 1353 3493 simili
1400 3438 1563 3494 modo
1582 3440 1794 3511 justitia
1830 3441 2002 3499 solius
2050 3443 2212 3501 Chri-

615 3535 687 3586 sti
715 3528 784 3583 ad
803 3528 1251 3600 jttstilicationem
1275 3529 1520 3600 omnium
1550 3539 1659 3585 non
1689 3531 1975 3589 subiceret.

688 3619 989 3691 Postquam
1018 3617 1271 3690 probavit
1315 3620 1770 3677 resurrectionem
1813 3624 2059 3680 omnium
2086 3636 2212 3683 vere

617 3713 884 3782 futuram,
918 3726 1161 3784 congrue
1187 3711 1372 3768 subdit
1404 3712 1471 3768 de
1495 3713 1686 3769 ordine
1714 3716 1835 3786 ejus
1856 3719 2211 3774 resurrectio-

612 3807 739 3862 nis:
767 3815 828 3861 ut
864 3820 963 3876 per
988 3804 1110 3860 hoc
1137 3803 1311 3875 magis
1337 3802 1661 3861 certiliearet
1695 3821 1791 3862 eos
1846 3815 1901 3863 et
1957 3804 2212 3866 invitaret

613 3899 684 3954 ad
726 3897 975 3953 eamdem
1026 3895 1510 3965 resurrectionem,
1559 3896 1789 3955 dicens:
1822 3898 1975 3957 Licet
2018 3916 2210 3958 omnes

612 4003 768 4059 seque
825 3993 1147 4058 resurgant,
1205 3992 1391 4042 tamen
1438 3988 1796 4061 unusquisque
1850 3991 1955 4046 erit
2005 3992 2060 4045 in
2114 4008 2209 4046 suo

614 4087 836 4141 ordine:
890 4085 986 4156 qui
1043 4085 1190 4141 enim
1240 4085 1381 4156 plus
1416 4084 1754 4155 promeruit,
1807 4084 1932 4155 plus
1983 4080 2211 4154 accipiet

614 4177 836 4250 glorise:
884 4185 938 4233 et
982 4176 1058 4232 ita
1088 4176 1237 4247 quod
1267 4175 1512 4232 Christus
1539 4176 1643 4231 erit
1672 4177 1925 4246 primitite
1968 4184 2210 4246 tempore

612 4278 670 4325 et
693 4267 972 4339 dignitate,
1018 4268 1164 4323 sicut
1211 4266 1486 4338 superius.
1529 4266 1736 4321 Deinde
1763 4276 1890 4335 post
1928 4265 2208 4323 Christum

613 4368 778 4414 erunt
826 4358 883 4413 in
932 4358 1120 4430 gloria
1156 4359 1198 4412 ii
1243 4358 1334 4429 qui
1364 4366 1489 4412 sunt
1524 4356 1747 4416 Christi.
1778 4357 1837 4413 1n
1866 4373 1934 4415 eo
1962 4358 2087 4414 dico
2113 4364 2213 4416 eos

613 4467 736 4509 esse
769 4450 995 4518 Christi,
1035 4450 1265 4517 scilicet,
1315 4448 1406 4521 qui
1448 4449 1780 4505 crediderunt
1808 4452 1865 4505 in
1906 4452 2207 4509 secnndum

2309 1990 2459 2062 cipes
2499 1987 2898 2061 praeceperint:
2925 1988 3018 2044 alii
3064 1989 3297 2045 virtutes
3322 2030 3337 2056 ,
3390 1988 3486 2061 qui
3533 1988 3697 2059 aliqua
3732 2002 3826 2042 non
3882 1987 3883 2059 ξ

2308 2070 2573 2137 inducant
2610 2068 2782 2152 quasi
2818 2082 3104 2137 miracula.
3158 2080 3227 2137 Et
3275 2082 3399 2138 haec
3442 2082 3632 2139 iterum
3674 2080 3719 2136 in
3755 2078 3827 2133 line

2306 2174 2742 2231 evacuabuntur.
2794 2171 2936 2241 Quia
2984 2173 3129 2250 sicut
3172 2174 3308 2229 boni
3358 2174 3539 2247 angeli
3587 2174 3710 2229 ultra
3751 2186 3824 2226 non
3882 2160 3883 2195 ‘

2309 2265 2589 2323 habebunt
2614 2266 2670 2321 in
2697 2281 2808 2337 quo
2833 2266 3087 2321 homines
3112 2275 3410 2335 tueantur;
3455 2266 3536 2322 sic
3568 2280 3659 2322 nec
3678 2263 3773 2320 mali
3790 2262 3824 2316 in
3882 2278 3883 2337 ξ

2308 2372 2419 2429 quo
2444 2365 2679 2414 noceant
2722 2344 3059 2414 hominibus.
3114 2356 3206 2414 Sic
3247 2358 3420 2414 etiam
3470 2357 3607 2413 inter
3643 2355 3825 2411 homines
3882 2342 3883 2405 Ξ

2309 2447 2489 2503 omnis
2517 2446 2819 2503 dili'erentia
2846 2445 3180 2518 praelationis
3203 2446 3290 2503 vel
3313 2444 3659 2518 subjectionis
3675 2443 3826 2499 destru-
3882 2436 3883 2513 γ

2308 2545 2432 2592 etur
2458 2555 2471 2591 :
2500 2536 2644 2592 inter
2669 2551 2809 2607 quos
2834 2536 2986 2592 nulla
3008 2537 3116 2591 erit
3138 2536 3429 2608 regiminis
3460 2534 3771 2607 inaequalitas.
3788 2529 3825 2585 lu
3882 2532 3883 2607 ξ

2309 2627 2417 2683 ﬁne
2444 2612 2621 2684 tradet
2644 2626 2896 2685 Christus
2913 2618 3143 2699 regnum
3168 2642 3333 2684 suum
3360 2627 3540 2683 Patri:
3569 2626 3654 2683 sed
3674 2622 3825 2680 interim

2308 2719 2441 2776 dum
2483 2720 2729 2776 nondum
2762 2719 2888 2775 linis
2916 2728 3021 2786 est,
3072 2728 3276 2790 oportet
3304 2737 3543 2792 regnare,
3564 2719 3615 2775 id
3633 2726 3705 2774 est
3719 2715 3826 2770 Clui-

2311 2826 2454 2872 stum
2500 2830 2624 2870 cum
2668 2813 2910 2884 potentia
2936 2812 3235 2868 Ecclesium
3265 2828 3426 2869 suam
3453 2827 3648 2885 regere.
3676 2809 3826 2879 Operm

2311 2907 2433 2963 ideo
2459 2906 2629 2967 dicit:
2678 2906 2809 2976 quia
2855 2905 2936 2960 sic
2978 2905 3367 2975 prophetatum
3393 2905 3553 2961 estin
3581 2899 3824 2972 Scripturis,
3882 2910 3883 2976 ξ

2310 3015 2450 3071 quas
2492 3014 2560 3053 ex
2605 2996 2932 3053 necessitate
2958 3004 3173 3066 oportet
3210 2996 3449 3067 impleri.
3480 2995 3705 3067 Regnare
3728 2990 3825 3048 diro,

2310 3068 2473 3144 donec
2496 3087 2634 3143 Deus
2655 3096 2817 3158 ponat
2844 3102 3020 3140 omnes
3051 3086 3297 3142 inimicos
3344 3085 3547 3143 Christi
3570 3084 3654 3140 sub
3674 3079 3825 3155 pedita
3882 3068 3883 3111 Ῑ

2311 3183 2425 3253 ejus
2449 3223 2464 3249 ,
2510 3181 2671 3237 idest
2717 3188 2829 3235 tam
2878 3179 3122 3250 plenaria
3173 3180 3537 3251 subjectione,
3580 3179 3703 3235 sicut
3745 3181 3828 3229 sunt

2313 3272 2482 3342 aliqui
2529 3270 2758 3343 pedibus
2803 3270 3037 3326 aliorum
3087 3272 3372 3342 prostrati.
3427 3271 3517 3327 Vel
3550 3271 3639 3326 sub
3674 3267 3827 3340 pedibus
3882 3268 3883 3323 ξ

2311 3363 2449 3433 ejus,
2478 3361 2532 3418 id
2560 3371 2643 3417 est
2695 3361 2970 3432 subjectos
3003 3361 3337 3417 humanitati
3385 3363 3606 3419 Christi.
3632 3359 3738 3428 Qus:
3766 3369 3829 3426 per
3882 3384 3883 3393 ι

2310 3454 2479 3529 pedes
2504 3455 2626 3511 ideo
2651 3456 2924 3528 signatur:
2956 3458 3083 3528 quia
3108 3473 3207 3528 per
3244 3459 3638 3515 humanitatem
3676 3466 3828 3510 assun-

2311 3556 2482 3618 ptum,
2511 3547 2766 3604 divinitas
2791 3549 2940 3605 venit
2963 3549 3031 3604 ad
3058 3544 3334 3606 hemines.
3369 3550 3437 3606 Et
3460 3561 3721 3622 postquam
3753 3544 3828 3597 huc

2312 3639 2497 3693 omnia
2518 3648 2680 3694 erunt
2703 3649 2986 3707 evaeuuta,
3004 3643 3012 3649 ”
3033 3649 3165 3697 tunc
3210 3642 3381 3698 etiam
3432 3643 3708 3698 destruetur
3733 3649 3828 3690 mors

2312 3731 2641 3786 novissima:
2676 3732 2805 3803 quia
2834 3742 3124 3803 postquam
3155 3748 3264 3788 non
3297 3734 3406 3790 erit
3436 3740 3728 3806 peccatum:
3763 3739 3829 3779 nrt
3882 3796 3883 3805 χ

2310 3837 2471 3893 paena
2518 3824 2747 3894 peccati,
2799 3824 3009 3880 scilicet
3053 3840 3202 3881 mors
3237 3827 3560 3882 remanebit.
3607 3824 3729 3879 Mors
3746 3817 3829 3872 dico
3882 3858 3883 3861 η

2310 3917 2571 3971 inimica:
2620 3917 2710 3973 cui
2756 3927 2811 3973 et
2863 3918 3118 3975 homines
3162 3918 3542 3987 inimieantur,
3569 3924 3619 3973 et
3644 3927 3742 3985 qua:
3760 3904 3827 3962 iui-
3882 3980 3883 3987 γ

2311 4006 2547 4060 miratur
2569 4004 2905 4064 hominibus.
2937 4006 3077 4063 Vere
3100 4007 3309 4063 inimici
3335 4018 3605 4080 ponentur
3627 4003 3712 4061 sub
3730 3994 3827 4071 pedi

2310 4097 2415 4152 bus
2439 4096 2663 4154 Christi.
2707 4095 2843 4153 Nam
2872 4099 3135 4170 scriptum
3160 4109 3246 4156 est
3270 4100 3324 4155 in
3349 4100 3602 4157 Psalmo:
3649 4116 3664 4148 ι
3692 4088 3825 4151 ΟωιιὶεΙ

2311 4187 2543 4257 subjecit
2569 4187 2713 4245 Deus
2748 4190 2852 4245 sub
2875 4191 3106 4262 pedibus
3130 4191 3251 4262 ejus
3286 4192 3464 4264 (Psal.
3498 4208 3611 4259 vui,
3642 4188 3708 4258 8},
3745 4203 3759 4235 ι
3793 4176 3827 4232 id

2309 4286 2393 4331 est
2416 4275 2645 4345 Christi,
2694 4278 2839 4334 sicut
2881 4282 3191 4351 expositum
3218 4292 3303 4339 est
3328 4284 3386 4339 in
3412 4284 3641 4341 Psalmo.
3681 4277 3825 4332 Tamen

2310 4368 2581 4438 habetur,
2642 4370 2946 4442 subjecisti.
3002 4371 3137 4429 Cum
3182 4384 3361 4429 autem
3392 4377 3659 4446 Scriptura
3710 4366 3825 4421 dicat.

2309 4461 2486 4514 omnia
2508 4461 2625 4517 sine
2650 4461 2816 4517 dubio
2839 4465 3075 4532 subjecta
3100 4474 3223 4519 sunt
3245 4464 3482 4534 Christo,
3505 4462 3673 4521 omnia
3692 4461 3826 4530 ρτείετ
3882 4510 3883 4521 χ

614 4543 895 4597 adventum
918 4541 1053 4611 ejus,
1082 4538 1137 4595 id
1163 4548 1247 4596 est
1266 4541 1722 4597 resurrectionem
1753 4560 1769 4596 ε
1812 4550 1868 4598 et
1912 4542 1988 4598 ita
2029 4544 2205 4599 credi-
2239 4564 2280 4618 ο
2305 4569 2425 4607 eum
2448 4554 2538 4624 qui
2566 4555 2636 4618 εξ,
2667 4554 2877 4610 scilicet
2905 4555 3146 4624 Christo,
3200 4558 3424 4628 subjecit
3454 4556 3642 4620 omnia,
3681 4546 3827 4607 scilicet

611 4637 811 4692 derunt
833 4628 1138 4705 integritate
1162 4631 1287 4689 tidei
1309 4641 1364 4689 et
1387 4633 1518 4688 boni
1541 4633 1748 4704 operis:
1774 4642 1967 4691 euntes
1985 4636 2202 4691 obviam

613 4727 667 4781 in
718 4726 1011 4781 adventum
1057 4723 1286 4780 Christi.
1335 4723 1612 4779 Potuisset
1646 4724 1851 4792 dicere,
1903 4726 1998 4796 qui
2024 4728 2203 4782 credi-

612 4818 811 4873 derunt
852 4816 908 4872 in
954 4814 1295 4872 nativitatem
1328 4814 1659 4871 Christivel
1702 4816 2011 4885 passionem
2041 4835 2077 4883 ;»
2111 4818 2207 4873 sed

614 4911 737 4965 ideo
763 4911 818 4964 in
857 4910 1150 4965 adventum
1183 4909 1340 4976 dixit,
1379 4909 1515 4979 quia
1556 4911 2010 4966 resurrectionem
2056 4926 2207 4967 eom-

614 5000 873 5055 mendare
903 5000 985 5056 eis
1014 5000 1350 5056 intendebat.
1398 5000 1471 5055 Et
1507 5010 1799 5072 postquam
1848 5002 1886 5057 ii
1934 5003 2029 5074 qui
2079 5012 2209 5059 sunt

583 5092 817 5147 Christi
856 5102 1161 5164 resurgent,
1202 5095 1391 5149 deinde
1437 5095 1544 5149 erit
1569 5096 1712 5165 ﬁnis,
1764 5094 1819 5150 id
1856 5096 2207 5167 est'impletiv)

616 5183 902 5254 promissa:
966 5180 1367 5242 beatitudinis:
1434 5202 1552 5240 cum
1607 5173 1861 5244 Christus
1922 5188 2209 5243 tradiderit

615 5291 853 5346 regnum,
882 5274 936 5333 id
959 5285 1045 5332 est
1069 5275 1368 5332 Ecclesium
1396 5292 1572 5343 suam,
1615 5295 1779 5349 quam
1811 5296 1937 5335 cum
1964 5281 2208 5351 potentia

615 5365 774 5436 regit.
809 5364 1116 5422 Tradiderit
1138 5366 1263 5422 dico
1290 5366 1398 5421 Deo
1446 5376 1496 5421 et
1533 5368 1727 5426 Patri:
1775 5382 1907 5428 tunc
1953 5372 2208 5428 Christus

613 5461 826 5514 dicetur
860 5460 1073 5515 tradere
1098 5474 1326 5529 regnum
1355 5458 1522 5525 Patri,
1551 5476 1674 5515 cum
1715 5462 2012 5520 Ecclesium
2049 5480 2204 5520 suam

614 5550 817 5606 locabit
843 5550 900 5605 in
922 5548 1097 5605 oculis
1126 5548 1241 5616 Dei,
1272 5558 1331 5604 ut
1358 5551 1504 5620 quod
1529 5552 1617 5607 hic
1642 5554 1779 5608 vidit
1802 5571 1897 5624 per
1922 5557 2204 5627 speculum

612 5652 668 5697 et
695 5645 748 5697 in
775 5644 1085 5716 aenigmate,
1124 5643 1196 5697 ibi
1222 5643 1401 5698 videat
1431 5643 1569 5700 facie
1593 5646 1660 5699 ad
1693 5646 1910 5703 faciem.
1941 5649 2051 5705 Deo
2077 5646 2210 5707 dicit

611 5744 659 5787 et
702 5735 863 5804 patri,
921 5746 981 5790 ut
1009 5735 1262 5791 ostendat
1299 5751 1424 5791 eum
1469 5740 1564 5806 qui
1609 5738 1677 5792 ab
1717 5739 1827 5793 alio
1853 5740 2068 5797 initium
2097 5758 2207 5797 non

613 5823 823 5882 haunit.
883 5828 949 5882 Ut
975 5838 1141 5883 etiam
1186 5838 1482 5886 noteteum
1533 5839 1586 5885 et
1632 5830 1944 5888 Creatorem
1981 5849 2124 5902 esse,
2155 5843 2208 5889 et

2308 4654 2505 4715 praeter
2526 4644 2883 4700 divinitatem.
2902 4646 3069 4716 Deus,
3089 4649 3182 4719 qui
3198 4648 3420 4706 Christo
3442 4645 3659 4719 subjecit
3677 4636 3825 4696 omnia.

2310 4751 2421 4791 non
2471 4745 2555 4792 est
2605 4736 2826 4793 Christo
2876 4738 3175 4809 subjectus.
3215 4739 3319 4796 Sed
3364 4743 3477 4813 ipse
3502 4739 3725 4796 Christus
3759 4724 3826 4780 εῖῖι

2311 4826 2571 4899 subjectus
2606 4828 2711 4896 illi,
2740 4829 2793 4884 id
2818 4839 2904 4886 est
2931 4828 3126 4886 Deitati
3153 4851 3167 4887 :
3192 4849 3310 4904 quo:
3331 4833 3549 4905 subjecit
3569 4826 3720 4885 omnia
3739 4815 3824 4889 ipsi,

2313 4918 2367 4973 id
2420 4927 2503 4974 est
2558 4917 2796 4976 Christo.
2859 4920 3076 4978 Diceret
3133 4923 3372 4995 aliquis:
3412 4923 3622 4980 Interim
3663 4910 3823 4987 quide

2312 5007 2568 5067 Christus
2618 5011 2722 5067 erit
2766 5012 3047 5085 subjectus
3096 5014 3231 5084 Deo,
3280 5015 3453 5073 donec
3474 5013 3572 5072 sibi
3594 5010 3716 5065 Deus
3733 4998 3822 5057 sub'

2303 5100 2497 5171 jecerit
2545 5100 2773 5159 omnia:
2822 5105 2918 5161 Sed
2971 5110 3160 5177 postea
3210 5124 3342 5163 non.
3403 5107 3518 5163 Erit
3559 5102 3720 5172 utique
3757 5087 3822 5163 (³ἱι

2307 5192 2533 5265 Paulus)
2576 5196 2704 5265 quia
2731 5212 2856 5252 cum
2888 5198 3133 5269 subjecta
3178 5198 3384 5256 fuerint
3423 5197 3631 5269 Christo
3668 5180 3819 5279 omit“:

2308 5294 2439 5341 tunc
2490 5287 2607 5358 ipse
2663 5287 2918 5346 Christus
2971 5291 3250 5364 subjectus
3298 5294 3405 5350 erit
3451 5293 3589 5357 Deo,
3634 5281 3712 5357 (ιιιί
3748 5277 3819 5364 iPS‘

2309 5376 2541 5448 subjecit
2569 5381 2773 5436 omnia.
2807 5380 2886 5436 lta
2915 5362 3097 5438 tamen
3124 5383 3425 5455 subjectus,
3460 5392 3514 5437 ut
3542 5380 3606 5434 sit
3630 5362 3816 5455 πηδᾷ

2307 5468 2537 5537 scilicet,
2594 5479 2655 5526 ut
2697 5470 2952 5528 Christus
2997 5472 3070 5529 sit
3112 5451 3257 5531 Deus
3283 5474 3339 5529 in
3369 5451 3614 5534 omnibus,
3636 5463 3679 5519 id
3700 5464 3763 5513 est
3781 5451 3818 5551 in

2308 5560 2537 5635 singulis
2564 5564 2871 5621 creaturis:
2924 5572 2980 5620 et
3028 5564 3103 5620 ita
3148 5565 3205 5620 in
3247 5566 3498 5622 omnibus
3539 5554 3665 5631 quod
3685 5553 3813 5644 om?”

2308 5653 2560 5723 singulis,
2613 5655 2667 5711 id
2702 5666 2786 5712 est
2823 5655 3062 5727 perfecta
3102 5657 3402 5727 beatitudo,
3437 5652 3649 5728 perlecta
3672 5640 3813 5713 gloria,

2308 5754 2362 5798 et
2409 5760 2515 5815 pax
2565 5762 2830 5817 superans
2875 5749 3039 5805 etiam
3090 5763 3252 5805 omne
3277 5748 3511 5804 hominis
3534 5729 3808 5798 desiderium-

2307 5834 2618 5894 Revertitur
2665 5849 2751 5913 ut,
2779 5840 2974 5921 probet
3025 5842 3484 5899 resurrectionem
3534 5825 3808 5891 mortuo"1m
