3928 6412
86 379 183 435 209

727 381 1089 442 ΕΧΡΟΞΙΤῘΟ
1128 387 1193 442 ΙΝ
1230 389 1609 448 EPISTOLAS

1749 393 1874 449 UL].
1918 429 1988 436 —
2028 396 2092 450 ΙΝ
2131 397 2346 454 EPIST.
2389 400 2409 454 l
2446 402 2537 455 AD
2575 402 2730 459 COD.

3257 418 3364 473 2-10

84 491 298 546 dicens:
327 488 486 546 Mors
519 506 616 563 per
647 491 930 550 Christum
949 496 1282 582 destruetur,
1329 510 1382 583 et
1427 501 1679 556 homines
1707 508 1752 566 Α
1784 503 1943 559 ﬁdem
1974 511 2408 567 resurrectionis.
2439 509 2540 567 Per
2573 514 2676 571 hoc
2707 518 2852 586 quod
2881 519 3012 576 dicit
3036 525 3234 595 seduci,
3261 547 3363 586 no...

87 593 206 637 tunc
231 591 534 652 resurgent
565 602 578 637 :
610 584 868 654 alioquin,
918 587 971 640 id
1016 577 1099 643 est
1125 579 1170 644 si
1221 579 1371 647 dicas
1422 607 1530 646 non
1559 608 1681 649 esse

1784 601 1860 648 tat
1896 597 2208 654 seductores
2242 615 2365 656 esse
2394 600 2537 656 inter
2572 618 2687 658 eos.
2719 603 2895 662 Nolite
2928 610 3149 668 credere
3196 618 3358 674 sedu-

87 672 550 728 resurrectionem
601 683 984 744 mortuorum,
1036 681 1162 750 quid
1207 682 1404 751 facient
1459 683 1533 738 ilh
1590 682 1680 754 qui
1780 685 2041 742 ctoribus.
2070 686 2206 743 Nam
2230 690 2492 762 colloquia
2517 693 2736 750 illorum
2759 699 2901 753 mala
2953 718 3061 758 non
3089 706 3263 762 solum
3291 672 3353 764 fi-

83 763 419 834 baptizantur
475 783 580 836 pro
636 771 859 823 mortuis
895 771 921 823 ?
981 770 1177 844 Tangit
1236 773 1325 828 hic
1384 776 1676 846 reprobum
1778 772 1901 828 dem
1950 776 2195 834 violant:
2228 781 2322 835 sed
2369 781 2531 837 etiam
2588 801 2929 859 corrumpunt
2971 793 3129 848 bonos
3165 763 3350 854 mores.

85 869 279 909 rnorem
304 857 708 925 quorumdam,
753 860 870 929 qui,
923 861 1110 917 audito
1154 864 1300 933 quod
1346 868 1674 923 resurrectio

1778 861 1880 930 Qui
1912 866 2058 921 enim
2096 867 2338 926 futuram
2387 873 2554 928 vitam
2596 891 2704 931 non
2731 881 2924 950 credit,
2961 887 3146 941 nescio
3183 905 3352 958 quare

84 943 251 999 futura
292 955 445 1001 esset
495 963 690 1003 eorum
741 951 836 1019 qui
883 951 1308 1023 baptizarentur,
1341 974 1466 1013 cum
1492 969 1677 1015 essent
1776 955 1936 1012 bonis
1965 959 2210 1016 moribus
2245 962 2454 1018 laboret
2482 966 2774 1024 adhaerere.
2803 970 2868 1026 Et
2897 971 3024 1029 nea
3052 943 3348 1035 seductori-

84 1036 344 1104 baptizati,
394 1037 606 1094 iterum
652 1041 772 1096 loco
823 1042 1056 1099 inﬁdelis
1101 1047 1274 1116 patris
1307 1047 1423 1118 jam
1469 1053 1674 1106 mortui

85 1127 419 1197 baptizabant
447 1145 512 1184 se
542 1151 554 1183 :
605 1133 771 1188 utsic
812 1143 964 1204 pater
993 1137 1077 1191 vel
1111 1147 1285 1193 mater
1327 1140 1673 1198 salvarentur

85 1219 131 1272 in
163 1221 588 1278 resurrectione.
635 1222 703 1278 Et
747 1225 853 1280 hoc
901 1227 1123 1284 adducit
1169 1229 1237 1284 ad
1286 1233 1670 1289 verecundiam

84 1310 480 1366 Corinthiorum
507 1332 524 1368 :
573 1315 704 1385 quia
733 1317 778 1371 si
804 1317 882 1372 illi
908 1321 1152 1388 perversi
1178 1329 1384 1378 tantam
1415 1325 1578 1380 ﬁdem
1603 1325 1671 1381 de

87 1402 474 1459 resurrectione
535 1403 848 1475 habebant,
898 1418 1105 1479 quanto
1163 1412 1340 1483 magis
1399 1413 1669 1470 Corinthii

86 1494 318 1550 deberent
347 1497 819 1554 resurrectionem
857 1499 1124 1556 credere?
1171 1502 1378 1560 Littera
1424 1506 1506 1562 sic
1538 1501 1622 1562 est
1651 1524 1664 1560 :

86 1584 206 1650 Quid
230 1584 431 1642 facient
473 1588 556 1642 illi
597 1589 693 1660 qui
741 1590 1088 1662 baptizantur
1136 1609 1236 1664 pro
1287 1596 1521 1652 mortuis
1571 1613 1668 1668 spe

87 1678 398 1748 resurgendi,
423 1680 474 1733 si
495 1682 711 1736 omnino
735 1684 928 1738 mortui
953 1701 1055 1738 non
1084 1698 1363 1758 resurgunt
1388 1691 1414 1744 ?
1446 1691 1513 1747 Ut
1537 1692 1666 1765 quid

85 1770 221 1821 etiam
259 1769 612 1839 baptizantur
655 1790 750 1844 pro
794 1775 906 1830 illis
942 1777 1354 1848 justifieandis:
1393 1798 1518 1840 cum
1563 1803 1664 1843 nec

1775 1047 1878 1104 bus
1902 1053 2348 1122 eorrumpamini,
2364 1057 2681 1127 evigilatead
2708 1062 2813 1117 hoc
2831 1065 3021 1121 utsitis
3035 1067 3193 1137 justi,
3218 1080 3348 1126 etut

1763 1138 2035 1209 justitiam
2057 1146 2411 1203 conservetis.
2442 1148 2624 1204 Nolite
2639 1153 2866 1209 ulterius
2877 1172 3094 1224 peccare
3118 1179 3130 1214 :
3154 1177 3349 1217 neces-

1773 1235 1980 1290 sarium
2003 1245 2089 1291 est
2113 1247 2172 1293 ut
2193 1239 2476 1309 evigiletis.
2494 1241 2722 1307 Quidam
2737 1248 2876 1300 enim
2899 1248 3036 1304 inter
3048 1267 3145 1308 vos
3158 1230 3348 1308 habent

1780 1325 2141 1397 ignorantiam
2181 1328 2297 1397 Dei,
2322 1332 2374 1386 id
2401 1329 2748 1404 estignorant
2768 1339 3162 1409 aequitatem,et
3186 1345 3344 1400 ﬁdem

1771 1415 1896 1475 Dei:
1915 1429 1969 1475 et
1987 1421 2090 1476 hoc
2104 1421 2291 1493 loquor
2318 1425 2458 1479 vobis
2476 1427 2545 1478 ad
2575 1419 2938 1499 reverentiam,
2969 1433 3021 1487 id
3039 1436 3204 1490 estad
3220 1452 3346 1491 eru-

1768 1511 2158 1585 bescentiam),
2181 1503 2247 1572 fut
2285 1519 2726 1575 verecundemini
2754 1521 2820 1578 de
2854 1527 3092 1593 peccatis
3122 1532 3339 1586 vestris.

1838 1603 2132 1676 Postquam
2150 1607 2350 1664 Paulus
2370 1626 2466 1680 per
2491 1613 2828 1670 necessarias
2850 1616 3108 1684 rationes,
3137 1635 3233 1690 per
3257 1621 3342 1691 in:-

1767 1697 2142 1781 convenientia
2171 1716 2293 1770 quae
2329 1701 2456 1757 inde
2497 1705 2844 1773 proveniunt,
2888 1707 3083 1762 iterum
3116 1725 3212 1780 per
3241 1727 3342 1782 po-

1768 1789 1990 1845 tentiam
2018 1776 2243 1859 Christi,
2285 1791 2524 1850 futuram
2569 1799 3022 1854 resurrectionem
3072 1804 3342 1872 approba-

87 1859 147 1912 illi
172 1859 583 1930 justiﬁcentur?
629 1863 687 1920 Si
712 1866 856 1922 enim
875 1867 1312 1938 justiﬁcarentur
1352 1890 1382 1928 a
1420 1879 1660 1945 peccatis
1693 1852 1735 1908 Β
1762 1881 1860 1946 vit,
1893 1882 2009 1936 vult
2043 1882 2191 1937 illam
2222 1852 2525 1954 approbare
2563 1902 2662 1956 per
2700 1888 2871 1958 legem
2917 1852 3170 1948 naturae:
3213 1894 3342 1966 quia

87 1961 130 2005 et
167 1964 529 2025 resurgerem.
583 1955 682 2012 Vel
703 1958 860 2013 aliter
900 1960 1022 2015 sic:
1063 1961 1335 2034 Alioquin,
1384 1967 1438 2022 id
1475 1978 1560 2024 est
1608 1972 1655 2027 si

89 2046 384 2100 resurrectio
411 2063 533 2104 non
561 2057 665 2116 est,
701 2051 827 2121 quid
857 2052 1056 2121 facient
1084 2054 1162 2110 illi
1187 2059 1278 2126 qui
1315 2058 1657 2130 baptizantur

87 2149 163 2200 pro
207 2137 419 2190 mortuis
477 2139 774 2208 operibus,
825 2141 880 2204 id
926 2151 1012 2197 est
1058 2159 1156 2214 pro
1202 2148 1476 2218 peccatis,
1533 2166 1655 2222 que

89 2238 286 2283 mortem
336 2233 687 2301 operantur?
741 2233 1094 2305 Baptizantur
1141 2238 1265 2294 dico
1323 2257 1418 2312 spe
1462 2259 1652 2300 resur-

93 2319 329 2376 rectionis.
375 2321 442 2376 Et
481 2324 623 2394 quid
647 2323 866 2394 facient,
916 2328 962 2384 si
1015 2330 1240 2387 omnino
1285 2335 1486 2390 mortui
1537 2351 1650 2394 non

91 2413 389 2482 resurgunt?
416 2413 486 2469 Ut
545 2417 674 2486 quid
717 2416 883 2474 etiam
929 2419 1273 2490 baptizantur
1296 2441 1392 2495 pro
1423 2426 1557 2496 illis,
1594 2429 1650 2486 id

93 2509 173 2564 est,
197 2502 637 2572 utjustiﬁcentur
661 2524 691 2562 a
717 2511 997 2580 peccatis?
1042 2510 1139 2566 Vel
1170 2515 1328 2570 aliter
1353 2536 1363 2569 :
1397 2517 1648 2590 Alioquin

91 2590 127 2642 si
150 2605 240 2646 non
260 2605 563 2667 resurgunt
588 2601 809 2667 mortui,
855 2601 982 2672 quid
1010 2602 1206 2672 facient
1235 2605 1311 2659 illi
1342 2609 1433 2678 qui
1466 2609 1646 2679 bapti-

95 2691 250 2736 zantur
265 2702 354 2754 pro
384 2703 442 2744 se
468 2692 723 2775 mortuis,
778 2693 831 2747 id
855 2702 941 2749 est
968 2695 1364 2755 mortiﬁcandis
1388 2703 1642 2775 peceatof:

98 2769 167 2825 Vel
192 2789 277 2843 pro
299 2792 356 2834 se
381 2769 732 2838 mortiﬁcatis
779 2799 872 2853 per
917 2795 1202 2856 peccatum
1253 2769 1407 2846 Deo.‘
1437 2769 1645 2849 Castera

95 2862 207 2919 sicut
232 2867 363 2924 dicta
401 2884 560 2928 sunt.
612 2872 814 2929 lterum
840 2875 886 2930 si
928 2880 1258 2936 resurrectio
1300 2893 1640 2942 mortuorum

95 2969 179 3010 non
199 2969 288 3026 est,
314 2971 370 3016 ut
388 2964 528 3034 quid
549 2967 712 3020 etiam
737 2980 830 3021 nos
854 2969 1087 3038 apostoli
1111 2972 1476 3042 periclitamur
1499 2981 1645 3034 omni

99 3047 236 3103 hora?
262 3050 375 3109 Non
397 3056 556 3112 enim
579 3057 745 3114 ﬁnem
788 3060 992 3116 habent
1013 3063 1390 3124 tribulationes
1420 3080 1641 3141 nostra},

1758 1971 2000 2026 humana
2049 1974 2314 2044 sapientia
2366 1977 2540 2046 magis
2584 1991 2994 2049 argumentatur
3041 1986 3341 2039 secundum

1757 2062 2172 2132 passibilitatem
2218 2066 2684 2141 [possibilitatem]
2729 2081 2954 2128 naturae.
2999 2073 3166 2140 Quasi
3193 2076 3376 2130 dice~‘

1755 2163 1881 2209 ret:
1916 2153 2069 2210 Licet
2112 2149 2366 2227 superius
2409 2162 2866 2217 resurrectionem
2912 2164 3047 2220 satis
3073 2165 3341 2234 approba-

1753 2247 1951 2313 verim,
1989 2255 2164 2302 tamen
2216 2239 2516 2307 secundum
2546 2253 2720 2325 legem
2767 2263 2976 2310 natura:
3006 2256 3336 2326 objiciendo,

1751 2337 1884 2390 dicit
1915 2335 2049 2389 mihi
2079 2338 2313 2410 aliquis:
2345 2329 2602 2412 quomodo
2632 2353 2908 2416 resurgunt
2926 2346 3116 2399 mortui
3140 2346 3195 2400 in
3219 2347 3340 2415 pul~

1749 2444 1932 2484 verem
1958 2430 2073 2501 jam
2110 2432 2396 2489 dissoluti?
2423 2433 2628 2490 Natura
2671 2452 2780 2491 non
2811 2438 3025 2493 videtur
3059 2439 3162 2494 hoc
3200 2442 3336 2510 pati.

1751 2519 1951 2576 lterum
1977 2522 2022 2576 si
2047 2523 2231 2594 aliquo
2260 2526 2424 2580 modo
2455 2525 2639 2605 pulvis
2675 2528 2765 2582 ille
2789 2530 3213 2600 conglutinatur,
3249 2542 3334 2588 ta-

1749 2622 1874 2662 men
1901 2607 2049 2679 quali
2092 2629 2305 2684 corpore
2347 2617 2548 2669 venient
2593 2616 2844 2674 homines
2878 2621 2972 2691 qui
3020 2625 3337 2693 resurgent?

1747 2697 1888 2754 Num
1921 2703 2068 2758 credi
2095 2714 2275 2775 potest
2299 2715 2358 2761 ut
2386 2716 2535 2762 tanta
2564 2709 2734 2779 gloria
2757 2712 2930 2780 possit
2955 2714 3138 2769 venire
3157 2715 3336 2769 disso-

1747 2795 1863 2850 luto
1888 2797 2121 2865 pulveri,
2149 2807 2208 2853 ut
2233 2806 2290 2852 tu
2327 2799 2623 2870 prmdicas?
2651 2799 2826 2856 Priori
2858 2806 3148 2874 respondet
3185 2822 3335 2876 qua:-

1748 2887 1931 2944 stioni.
1972 2887 2178 2947 Natura
2227 2889 2363 2946 bene
2396 2892 2599 2962 patitur
2641 2902 2887 2950 mortuos
2930 2911 3232 2968 resurgere.
3267 2898 3334 2952 ll-

1745 2979 1840 3035 lud
1868 2981 2013 3036 enim
2039 2981 2182 3052 quod
2209 2990 2266 3035 tu
2293 2981 2572 3052 insipiens,
2601 2984 2696 3053 qui
2720 2984 2786 3038 de
2807 2987 3204 3042 resurrectione
3227 2987 3331 3041 du-

1746 3071 1908 3138 bitas,
1943 3089 2150 3140 semen,
2178 3074 2424 3143 inquam,
2457 3073 2610 3143 illud,
2661 3076 2801 3145 quod
2851 3085 2907 3130 tu
2952 3079 3180 3133 seminas
3224 3096 3328 3133 non

98 3153 204 3245 quas
223 3146 517 3214 gaudemus
538 3150 650 3221 pati
682 3167 776 3223 spe
800 3151 998 3210 futurae
1016 3155 1178 3228 149
1203 3163 1637 3220 resurrectionis.
1668 3186 1710 3245 ρ
1740 3164 2064 3233 viviﬁcatur,
2089 3164 2142 3219 id
2162 3171 2245 3220 est
2264 3164 2414 3218 nullo
2446 3165 2608 3220 modo
2649 3165 2827 3224 vivere
2848 3175 3044 3236 potest,
3059 3170 3162 3223 nisi
3182 3171 3330 3240 prius

101 3227 206 3288 Vere
257 3239 666 3305 periclitamur:
728 3259 855 3298 nam
899 3227 1150 3317 quotidie
1186 3252 1404 3318 morior,
1454 3253 1509 3309 id
1560 3269 1646 3312 est

102 3324 292 3388 pericula
313 3333 513 3389 mortis
551 3333 748 3404 patior,
778 3335 996 3406 fratres,
1027 3349 1240 3410 propter
1270 3351 1496 3398 vestram
1525 3347 1637 3416 glo-

102 3413 222 3484 riam,
261 3429 316 3474 ut
337 3438 429 3480 vos
480 3425 636 3497 digni
689 3427 810 3484 sitis
858 3430 1029 3502 gloria
1075 3413 1645 3494 resurrectionis-Vel

102 3509 346 3568 secundum
392 3515 808 3589 Augustinum:
854 3520 1078 3591 Morior,
1127 3532 1183 3579 et
1226 3524 1331 3582 hoc
1378 3526 1508 3598 juro
1550 3544 1647 3600 per

101 3606 288 3688 vestram
312 3605 563 3676 gloriam,
588 3608 785 3668 fratres
809 3629 822 3668 :
854 3600 1015 3682 quam
1045 3614 1274 3685 gloriam
1303 3631 1400 3688 spe
1421 3617 1644 3688 quidem

101 3685 373 3784 iam‘ltabeo,
407 3702 464 3757 in
504 3701 718 3760 Christo
743 3703 872 3760 Jesu
897 3705 1124 3762 Domino
1150 3685 1369 3765 nostra}
1412 3685 1506 3784 q—ui
1527 3712 1642 3784 jam

105 3774 144 3830 in
164 3782 319 3850 gloria
346 3806 471 3847 cum
501 3809 691 3850 carne
717 3811 837 3852 mea
877 3798 1201 3854 resurrexit.
1245 3799 1348 3868 Qui
1391 3803 1555 3859 etiam
1583 3813 1644 3860 ut

105 3881 247 3928 secum
267 3894 600 3955 resurgerem
626 3887 947 3955 promeruit.
995 3887 1054 3942 Si
1079 3889 1276 3944 iterum
1302 3895 1504 3948 mortui
1531 3910 1639 3951 non

107 3972 340 4054 ftsurgunt
364 3991 376 4026 :
403 3975 540 4046 quid
562 3977 699 4031 mibi
723 3963 947 4047 prodest
966 3981 1014 4032 si
1034 3981 1321 4034 secundum
1355 3983 1637 4054 hominem,

108 4045 146 4100 id
179 4063 246 4108 est
282 4045 576 4120 secundum
620 4045 873 4122 humanae
917 4069 1150 4124 rationis
1196 4071 1514 4140 potentiam.
1544 4045 1642 4130 Vel

107 4149 348 4208 secundum
391 4157 713 4214 hominem:
765 4160 894 4230 quia
922 4176 1023 4232 ego
1074 4163 1260 4230 homo,
1311 4164 1389 4219 illi
1427 4165 1634 4222 bestiae.

110 4232 360 4328 S_ecundum
405 4252 688 4308 hominem
735 4255 923 4325 utique
960 4257 1187 4328 pugnavi
1223 4266 1410 4312 contra
1445 4258 1637 4315 bestias

110 4322 274 4402 ΕΡΙιεεί,
312 4339 362 4396 id
399 4353 486 4400 est
531 4353 725 4400 contra
761 4322 1101 4417 Ephesianos
1159 4349 1453 4406 bestiales:
1507 4352 1637 4422 quia

110 4428 503 4491 resurrectionem
551 4438 822 4508 negando,
873 4439 1151 4496 hominem
1188 4441 1244 4497 in
1287 4443 1395 4499 hoc
1429 4443 1635 4500 mundo

108 4510 243 4571 solum
264 4521 429 4583 vivere
448 4528 664 4597 dicunt,
691 4532 840 4600 quod
867 4541 922 4587 et
947 4533 1133 4588 bestiae
1167 4533 1393 4591 faciunt.

163 4605 292 4681 003d,
315 4617 558 4691 inquam,
589 4622 682 4678 illa
710 4640 892 4695 pugna
921 4625 1050 4680 milii
1079 4627 1314 4696 prodest,
1357 4628 1467 4684 nisi
1511 4636 1634 4699 post

111 4707 288 4760 mortem
324 4708 610 4769 habiturus
653 4713 757 4770 sim
792 4715 1057 4785 gloriam?
1095 4715 1318 4785 Ephesii
1361 4718 1634 4788 negabant

112 4801 504 4878 feﬂl'fectionem
530 4825 545 4861 :
575 4817 766 4862 contra
803 4821 943 4878 quos
982 4806 1187 4863 Paulus
1229 4809 1406 4863 multo
1443 4810 1633 4870 labore

113 4876 363 4968 ξῘίδΡιιΙ-εινὶι,
395 4897 706 4968 approbatis
734 4876 976 4953 futuram
997 4913 1118 4954 esse
1146 4899 1626 4956 resurrectionem.

114 4965 162 5023 Εί
193 4965 599 5059 Quandoquidem
642 4990 944 5045 secundum
994 5007 1094 5046 vos
1138 4991 1250 5048 vita
1296 5008 1408 5048 non
1452 5000 1624 5049 restat

112 5074 202 5154 ροει
234 5071 387 5135 hanc:
415 5081 554 5137 nihil
581 5081 697 5152 jam
742 5082 888 5137 aliud
931 5083 1201 5154 agendum
1251 5093 1338 5140 est
1369 5103 1383 5140 :
1412 5085 1520 5140 nisi
1563 5094 1622 5141 ut

114 5153 399 5248 dtfslierantes
457 5175 834 5229 manducemus
892 5185 944 5230 et
978 5153 1280 5231 bibamus:
1325 5177 1455 5248 quia
1511 5175 1640 5232 non

114 5246 216 5340 ultra
236 5259 410 5321 victuri
440 5267 739 5322 moriemur
779 5266 918 5337 (Isa.
958 5284 1094 5334 xxii,
1130 5269 1225 5334 15;
1273 5246 1401 5340 δαὶ).
1442 5286 1501 5337 ιι,
1532 5271 1616 5339 6)-

114 5331 195 5396 “Oc
217 5352 413 5413 verbum
454 5359 712 5414 dixerunt
748 5331 945 5425 Judaei,
991 5331 1118 5415 cum
1159 5331 1526 5432 afﬂigerentur
1563 5360 1620 5416 in

114 5436 361 5523 fastivitate
400 5450 714 5523 Babylonis,
757 5460 810 5507 et
837 5451 1192 5522 desperarent
1229 5453 1297 5507 de
1344 5452 1621 5522 adjutorio

116 5514 198 5578 Dei.
219 5528 447 5598 Similiter
472 5514 569 5614 qui
595 5514 1056 5600 resurrectionem
1085 5553 1304 5614 negant,
1328 5545 1394 5599 de
1417 5543 1620 5599 auxilio

117 5620 154 5664 ει
177 5631 370 5689 Potentia
397 5635 489 5693 Dei
520 5638 831 5709 desperant.
860 5635 928 5691 Et
965 5636 1116 5706 quia,
1142 5635 1339 5692 fratres
1358 5679 1372 5704 ,
1394 5653 1505 5692 non
1540 5636 1622 5692 sic

117 5714 175 5798 ῗξί
195 5711 572 5797 desperandum,
589 5731 682 5786 sed
703 5729 771 5784 de
799 5730 1201 5785 resurrectione
1215 5729 1618 5797 conﬁdendum,

123 5793 206 5852 ideo
224 5809 356 5870 nolite
382 5793 1090 5892 seduciapseudoapostolis
1117 5861 1130 5875 .
1163 5820 1257 5892 qui
1282 5837 1392 5894 non
1421 5793 1622 5879 habent

1747 3255 2032 3322 moriatur,
2058 3254 2126 3310 "et
2161 3264 2564 3325 computrescat
2609 3276 2620 3310 :
2673 3259 3132 3328 quemadmodum
3177 3263 3331 3318 vides

1747 3347 1895 3419 quod
1939 3356 2152 3420 oportet
2187 3364 2372 3404 semen
2398 3349 2700 3419 putreﬁeri,
2734 3350 2897 3435 utsic
2925 3363 3113 3421 postea
3142 3354 3288 3409 vivat
3313 3373 3326 3407 :

1746 3455 1814 3495 ne
1835 3439 2053 3496 dubites
2075 3440 2190 3511 jam
2223 3441 2500 3496 hominem
2525 3441 2724 3497 iterum
2751 3453 2873 3514 post
2895 3455 3125 3501 mortem
3147 3447 3330 3502 vivere

1745 3547 1927 3602 posse,
1961 3548 2087 3588 cum
2138 3548 2235 3602 per
2296 3541 2528 3588 mortem
2579 3543 2830 3604 oporteat
2879 3525 3078 3592 vivere.
3129 3537 3330 3594 Probat

1746 3623 1912 3678 aliam
1936 3623 2319 3694 quaestionem,
2356 3622 2597 3679 futuram
2631 3625 2840 3681 scilicet
2874 3626 3103 3696 gloriam
3127 3644 3326 3698 corpo-

1745 3731 1892 3782 rum,
1937 3716 2182 3786 ejusdem
2233 3715 2461 3772 seminis
2503 3716 2881 3782 similitudine,
2921 3717 3108 3773 dicens
3141 3737 3153 3772 :
3189 3718 3328 3775 Vere

1745 3806 1802 3860 in
1837 3806 2031 3877 majori
2061 3805 2234 3877 gloria
2264 3820 2555 3875 corporum
2582 3806 2819 3861 venient.
2845 3805 2979 3860 Nam
3010 3807 3148 3877 quod
3177 3809 3328 3863 semi-

1743 3915 1839 3952 nas
1869 3907 1949 3964 tu,
1983 3913 2086 3951 non
2123 3897 2364 3952 seminas
2391 3896 2519 3952 illud
2548 3912 2735 3965 corpus
2771 3897 2909 3967 quod
2945 3898 3185 3966 futurum
3225 3909 3323 3966 est,

1743 3990 1832 4045 sed
1857 3990 2084 4043 seminas
2117 3987 2317 4041 nudum
2342 4003 2566 4058 granum
2591 4003 2608 4039 :
2645 4003 2843 4057 corpus
2872 3996 3054 4042 autem
3079 3988 3146 4045 de
3176 3989 3324 4043 nudo

1743 4095 1913 4150 grano
1943 4078 2186 4134 futurum
2242 4078 2412 4133 multa
2440 4093 2630 4150 grana,
2674 4078 2858 4147 paleas
2897 4088 2952 4134 et
2992 4080 3202 4135 culmos
3240 4089 3326 4135 est

1743 4171 2076 4225 habiturum.
2108 4168 2372 4225 Similiter
2401 4185 2510 4224 non
2542 4169 2612 4224 sit
2631 4169 2728 4224 tibi
2752 4170 3069 4236 absurdum,
3101 4171 3146 4226 si
3173 4171 3324 4226 dica-

1741 4276 1866 4316 mus
1892 4276 2120 4331 corpora
2148 4269 2334 4316 nostra
2383 4260 2439 4316 in
2484 4261 2677 4332 majori
2731 4262 2898 4332 gloria
2945 4270 3321 4317 resurrectura

1740 4367 1907 4422 quam
1941 4351 2030 4407 hic
2055 4352 2412 4408 seminentur.
2446 4351 2529 4407 Tu
2568 4352 2806 4408 seminas
2833 4353 3039 4408 nudum
3064 4369 3320 4424 granum,

1740 4452 1950 4514 utputa,
1978 4443 2031 4498 id
2057 4452 2143 4498 est
2189 4444 2333 4500 sicut
2358 4453 2440 4499 est
2476 4460 2706 4516 granum
2743 4445 2930 4512 tritici,
2966 4454 3058 4498 aut
3089 4460 3322 4514 granum

1670 4536 1970 4605 Dalicujus
2048 4547 2362 4590 caeterarum
2422 4543 2674 4606 segetum.
2729 4533 2839 4588 -Tu
2919 4535 3157 4591 seminas
3214 4551 3317 4590 nue

1737 4625 1868 4681 dum
1912 4642 2174 4697 granum;
2198 4627 2288 4681 sed
2319 4620 2464 4680 Deus
2490 4626 2583 4679 dat
2630 4624 2714 4678 illi
2748 4641 2919 4695 grano
2945 4641 3134 4693 corpus
3180 4625 3320 4677 sicut

1738 4717 1870 4785 vult,
1913 4716 2195 4774 fertilitate
2253 4734 2590 4790 granorum,
2651 4716 2931 4786 spicarum
2991 4725 3046 4768 et
3105 4715 3316 4768 culmo-

1731 4827 1855 4867 rum
1910 4810 2208 4883 gloriosum
2247 4829 2259 4864 :
2311 4819 2361 4864 et
2402 4810 2683 4879 unicuique
2729 4817 2909 4861 tamen
2948 4807 3107 4877 15o
3151 4806 3311 4859 senti-

1735 4920 1859 4958 num
1893 4903 2069 4960 reddit
2118 4903 2391 4973 proprium
2445 4899 2826 4970 corpus:quia
2869 4898 2912 4952 si
2983 4899 3314 4953 seminatum

1735 5003 1821 5051 est
1849 4995 2113 5063 triticum,
2142 4994 2373 5065 pullulat
2405 4993 2677 5057 triticum;
2725 4998 2778 5044 et
2824 4989 2904 5046 sic
2947 4989 2999 5044 in
3041 4991 3319 5047 identitate

1729 5086 2006 5144 seminum
2038 5087 2252 5160 singula
2287 5101 2453 5158 grana
2484 5091 2798 5156 resurgunt,
2831 5089 2885 5136 et
2913 5081 3094 5138 hocin
3126 5098 3312 5136 exem-

1729 5179 1881 5252 plum
1934 5180 2232 5235 melioratae
2277 5177 2716 5244 resurrectionis,
2767 5191 2879 5232 non
2925 5175 3143 5230 amissa:
3184 5175 3316 5230 sub-

1728 5269 1964 5326 stantiae.
1999 5267 2246 5338 Cumque
2262 5283 2462 5323 omnes
2486 5267 2540 5321 in
2564 5269 2667 5324 hoc
2692 5267 3040 5331 conveniant,
3063 5265 3208 5334 quod
3233 5282 3318 5320 re-

1729 5359 2088 5416 surrectionis
2108 5359 2336 5430 gloriam
2365 5367 2493 5414 sunt
2520 5357 2782 5426 habituri,
2807 5359 2862 5412 in
2886 5374 2951 5413 eo
2986 5367 3169 5412 tamen
3206 5353 3294 5408 dif
3297 5384 3315 5394 -

1732 5447 1918 5505 ferunt
1962 5449 2106 5522 quod
2152 5448 2373 5518 quidam
2420 5447 2798 5519 gloriosiorem
2847 5455 2976 5502 sunt
3034 5443 3313 5500 habituri-

1729 5541 1954 5613 quidam
1981 5556 2092 5597 non
2133 5539 2290 5606 adeo,
2335 5539 2636 5594 secundum
2681 5538 3040 5594 differentiam
3092 5537 3317 5591 merito-

1729 5650 1879 5689 rum.
1918 5632 2132 5688 Dieeret
2158 5629 2358 5702 aliquis
2389 5648 2402 5683 :
2438 5628 2576 5683 Cum
2617 5629 2799 5683 omnis
2829 5629 3114 5682 hominum
3143 5635 3317 5682 mate-

1728 5727 1809 5782 ria
1832 5742 1901 5781 ex
1931 5726 2134 5783 eisdem
2159 5731 2372 5780 constet
2394 5719 2696 5788 elementis,
2728 5719 2942 5775 videtur
2967 5728 3026 5774 ut
3049 5719 3313 5790 quidquid

1733 5819 1830 5877 uni
1857 5818 2184 5889 conferetur,
2222 5824 2396 5872 totum
2427 5814 2482 5869 in
2528 5812 2634 5884 alio
2662 5810 2938 5885 possideat
2967 5811 3164 5869 similis
3191 5827 3310 5868 ma.-
