3904 6298
578 362 676 417 211

1132 355 1189 411 S.
1231 354 1577 412 BRUNONIS
1613 351 2256 410 CARTHUSIANORUM
2297 347 2783 407 INSTITUTORIS
2820 346 2971 404 OPP.
3012 346 3195 403 PARS
3230 345 3295 402 ll.

3694 361 3780 417 2ιῖ

585 477 742 532 teria.
771 474 929 544 Quod
957 472 1168 530 Paulus.
1201 472 1283 544 (ut
1312 472 1378 528 ad
1408 471 1630 527 meliora
1668 485 1884 541 semper
1906 479 2165 540 provocet
2191 471 2236 527 A
2262 468 2388 535 bus,
2417 476 2471 523 et
2498 482 2607 523 non
2633 466 2936 523 viviﬁcans.
2972 464 3041 520 Et
3064 480 3191 521 vere
3217 475 3402 536 surget
3434 481 3618 539 corpus
3650 479 3780 546 Spir-1..

580 567 700 639 cos)
743 582 840 638 per
898 563 1308 621 similitudinem
1357 563 1587 618 aliarum
1628 569 2000 615 creaturarum
2058 560 2161 614 im-

582 658 820 729 probat:
871 655 999 728 quia
1039 654 1497 728 quemadmodum
1547 651 1730 706 omnia
1765 652 2043 723 .animalia
2093 668 2161 709 ex

581 746 788 802 eisdem
820 748 1103 803 clementis
1132 745 1274 799 facta
1301 752 1449 810 sunt,
1488 742 1678 798 eadem
1719 752 1901 798 tamen
1932 745 2160 801 materia

582 854 692 893 non
739 838 935 902 aufert,
986 837 1118 909 quin
1142 835 1246 890 alia
1275 841 1329 889 et
1360 834 1465 889 alia
1492 834 1633 889 inter
1662 850 1722 890 se
1747 833 1876 891 sint.
1911 834 1970 889 In
1999 836 2162 892 caele-

580 930 758 985 stibus
790 929 953 984 etiam
978 925 1244 983 creaturis
1282 941 1349 980 ex
1375 925 1581 983 eisdem
1617 927 1863 982 materiis
1897 928 2163 985 constitu-

581 1018 652 1073 tis
673 1017 973 1074 di‘ll‘erentia
999 1022 1082 1071 est
1105 1013 1174 1071 ad
1203 1014 1435 1070 invicem
1466 1015 1766 1082 claritatis;
1797 1014 1954 1070 sicin
1976 1015 2161 1070 homi-

582 1109 748 1169 nil‘us
791 1117 986 1164 natura
1024 1105 1208 1162 carnis
1256 1106 1514 1162 omnibus
1561 1107 1751 1163 eadem
1792 1122 1901 1161 non
1938 1105 2164 1176 impedit

580 1201 714 1271 quin
760 1198 973 1268 possint
1011 1196 1369 1254 diversilicari
1405 1197 1461 1252 in
1501 1197 1674 1270 gloria
1717 1198 2154 1254 resurrectionis.

578 1289 781 1344 Littera
817 1288 897 1344 sic
921 1287 1173 1359 jungitur
1199 1306 1212 1342 :
1240 1287 1394 1343 Licet
1417 1302 1611 1345 omnes
1638 1297 1927 1359 resurgant
1952 1288 2008 1343 in
2044 1304 2162 1345 ma—

568 1379 678 1447 jori
706 1379 876 1449 gloria
918 1380 1125 1445 carnis,
1154 1388 1339 1435 tamen
1376 1379 1689 1436 dill‘ercnter
1722 1398 1735 1435 :
1770 1395 1872 1435 nec
1904 1381 2012 1436 hoc
2052 1381 2159 1436 im-

576 1453 934 1539 pcd'iteadem
967 1470 1225 1528 omnibus
1245 1470 1472 1528 materia
1503 1471 1833 1527 conditionis
1859 1490 1872 1526 :
1903 1472 2046 1527 sicut
2080 1488 2160 1527 vt-

574 1564 673 1618 des
702 1563 850 1634 quod
880 1579 982 1616 non
1014 1563 1184 1617 omnis
1226 1579 1372 1630 caro,
1407 1563 1589 1618 eadem
1620 1580 1766 1630 caro,
1811 1562 1938 1618 licet
1980 1563 2161 1618 omnis

574 1670 644 1709 ex
666 1654 858 1710 eadem
889 1654 1138 1717 materia,
1166 1655 1256 1709 sed
1280 1654 1390 1709 alia
1412 1663 1497 1711 est
1518 1670 1647 1711 caro
1676 1655 1947 1711 hominum
1969 1663 2024 1710 et
2049 1652 2161 1710 alia

574 1755 662 1801 est
713 1762 978 1816 pecorum.
1023 1746 1149 1800 Alia
1187 1754 1369 1801 autem
1411 1755 1496 1802 est
1539 1762 1670 1802 caro
1700 1747 1970 1802 volucrum
1999 1762 2018 1802 :
2048 1746 2160 1801 alia

577 1845 763 1893 autem
815 1846 901 1893 est
937 1852 1068 1894 caro
1110 1838 1356 1907 piscium.
1396 1835 1465 1893 Et
1510 1838 1654 1894 sicut
1680 1846 1893 1894 terrena
1927 1852 2158 1908 corpora

573 1929 718 1983 inter
751 1944 811 1984 se
838 1930 1114 1996 dillerunt,
1143 1930 1224 1985 sic
1243 1930 1487 1986 caelestia
1512 1946 1543 1987 a
1566 1933 1817 1989 terrenis.
1853 1930 1989 1987 Sunt
2009 1932 2159 1988 enim

570 2037 792 2090 corpora
821 2021 1074 2088 ctelestia,
1096 2030 1147 2077 et
1167 2037 1389 2091 corpora
1412 2024 1683 2078 terrestria
1710 2043 1722 2079 :
1747 2033 1801 2080 et
1823 2040 1949 2081 cum
1975 2024 2032 2081 in
2051 2025 2159 2082 hoc

567 2113 715 2183 quod
746 2129 978 2184 corpora
1005 2122 1154 2182 sunt,
1192 2114 1560 2171 conveniant:
1596 2124 1781 2172 tamen
1820 2117 1877 2172 in
1912 2118 2019 2174 hoc
2045 2118 2157 2175 dif-

568 2202 756 2259 l'erunt
783 2205 933 2275 quod
956 2205 1068 2259 alia
1096 2205 1316 2277 quidem
1343 2216 1421 2262 est
1441 2207 1729 2263 ccelestium
1751 2222 2030 2280 corporum
2050 2196 2159 2283 glo-

572 2293 679 2359 ria,
712 2295 826 2348 alia
853 2305 1027 2350 autent
1054 2299 1403 2352 terrestrium.
1438 2297 1505 2354 Et
1540 2298 1684 2355 sicut
1709 2301 1952 2358 caelestia
1991 2319 2021 2358 a
2048 2312 2158 2359 ter-

568 2385 722 2440 renis
749 2384 1028 2453 diﬂerunt,
1058 2387 1139 2442 sic
1172 2387 1289 2458 ipsa
1315 2388 1558 2445 caelestia
1589 2389 1734 2446 inter
1773 2406 1853 2448 se.
1885 2390 2021 2448 Nam
2047 2394 2158 2449 alia

569 2490 656 2534 cst
702 2480 924 2536 claritas
955 2481 1106 2551 solis,
1145 2492 1195 2538 et
1228 2483 1341 2539 alia
1381 2494 1465 2541 est
1488 2486 1710 2543 claritas
1753 2487 1896 2544 Iunce
1918 2530 1934 2555 ,
1962 2497 2016 2545 et
2045 2491 2156 2546 alia

568 2581 655 2627 est
678 2572 900 2627 claritas
931 2573 1227 2630 stellarum.
1255 2574 1317 2631 In
1346 2576 1481 2646 ipsis
1506 2578 1673 2634 etiam
1701 2579 1875 2636 stellis
1898 2581 2155 2638 differen-

570 2663 646 2718 tia
677 2681 690 2718 :
726 2679 849 2717 nam
871 2664 1029 2721 stella
1060 2665 1242 2736 (ἤθει-ι
1275 2684 1309 2721 a
1347 2667 1504 2724 stella
1533 2670 1589 2724 in
1619 2669 1868 2727 claritate
1889 2690 1909 2728 :
1930 2682 1986 2728 et
2014 2673 2158 2731 sicut

571 2755 663 2810 hee
701 2766 970 2811 creatura:
1005 2757 1249 2814 vicissim
1293 2775 1325 2815 a
1368 2776 1428 2816 se
1472 2760 1729 2818 diﬂ‘erunt
1766 2763 2036 2833 claritate,
2077 2768 2155 2823 sic

566 2849 731 2902 etiam
761 2851 1076 2913 resurrectio
1110 2858 1439 2907 mortuorum
1471 2853 1728 2912 dill'erens
1755 2857 1862 2912 erit
1887 2857 2055 2928 juStis
2098 2859 2155 2914 in

569 2936 820 2991 claritate
849 2936 1055 3007 gloriae.
1084 2936 1153 2993 Et
1177 2938 1305 2995 licet
1325 2939 1380 2994 in
1411 2941 1583 3012 gloria
1608 2946 2031 3002 resurrectionis
2048 2945 2156 3002 dif-

571 3026 772 3095 ferant,
796 3028 901 3083 hoe
928 3037 1112 3084 tamen
1158 3029 1530 3087 indifferenter
1560 3034 1765 3092 habent
1784 3037 1931 3107 quod
1955 3038 2046 3094 bie
2065 3055 2152 3094 se-

2262 559 2407 615 tuale
2433 576 2450 628 ;
2476 574 2604 614 nam
2634 559 2949 614 novissimus
2978 557 3175 625 Adam,
3208 557 3261 613 id
3283 565 3368 613 est
3390 557 3644 633 Christus,
3677 569 3784 627 dici-

2262 658 2352 706 tur
2372 650 2567 718 Adam,
2594 650 2722 721 quia
2747 657 2911 705 natus
2931 649 3000 704 de
3026 648 3148 719 ipso
3171 648 3468 704 secundum
3492 650 3670 711 lineam
3690 674 3785 716 car.

2260 743 2348 799 nis
2378 761 2391 796 :
2421 741 2545 798 ideo
2563 750 2747 797 autem
2771 740 3130 806 novissimus,
3163 740 3293 811 quia
3315 749 3436 810 post
3459 755 3576 797 eum
3604 756 3699 802 non
3721 763 3790 808 est

2261 833 2481 891 futurus
2515 832 2659 891 alius
2708 833 2907 901 Adam,
2960 833 3057 903 qui
3110 848 3309 887 novam
3363 832 3576 889 inducat
3603 853 3787 907 genera-

2247 926 2490 989 tionem.
2527 923 2721 982 Omnis
2750 924 2897 980 enim
2932 924 3119 991 homo,
3154 924 3240 979 vel
3281 924 3513 982 carnalis
3538 925 3656 984 Adae
3673 931 3787 991 lilius

2259 1015 2347 1070 vel
2394 1014 2715 1085 spiritualis.
2776 1013 2896 1082 llic,
2946 1014 3192 1086 inquam,
3240 1015 3568 1072 novissimus
3616 1018 3784 1089 Adam,

2246 1096 2420 1177 ‘15],
2446 1107 2618 1176 factus
2639 1117 2715 1162 est
2737 1107 2793 1161 in
2824 1107 3073 1177 spiritum
3100 1122 3208 1161 non
3230 1106 3518 1174 viventem,
3540 1108 3629 1164 sed
3650 1115 3788 1182 ritili-

2262 1183 2495 1253 cdntem.
2513 1195 2572 1251 In
2602 1196 2694 1252 illa
2722 1196 2871 1253 enim
2899 1198 3303 1253 resurrectione
3328 1196 3408 1252 sic
3432 1196 3604 1254 anima
3629 1216 3791 1273 corpus

2259 1278 2576 1357 viviﬁcabit,
2608 1298 2669 1344 ut
2696 1289 2847 1345 nullo
2872 1303 3038 1361 egens
3082 1288 3342 1345 alimento
3389 1282 3536 1344 vivat
3555 1304 3789 1363 perpetuo.

2332 1384 2549 1442 Diceret
2583 1384 2673 1441 ille
2704 1384 2896 1442 :Licet
2915 1382 3170 1440 Christus
3219 1382 3314 1454 qui
3364 1381 3508 1439 Deus
3558 1383 3654 1439 fuit
3681 1428 3695 1453 ,
3736 1390 3791 1444 ita

2261 1477 2440 1546 potuit
2465 1476 2754 1544 vivilicari,
2806 1491 2907 1548 ego
2936 1492 3047 1532 non
3104 1475 3186 1533 sic
3230 1483 3442 1549 potero,
3488 1476 3578 1547 qui
3619 1486 3791 1535 tantum

2261 1567 2428 1623 homo
2463 1583 2606 1623 sum.
2650 1566 2796 1622 Nihil
2850 1568 3095 1638 impedit,
3147 1567 3225 1622 ait
3269 1560 3508 1634 Paulus,
3538 1567 3655 1638 quia
3698 1569 3795 1626 licet

2260 1655 2515 1714 Christus
2540 1656 2684 1713 Dens
2704 1656 2796 1724 sit,
2831 1658 3010 1712 tamen
3032 1672 3136 1710 non
3156 1656 3306 1727 prius
3340 1654 3443 1711 fuit
3468 1644 3595 1711 illud
3633 1673 3795 1729 corpus

2260 1749 2401 1820 quod
2422 1758 2502 1804 est
2524 1749 2825 1820 spirituale,
2853 1749 2946 1803 sed
2983 1749 3138 1819 prius
3171 1746 3275 1803 fuit
3303 1747 3441 1802 illud
3465 1763 3653 1817 corpus
3687 1752 3797 1820 quod

2191 1815 2235 1871 Β
2260 1815 2346 1895 est
2375 1815 2608 1896 animale
2633 1860 2646 1896 :
2671 1849 2725 1896 et
2767 1840 2956 1895 deinde
2983 1815 3107 1896 ’Ῑυίι
3155 1840 3287 1896 illud
3320 1854 3540 1910 corpus,
3559 1815 3708 1911 gnati
3732 1851 3797 1896 est

2258 1933 2556 2003 spirituale.
2593 1931 2732 1989 Vere
2756 1933 2969 2004 primus
2995 1933 3160 1989 homo
3210 1930 3389 1989 factus
3413 1942 3499 1989 est
3518 1932 3572 1988 in
3600 1934 3797 1989 animam

2258 2022 2556 2091 viventem,
2606 2038 2734 2078 nam
2782 2022 2993 2097 primus
3022 2022 3190 2078 homo
3221 2020 3404 2080 factus
3453 2031 3536 2078 est
3577 2022 3636 2077 de
3686 2031 3795 2076 terra

2260 2122 2516 2181 terrenus,
2559 2121 2614 2169 et
2654 2111 2929 2169 secundus
2960 2112 3137 2169 Adam
3157 2112 3335 2169 factus
3379 2122 3464 2168 est
3499 2112 3555 2167 in
3589 2112 3798 2183 spiritum

2252 2204 2640 2261 'vivillcantem.
2665 2203 2803 2279 Nam
2823 2204 3082 2259 secundus
3112 2204 3266 2259 homo
3296 2203 3479 2261 factus
3505 2212 3586 2261 est
3613 2204 3797 2260 eteleslis

2255 2296 2483 2353 veniens
2505 2296 2571 2351 de
2602 2294 2751 2352 celo.
2788 2294 2856 2350 Et
2875 2294 3051 2367 qualis
3075 2294 3178 2350 fuit
3199 2295 3417 2366 primus
3449 2292 3540 2350 ille
3568 2303 3801 2359 terrenus,

2259 2387 2391 2443 tales
2419 2394 2549 2444 sunt
2574 2395 2625 2442 et
2654 2387 2866 2454 terreni,
2897 2386 2994 2458 qui
3020 2385 3305 2442 adhaerent
3355 2386 3483 2457 ejus
3523 2384 3799 2441 terrenitati.

2259 2478 2330 2533 Et
2350 2477 2525 2551 qualis
2550 2468 2655 2535 fuit
2676 2478 2952 2535 secundus
2968 2479 3058 2534 ille
3079 2477 3326 2545 caelestis,
3357 2477 3495 2532 tales
3512 2477 3667 2532 etiam
3678 2484 3806 2532 emat

2257 2568 2561 2626 imitatores
2618 2570 2738 2642 ejus
2801 2569 3053 2625 cretestes.
3128 2568 3196 2625 Et
3258 2568 3692 2639 quandoquidem
3733 2568 3805 2637 qui

2257 2667 2537 2718 terrenum
2567 2660 2893 2729 sectabitur,
2921 2669 3172 2717 terrenus
3192 2660 3297 2717 erit
3317 2677 3331 2728 ;
3355 2659 3528 2731 etqui
3549 2658 3807 2725 ccelestem,

2256 2751 2538 2819 caelestis;
2570 2752 2739 2823 igitur
2788 2752 2928 2805 sicut
2955 2752 3283 2822 portavimus
3336 2750 3624 2823 imaginem
3651 2750 3806 2804 terreni

2252 2840 2388 2898 Adae
2415 2858 2512 2913 per
2536 2850 2845 2913 peccatum,
2870 2843 2949 2897 sic
2980 2843 3179 2899 amodo
3231 2851 3505 2918 portemus
3568 2840 3807 2911 imaginem

2256 2933 2480 2988 caelestis
2504 2932 2656 3001 Adae,
2681 2944 2780 3005 per
2796 2932 3070 3005 justitiam
3106 2926 3233 2989 vita:
3257 2951 3271 2988 :
3299 2942 3386 3001 ut,
3415 2931 3663 3003 deposito
3678 2944 3809 2985 onere

2256 3021 2612 3091 terrenitatis,
2668 3023 3003 3093 gaudeamus
3026 3023 3081 3079 in
3120 3023 3338 3080 levitate
3368 3022 3560 3095 gloria:
3586 3020 3807 3077 caelestis.

574 3120 810 3173 minatur
837 3134 1039 3190 corpus
1062 3120 1303 3178 hominis
1331 3122 1388 3176 in
1421 3126 1833 3196 corruptionem,
1862 3127 1916 3184 id
1944 3138 2050 3198 est,
2086 3130 2154 3186 ad

2257 3108 2397 3181 Quia
2422 3113 2587 3170 modo
2622 3113 2838 3170 dixerat
2868 3115 3048 3185 qualis
3077 3114 3181 3171 fuit
3228 3116 3497 3183 etelestis,
3524 3115 3655 3171 tales
3682 3121 3811 3168 erunt

573 3210 680 3265 lzoc
713 3219 774 3266 ut
801 3212 1141 3282 eorruptioni
1172 3214 1471 3285 subjaceat.
1512 3215 1801 3276 Seminare
1829 3221 1962 3278 dicit
1999 3238 2030 3278 a
2066 3223 2156 3280 die

571 3316 683 3369 quo
713 3302 1019 3371 concipitur
1046 3303 1233 3371 homo,
1271 3321 1446 3376 usque
1470 3307 1539 3363 ad
1562 3309 1706 3365 diem
1734 3314 2155 3373 resurrectionis

571 3389 842 3447 omnium.
906 3391 1221 3447 Seminatur
1277 3393 1501 3465 quidem
1534 3396 1589 3451 in
1632 3401 1984 3472 corruptione
2015 3419 2029 3456 :
2063 3404 2155 3458 sed

570 3480 749 3550 surget
776 3481 833 3532 in
860 3480 1276 3553 incorruptione,
1329 3485 1405 3539 id'
1430 3495 1518 3542 est
1558 3497 1618 3543 ut
1659 3489 1729 3545 ab
1769 3492 1920 3546 omni
1965 3508 2157 3548 corru-

568 3569 719 3624 tione
753 3570 998 3627 alienum
1018 3572 1111 3641 sit,
1147 3581 1204 3628 et
1229 3574 1336 3631 hoc
1363 3591 1588 3654 surgere
1615 3580 1720 3635 erit
1751 3580 1806 3636 in
1829 3582 1919 3637 die
1937 3582 2151 3652 judicii.

570 3660 881 3717 Seminatur
910 3679 1018 3719 non
1064 3666 1243 3721 solum
1275 3667 1339 3721 in
1370 3671 1741 3741 corruptione,
1775 3673 1870 3728 sed
1900 3675 2063 3729 etiam
2100 3677 2156 3731 in

563 3753 916 3823 ignobilitate.
946 3756 1005 3811 l’n
1037 3759 1209 3815 multa
1238 3762 1384 3817 enim
1413 3764 1623 3825 vilitate
1652 3766 1837 3822 carnis
1858 3767 2026 3823 homo
2059 3784 2155 3840 εθ-

563 3853 809 3913 ncratur,
834 3848 924 3901 sed
950 3857 1079 3906 tunc
1108 3862 1284 3923 surget
1306 3854 1361 3907 in
1383 3854 1853 3927 gloria,perpetua
1879 3860 2150 3916 habenda.

567 3933 877 3992 Seminamr
916 3939 1006 3995 hic
1034 3941 1089 3994 in
1120 3943 1455 4013 inﬁrmitate,
1479 3948 1737 4004 omnibus
1771 3950 1920 4005 enim
1948 3952 2156 4008 morbis

565 4035 620 4079 et
654 4027 889 4084 diversis
916 4030 1005 4083 hic
1033 4031 1277 4102 snbjacet
1305 4036 1545 4092 miseriis
1577 4056 1590 4092 :
1619 4039 1712 4092 sed
1739 4047 1870 4095 tunc
1897 4050 2074 4112 surget
2100 4043 2157 4096 in

565 4118 762 4173 virtute
811 4120 1270 4191 impassibilitatis
1313 4136 1369 4182 et
1415 4129 1869 4188 immortalitatis.
1909 4130 2156 4189 Semina-

567 4218 656 4261 tur
693 4209 783 4264 hic
814 4228 1003 4283 corpus
1045 4217 1298 4286 animale,
1339 4221 1485 4291 quod
1528 4223 1865 4292 qumidianis
1902 4222 2154 4282 ciborum

567 4300 827 4360 fomentis
856 4308 1153 4363 sustentari
1195 4319 1432 4381 oportet,
1474 4321 1537 4368 ut
1578 4314 1860 4384 quodlibet
1905 4317 2152 4375 animal:

560 4394 653 4448 sed
683 4402 817 4453 tunc
847 4406 1025 4471 surget
1059 4415 1248 4472 corpus
1278 4402 1579 4473 spirituale,
1605 4405 1753 4474 quod
1797 4405 1990 4476 spiritu
2030 4410 2151 4465 solo

2256 3203 2600 3260 adhaerentes
2643 3203 2715 3259 ei.
2761 3203 2984 3260 Dixerat
3023 3205 3189 3260 etiam
3226 3208 3519 3276 portemus
3559 3202 3811 3273 imaginem

2255 3296 2496 3352 ctelestis
2520 3314 2538 3350 :
2558 3310 2627 3352 ne
2646 3295 2937 3353 occasione
2964 3296 3164 3351 horum
3190 3295 3813 3365 verbornm'putarcmus

2254 3389 2415 3445 nobis
2448 3389 2517 3445 ad
2542 3387 2901 3445 salvationem
2933 3386 3184 3447 sufﬁcere
3201 3396 3448 3443 veterem
3478 3386 3737 3443 hominem
3770 3382 3812 3434 in

2254 3478 2528 3549 baptismo
2573 3478 2879 3549 deponere,
2936 3485 2992 3533 et
3034 3493 3238 3534 novum
3297 3478 3586 3535 hominem
3650 3475 3815 3531 ibidem

2256 3584 2565 3625 assumere.
2615 3568 2950 3624 Determinat
2977 3566 3182 3626 Paulus
3226 3584 3339 3625 non
3388 3570 3531 3626 satis
3581 3582 3694 3623 esse
3733 3566 3816 3619 hoc

2255 3660 2423 3716 modo
2462 3660 2758 3732 imaginem
2799 3660 3041 3717 celestis
3086 3652 3305 3733 portare
3352 3702 3373 3730 ,
3427 3660 3540 3717 nisi
3597 3658 3816 3716 continua

2256 3751 2562 3808 imitatione
2586 3767 2815 3822 operum
2847 3762 3148 3823 portemus.
3180 3753 3391 3809 Littera
3435 3753 3521 3811 sic
3559 3751 3813 3824 jungitur:

2256 3842 2409 3900 Licet
2428 3843 2694 3911 dixerim,
2744 3851 3027 3915 portemus
3093 3844 3394 3916 imaginem
3464 3843 3732 3907 caelestis,
3779 3847 3820 3893 et

2255 3935 2464 3992 erimus
2490 3935 2759 4003 ctelestes,
2796 3944 2980 3991 tamen
3011 3935 3111 3990 hoc
3137 3935 3277 4003 dico,
3309 3935 3368 3992 id
3432 3948 3520 3993 est
3554 3931 3819 3991 determine

2256 4025 2432 4092 vobis,
2457 4025 2673 4095 fratres,
2702 4025 2971 4096 quoniam,
3002 4023 3058 4079 id
3079 4032 3164 4080 est
3187 4025 3357 4096 quod,
3389 4041 3523 4080 caro
3545 4034 3596 4079 et
3616 4020 3820 4094 sanguis,

2256 4115 2310 4171 id
2342 4123 2445 4182 est,
2487 4114 2582 4186 qui
2608 4115 2763 4169 carni
2790 4115 3147 4186 acquiescant
3191 4122 3247 4170 et
3271 4115 3563 4188 sanguini,
3604 4111 3819 4184 quaedam

2255 4208 2403 4264 enim
2424 4215 2647 4278 peccata
2671 4215 2799 4263 sunt
2826 4222 2893 4262 ex
2915 4207 3257 4275 earnalitate,
3281 4215 3344 4262 ut
3377 4207 3569 4263 mollis
3594 4202 3822 4261 luxuria:

2256 4296 2505 4367 quadam
2533 4311 2598 4351 ex
2622 4295 2757 4351 vitio
2793 4294 3078 4367 sanguinis
3100 4336 3116 4363 ,
3148 4305 3210 4352 ut
3233 4297 3314 4351 ira
3339 4312 3413 4352 ex
3441 4290 3820 4352 melancholia:

2256 4395 2313 4443 et
2363 4387 2682 4458 quicunque
2746 4401 2967 4443 carnem
3024 4395 3080 4442 et
3119 4387 3453 4458 sanguinem
3504 4384 3714 4458 peccati
3753 4396 3825 4437 se-

559 4488 790 4559 regitur,
826 4490 949 4548 sine
971 4508 1074 4549 usu
1104 4495 1354 4568 corporei
1394 4495 1528 4553 cibi.
1557 4494 1698 4552 Vere
1737 4497 1975 4556 animale
2019 4517 2145 4558 eor-

2253 4487 2485 4546 ctantur,
2520 4479 2577 4533 hi
2606 4494 2709 4532 non
2745 4487 2964 4549 possunt
2991 4480 3256 4550 possidere
3284 4495 3514 4551 regnum
3540 4477 3657 4544 Dei,
3691 4476 3739 4531 id

558 4592 665 4649 pus
704 4581 1046 4641 seminatur:
1083 4584 1352 4661 siquidem
1392 4586 1500 4643 hoc
1534 4596 1777 4644 vestrum
1802 4606 1991 4662 corpus
2022 4595 2147 4648 ani-

559 4672 702 4727 male
734 4683 837 4742 est,
865 4687 1042 4749 surget
1076 4678 1220 4734 idem
1263 4680 1547 4749 spirituale
1584 4697 1786 4754 corpus
1823 4703 1836 4742 :
1878 4686 2147 4758 siquidem

559 4764 845 4834 spirituale
875 4777 1007 4826 tunc
1030 4770 1156 4826 erit.
1191 4769 1290 4826 Vel
1314 4772 1472 4827 aliter
1505 4792 1517 4828 :
1550 4772 1692 4831 Vere
1726 4792 1926 4849 corpus
1962 4790 2151 4854 surget

557 4855 875 4927 spirituale;
900 4876 1029 4915 nam
1053 4861 1099 4916 si
1123 4876 1325 4932 corpus
1352 4863 1516 4919 modo
1543 4864 1747 4922 dicitur
1774 4868 2030 4937 animale,
2052 4885 2149 4926 vo-

557 4948 797 5004 candum
827 4959 913 5007 est
931 4952 1097 5008 etiam
1122 4953 1265 5010 idem
1298 4971 1498 5026 corpus
1520 4957 1804 5028 spirituale
1833 4979 1845 5016 :
1875 4978 2001 5017 nam
2025 4963 2147 5019 ani-

556 5040 702 5095 male
748 5058 858 5097 non
913 5045 1209 5115 diceretur,
1255 5048 1363 5103 nisi
1411 5059 1661 5121 respectu
1715 5052 2036 5122 spiritualis,
2084 5064 2146 5110 ut

556 5133 719 5199 quasi
756 5135 868 5189 vim
915 5136 1267 5193 relativorum
1296 5140 1567 5210 ,babeant,
1611 5144 1848 5200 animale
1883 5152 1939 5200 et
1983 5144 2146 5214 spiri-

556 5224 704 5279 tuale
733 5245 744 5279 :
777 5242 904 5282 vere
924 5243 1124 5301 corpus
1158 5230 1265 5284 hoc
1289 5241 1373 5285 est
1420 5218 1676 5300 animale,
1708 5235 1846 5287 sicut
1886 5235 2144 5304 scriptum

553 5325 632 5369 est
660 5317 715 5371 in
745 5316 944 5373 Genesi
968 5318 1123 5392 (Gen.
1157 5336 1218 5387 ιι,
1251 5320 1346 5393 7).:
1378 5320 1598 5378 Primus
1632 5324 1808 5391 homo,
1842 5324 1931 5380 hic
1958 5333 2140 5380 autem

554 5407 738 5465 dictus
781 5419 868 5465 est
912 5409 1108 5478 Adam,
1147 5411 1324 5481 factus
1353 5412 1512 5466 estin
1542 5413 1781 5472 animam
1827 5430 1937 5470 non
1964 5415 2142 5471 virili-

553 5509 770 5554 cantem
793 5515 994 5571 corpus
1020 5519 1034 5555 :
1057 5502 1186 5573 quia
1211 5502 1321 5558 cito
1350 5512 1528 5559 morte
1559 5504 1888 5561 dissolutum
1916 5514 2019 5575 est,
2043 5506 2139 5563 sed

553 5589 610 5641 in
634 5590 871 5643 gitimam
899 5590 1153 5645 virentem
1173 5632 1189 5659 ,
1222 5591 1275 5646 id
1313 5602 1396 5648 est
1422 5607 1547 5665 qua:
1578 5593 1785 5650 viveret
1815 5596 1889 5651 ibi
1939 5597 1994 5652 in
2022 5613 2145 5654 car-

556 5692 625 5731 ne
652 5695 664 5729 :
700 5677 803 5732 nisi
835 5678 982 5733 enim
1013 5694 1215 5750 corpus
1251 5680 1390 5737 cibis
1422 5682 1684 5750 aleretur,
1717 5685 1899 5741 anima
1931 5703 2039 5742 non
2063 5688 2143 5744 vi-

556 5776 705 5822 veret
753 5766 847 5827 ibi.
883 5766 947 5823 Et
976 5767 1098 5825 ideo
1127 5770 1327 5828 dicitur
1351 5772 1556 5845 vivens,
1598 5774 1755 5847 quasi
1790 5777 1983 5835 alienis
2012 5778 2144 5836 viri-

2252 4568 2467 4640 seipsos
2507 4568 2564 4623 in
2609 4566 2792 4623 futura
2834 4568 3028 4641 gloria.
3078 4567 3329 4640 Regnum
3364 4571 3528 4630 enim
3578 4567 3674 4623 Dei
3713 4562 3828 4620 nihil

2250 4659 2400 4714 aliud
2447 4666 2553 4726 est,
2602 4673 2769 4728 quam
2814 4658 2919 4729 ipsi
2955 4658 3229 4726 homines,
3272 4658 3330 4713 in
3380 4658 3498 4715 hac
3538 4659 3652 4713 vita
3690 4667 3828 4713 nemo

2242 4750 2492 4821 possidet
2516 4764 2575 4805 se
2604 4768 2618 4806 :
2643 4748 2773 4820 quia
2809 4749 2959 4806 nulla
3001 4749 3123 4807 dies
3172 4759 3280 4818 est,
3308 4766 3426 4822 qua
3470 4766 3591 4808 non
3620 4749 3829 4822 quisque

2249 4839 2597 4911 possideatur
2642 4853 2674 4893 a
2713 4846 2958 4909 peccato,
3000 4838 3098 4896 sed
3134 4838 3192 4895 in
3243 4839 3441 4901 fausta
3517 4837 3830 4897 beatitudine

2249 4930 2485 5001 quisque
2506 4928 2783 4999 justorum
2828 4928 3133 5000 possidebit
3168 4946 3246 4987 se.
3304 4929 3414 4988 Ubi
3466 4946 3645 4987 nemo
3686 4934 3831 4985 tenta-

2249 5022 2400 5077 tione
2442 5021 2626 5077 carnis
2677 5021 3087 5093 inquietabitur.
3140 5021 3281 5078 Vere
3325 5038 3471 5080 caro
3524 5033 3587 5079 et
3630 5019 3831 5093 sanguis

2250 5128 2361 5168 non
2387 5112 2745 5182 possidebunt
2767 5129 2997 5187 regnum
3022 5113 3118 5170 Dei
3143 5133 3158 5169 :
3189 5114 3330 5186 lnam
3352 5130 3505 5173 caro
3529 5124 3589 5172 et
3630 5112 3831 5186 sanguis

2247 5212 2334 5260 est
2385 5205 2685 5276 corruptio.
2714 5204 2962 5278 Regnum
3010 5216 3192 5264 autem
3234 5206 3331 5265 Dei
3358 5218 3457 5266 est
3486 5208 3830 5279 ineorruptio.

2252 5296 2539 5370 Corruptio
2598 5313 2731 5355 vero
2808 5316 2914 5355 non
2980 5301 3271 5371 possidebit
3349 5301 3832 5376 incorruptelant:

2241 5388 2408 5460 igitur
2459 5405 2614 5447 (caro
2655 5398 2711 5446 et
2757 5391 2985 5464 sanguis
3041 5408 3152 5449 non
3214 5393 3598 5464 possidebunt
3624 5408 3833 5467 regnum

2241 5479 2356 5537 Dei.
2438 5480 2579 5549 Quia
2659 5482 2823 5538 modo
2897 5484 3153 5554 superius
3239 5485 3470 5545 dixerat
3529 5505 3549 5544 :
3607 5485 3836 5554 Quicun-

2243 5587 2352 5644 que
2415 5573 2717 5643 portaverit
2755 5572 3080 5644 ‘imaginem
3136 5575 3399 5649 etnlestis,
3464 5585 3726 5649 resurget
3789 5573 3835 5627 in

2243 5667 2437 5739 gloria.
2468 5666 2693 5726 Dixerat
2734 5665 2933 5721 iterum
2982 5666 3131 5737 quod
3162 5680 3294 5722 caro
3321 5675 3380 5722 ct
3414 5668 3659 5740 sanguis
3704 5665 3837 5721 nullo

2247 5760 2411 5816 modo
2458 5759 2815 5829 possidebunt
2844 5774 3072 5829 regnum
3100 5758 3232 5817 Dei:
3270 5776 3336 5816 ne
3392 5761 3522 5820 haec
3558 5763 3725 5819 verba
3768 5761 3836 5814 in-
