3928 6412
79 367 180 423 213

729 366 1096 426 EXPOSlTlO
1133 367 1200 424 IN
1239 367 1620 426 EPISTOLAS
1653 369 1880 426 PAULI.
1919 401 1989 410 —
2027 368 2096 426 IN
2130 370 2350 429 EPIST.
2393 373 2414 427 l
2447 373 2540 428 AD
2577 373 2732 430 CO-R.

3211 385 3347 456 ait

81 481 346 550 telligeret
365 479 580 552 aliquis
604 495 725 538 esse
761 483 1060 551 contraria,
1111 483 1272 539 solvit
1316 483 1450 539 illud
1492 484 1677 542 absol-
1706 492 1754 550 Α
1779 487 1869 540 ubi
1888 495 1965 542 est
1995 485 2160 544 modo
2185 496 2306 543 tuus
2350 489 2620 558 stimulus,
2667 491 2721 546 id
2762 499 2845 546 est
2892 497 3190 562 peecatumf
3213 502 3360 569 quod

81 572 254 626 vendo
282 587 522 627 omnem
549 573 1015 642 contrarietatem,
1062 573 1253 630 dicens
1283 593 1296 629 :
1321 572 1400 630 Ne
1423 574 1682 644 praedicta

81 661 240 715 verba
290 675 424 715 mea
499 663 640 718 male
699 661 1155 732 interpretemini,
1204 678 1320 716 ecce
1369 663 1490 716 dico
1539 664 1682 718 vobis

83 756 395 825 mysterium
422 798 441 824 ,
474 757 526 812 id
567 765 652 813 est
701 757 891 828 aperio
928 756 1087 812 vobis
1125 771 1241 812 rem
1287 757 1583 824 occultam,
1622 765 1684 814 ut

81 863 170 915 per
189 847 314 916 ejus
344 850 692 918 apertionem
743 847 990 904 auferam
1024 864 1055 902 a
1095 833 1252 903 vobis
1275 847 1441 918 huius
1465 848 1545 903 rei
1575 847 1681 904 du-

83 937 358 992 bietatem.
415 937 560 994 Vere
603 940 817 1010 quidem
866 947 954 996 est
983 938 1170 1010 (sicut
1211 937 1471 1010 praefatus
1515 939 1680 1010 sum)

82 1028 221 1096 quod
243 1044 439 1083 omnes
464 1045 813 1100 resurgemus,
841 1028 896 1085 id
921 1037 1006 1086 est
1027 1044 1220 1084 omnes
1265 1044 1496 1100 corpora
1527 1045 1684 1086 resu-

86 1132 315 1184 memus,
346 1118 449 1172 sed
475 1126 656 1174 tamen
683 1135 785 1172 non
815 1134 990 1174 omnes
1022 1117 1511 1186 immutabimur,in
1539 1119 1682 1175 acci-

84 1209 273 1278 piendo
300 1209 546 1280 gloriam
576 1227 591 1265 :
623 1210 755 1282 quia
784 1211 1008 1282 quidam
1035 1218 1327 1282 resurgent
1353 1210 1423 1265 ad
1460 1224 1680 1280 poenam

87 1299 183 1353 sibi
207 1300 686 1370 augmentandam
715 1320 730 1356 :
758 1302 852 1356 alii
897 1302 966 1357 ad
1005 1301 1255 1373 gloriam.
1310 1299 1682 1371 Resurgemus

83 1390 297 1459 quidem
349 1392 414 1445 in
465 1401 726 1448 momento
762 1434 778 1460 ,
830 1401 884 1448 et
925 1401 988 1447 ut
1029 1392 1295 1464 majorem
1359 1389 1677 1446 facilitatem

86 1482 512 1538 resurrectionis
585 1483 816 1554 aperiat,
863 1482 1090 1553 corripit
1148 1481 1296 1552 quod
1340 1481 1572 1549 dixerat,
1623 1479 1676 1535 in

87 1582 381 1641 momento,
419 1573 651 1630 dicens:
687 1574 1031 1646 Resurgemus
1061 1575 1117 1628 in
1143 1574 1250 1626 ictu
1276 1572 1438 1638 oculi,
1481 1572 1536 1627 id
1571 1579 1675 1638 est,

85 1681 240 1736 quam
271 1666 386 1722 cito
419 1666 617 1724 oculus
645 1667 844 1722 transit
870 1667 964 1739 .ad
1003 1664 1397 1737 pervidendum
1423 1663 1633 1735 aliquid
1659 1683 1672 1717 :

90 1758 184 1824 vel,
222 1773 398 1828 quam
452 1758 562 1813 cito
610 1759 870 1830 palpebra
923 1759 1195 1829 palpebrae
1237 1758 1507 1830 jungitur.
1561 1756 1676 1813 Hoc

89 1857 256 1903 autem
287 1849 386 1904 lict
437 1849 493 1904 in
540 1849 664 1903 tuba
696 1850 984 1904 novissima
1015 1868 1029 1904 :
1061 1865 1169 1905 non
1199 1847 1347 1919 quod
1377 1863 1482 1902 vox
1530 1847 1675 1903 tuba:

91 1939 156 1992 ibi
187 1938 453 1994 audiatur
480 1980 496 2006 ,
527 1939 624 1994 sed
655 1940 799 1996 sicut
822 1955 929 1996 vox
949 1940 1096 1995 tuba:
1121 1939 1358 1996 victores
1383 1938 1578 1994 invitat
1606 1926 1695 1994 ad-

90 2027 353 2097 palmam;
407 2028 572 2085 vietis
613 2044 744 2085 vero
783 2030 843 2085 lit
873 2031 941 2085 ad
983 2039 1246 2086 terrorem
1280 2048 1294 2084 :
1323 2029 1399 2084 ita
1425 2045 1532 2085 vox
1585 2029 1675 2084 illa

91 2119 294 2190 signum
323 2120 443 2174 erit
465 2119 631 2191 justis
679 2129 741 2176 ut
770 2121 1037 2192 triumphi
1079 2122 1337 2176 meritum
1379 2120 1674 2190 accipiant,

91 2209 261 2281 impiis
301 2221 497 2268 autem
544 2222 809 2270 terrorem
859 2229 1034 2285 pinnae
1074 2213 1320 2270 incutiat.
1371 2210 1677 2269 Novissima

95 2301 223 2368 ideo,
259 2303 396 2375 quia
457 2319 584 2361 cum
624 2305 828 2362 multas
873 2320 1035 2361 voces
1085 2304 1294 2361 dederit
1338 2303 1592 2359 Christus
1620 2303 1677 2358 in

94 2393 301 2461 mundo,
329 2395 482 2450 unde
507 2405 734 2453 terreret
756 2397 976 2467 impios,
1004 2397 1303 2452 lattiiicarct
1323 2396 1503 2467 justos
1533 2414 1546 2450 :
1571 2411 1678 2451 vox

98 2483 373 2555 illajudicii
391 2485 697 2542 novissima
712 2487 816 2543 erit
831 2503 1223 2544 consummans
1239 2487 1405 2558 justis
1423 2487 1674 2559 gloriam,

98 2575 262 2646 impiis
290 2575 440 2630 iram
467 2576 886 2633 indeﬁcientem.
911 2577 979 2632 Et
999 2579 1128 2648 quia
1157 2578 1224 2633 de
1247 2578 1379 2633 tuba
1412 2577 1517 2634 hac
1539 2578 1678 2633 nihil

101 2666 313 2736 amplius
333 2667 578 2736 dixerat,
611 2667 795 2724 subdit
820 2687 834 2722 :
862 2667 1017 2738 152
1047 2668 1190 2726 Bene
1220 2667 1346 2725 dico
1362 2669 1512 2724 tuba.
1532 2668 1678 2722 Nam

100 2765 230 2811 canet
265 2759 422 2813 tuba.
472 2756 594 2813 Non
660 2759 988 2815 determinat
1033 2768 1218 2815 utrum
1274 2758 1527 2815 Christus
1592 2759 1677 2814 vel

101 2850 306 2919 angelus
346 2850 486 2907 tuba
517 2850 610 2907 illa
636 2867 834 2909 canere
861 2852 1074 2909 debeat.
1108 2852 1206 2910 Vel
1241 2861 1304 2909 ut
1330 2854 1404 2909 sit
1426 2854 1679 2909 nomina-

105 2940 250 3009 tivus,
295 2942 436 2998 tuba
488 2942 580 2998 illa
628 2951 788 3000 canet
820 2952 870 2999 et
924 2943 982 2998 in
1035 2959 1168 3000 voce
1213 2945 1358 3000 tuba:
1409 2954 1678 3016 resurgent

105 3032 274 3084 mortui
297 3033 600 3104 incorrupti
625 3075 641 3101 ,
670 3033 725 3089 id
748 3042 833 3090 est
878 3034 934 3089 in
960 3034 1270 3107 integritate
1300 3035 1674 3091 membrorum

105 3123 371 3178 restaurati
405 3141 420 3176 :
453 3121 673 3192 quidam
694 3123 1073 3180 tamendolore
1110 3139 1397 3194 pmnarum
1425 3139 1679 3180 corrum-

106 3212 264 3281 pendi,
299 3215 403 3270 sed
437 3231 530 3270 nos
567 3215 727 3272 electi
770 3215 866 3272 Dei
909 3216 1332 3284 immutabimur,
1359 3217 1676 3288 accipiendo

109 3302 310 3371 gloriam
358 3307 809 3364 resurrectionis.
868 3307 1001 3365 Vere
1060 3309 1465 3364 immutabimur
1503 3327 1515 3362 :
1551 3325 1674 3362 nam

107 3405 305 3464 oportet,
334 3398 394 3454 id
435 3406 520 3454 est
550 3401 650 3471 (ut
699 3415 824 3456 vere
850 3400 963 3455 sint
994 3399 1334 3470 Scriptum)
1367 3399 1677 3456 inevitabile

107 3494 178 3538 est
199 3504 211 3539 :
231 3494 460 3556 oportet,
488 3488 734 3558 inquam,
767 3487 1109 3560 corruptibile
1130 3488 1250 3555 hoc,
1275 3488 1327 3542 id
1349 3497 1454 3556 est,
1475 3503 1675 3558 corpus

108 3582 174 3630 tot
219 3578 461 3634 miseriis
497 3580 775 3647 attritum,
811 3580 1027 3635 induere
1087 3579 1553 3650 incorruptionem.
1611 3579 1677 3635 Ει

109 3668 219 3735 quia
241 3669 625 3741 incorruptum
655 3679 842 3741 posset
864 3686 986 3726 esse
1026 3670 1094 3726 ad
1119 3679 1353 3741 tempus,
1388 3679 1450 3725 ut
1494 3680 1673 3727 tamen

111 3773 200 3811 non
223 3761 478 3816 evaderet
503 3780 518 3829 ;
555 3761 760 3816 addidit
787 3769 836 3816 et
863 3770 1077 3833 oportet
1101 3761 1322 3816 mortale
1349 3762 1447 3816 hoc
1474 3777 1675 3834 corpus

114 3846 303 3904 induere
325 3849 816 3904 immortalitatem.

169 3937 292 3997 Vere
340 3943 452 3998 hoc
500 3943 730 3998 mortale
785 3941 878 3996 ﬁet
934 3941 1244 3999 immortale
1291 3963 1304 3998 :
1357 3960 1481 3998 nam
1534 3961 1675 3998 mors

115 4030 356 4102 absorpta,
398 4025 452 4090 id
491 4043 576 4090 est
595 4033 870 4090 destructa
898 4042 952 4089 et
976 4034 1237 4105 deglutita
1257 4045 1360 4104 est,
1384 4037 1439 4090 in
1456 4037 1674 4090 victoria

113 4118 312 4192 Christi,
366 4126 588 4196 quando
618 4134 789 4180 morte
819 4141 919 4181 sua
957 4135 1191 4182 mortem
1237 4129 1513 4198 superavit
1544 4149 1556 4183 :
1590 4130 1674 4184 vel

116 4206 161 4259 in
185 4212 400 4267 victoria
425 4230 523 4267 sua
547 4255 562 4280 ,
587 4214 643 4268 id
676 4221 761 4269 est
814 4215 1010 4272 mortis
1043 4234 1055 4268 :
1089 4232 1187 4286 per
1221 4217 1324 4272 hoc
1349 4218 1494 4274 enim
1529 4222 1676 4291 quod

116 4312 241 4356 mors
263 4303 519 4359 invadere
557 4304 834 4359 Christum
860 4306 1292 4376 praesumpsit,in
1309 4323 1418 4378 quo
1430 4325 1537 4366 non
1559 4321 1677 4368 erat

118 4400 392 4460 peccatum,
417 4393 564 4464 quod
585 4401 851 4449 estcausa
875 4394 1088 4458 mortis,
1131 4395 1186 4449 in
1234 4395 1350 4465 ipsa
1400 4411 1499 4451 sua
1537 4411 1676 4467 pra:-

117 4482 398 4550 sumptione
419 4483 695 4538 occubuit.
712 4481 839 4538 llaec
860 4493 1042 4538 autem
1060 4484 1358 4540 auctoritas
1371 4484 1426 4539 in
1438 4483 1577 4541 Osee
1597 4486 1676 4542 sic

117 4565 398 4629 invenitur:
443 4593 462 4627 ς
495 4573 540 4629 Ο
571 4590 718 4630 mors
749 4589 843 4632 ero
874 4590 1023 4630 mors
1046 4583 1139 4630 tua
1173 4574 1338 4648 (Osee
1372 4575 1527 4648 xm).
1569 4596 1587 4630 ι
1607 4576 1674 4633 Ει

119 4659 224 4726 quia
252 4664 392 4721 hanc
429 4666 759 4735 scripturam
805 4665 1029 4736 quidam
1069 4667 1210 4722 male
1239 4668 1672 4738 interpretaban-

117 4757 206 4819 tur,
233 4755 472 4813 dicentes
527 4757 635 4813 hoc
671 4758 935 4828 scriptum
964 4773 1088 4813 esse
1108 4759 1176 4813 de
1224 4767 1401 4814 morte
1451 4761 1668 4827 animm,

117 4855 206 4898 non
241 4849 815 4920 corporis,-pra3mittit
843 4847 1047 4904 Paulus
1079 4848 1474 4920 expositionem
1506 4851 1672 4921 hujus

117 4941 426 4996 auctoritatis
450 4941 638 4996 dicens
662 4959 675 4996 :
706 4939 844 4996 Cum
873 4943 1062 4996 autem
1076 4941 1183 4997 hoc
1209 4941 1442 4997 mortale
1467 4956 1668 5012 corpus

119 5022 322 5085 induerit
350 5031 837 5087 immortalitatem.
882 5029 1003 5086 Non
1048 5032 1196 5087 enim
1223 5031 1406 5103 (sicut
1443 5031 1666 5102 quidam

119 5117 608 5193 male‘suspicantur
633 5122 654 5193 )
686 5123 868 5177 anima
897 5121 1015 5177 sola
1048 5136 1280 5177 evasura
1305 5131 1388 5178 est
1409 5131 1666 5192 mortem,

120 5207 195 5261 sed
245 5227 363 5268 cum
425 5214 610 5268 anima
663 5215 827 5270 etiam
871 5223 1267 5285 corpusztunc
1317 5215 1429 5280 iiet,
1487 5215 1540 5270 id
1585 5226 1671 5273 est

121 5292 397 5366 implebitur
417 5318 600 5360 sermo
616 5303 705 5359 ille
731 5303 826 5375 qui
854 5304 1112 5360 scribitur
1138 5303 1195 5358 in
1225 5291 1668 5375 Oseezdbsorpta

121 5400 188 5444 cst
215 5400 418 5454 morsin
433 5399 684 5467 victoria,
701 5401 846 5457 sicut
883 5401 1089 5457 dictum
1110 5409 1214 5457 est.
1239 5399 1414 5457 Verba
1437 5418 1558 5473 quae
1580 5418 1668 5458 se-

120 5496 327 5549 quuntur
346 5491 589 5562 ejusdem
611 5493 889 5564 propheta:
909 5482 1330 5560 esse'dicuntur,
1355 5492 1666 5548 insultantis
1687 5513 1690 5516 ·

122 5570 204 5640 iPSi
229 5584 400 5651 morti,
432 5585 562 5654 quia
587 5585 863 5641 destructa
889 5585 982 5654 sit,
1018 5593 1074 5642 et
1123 5585 1373 5642 dicentis.
1405 5584 1664 5656 Quando-

122 5667 306 5731 ‘l'lidcm
341 5676 598 5748 absorpta
638 5686 743 5742 est,
775 5677 863 5730 ubi
887 5682 984 5744 est,
1016 5694 1046 5731 ο
1081 5694 1242 5745 mors,
1269 5694 1435 5746 nunc,
1461 5685 1553 5731 tua
1584 5679 1664 5732 vi-

127 5761 384 5835 cloria,qua
413 5765 521 5836 juri
557 5776 650 5822 tuo
673 5767 855 5822 omnia
886 5767 1260 5838 subjicicbas?
1301 5767 1387 5836 Et,
1431 5787 1459 5822 ο
1501 5787 1661 5839 mors,

1788 579 1844 633 in
1871 578 2062 634 aculeo
2089 594 2203 634 sua:
2227 579 2436 647 caudae,
2464 592 2694 637 mortem
2723 582 2842 638 loco
2866 586 3059 640 veneni
3081 592 3362 658 gestabat?
3421 648 3423 650 .

1783 670 1875 724 Ait
1900 667 2142 725 Paulus:
2177 670 2316 725 bene
2352 671 2477 727 dico
2503 672 2788 728 stimulus:
2827 690 2954 731 nam
2987 689 3256 747 peceatum
3284 693 3362 737 est

1784 761 2033 816 stimulus
2059 763 2266 829 mortis,
2299 762 2354 817 id
2381 772 2466 818 est
2495 764 2686 820 aculeo
2715 781 2816 820 suo
2846 779 3078 823 mortem
3122 771 3360 828 homini-

1782 851 1888 907 hus
1915 851 2285 907 instimulans.
2317 851 2423 909 Pro
2445 868 2510 909 co
2547 855 2692 924 quod
2717 853 2922 913 Paulus
2964 860 3096 930 quid
3142 862 3212 916 sit
3264 865 3363 918 sti-

1783 943 1966 998 mulus
2030 943 2274 1013 exponit,
2327 932 2689 1013 praecedentia
2717 948 2882 1003 verba
2942 960 3204 1020 putantur
3251 970 3360 1008 non

1782 1049 1904 1090 esse
1925 1033 2098 1104 ipsius
2127 1035 2256 1089 :vel
2290 1035 2338 1090 si
2374 1044 2504 1091 sunt
2529 1035 2705 1102 Pauli,
2735 1053 2844 1104 non
2885 1048 3066 1096 tamen
3117 1052 3361 1100 mutatur

1782 1127 2072 1182 sententia.
2112 1124 2432 1183 Insultando
2462 1129 2608 1183 enim
2637 1129 2769 1184 dicit
2794 1133 2956 1186 morti
2984 1175 2999 1199 ,
3033 1135 3160 1204 quia
3196 1137 3360 1193 modo

1781 1213 2036 1286 absorpta
2058 1230 2136 1271 es.
2171 1214 2272 1270 Ubi
2292 1223 2390 1284 est,
2413 1232 2443 1270 ο
2468 1233 2627 1284 mors,
2643 1226 2735 1271 tua
2755 1219 3006 1274 victoria?
3021 1221 3224 1278 Caetera
3249 1240 3358 1282 non

1781 1313 2085 1361 mutantur.
2136 1304 2216 1361 Ne
2265 1304 2464 1361 iterum
2529 1307 2770 1363 dicerent
2815 1327 2827 1362 :
2879 1308 3018 1364 Cum
3083 1312 3361 1372 destructo

1780 1404 2004 1468 peccato
2056 1396 2372 1453 destruatur
2431 1411 2602 1464 mors,
2654 1397 2793 1453 bene
2840 1400 3002 1456 modo
3045 1403 3203 1458 nobis
3253 1415 3356 1470 est,

1779 1489 1911 1560 quia
1939 1504 2036 1560 per
2069 1488 2241 1560 legem
2269 1489 2616 1544 destruemus
2646 1499 2949 1558 peccatum.
3001 1492 3201 1549 Contra
3256 1495 3360 1550 hoc
3411 1558 3414 1562 η

1778 1580 1982 1637 Paulus
2019 1598 2032 1636 :
2062 1578 2353 1636 Peccatum
2391 1568 2476 1637 est
2506 1580 2765 1638 stimulus
2809 1582 3022 1637 mortis.
3073 1583 3183 1639 Lex
3227 1601 3357 1640 vero

1778 1671 1929 1729 nullo
1975 1671 2140 1728 modo
2167 1671 2412 1728 debilitat
2447 1681 2732 1744 peccatum
2765 1691 2778 1726 :
2805 1672 2916 1728 imo
2942 1682 3021 1728 est
3068 1677 3232 1730 virtus
3257 1717 3272 1742 ,
3309 1686 3362 1730 ct

1778 1770 2131 1834 augmentum
2147 1761 2371 1832 peccati.
2414 1759 2482 1816 Et
2519 1761 2623 1818 hoc
2691 1776 2934 1833 congrue
2990 1764 3255 1828 removit,
3304 1773 3362 1818 ut

1775 1853 1918 1909 sicut
1943 1867 2039 1923 per
2057 1849 2339 1908 Christum
2385 1850 2713 1922 probaverat
2737 1849 2852 1906 ﬁeri
2882 1851 3360 1922 resurrectionem,

1776 1943 1859 2000 sic
1905 1959 2003 2014 per
2049 1941 2304 1998 eumdem
2340 1941 2579 2000 ostendit
2607 1956 2730 1996 esse
2775 1956 2995 1996 omnem
3038 1944 3249 2011 peccati
3278 1957 3364 2006 ree

1777 2034 2115 2091 missionem.
2159 2031 2226 2088 Et
2254 2031 2382 2102 quia
2405 2032 2491 2087 lex
2525 2040 2687 2104 auget
2710 2040 3016 2101 peccatum,
3051 2032 3173 2088 ideo
3214 2033 3362 2088 nulla

1776 2125 1881 2197 legi
1933 2124 2131 2196 gratia,
2187 2124 2283 2179 sed
2327 2122 2436 2176 Deo
2482 2137 2673 2178 omnes
2711 2137 2941 2194 agamus
2978 2122 3225 2192 gratias:
3272 2125 3364 2193 qui

1776 2217 1922 2272 dedit
1962 2216 2111 2271 nobis
2151 2215 2430 2287 victoriam
2458 2214 2667 2287 peccati
2707 2223 2762 2269 ct
2804 2214 3017 2279 mortis,
3057 2222 3111 2268 et
3143 2215 3246 2270 hoc
3272 2229 3365 2285 per

1777 2297 2065 2363 Dominum
2097 2315 2338 2362 nostrum
2369 2304 2554 2382 Iesum
2585 2305 2876 2361 Christum.
2907 2304 2974 2360 Et
3008 2305 3138 2375 quia
3159 2321 3225 2360 ex
3249 2305 3364 2360 Dcn

1775 2408 1832 2455 ct
1856 2414 1951 2470 per
1975 2399 2255 2454 Christum
2285 2397 2466 2453 omnis
2489 2395 2761 2466 'victoria!;
2794 2397 2993 2466 itaque,
3020 2397 3214 2466 fratres
3237 2381 3360 2463 inci,

1776 2499 1840 2547 ut
1860 2469 1993 2546 isitis
2029 2488 2138 2545 Deo
2165 2489 2369 2554 dilecti,
2397 2495 2560 2542 estote
2587 2469 2806 2540 stabiles
2846 2487 2901 2540 in
2924 2487 3087 2553 bono,
3141 2487 3274 2542 dum
3305 2486 3364 2540 in

1777 2582 1962 2652 quiete
2012 2580 2164 2651 pacis
2197 2580 2349 2636 estis.
2399 2578 2589 2633 Estote
2632 2578 2797 2637 etiam
2838 2577 3129 2632 immobiles
3165 2594 3196 2632 a
3237 2577 3362 2644 fide,

1778 2671 1826 2728 si
1870 2671 2095 2727 adversa
2127 2671 2404 2726 irruerint.
2464 2668 2576 2724 Vos
2627 2669 2751 2724 dico
2783 2669 3110 2723 abundantes
3138 2670 3192 2721 in
3213 2684 3364 2738 opere

1779 2762 2016 2829 Domini,
2046 2770 2108 2817 ut
2128 2778 2331 2832 semper
2364 2761 2560 2816 melius
2589 2769 2644 2816 et
2672 2760 2868 2815 melius
2895 2760 3214 2838 opercmini.
3254 2758 3387 2813 Vos.

1779 2853 1903 2911 dico
1943 2869 2160 2924 semper
2197 2855 2418 2907 scientes
2445 2852 2584 2924 quod
2628 2851 2778 2905 labor
2810 2860 2975 2904 vester
3002 2867 3104 2904 non
3138 2860 3213 2905 est
3242 2852 3362 2903 ina-

1780 2946 1884 3011 nis,
1938 2943 1991 2998 id
2044 2951 2130 2999 est
2163 2944 2283 2999 sine
2313 2943 2523 3010 fructu;
2575 2942 2670 3020 sed
2719 2943 2774 2996 in
2822 2941 2993 3012 gloria
3033 2957 3229 3012 magna
3272 2957 3360 2996 rc-

1781 3037 2080 3110 surrecturi
2111 3038 2266 3102 estis,
2291 3045 2344 3091 et
2380 3036 2561 3091 hocin
2590 3034 2840 3098 Domino,
2872 3033 2924 3086 id
2947 3041 3031 3088 est
3050 3048 3144 3101 per
3176 3031 3362 3086 Domi-

1783 3143 1911 3184 num
1944 3127 2372 3184 misericorditer
2402 3134 2650 3196 agentem
2683 3125 2737 3178 in
2767 3123 2942 3178 vobis.

2363 3213 2592 3271 CAPUT
2631 3212 2771 3269 xw.
3022 3266 3041 3280 ,

1853 3325 1873 3358 ς
1918 3305 1995 3361 De
2022 3305 2264 3362 collectis
2285 3311 2487 3372 autem,
2517 3318 2640 3373 qua:
2678 3302 2817 3356 ﬁunt
2850 3303 2904 3356 in
2929 3310 3170 3366 sanctos,
3213 3303 3358 3357 sicut

1784 3417 1802 3449 ί
1847 3397 2094 3454 ordinavi
2125 3397 2180 3452 in
2212 3395 2455 3452 Ecclesia
2481 3393 2726 3461 Galatiae,
2749 3393 2824 3448 ita
2851 3401 2904 3449 et
2923 3406 3022 3447 vos
3044 3390 3224 3448 facite.
3255 3390 3359 3446 Per

1785 3508 1802 3540 ι
1849 3504 2017 3544 unam
2071 3473 2296 3544 sabbati
2358 3486 2742 3556 unusquisque
2805 3492 3050 3540 vestrum
3099 3483 3242 3554 apud
3303 3499 3363 3538 se

1784 3599 1802 3631 ε
1848 3588 2094 3651 reponat,
2141 3579 2444 3635 recondens
2484 3577 2632 3648 quod
2685 3575 2736 3631 ei
2779 3575 2916 3631 bene
2946 3575 3253 3648 placuerit:
3303 3584 3364 3629 ut

1784 3691 1802 3722 ‹
1847 3686 1978 3739 non,
2025 3686 2151 3727 cum
2184 3683 2405 3736 venero,
2455 3675 2587 3724 tunc
2622 3666 2862 3722 collectae
2890 3666 3041 3721 fiant.
3093 3665 3233 3720 Cum
3264 3681 3362 3720 au-

1783 3781 1802 3813 ι
1848 3771 1956 3818 tem
1997 3776 2238 3834 praesens
2263 3759 2439 3826 fuero,
2463 3773 2604 3828 quos
2643 3756 3000 3828 probaveritis
3013 3772 3112 3827 per
3142 3755 3361 3828 Episto-

1783 3874 1801 3906 ι
1846 3854 1949 3922 las,
1987 3854 2088 3910 hos
2117 3853 2330 3908 mittam
2370 3849 2612 3922 perferre
2642 3849 2871 3922 gratiam
2920 3857 3157 3904 vestram
3189 3847 3242 3902 in
3271 3846 3360 3901 Je-

1782 3966 1802 3998 σ
1847 3947 2107 4003 rusalcm.
2164 3944 2318 4012 Quod
2370 3945 2417 4000 si
2469 3942 2695 4014 dignum
2747 3933 2930 4010 fuerit,
2963 3950 3023 3997 ut
3067 3957 3169 4014 ego
3215 3957 3369 4009 eam,

1783 4059 1801 4091 ‹
1847 4054 2061 4094 mecum
2097 4038 2270 4094 ibunt.
2300 4036 2525 4092 Veniam
2549 4045 2730 4090 autem
2779 4034 2847 4089 ad
2875 4050 2993 4102 vos,
3029 4050 3153 4089 cum
3178 4033 3358 4088 Mace-

1783 4147 1802 4180 r
1847 4127 2068 4183 doniam
2135 4126 2522 4198 pertransiero.
2578 4123 2715 4179 Nam
2787 4122 3160 4179 Macedoniam
3235 4138 3359 4193 pcr-

1783 4221 2112 4277 «transibo.
2195 4220 2355 4292 Apud
2459 4236 2558 4276 vos
2639 4230 2822 4277 autem
2911 4217 3142 4273 forsitan
3236 4231 3360 4270 ma-
3417 4227 3424 4230 ’

1784 4333 1802 4364 ι
1847 4313 2024 4380 ncbo,
2070 4311 2153 4367 vel
2222 4312 2388 4368 etiam
2453 4312 2763 4392 hycmabo,
2838 4319 2899 4366 ut
2955 4325 3053 4364 vos
3119 4323 3205 4362 me
3263 4308 3361 4362 de~

1783 4421 1802 4454 ι
1843 4403 2056 4459 ducatis
2111 4402 2268 4474 153
2326 4419 2654 4474 quocunque
2709 4404 2844 4460 iero.
2897 4401 3032 4456 Nolo
3061 4400 3208 4455 enim
3258 4413 3357 4455 vos

1784 4512 1802 4544 ι
1849 4493 2012 4548 modo
2040 4494 2093 4548 in
2132 4494 2366 4549 transitu
2396 4493 2598 4549 videre.
2625 4491 2797 4563 Spero
2827 4492 2972 4547 enim
2996 4505 3082 4546 me
3109 4489 3359 4561 aliquan-

1782 4603 1800 4634 ι
1844 4583 2033 4639 tulum'
2074 4584 2336 4656 temporis
2384 4599 2607 4640 manere
2646 4583 2789 4654 apud
2822 4598 2946 4649 vos,
2992 4582 3036 4636 si
3088 4579 3354 4633 Dominus

1780 4694 1799 4727 ι
1845 4676 2172 4747 permiserit.
2222 4675 2563 4731 Permaucbo
2612 4683 2795 4730 autem
2839 4672 3036 4746 Ephesi
3067 4685 3242 4740 usque
3285 4669 3354 4722 ad

1778 4786 1797 4818 ι
1842 4766 2220 4823 Pentecosten.
2249 4765 2464 4823 Ostium
2492 4766 2638 4822 enim
2669 4764 2801 4820 mihi
2833 4769 3078 4834 apertum
3119 4769 3204 4815 est
3233 4775 3351 4812 ma—

1778 4877 1797 4910 ‹
1843 4875 2045 4930 gnum,
2075 4867 2130 4914 ct
2179 4858 2426 4924 evidens,
2464 4866 2518 4913 et
2545 4853 2842 4910 adversarii
2877 4851 3053 4906 multi.
3087 4849 3142 4904 Si
3172 4859 3353 4904 autem

1777 4967 1796 4999 ι
1842 4949 2050 5004 venerit
2088 4947 2430 5014 Timotheus,
2461 4945 2639 5001 videte
2666 4953 2726 5000 ut
2750 4944 2868 4998 sine
2896 4943 3090 4996 timore
3119 4950 3189 4995 snt
3211 4941 3353 5010 apud

1781 5059 1800 5092 ι
1842 5056 1942 5096 vos
1983 5059 1996 5094 :
2030 5055 2168 5110 opus
2211 5038 2359 5093 enim
2391 5037 2611 5093 Domini
2658 5042 2916 5106 operatur
2959 5033 3101 5088 sicut
3137 5043 3192 5088 et
3229 5049 3351 5104 ego.

1781 5149 1799 5183 ι
1845 5129 1922 5187 Νε
1946 5130 2070 5201 quis
2090 5143 2222 5198 ergo
2243 5127 2395 5181 illum
2422 5135 2642 5196 spernat
2668 5144 2681 5180 :
2715 5122 2966 5179 deducite
2992 5133 3173 5178 autem
3201 5123 3353 5178 illum

1781 5239 1800 5272 ι
1841 5221 1894 5275 in
1919 5235 2072 5291 pace.
2105 5226 2166 5274 ut
2195 5218 2378 5273 veniat
2426 5217 2495 5272 ad
2537 5232 2624 5272 me
2668 5202 2970 5286 {exspecto
2999 5215 3146 5270 enim
3200 5215 3370 5287 illum

1781 5331 1800 5362 ι
1844 5327 1969 5367 cum
2021 5309 2303 5365 fratribus.
2360 5307 2436 5364 De
2487 5307 2678 5379 Apollo
2733 5316 2916 5362 autem
2967 5305 3132 5361 fratre
3200 5307 3353 5360 vobis

1781 5422 1802 5456 ς
1846 5413 2034 5458 notum
2062 5401 2225 5468 facio,
2247 5401 2508 5472 quoniam
2540 5401 2770 5456 multum
2799 5399 2987 5472 rogavi
3007 5414 3154 5465 eum,
3180 5404 3240 5452 ut
3264 5412 3366 5472 ve-l

1779 5513 1797 5544 ι
1840 5494 1983 5548 niret
2009 5493 2078 5548 ad
2107 5509 2203 5549 vos
2227 5508 2353 5548 cum
2401 5490 2664 5547 fratribus
2711 5510 2724 5546 :
2772 5501 2827 5545 et
2873 5491 3064 5561 utique
3096 5506 3205 5544 non
3251 5486 3355 5542 fuit

1779 5606 1798 5638 ‹
1844 5586 2096 5642 voluntas
2136 5585 2283 5656 ejus,
2335 5596 2394 5639 ut
2422 5600 2570 5638 nunc
2625 5579 2884 5637 veniret!
2926 5583 3106 5636 veniet
3145 5587 3350 5637 autem.

1782 5698 1800 5730 ‹
1844 5694 1969 5733 cum
2006 5686 2059 5734 ct
2093 5694 2326 5733 vacuum
2351 5675 2534 5731 fuerit.
2571 5671 2822 5743 Vigilate,
2855 5682 2993 5729 state
3017 5673 3068 5725 in
3097 5672 3234 5739 fide;
3263 5669 3351 5725 vi-

1783 5791 1798 5820 ‹
1848 5771 2016 5826 rilitcr
2043 5771 2182 5842 agite
2215 5779 2264 5825 ct
2312 5765 2694 5824 confortamini
2733 5784 2744 5818 :
2790 5765 2968 5820 omnia
2997 5764 3140 5818 enim
3171 5773 3353 5822 vestra
