3904 6298
532 354 637 412 215

1081 351 1121 407 S
1184 347 1528 408 BRUNONIS
1563 340 2207 404 CARTHUSIANORUM
2248 334 2739 395 lNSTlTUTORlS
2774 334 2927 394 OPP.
2968 335 3152 402 PARS
3186 334 3252 392 11.

3693 346 3780 404 216

537 484 561 519 ι
602 466 662 521 in
713 460 984 523 charitate
1013 460 1166 518 (iant.
1202 461 1442 518 Obsecro
1483 466 1664 513 autem
1719 468 1841 518 vos,
1892 451 2112 517 fratres,
2148 458 2191 513 Α
2220 450 2290 503 ad
2324 449 2687 504 Pentecosten.
2736 446 2802 503 Et
2842 461 3070 503 necesse
3106 456 3194 503 est
3221 447 3295 503 ibi
3334 461 3650 519 permanere
3677 472 3776 527 mc;

537 578 564 611 ι
603 558 791 614 nostis
811 558 1036 614 domum
1060 551 1369 622 Stephanae,
1392 557 1445 604 et
1464 534 1768 611 Fortunati,
1790 552 1844 598 et
1868 542 2121 607 Achaici;

539 670 559 703 ι
607 651 878 721 quoniam
911 655 1039 705 sunt
1060 645 1316 716 primitiae
1339 641 1574 705 Achaiae,
1602 647 1655 693 ct
1676 639 1729 694 in
1758 637 2125 692 ministerium

541 757 560 789 ι
607 747 937 795 sanctorum
964 735 1354 792 ordinaverunt
1382 728 1613 798 seipsos,
1639 737 1698 782 ut
1724 735 1779 781 ct
1798 725 1896 782 vos
1919 727 2124 783 subditi

537 847 556 878 ε
601 828 731 884 sitis
759 825 1062 899 ejusmodi,
1113 831 1169 877 et
1200 819 1349 875 omni
1379 818 1694 888 cooperanti
1729 826 1783 872 et
1832 817 2120 872 laboranti.

540 938 560 971 ι
606 918 838 975 Gaudeo
866 927 1042 973 autem
1070 913 1126 966 in
1169 909 1459 981 praesentia
1503 908 1817 978 Stephanus,
1845 917 1900 963 et
1923 908 2123 963 Fortu-

542 1028 564 1061 ι
608 1010 761 1078 uati,
790 1019 842 1064 et
876 1000 1093 1062 Achaici
1123 1018 1137 1055 :
1169 1001 1432 1071 quoniam
1464 1000 1521 1055 id
1543 1000 1689 1070 quod
1722 1000 1881 1055 vobis
1914 1000 2122 1066 deerat,

543 1115 564 1151 ι
606 1098 715 1170 ipsi
738 1097 1142 1167 suppleverunt.
1173 1088 1504 1144 Refeccrunt
1524 1089 1671 1144 enim
1694 1096 1749 1143 et
1780 1102 1963 1143 meum
2006 1089 2123 1159 spi-

545 1209 569 1243 ι
611 1190 798 1255 ritum,
825 1195 879 1241 et
911 1190 1177 1239 vestrum.
1202 1181 1532 1254 Cognoscite
1571 1197 1704 1253 ergo
1727 1182 1823 1251 qui
1852 1182 2125 1252 ejusmodi

543 1300 570 1334 ο
605 1288 755 1337 sunt.
810 1276 1062 1330 Salutant
1097 1288 1198 1329 vos
1253 1289 1449 1330 omnes
1482 1272 1929 1329 Ecclesiae‘Asize.
1973 1271 2127 1327 Salu-

542 1389 562 1422 σ
608 1374 723 1424 tant
746 1382 847 1424 vos
878 1366 932 1421 in
959 1365 1193 1422 Domino
1217 1366 1451 1421 multum
1482 1365 1676 1437 Aquila
1696 1374 1750 1421 et
1772 1363 1983 1433 Prisca,
1998 1380 2125 1419 cum

540 1479 559 1512 ι
604 1458 908 1515 domestica
950 1472 1047 1513 sua
1092 1455 1380 1513 Ecclesia:
1412 1455 1556 1526 apud
1594 1469 1735 1525 quos
1760 1464 1817 1511 et
1854 1455 2121 1525 hospitor.

541 1570 561 1603 ι
610 1548 867 1605 Salutant
916 1563 1017 1605 vos
1048 1562 1240 1605 omnes
1269 1546 1486 1604 fratres.
1526 1545 1770 1603 Salutate
1796 1546 2032 1602 invicem
2067 1546 2125 1602 in

540 1659 561 1693 ι
605 1640 796 1696 osculo
822 1647 1036 1696 sancto.
1065 1636 1336 1694 Salutatio
1356 1652 1479 1693 mea
1496 1652 1662 1691 manu
1695 1635 1875 1694 Pauli.
1916 1635 1976 1691 Si
1998 1637 2126 1708 quis

539 1751 563 1783 ι
602 1748 713 1787 non
735 1739 887 1786 amat
910 1730 1211 1787 Dominum
1242 1737 1493 1785 nostrum
1517 1728 1705 1785 Jesum
1724 1729 2031 1797 Christum,
2055 1729 2127 1786 sit

540 1843 567 1875 ι
605 1823 928 1891 anathema,
982 1821 1173 1878 Maran
1237 1820 1403 1880 Atha.
1446 1820 1635 1878 Gratia
1683 1820 1901 1877 Domini
1951 1822 2126 1878 nostri

542 1934 570 1966 ι.
605 1912 733 1971 Jesu
751 1913 962 1970 Christi
983 1913 1288 1971 vobiscum.
1312 1911 1566 1970 Charitas
1587 1928 1708 1969 mea
1730 1928 1854 1971 cum
1868 1913 2127 1970 omnibus

541 2023 569 2059 ι
605 2005 762 2063 vobis
797 2006 852 2061 in
875 2005 1100 2063 Christo
1129 2003 1282 2073 Iesu,
1316 2003 1512 2061 Amen.
1556 2023 1575 2057 ι
1700 1992 1707 1993 ί

1174 2112 1480 2153 EXPOSITIO.

611 2187 913 2260 Postquam
939 2189 1156 2260 singula
1187 2203 1311 2259 quae
1336 2187 1702 2262 praecipienda
1730 2195 1909 2254 erant,
1935 2186 2125 2259 dispo-

535 2281 669 2347 suit,
703 2281 1007 2336 secundum
1028 2280 1276 2336 ordinem
1308 2288 1469 2336 rectas
1514 2279 1641 2335 ﬁdei
1677 2280 1734 2335 in
1769 2279 1877 2334 ﬁne
1905 2279 2127 2351 Episto-

533 2369 623 2435 ιω,
651 2370 717 2424 de
743 2369 1074 2441 quibusdam
1109 2369 1337 2440 privatis
1366 2384 1464 2425 eos
1510 2369 1790 2437 admouet,
1819 2370 2028 2425 scilicet
2067 2379 2128 2426 ut

537 2460 714 2516 sancti
744 2461 841 2531 qui
876 2469 1035 2516 erant
1073 2460 1130 2515 in
1156 2458 1531 2527 Hierusalem,
1559 2475 1700 2531 quos
1720 2469 1774 2516 et
1820 2460 2010 2531 rapina
2038 2461 2125 2515 in-

536 2551 805 2623 fidelium,
827 2562 881 2610 et
905 2552 1122 2623 publica
1151 2552 1324 2609 fames
1351 2564 1719 2624 oppresserat,
1749 2552 2124 2620 subvenirent,

536 2644 920 2701 ministrantes
943 2644 1150 2716 aliquid
1178 2645 1245 2700 de
1271 2645 1387 2701 suis
1420 2645 1790 2702 abundantiis.
1820 2644 2021 2701 Littera
2046 2645 2126 2701 sic

520 2752 524 2757 ·
532 2736 791 2808 jungitur
820 2754 833 2792 :
858 2735 935 2792 De
974 2736 1378 2792 resurrectione
1415 2747 1762 2793 mortuorum
1791 2737 1872 2793 sic
1899 2736 2121 2793 credite.

533 2827 617 2884 De
660 2828 894 2884 collectis
923 2838 1102 2883 autem
1145 2844 1266 2900 quae
1287 2829 1424 2899 ﬁunt
1469 2828 1776 2884 deferenda:
1806 2830 1861 2883 in
1890 2837 2124 2895 sanctos,

536 2919 635 2989 qui
683 2927 814 2976 sunt
846 2919 902 2974 in
933 2918 1274 2976 Hierusalem
1295 2962 1311 2987 ,
1342 2921 1421 2975 ita
1465 2929 1515 2974 et
1552 2937 1639 2975 vos
1662 2921 1823 2991 facite
1848 2937 1939 2990 per
1963 2937 2125 2975 unam

534 3008 681 3065 diem
731 3008 974 3074 Sabbati,
1008 3009 1062 3063 id
1090 3018 1177 3066 est
1225 3009 1566 3080 septimantc,
1600 3010 1737 3063 sicut
1759 3010 2001 3064 ordinavi
2031 3011 2125 3065 de-

533 3101 666 3157 bere
699 3101 817 3157 ﬁeri
858 3102 915 3157 iu
963 3101 1220 3156 Ecclesiis
1270 3100 1522 3157 Galatiae.
1569 3100 1637 3157 Et
1665 3116 1733 3157 ne
1776 3102 1977 3173 putetis
2006 3102 2125 3159 haec

534 3191 764 3247 collecta
791 3191 930 3247 meis
960 3192 1154 3248 usibus
1179 3205 1265 3247 me
1285 3193 1422 3248 velle
1464 3192 1747 3263 deputare,
1778 3194 2037 3264 praecipio
2064 3204 2127 3250 ut

536 3283 896 3355 unusquisque
932 3292 1163 3338 vestrum
1207 3294 1426 3355 reponat
1473 3284 1615 3355 apud
1658 3302 1713 3340 se
1747 3302 1765 3340 :
1803 3302 1914 3342 non
1939 3293 2124 3344 tamen

537 3375 621 3432 sic
638 3382 700 3430 ut
729 3388 891 3430 suum
919 3388 1043 3431 esse
1068 3383 1219 3445 putet
1248 3374 1403 3443 illud,
1438 3378 1531 3433 sed
1556 3378 1862 3446 recondens,
1886 3390 1941 3434 et
1961 3379 2122 3450 quasi

536 3467 779 3523 alienum
814 3467 1023 3540 integre
1060 3477 1388 3525 conservet:
1428 3470 1570 3541 quod
1617 3471 1665 3525 ei
1712 3471 1838 3526 bene
1860 3472 2122 3543 placuerit

534 3559 871 3629 pauperibus
886 3560 1090 3616 sanctis
1110 3575 1354 3632 erogare.
1375 3558 1501 3617 ideo
1515 3561 1640 3619 dico
1662 3563 1826 3635 facite
1845 3581 1939 3635 per
1958 3581 2121 3620 unam

535 3646 782 3717 Sabbati,
813 3657 871 3704 ut
904 3666 1007 3704 non
1043 3667 1164 3705 cum
1212 3667 1416 3721 venero,
1445 3661 1567 3707 tunc
1614 3655 1845 3725 primum
1889 3654 2123 3710 collectiv

532 3741 797 3813 incipiant
826 3743 965 3815 ﬁeri.
1016 3742 1089 3799 Ut
1124 3751 1308 3800 autem
1342 3759 1560 3801 omnem
1596 3745 1967 3816 suspicionem
2015 3761 2119 3801 au-

533 3831 708 3891 feram
759 3851 791 3890 a
837 3834 994 3892 vobis
1040 3835 1183 3891 male
1232 3836 1579 3906 suspiciosis,
1607 3853 1727 3891 cum
1765 3853 1867 3909 ego
1888 3854 2118 3909 prmaens

532 3927 689 3984 vobis
715 3925 887 3997 fuero,
911 3942 1022 3982 non
1049 3927 1302 3998 proprios
1329 3926 1569 4000 legatos,
1598 3927 1694 3984 sed
1719 3928 1813 3982 hos
1839 3945 1967 4001 quos
1989 3945 2116 3999 pro-

533 4016 782 4076 baueritis
801 4018 886 4088 (id
908 4026 994 4074 est
1019 4035 1158 4090 quos
1184 4034 1250 4073 ex
1275 4019 1565 4089 vobisipsis
1590 4019 1882 4091 elegeritis)
1905 4022 2117 4074 mittam

532 4111 765 4181 perferre
811 4110 1042 4181 gratiam
1071 4121 1315 4177 vestram,
1346 4110 1401 4166 id
1450 4120 1536 4167 est
1559 4112 1856 4182 gratuitum
1909 4112 2114 4167 donum

532 4211 778 4259 vestrum
808 4203 863 4256 in
895 4202 1251 4258 Hierusalem.
1295 4203 1511 4258 Mittunt
1546 4204 1670 4260 dico
1704 4221 1797 4276 per
1821 4198 2114 4277 Epistolas,

533 4293 591 4351 id
615 4302 700 4350 est
735 4308 863 4350 cum
906 4292 1167 4365 Epistolis
1188 4295 1356 4361 meis,
1405 4295 1458 4350 in
1484 4295 1700 4367 signum
1721 4296 1857 4367 ipsis
1874 4298 2110 4355 traditis.

604 4383 856 4441 Dicerent
892 4384 1162 4441 Corinthii
1193 4404 1206 4441 :
1234 4385 1480 4442 Aliorum
1511 4402 1740 4443 munera
1768 4387 1886 4459 ipse
1907 4386 2113 4456 defers,

2226 542 2355 611 quia
2399 542 2594 594 ostium
2622 547 2861 610 apertum
2885 546 2964 594 est
3007 538 3140 593 mihi
3180 554 3448 611 magnum,
3479 543 3530 599 id
3564 553 3649 600 est
3670 550 3779 618 quia

2226 633 2382 689 multi
2411 631 2770 702 Ephesiorum
2794 631 2863 685 ad
2886 630 3051 685 ﬁdem
3073 644 3132 686 se
3151 641 3472 701 praeparant.
3505 633 3574 688 Et
3604 639 3781 696 ostium

2224 722 2434 779 evidens
2459 741 2473 790 ;
2505 723 2636 792 quia
2660 722 2775 792 jam
2809 722 3062 792 quaedam
3095 722 3252 794 signa
3273 723 3397 778 fidei
3419 725 3578 780 video
3599 727 3653 781 in
3676 730 3779 786 eis:

2224 823 2279 871 et
2303 823 2519 886 Oportet
2564 830 2651 869 me
2675 813 2970 881 insistere;
2997 814 3128 884 quia
3154 814 3444 868 adversarii
3471 816 3628 871 multi
3652 806 3782 889 Sunt,

2224 907 2321 978 qui
2349 907 2541 961 volunt
2567 921 2663 962 eos
2688 896 2993 961 subdhcere
3013 906 3255 962 Christo.
3288 905 3404 977 Ego
3430 908 3589 963 modo
3610 908 3784 980 Ephesi

2225 1001 2478 1055 manebo.
2523 997 2583 1054 Si
2611 1009 2789 1053 autem
2830 998 2991 1072 154
3028 999 3355 1066 Timotheus,
3392 999 3642 1067 deferens
3663 1003 3785 1059 hanc

2226 1089 2545 1161 Epistolam,
2594 1090 2792 1145 venerit
2820 1092 2889 1144 ad
2910 1107 3021 1159 vos,
3067 1090 3236 1145 ridete
3288 1100 3349 1144 ut
3374 1092 3485 1144 sine
3514 1093 3693 1147 timore
3725 1095 3785 1149 sit

2225 1184 2369 1255 apud
2396 1201 2506 1240 vos.
2539 1183 2819 1255 Quidquid
2855 1184 3004 1239 enim
3056 1184 3192 1239 mihi
3234 1184 3303 1239 de
3330 1184 3487 1239 vobis
3508 1185 3784 1254 nuntiavit,

2225 1276 2298 1332 ad
2340 1275 2739 1346 correptionem
2787 1285 3027 1331 vestram
3077 1274 3228 1341 fecit,
3274 1283 3330 1330 et
3367 1274 3493 1330 ideo
3534 1275 3703 1332 videte
3730 1294 3787 1333 ne

2224 1384 2352 1426 eum
2386 1369 2724 1439 inquietetis,
2750 1369 2942 1438 utique
2966 1368 3088 1424 sine
3109 1368 3306 1422 timore
3331 1367 3491 1422 debet
3510 1381 3631 1423 esse
3661 1371 3784 1439 apud

2224 1475 2362 1526 vos;
2388 1462 2513 1532 quia
2547 1476 2676 1529 opus
2706 1458 2922 1513 Domini
2944 1467 3196 1530 operatur
3238 1459 3295 1512 in
3318 1460 3495 1525 vobis,
3525 1459 3659 1513 sicut
3689 1477 3785 1531 ego,

2224 1560 2281 1608 et
2311 1551 2401 1606 alii
2424 1551 2696 1621 discipuli,
2720 1560 2774 1607 et
2806 1550 2939 1621 quia
2963 1565 3103 1621 opus
3125 1549 3343 1605 Domini
3366 1559 3625 1620 operatur
3646 1569 3659 1606 :
3681 1569 3788 1622 ergo

2225 1642 2405 1698 videte
2434 1658 2496 1696 ne
2519 1643 2637 1713 quis
2661 1650 2876 1712 spernat
2904 1659 3047 1708 eum,
3073 1641 3169 1697 sed
3204 1641 3577 1712 obtemperate
3591 1644 3789 1699 monitis

2226 1734 2367 1806 ejus.
2396 1731 2508 1790 Nec
2534 1735 2714 1790 solum
2739 1748 2849 1789 non
2878 1733 3153 1812 spernatis
3174 1748 3324 1802 eum,
3349 1733 3441 1788 sed
3468 1733 3631 1789 etiam
3654 1735 3789 1791 illum

2229 1836 2592 1883 revertentem
2624 1826 2692 1882 ad
2714 1842 2803 1882 me
2848 1826 3093 1881 deducite
3120 1826 3179 1880 in
3218 1842 3368 1897 pace,
3399 1837 3459 1884 ut
3495 1827 3692 1883 illaesus
3712 1844 3786 1883 ve-

2190 1914 2345 1979 'niat
2407 1921 2477 1977 ad
2525 1938 2607 1977 me
2656 1936 2676 1976 :
2717 1936 2821 1994 ego
2862 1922 3003 1976 enim
3037 1928 3279 1992 exspecto
3318 1919 3476 1975 illum
3510 1936 3627 1976 cum
3682 1921 3789 1977 aliis

2228 2013 2509 2084 fratribus.
2560 2011 2757 2083 Apollo
2814 2012 3104 2083 episcopus
3148 2008 3564 2066 Corinthiorum
3601 2010 3791 2082 fugiens

2226 2103 2626 2160 dissensionem
2666 2117 2860 2158 eorum
2909 2117 3163 2158 reversus
3208 2099 3390 2157 fuerat
3431 2100 3499 2156 ad
3557 2099 3787 2168 Paulum,

2226 2196 2294 2253 de
2325 2210 2437 2267 quo
2458 2193 2730 2250 Corinthii
2772 2195 3105 2265 scripserant
3122 2192 3294 2249 Paulo
3323 2201 3383 2248 ut
3404 2193 3490 2249 eis
3518 2194 3791 2250 remitteret

2226 2289 2545 2359 episcopum
2629 2302 2814 2344 suum.
2875 2284 3192 2357 Respondet
3263 2285 3345 2342 eis
3398 2284 3605 2359 Paulus
3664 2285 3791 2356 quod

2227 2381 2420 2452 Apollo
2446 2379 2584 2436 nolit
2627 2379 2857 2445 reverti,
2883 2378 3207 2450 priusquam
3236 2378 3376 2433 bene
3411 2377 3525 2433 sint
3553 2379 3789 2443 correcti,

2226 2475 2460 2531 dicens:
2498 2472 2576 2527 De
2625 2470 2917 2526 Timotheo
2947 2470 3029 2527 sic
3074 2469 3247 2541 agite;
3295 2470 3360 2524 de
3407 2469 3597 2541 Apollo
3635 2479 3791 2523 autem

2226 2567 2395 2638 fratre
2426 2574 2625 2631 nostra,
2649 2576 2704 2620 et
2735 2564 2993 2636 episcopo
3014 2573 3220 2629 vestro,
3241 2563 3484 2634 signiﬁco
3513 2561 3673 2629 vobis,
3689 2577 3793 2632 quo-

2226 2657 2371 2710 niam
2406 2654 2633 2709 multum
2664 2655 2844 2725 rogavi
2866 2663 2923 2707 ut
2947 2654 3144 2707 veniret
3170 2653 3241 2706 ad
3271 2669 3360 2706 vos
3384 2667 3404 2706 :
3435 2660 3487 2707 et
3514 2652 3689 2722 utique
3706 2666 3792 2703 non

2225 2745 2329 2815 fuit
2359 2743 2603 2798 voluntas
2642 2744 2777 2813 ejus,
2811 2751 2867 2798 ut
2899 2760 3037 2797 nunc
3061 2743 3257 2798 veniret
3278 2742 3347 2797 ad
3374 2757 3499 2808 vos,
3521 2742 3611 2797 sed
3640 2744 3791 2797 veniet

2225 2850 2345 2889 cum
2386 2851 2609 2889 vacuum
2634 2835 2683 2889 ei
2720 2835 2901 2905 fuerit,
2930 2842 2986 2889 et
3013 2849 3113 2890 vos
3150 2834 3289 2890 bene
3331 2841 3609 2889 correctos
3648 2833 3791 2887 intel-

2223 2925 2435 2981 lexerit.
2479 2922 2546 2980 Ut
2574 2933 2758 2981 autem
2797 2924 3093 2981 adventum
3115 2925 3281 2996 hujus
3309 2925 3484 2996 patris
3518 2924 3681 2980 vestri
3700 2940 3793 2980 me-

2224 3016 2480 3085 reamini,
2512 3016 2746 3088 vigilate,
2782 3015 2837 3072 id
2889 3024 2976 3072 est
3005 3016 3253 3073 studiose
3300 3026 3488 3089 cavete
3543 3016 3696 3072 vobis
3735 3033 3793 3072 ne

2152 3107 2443 3200 certetis,
2474 3114 2530 3162 et
2553 3115 2694 3161 state
2715 3108 2771 3161 in
2799 3108 2934 3178 ﬁde,
2970 3116 3033 3162 ut
3062 3123 3094 3162 a
3130 3122 3264 3176 sana
3288 3106 3393 3162 ﬂde
3416 3122 3527 3162 non
3563 3106 3790 3172 devictis,

2227 3211 2282 3256 et
2307 3199 2364 3255 in
2394 3199 2499 3255 ﬁde
2543 3207 2752 3255 stantes
2781 3200 2921 3271 agite
2949 3199 3216 3273 viriliter,
3243 3198 3300 3253 id
3336 3206 3423 3254 est
3444 3199 3582 3254 bene
3614 3213 3793 3269 opera-

2226 3287 2382 3343 mini.
2415 3286 2526 3343 Nec
2549 3287 2617 3343 ad
2670 3288 2865 3343 horam
2913 3289 3009 3345 sed
3033 3289 3087 3343 in
3118 3289 3280 3344 bonis
3308 3289 3528 3344 actibus
3554 3303 3790 3359 perseve-

2225 3381 2399 3436 rando
2426 3382 2826 3452 confortamini,
2875 3383 3160 3438 studentes
3191 3394 3254 3436 ut
3281 3364 3462 3436 omnia
3489 3392 3656 3437 vestra
3675 3383 3793 3452 ﬁant

2222 3473 2280 3526 in
2310 3472 2592 3541 charitate,
2624 3474 2677 3529 id
2706 3485 2791 3531 est
2821 3475 2878 3530 in
2906 3475 3200 3531 dilectione
3232 3474 3328 3530 Dei
3370 3485 3428 3530 et
3472 3476 3720 3546 proximi,
3742 3475 3791 3531 in

2221 3580 2331 3635 qua
2347 3567 2632 3636 hucusque
2654 3565 2885 3621 nimium
2909 3565 3181 3636 tepuistis.
3211 3565 3438 3621 Obsecro
3460 3583 3568 3633 vos,
3592 3566 3790 3636 fratres,

2221 3666 2285 3712 ut
2309 3658 2513 3714 subditi
2559 3659 2682 3714 sitis
2711 3656 3021 3728 Stephanaz,
3060 3666 3116 3713 et
3142 3656 3464 3724 Fortunato,
3494 3665 3549 3711 et
3574 3656 3787 3712 debetis.

2224 3748 2411 3805 Nostis
2459 3750 2609 3806 enim
2657 3752 2874 3805 domum
2945 3748 3229 3820 Stephanar
3274 3758 3324 3803 et
3378 3748 3692 3817 Fortunati,
3748 3755 3792 3803 et

2186 3920 2191 3925 _
2218 3845 2460 3900 Achaici.
2486 3844 2621 3913 Hoc,
2650 3845 2900 3916 inquam,
2925 3847 3100 3902 nostis
3122 3845 3261 3916 quod
3288 3844 3378 3901 isti
3406 3854 3531 3899 sunt
3558 3844 3791 3916 primitiis

2217 3936 2454 3993 Achaia}.
2487 3936 2658 3992 Primi
2695 3937 2844 3993 enim
2871 3937 2939 3993 de
2982 3937 3191 3995 Achaia
3217 3937 3586 3993 crediderunt.
3613 3935 3791 3990 Coriu-

2220 4027 2347 4083 thus
2372 4028 2426 4082 in
2463 4028 2671 4084 Achaia
2691 4037 2795 4083 est.
2824 4026 3012 4083 Nostis
3034 4028 3198 4083 etiam
3228 4027 3334 4083 hoc
3359 4027 3504 4098 quod
3541 4026 3631 4081 isti
3655 4026 3789 4080 ordi-

2217 4128 2470 4175 naverunt
2513 4120 2709 4190 seipsos
2738 4120 2796 4173 in
2839 4119 3199 4173 ministerium
3224 4126 3573 4173 sanctorum:
3606 4117 3791 4187 quibus

2215 4210 2452 4281 propriis
2482 4209 2735 4267 manibus
2776 4220 2831 4265 et
2852 4210 2918 4265 de
2962 4208 3081 4265 suis
3120 4209 3284 4266 rebus
3333 4208 3787 4265 ministravcruut.

2216 4301 2352 4370 Hoc,
2395 4301 2643 4375 inquam,
2698 4300 2928 4356 obsecro
2954 4315 3085 4368 vos,
3117 4309 3175 4354 ut
3202 4300 3405 4355 subditi
3433 4301 3555 4355 sitis
3584 4300 3664 4354 his
3688 4315 3791 4354 om-

2216 4394 2380 4449 nibus
2412 4380 2536 4465 quae
2583 4392 2638 4447 in
2669 4392 2826 4448 vobis
2854 4400 2977 4447 sunt
3023 4392 3306 4461 ejusmodi,
3337 4400 3389 4447 et
3434 4393 3578 4446 omni
3620 4407 3790 4462 coepe-

531 4485 593 4533 et
608 4484 796 4533 nostra
819 4492 990 4548 quare
1015 4476 1227 4533 deferre
1246 4478 1597 4550 dedignaris?
1623 4478 1704 4533 Ad
1734 4478 1840 4534 hoc
1867 4477 2072 4536 Paulus
2102 4499 2114 4535 :
2150 4487 2195 4543 D
2220 4485 2363 4540 ranti
2390 4482 2498 4539 illis
2521 4483 2577 4539 in
2600 4484 2766 4551 bono,
2790 4492 2841 4537 et
2866 4484 3137 4538 laboranti
3160 4484 3477 4539 similiterin
3500 4482 3788 4539 ministerio
3854 4546 3857 4559 η

531 4566 692 4625 (‘erte
728 4570 776 4624 si
823 4569 1043 4641 dignum
1072 4570 1236 4640 fuerit
1278 4569 1484 4625 donum
1521 4578 1785 4637 vestrum,
1840 4578 1899 4624 ut
1924 4587 2018 4642 ego
2040 4572 2118 4626 ire

529 4660 765 4728 debeam,
799 4659 951 4714 ibunt
975 4676 1177 4715 mecum
1215 4660 1378 4733 legati
1406 4660 1593 4727 vestri,
1617 4669 1797 4733 utego
1832 4660 1998 4717 simul
2026 4677 2117 4716 ve-

528 4752 688 4808 niens
715 4751 1094 4809 commendem
1132 4753 1362 4828 gratiam
1391 4761 1650 4808 vestram.
1684 4753 1775 4808 Sic
1804 4752 2002 4808 faciam
2047 4753 2119 4809 de

528 4845 702 4916 gratia
732 4853 928 4912 vestra,
968 4844 1187 4900 Veniam
1211 4845 1376 4900 etiam
1411 4845 1489 4899 ad
1506 4861 1592 4900 vos
1615 4862 1733 4899 cum
1761 4847 2115 4915 pertransiero

530 4933 900 4989 Macedoniam
927 4951 949 4991 ε
973 4936 1126 5006 prius
1157 4952 1281 4992 sum
1311 4936 1458 4992 enim
1479 4936 1548 4992 ad
1569 4935 1893 4994 Macedonas
1911 4935 2110 4993 iturus.

527 5024 674 5083 Bene
701 5025 824 5083 dico
846 5029 1240 5098 pertransiera:
1273 5046 1397 5083 nam
1425 5045 1549 5085 vere
1576 5030 1908 5102 pertransibo
1933 5029 2114 5084 Mace-

528 5115 786 5183 doniam;
828 5117 922 5173 sed
958 5126 1145 5189 postea
1192 5120 1411 5174 manebo
1453 5120 1596 5190 apud
1630 5137 1717 5175 vos
1762 5121 2012 5191 forsitan,
2059 5121 2114 5176 id

527 5208 684 5265 estsi
726 5208 870 5265 Deus
899 5211 1252 5267 concesserit.
1297 5210 1388 5266 Vel
1416 5211 1583 5267 etiam
1631 5221 1693 5267 ut
1732 5213 1855 5283 plus
1883 5211 2064 5267 dicam
2096 5230 2111 5268 ς

528 5299 790 5359 Hiemabo
833 5317 1001 5374 penes
1023 5321 1142 5371 vos,
1174 5313 1233 5360 ut
1256 5321 1355 5359 vos
1384 5304 1659 5359 deducatis
1699 5321 1779 5360 me
1810 5322 2113 5378 quocunque

528 5407 561 5452 a
600 5393 756 5450 vobis
801 5396 1090 5452 discedens
1130 5397 1263 5450 iero.
1308 5394 1435 5451 ideo
1488 5395 1781 5464 hiemabo;
1823 5396 1953 5468 quia
1992 5396 2114 5452 nolo

528 5501 615 5540 vos
648 5487 802 5543 modo
829 5487 1091 5547 viderejn
1147 5487 1400 5541 transitu.
1454 5485 1582 5542 Ideo
1634 5502 1746 5543 non
1775 5486 1832 5543 in
1878 5488 2113 5545 transitu

528 5578 724 5635 videbo
750 5594 880 5646 vos;
917 5579 1045 5651 quia
1065 5594 1217 5647 spero
1260 5594 1340 5634 me
1366 5577 1706 5649 aliquantum
1734 5596 1942 5634 manere
1972 5581 2114 5652 apud

527 5687 638 5739 vos,
664 5673 710 5726 si
745 5670 999 5727 Dominus
1025 5672 1343 5742 permiserit.
1364 5666 1431 5726 Et
1451 5670 1579 5727 licet
1603 5673 1779 5730 dicam
1806 5691 1893 5732 me
1928 5684 2114 5733 trans-

532 5760 736 5819 iturum
766 5764 833 5819 ad
867 5780 983 5831 vos,
1018 5761 1174 5834 prius
1201 5770 1373 5817 tamen
1395 5764 1707 5835 permanebo
1731 5764 1922 5837 Ephesi
1958 5785 2118 5840 usque

2221 4585 2558 4632 sanctorum.
2593 4574 2664 4630 Ut
2690 4583 2873 4631 autem
2898 4576 3104 4631 subditi
3136 4576 3258 4631 sitis
3290 4575 3420 4642 illis,
3448 4576 3642 4633 scitote
3659 4591 3787 4648 quo-

2216 4667 2367 4723 niam
2395 4683 2496 4739 ego
2540 4667 2741 4739 gaudeo
2771 4668 2825 4721 in
2850 4668 3130 4737 prwsentia
3160 4666 3462 4737 Stephanat,
3492 4667 3787 4732 Fortunati,

2214 4768 2267 4814 et
2293 4758 2516 4813 Achaici
2540 4775 2558 4812 :
2588 4758 2668 4815 sic
2708 4758 2855 4816 enim
2887 4742 3023 4814 mihi
3070 4768 3155 4815 est
3179 4759 3247 4814 de
3277 4759 3386 4815 illis
3406 4761 3567 4832 quasi
3589 4760 3634 4816 si
3659 4776 3787 4830 pra:-

2215 4860 2397 4907 sentes
2442 4865 2540 4906 eos
2570 4855 2572 4857 ’
2598 4850 2851 4907 habeam.
2877 4925 2883 4928 ν
2908 4849 3151 4918 Gaudeo,
3184 4848 3431 4922 inquam,
3468 4860 3524 4906 et
3572 4852 3782 4916 merito;

2213 4943 2463 5014 quoniam
2492 4941 2597 5013 ipsi
2625 4940 2968 5012 impleuerunt
3005 4942 3062 4998 in
3125 4958 3213 4998 me
3266 4952 3321 4999 et
3364 4943 3421 4997 in
3465 4944 3665 5000 sanctis
3696 4943 3784 4997 hoc

2210 5036 2349 5106 quod
2373 5035 2554 5090 deerat
2588 5034 2730 5089 vobis
2759 5050 2778 5089 :
2813 5034 2919 5106 ipsi
2969 5034 3115 5090 enim
3160 5032 3613 5091 ministravcrunt
3639 5032 3784 5090 nobis

2170 5126 2267 5181 'in
2314 5125 2730 5197 temporalibus,
2790 5125 2939 5197 quod
2994 5141 3121 5182 cum
3153 5142 3253 5182 vos
3284 5126 3636 5195 debuissetis,
3692 5140 3784 5180 ne-

2209 5217 2478 5289 glexistis.
2527 5215 2668 5274 Vere
2714 5216 2819 5289 ipsi
2858 5217 3286 5289 suppleverunt;
3320 5235 3448 5271 nam
3507 5219 3783 5289 refecerunt

2209 5310 2460 5381 spiritum
2489 5324 2662 5363 meum
2697 5308 3063 5373 ministrando
3106 5310 3438 5371 necessaria.
3472 5320 3534 5365 et
3557 5326 3651 5382 per
3687 5307 3786 5364 hoc

2210 5400 2465 5472 spiritum
2517 5408 2764 5454 vestrum.
2815 5396 2935 5455 Nisi
2981 5399 3129 5457 enim
3180 5400 3341 5456 bonis
3371 5399 3488 5457 suis
3516 5400 3783 5476 fovissent

2211 5507 2339 5560 nos,
2367 5506 2478 5548 non
2512 5506 2799 5561 possemus
2829 5491 3017 5546 tandiu
3057 5491 3340 5548 immorari
3377 5486 3572 5549 vestra:
3599 5493 3784 5547 instru-

2210 5584 2402 5641 ctioni.
2418 5584 2487 5640 Et
2498 5585 2629 5656 quia
2656 5580 2966 5641 refecerunt
2986 5583 3238 5655 spiritum
3255 5600 3440 5640 meum
3464 5593 3779 5646 etvestrum,

2211 5692 2333 5747 ergo
2367 5676 2684 5746 cognoscite,
2717 5676 2770 5731 id
2799 5684 2885 5731 est
2923 5690 2991 5732 ex
3024 5673 3317 5730 dilectione
3350 5676 3566 5732 obedite
3608 5674 3703 5740 eis,
3729 5679 3781 5726 et

2213 5769 2470 5824 omnibus
2514 5769 2604 5839 qui
2650 5777 2771 5822 sunt
2799 5767 3082 5838 ejusmodi.
3120 5764 3374 5823 Salutant
3398 5782 3506 5838 ros,
3533 5782 3567 5823 ο
3590 5763 3775 5823 Corin-
