3928 6456
145 395 276 454 317
807 396 1172 455 EXPOSI'I‘IO
1205 398 1274 453 IN
1311 397 1694 456 EPISTOLAS
1730 399 1958 458 PAULI.
1998 431 2070 443 —
2102 401 2171 457 IN
2209 400 2431 462 EPIST.
2470 403 2516 458 II
2553 403 2646 459 AD
2682 403 2842 462 (ΞΟΠ.
3350 413 3456 470 218

145 513 299 579 thii,
336 527 516 569 omnes
552 512 829 570 Ecclesia.
882 513 1135 570 Salutant
1173 515 1400 570 multum
1441 517 1497 571 in
1541 514 1768 570 Domino
1797 521 1840 579 Α
1873 533 1982 572 non
2037 518 2254 586 saluto;
2309 519 2404 576 sed
2432 521 2506 574 sit
2545 521 2851 586 anathema,
2884 521 2937 576 id
2980 531 3064 578 cst
3103 535 3388 594 separatus
3421 545 3454 583 a

149 608 376 678 Aquila
405 618 458 662 et
492 607 707 674 Prisca,
733 625 854 662 cum
876 608 1166 662 domestica
1193 625 1294 663 sua
1318 607 1581 675 Ecclesia,
1607 608 1660 662 id
1685 617 1770 664 est
1855 608 1984 664 'Deo
2008 610 2290 664 anathema
2316 611 2438 666 dico
2469 611 2810 667 Maranatha.
2837 613 2951 668 Hoc
2975 615 3199 670 verbum
3222 632 3288 671 ex
3315 616 3454 690 Syro

141 706 210 750 et
246 714 458 755 eorum
509 699 718 754 familia
765 715 866 756 vos
907 700 1130 755 salutat.
1186 697 1436 754 Salutant
1465 715 1552 753 uos
1590 713 1766 752 omnes
1869 717 2123 758 sermone
2175 703 2464 757 conﬁcitur
2495 711 2550 757 et
2603 701 2857 770 Ilebrzeo,
2891 714 2946 760 et
2996 716 3156 762 sonat
3193 707 3452 764 Dominus

145 789 394 857 fratres.
441 789 692 846 Salutate
722 809 810 846 vos
839 791 1062 845 invicem
1090 792 1147 845 in
1172 790 1350 846 osculo
1379 800 1583 852 sancto,
1611 790 1664 844 id
1685 797 1771 844 est
1868 794 2027 847 venit.
2060 791 2230 860 Quasi
2254 795 2495 849 diceret:
2526 795 2632 860 Qui
2657 811 2765 850 non
2793 808 2938 852 amat
2965 800 3266 868 Christum,
3297 819 3456 873 sepa-

142 878 508 934 osculamini
564 895 663 934 vos
709 880 1033 935 alterutrum
1058 920 1074 945 ,
1129 888 1458 935 evacuantes
1524 893 1557 931 a
1611 877 1758 932 vobis

1869 900 2022 946 retur
2041 891 2110 946 ab
2130 906 2198 946 eo
2221 892 2352 946 dum
2381 893 2500 962 ipse
2524 893 2790 950 Dominus
2805 896 2872 949 ad
2899 897 3255 965 judicandum
3280 902 3448 955 venit.

145 967 500 1024 schismata.
536 968 810 1024 Salutatio
827 986 952 1040 quae
981 970 1231 1040 sequitur
1256 969 1398 1025 facta
1440 977 1525 1024 est
1547 967 1758 1038 propria

1872 981 1970 1036 Vel
1999 982 2072 1036 sit
2103 983 2416 1048 anathema,
2450 992 2504 1037 et
2523 985 2668 1038 malo
2698 999 2820 1049 suo;
2847 986 2975 1054 quia
3013 985 3276 1043 Dominus
3306 991 3453 1043 venit

145 1075 357 1125 manu,
396 1076 512 1114 mea
544 1060 668 1116 dico
694 1060 904 1118 scilicet
933 1061 1121 1129 Pauli,
1172 1062 1308 1128 haec,
1340 1061 1549 1118 scilicet
1593 1061 1758 1132 gratia

146 1145 395 1199 Domini
427 1149 626 1199 nostri-
652 1159 757 1199 etc-
1311 1194 1315 1196 .

1868 1072 2124 1129 fortassis
2159 1073 2322 1128 hodie
2360 1075 2445 1128 vel
2481 1090 2625 1140 cras,
2655 1084 2716 1129 ut
2761 1076 3058 1131 ulciscatur
3094 1079 3160 1132 de
3213 1095 3298 1134 eo.
3327 1079 3453 1135 Haec

1867 1177 2047 1199 ,ηαηιηιι
2077 1177 2158 1199 ιιι-ι
2189 1184 2303 1199 mnn
2341 1170 2596 1199 anl-nInI:A
2656 1186 2682 1199 ι.
2715 1187 2818 1199 ιη...
2852 1171 3043 1199 ζι-νιλξΑρ
3073 1189 3264 1199 --..--_...
3317 1173 3422 1199 l'-.-

203 1157 395 1202 omini
427 1157 626 1218 nostri,
652 1159 757 1206 etc.

227 1240 365 1294 Mos
395 1251 514 1296 erat
541 1240 716 1308 Pauli,
756 1253 818 1300 ut
844 1243 960 1313 ipse
994 1243 1139 1298 idem
1172 1259 1340 1298 manu
1385 1243 1609 1314 propria
1636 1242 1765 1313 Epi-

145 1332 372 1386 stolam
403 1333 702 1400 clauderet,
718 1349 788 1388 ne
806 1334 1296 1404 dubitareturquin
1315 1349 1346 1387 a
1370 1351 1429 1389 se
1456 1336 1764 1392 mitteretur

1865 1177 2050 1224 autem
2077 1177 2161 1223 est
2187 1184 2308 1223 mea
2341 1170 2618 1235 salutatio,
2654 1186 2685 1224 a
2714 1187 2822 1240 qua
2852 1171 3047 1240 impios
3073 1189 3286 1243 separo.
3316 1173 3453 1228 Cra-

1864 1261 1946 1314 tia
1983 1259 2200 1313 Domini
2243 1262 2411 1314 nostri
2435 1260 2565 1315 Iesu
2605 1261 2805 1316 Christi
2829 1264 2898 1316 sit
2927 1264 3210 1331 robiscum,
3236 1274 3289 1319 et
3322 1266 3451 1318 cha—

1863 1351 2001 1410 ritas
2031 1371 2148 1408 mea
2180 1354 2398 1408 sitcum
2435 1352 2675 1405 omnibus
2716 1354 2878 1419 vobis,
2917 1354 2968 1408 id
3003 1363 3087 1409 est
3111 1371 3304 1409 omnes
3352 1370 3452 1408 vos

146 1421 457 1491 Epistola:
503 1431 560 1479 et
603 1424 706 1478 hoc
745 1433 968 1494 propter
1014 1425 1242 1494 pseudo,
1273 1425 1366 1493 qui
1401 1425 1506 1480 sub
1540 1425 1762 1479 nomine

143 1511 326 1568 Pauli
375 1514 608 1572 furtivas
658 1517 948 1571 mittebant
972 1517 1254 1586 epistolas.
1289 1516 1373 1570 Ab
1425 1517 1528 1572 hac
1578 1525 1759 1572 autem

146 1606 505 1662 salutatione
545 1623 644 1662 sua
671 1606 911 1662 excludit
959 1607 1227 1675 inﬁdeles,
1259 1607 1490 1662 dicens:
1542 1605 1601 1660 Si
1643 1606 1760 1677 quis

146 1715 267 1752 non
297 1710 454 1754 amat
491 1700 772 1755 Dominum
807 1710 1048 1755 nostrum
1077 1699 1263 1755 Jesum
1292 1700 1586 1769 Christum,
1615 1701 1762 1757 hunc

1867 1445 2105 1516 diligatis
2135 1459 2242 1510 me,
2279 1444 2403 1499 licet
2448 1444 2846 1513 aliquantulum
2897 1446 3146 1515 asperius
3171 1462 3269 1500 vos
3320 1462 3448 1502 cor-

1866 1537 2104 1592 rexerim
2135 1554 2148 1568 ·
2179 1544 2235 1590 et
2262 1536 2365 1590 hoc
2394 1536 2467 1590 sit
2515 1535 2569 1588 in
2595 1534 2806 1589 Christo
2835 1535 2984 1602 Jesu,
3015 1537 3067 1590 id
3115 1545 3200 1592 est
3234 1546 3455 1607 propter

1867 1644 2111 1684 amorem
2139 1627 2346 1683 Christi
2375 1626 2527 1682 Jesu.
2572 1625 2766 1693 Amen,
2797 1626 2851 1681 id
2875 1636 2958 1682 est
2994 1628 3066 1681 ita
3097 1628 3211 1682 ﬁat.

578 1889 736 1961 155
769 1879 1195 1948 PROLOGUS
1236 1887 1321 1948 IN
1364 1887 1794 1950 SECUNDAM
1837 1882 2298 1949 EPISTOLAM
2344 1881 2455 1940 AD
2501 1879 3018 1941 CORINTHIOS.

227 1982 293 2037 In
329 1982 575 2039 secunda
605 1985 674 2040 ad
694 1984 1011 2041 Corinthios
1031 1984 1299 2056 Epistola,
1327 1986 1486 2056 quasi
1521 1986 1577 2040 in
1607 1993 1761 2055 parte
1793 1989 1836 2042 B
1862 1981 2002 2036 vit-er
2054 1981 2112 2034 in
2160 1979 2336 2048 prima
2388 1977 2725 2048 contigerat;
2759 1987 2820 2031 ιιι
2865 1989 3117 2048 prompt"
3156 1995 3223 2035 ac
3263 1981 3453 2036 libenti

148 2071 466 2141 superiori,
498 2081 624 2141 post
659 2073 1093 2146 _tribulationum
1153 2089 1381 2131 suarum
1443 2075 1760 2140 relationes,

149 2161 346 2215 reddit
375 2177 575 2215 causas
603 2177 774 2231 quare
814 2163 882 2217 ad
919 2178 1015 2218 eos
1041 2164 1284 2218 secundo
1309 2178 1420 2218 non
1446 2163 1598 2229 ierit;
1626 2178 1764 2232 quur-

149 2251 315 2305 niam
365 2266 479 2305 non
507 2252 612 2306 levi
642 2254 950 2308 mutatione
973 2255 1190 2310 consilii
1220 2253 1417 2310 fecisse
1447 2269 1506 2310 se
1542 2254 1760 2319 asserit,

151 2342 254 2397 sed
297 2358 376 2396 ne
429 2343 670 2424 adventu
715 2360 817 2400 suo
845 2346 1129 2401 tristitiam
1166 2347 1493 2412 incurreret,
1531 2361 1656 2401 cum
1704 2345 1763 2400 in

83 2499 91 2508 ,
153 2442 402 2504 peccato
455 2449 780 2504 permanere
833 2436 1134 2507 discipulos
1188 2438 1499 2507 reperisset.
1557 2435 1763 2492 Deinde

152 2532 286 2591 post
332 2524 558 2594 agnitos
601 2524 814 2581 fructus
853 2527 1187 2596 pandentia:
1211 2567 1228 2594 ,
1285 2527 1602 2582 reconciliat
1634 2543 1761 2582 eum

159 2611 475 2680 Ecclesiae,
509 2631 674 2685 quem
701 2617 754 2670 in
791 2617 969 2686 prima
1004 2628 1224 2688 propter
1251 2616 1695 2683 fornicationem,
1729 2632 1762 2672 a

157 2706 454 2761 consortio
486 2717 802 2764 sanctorum
824 2710 1068 2779 iusserat
1100 2709 1362 2765 amoveri.
1410 2709 1600 2764 Tertio
1630 2724 1763 2764 con-

157 2805 242 2851 tra
270 2799 778 2868 pscudoapostolos
799 2800 970 2870 .oﬁicii
1007 2801 1094 2856 sui
1124 2801 1444 2872 dignitatem
1472 2809 1672 2866 tuetur,
1708 2809 1766 2856 ct

156 2886 303 2944 Novi
376 2889 716 2946 'I‘estamenti
778 2893 1064 2948 ministros
1121 2901 1274 2948 tanto
1332 2893 1541 2948 anteire
1581 2893 1757 2964 gratia

159 2982 436 3048 ostendit,
463 2992 672 3052 quanto
709 2983 1067 3056 Evangelium
1100 2996 1185 3041 est
1221 2985 1340 3055 lege
1384 2984 1753 3055 praestantius.

157 3070 503 3130 Immoratur
519 3075 686 3130 etiam
715 3076 771 3130 in
799 3091 968 3131 causa
996 3076 1087 3131 illa
1114 3077 1612 3146 plurimum,quam
1633 3075 1758 3128 bre-

1864 2072 2050 2127 animo
2087 2069 2394 2126 necessaria
2433 2069 2719 2139 praesentis
2764 2069 2888 2122 vitae
2925 2085 3034 2123 non
3082 2071 3448 2139 habentibus,

1863 2164 2189 2234 largiantur,
2231 2169 2289 2216 et
2329 2161 2561 2215 utilitate
2609 2159 2908 2229 spiritualis
2941 2163 3257 2216 commercii
3294 2179 3451 2218 com-

1863 2265 2074 2310 mutent
2115 2252 2405 2323 presentia
2438 2268 2564 2307 cum
2607 2251 2829 2316 futuris,
2889 2261 3053 2321 atque
3111 2253 3450 2307 abundantia

1865 2363 1968 2402 sua
2005 2354 2322 2401 sanctorum
2354 2344 2598 2413 inopiam
2625 2343 2944 2413 suppleam;
2996 2351 3056 2397 ut
3079 2344 3327 2398 vicissim
3357 2359 3451 2398 eo-

1865 2455 1986 2493 rum
2036 2436 2217 2506 inopia
2269 2443 2586 2491 sanctorum
2629 2433 2965 2490 abundantia
2995 2434 3335 2503 suppleatur.
3387 2432 3449 2486 In

1866 2529 1974 2584 fine
2000 2529 2199 2598 repetit
2226 2528 2389 2597 quod.
2419 2526 2678 2596 superius
2726 2535 2915 2581 contra
2965 2524 3451 2594 pseudoapostolos

1862 2631 2089 2691 egerat,
2127 2630 2180 2675 et
2203 2620 2558 2690 jactationem
2585 2634 2801 2682 eorum,
2830 2617 3355 2687 praedicationesque
3381 2616 3450 2670 de

1865 2727 1926 2768 se
1953 2712 2244 2783 gloriosas,
2278 2712 2360 2767 vel
2393 2711 2588 2766 collata
2618 2709 2942 2778 antiquitate
2971 2709 3214 2778 generis,
3243 2708 3328 2762 vel
3357 2722 3452 2762 ca-

1863 2802 2046 2872 talogo
2082 2801 2411 2871 iniuriarum
2444 2816 2510 2854 ac
2530 2798 2903 2869 periculorum
2929 2813 3156 2852 suorum
3185 2807 3446 2862 evacuat;

1861 2893 2104 2962 dicitque
2124 2908 2220 2948 eos
2254 2892 2535 2962 operarius
2563 2889 2846 2954 subdolos,
2874 2889 2967 2958 qui
2999 2888 3068 2943 ad
3088 2888 3448 2942 imitationem

1865 2982 2082 3039 Satanae
2100 2985 2559 3054 transligureutur
2584 2981 2637 3034 in
2651 2981 2932 3050 apostolos
2949 2979 3174 3046 Christi,
3191 2981 3448 3049 subjprze-

1863 3074 2155 3130 dicationis
2193 3091 2290 3146 spe
2321 3076 2470 3130 lucra
2496 3072 2815 3147 pecuniaria
2839 3086 3070 3142 quaeque
3090 3079 3385 3126 sectantes.

1247 3276 1404 3336 ABG
1415 3277 1815 3338 UMENTUM
1855 3277 1934 3336 IN
1979 3275 2350 3336 EAMDEM.

232 3373 372 3428 Post
397 3383 575 3428 actam
605 3388 634 3426 a
665 3371 969 3429 Corinthiis
996 3373 1396 3443 ptenitentiam,
1437 3375 1863 3430 consolatoriam
1906 3373 2097 3429 scribit
2133 3373 2213 3428 eis
2254 3371 2557 3443 Epistolam
2592 3370 2886 3439 Apostolus
2913 3386 2943 3424 a
2987 3368 3200 3443 Troade
3230 3383 3326 3440 per
3354 3367 3452 3422 Ti-

159 3455 303 3510 tum,
340 3453 398 3500 et
418 3444 736 3499 collaudans
764 3460 859 3499 eos
898 3441 1150 3499 hortatur
1177 3446 1246 3499 ad
1274 3446 1538 3510 meliora;
1571 3446 1928 3500 contristatos
1952 3444 2175 3515 quidem
2193 3441 2316 3510 eos,
2339 3442 2435 3498 sed
2459 3445 2777 3498 emendatos
2811 3441 3129 3497 ostendens.
3412 3455 3420 3460 '

967 3638 1539 3700 ARGUMENTUM
1581 3640 1649 3700 B.
1695 3639 2098 3701 BRUNONIS
2143 3639 2228 3699 IN
2268 3639 2642 3700 EAMDEM.

225 3737 444 3793 Paulus
471 3737 616 3792 hanc
655 3737 855 3792 iterum
888 3737 1188 3808 Epistolam
1237 3737 1431 3794 scribit
1456 3739 1522 3793 ad
1561 3739 1758 3795 Corin-
1786 3755 1830 3817 ο
1865 3751 2083 3809 ceptum
2113 3739 2181 3794 de
2210 3754 2276 3794 eo
2298 3738 2472 3809 ponit,
2495 3746 2557 3792 ut
2584 3737 2964 3792 restitueretur
2991 3735 3271 3803 Ecclesiae,
3294 3750 3452 3805 aqua

163 3830 333 3896 thios,
365 3843 605 3900 quorum
633 3829 771 3886 alios
801 3829 1134 3886 sufﬁcienter
1154 3845 1248 3901 per
1271 3830 1512 3901 priorem
1541 3829 1760 3901 Episto-

165 3921 272 3976 lam
301 3929 656 3989 correxerat;
689 3922 785 3976 sed
819 3922 1042 3992 quidam
1065 3937 1258 3976 eorum
1281 3937 1346 3976 eo
1369 3922 1550 3978 adhuc
1570 3937 1760 3978 errore

166 4007 544 4080 gravabantur
572 4019 634 4064 ut
678 4011 1139 4081 pseudodoctores
1191 4011 1361 4067 Paulo
1409 4012 1754 4083 praeferrent,

165 4111 495 4159 accusantes
523 4101 754 4158 Paulum
778 4103 846 4157 de
875 4103 1226 4174 simplicitate
1255 4103 1550 4170 sermonis,
1583 4104 1758 4158 extol-

163 4191 338 4250 lentes
367 4193 577 4263 pseudo
601 4194 656 4248 in
685 4194 951 4263 sapientia
997 4193 1227 4249 carnali.
1258 4192 1450 4260 Quare
1483 4203 1537 4248 et
1560 4194 1616 4248 in
1654 4195 1759 4250 hac

165 4284 411 4357 Epistola
450 4286 587 4340 satis
621 4286 949 4340 immoratur
1001 4285 1056 4340 in
1107 4285 1460 4355 depressione
1516 4285 1756 4356 pseudo-

164 4377 475 4444 doctorum,
514 4386 568 4432 et
603 4377 658 4431 in
716 4378 1196 4432 commendatione
1250 4379 1336 4433 sui
1394 4379 1754 4449 apostolatus.

164 4467 219 4524 In
243 4469 447 4541 primis
489 4469 652 4524 etiam
689 4484 786 4525 eos
815 4470 909 4539 qui
937 4469 1073 4539 justi
1111 4478 1272 4524 erant
1316 4471 1370 4525 in
1421 4471 1757 4537 Corinthiis,

167 4578 258 4620 seu
289 4564 391 4636 qui
418 4561 584 4616 modo
606 4577 704 4633 per
731 4561 1028 4633 Epistolam
1057 4561 1213 4617 Pauli
1242 4563 1379 4618 bene
1400 4561 1617 4618 fuerant
1635 4578 1760 4619 cor-

167 4657 315 4725 recti,
348 4671 446 4711 seu
473 4654 594 4710 illos
622 4655 718 4724 qui
748 4671 778 4708 a
817 4655 1091 4725 principio
1123 4665 1356 4724 acceptze
1391 4655 1514 4710 fidei
1549 4655 1751 4725 perdu—

167 4755 456 4812 raverunt,
503 4747 559 4800 in
601 4747 749 4801 bono
794 4747 1153 4802 consulendo.
1181 4745 1246 4801 Hi
1281 4747 1426 4801 enim
1460 4748 1629 4801 multa
1659 4761 1756 4818 pa-'

169 4838 439 4894 tiebantur
485 4854 516 4893 a
575 4837 838 4894 fratribus
869 4837 1145 4909 perversis
1173 4879 1188 4904 ,
1247 4853 1388 4908 quos
1425 4839 1501 4893 illi
1543 4839 1755 4909 pseudo

169 4931 520 4985 concitabant
542 4931 595 4984 in
625 4939 867 4986 sanctos.
898 4929 1149 5004 Cumque
1180 4945 1372 4985 omnes
1396 4931 1569 4986 bonos
1589 4927 1754 4986 indif-

1861 3846 1962 3901 pro
2009 3840 2236 3900 peccato
2285 3846 2344 3885 se
2395 3829 2692 3884 alienatum
2732 3828 3010 3882 humiliter
3053 3828 3321 3898 toleravit.
3372 3826 3452 3880 De

1861 3923 2108 3978 collectis
2139 3922 2326 3988 etiam,
2353 3921 2420 3975 de
2449 3919 2652 3990 quibus
2703 3919 2756 3972 in
2812 3919 2988 3988 prima
3046 3917 3288 3987 Epistula
3340 3917 3459 3971 illis.

1863 4014 2182 4084 scripserat,
2215 4014 2270 4068 in
2297 4013 2402 4068 hac
2428 4011 2683 4066 dili'usius
2718 4010 2848 4081 agit,
2884 4017 2945 4064 ut
2966 4010 3059 4080 qui
3083 4009 3231 4063 brevi
3262 4008 3450 4063 admo-

1861 4107 2072 4161 nitione
2111 4106 2266 4160 abusi
2293 4104 2538 4171 fuerant,
2567 4103 2759 4158 iterata
2793 4111 2848 4156 et
2869 4102 3043 4172 magis
3068 4101 3328 4172 producta
3355 4093 3452 4156 ad-

1862 4197 2166 4252 monitione
2201 4197 2268 4251 de
2297 4196 2488 4250 eodem
2532 4203 2882 4250 contemnere
2926 4206 3039 4246 non
3080 4191 3332 4245 audeant.
3389 4189 3459 4247 In;

1861 4287 1966 4344 hac
1990 4297 2172 4343 autem
2209 4287 2448 4357 EpiStola
2487 4285 2714 4340 materia
2749 4293 2879 4339 sunt
2919 4283 3022 4354 ipsi
3049 4283 3212 4338 iidem
3250 4281 3449 4337 Corin—

1860 4381 1960 4436 thii
2006 4379 2235 4435 correcti
2275 4395 2368 4434 seu
2401 4377 2709 4433 incorrecti.
2740 4375 2816 4430 De
2847 4375 2930 4430 his
2963 4385 3144 4430 autem
3167 4375 3278 4446 agit
3307 4389 3445 4429 eon-

1863 4473 2091 4528 solando
2120 4472 2323 4538 bonos,
2389 4487 2458 4525 ne
2505 4469 2760 4525 deﬁciant
2803 4469 2854 4521 in
2904 4467 3182 4532 adversis;
3220 4465 3313 4520 scd
3354 4479 3450 4534 per

1862 4566 2178 4638 patientiam
2211 4563 2627 4619 tribulationum
2657 4561 2904 4617 certatim
2942 4559 3230 4631 proﬁciant
3258 4556 3313 4610 ir.
3349 4572 3452 4611 auc

1857 4668 2137 4730 gmentum
2181 4658 2467 4712 virtutum.
2500 4653 2824 4711 Incorrectis
2849 4667 2978 4706 vero
3003 4665 3243 4707 errorem
3275 4663 3449 4704 suum

1858 4758 1912 4804 et
1958 4763 2240 4820 peccatum
2299 4749 2664 4820 improperat,
2708 4761 2772 4800 ea
2816 4745 3003 4816 utique
3046 4742 3347 4798 intentione
3379 4740 3460 4797 de

1857 4843 2106 4913 utrisque
2151 4842 2364 4909 habita,
2400 4851 2458 4896 ut
2488 4839 2862 4895 diversitatem
2905 4851 3096 4892 eorum
3149 4835 3203 4887 in
3248 4848 3458 4903 quam~

1857 4935 1980 4990 dam
2019 4935 2231 5007 redigat
2260 4935 2560 4999 unitatem,
2607 4931 2815 4988 scilicet
2844 4939 2976 4984 utet
3005 4928 3131 4983 boni
3162 4927 3216 4981 in
3245 4923 3450 4984 melius

171 5019 405 5077 ferenter
457 5024 796 5090 consoletur,
827 5039 952 5079 eum
987 5038 1149 5094 quem
1193 5037 1260 5076 ex
1314 5023 1537 5078 nomine
1571 5037 1756 5093 repre—
1788 5085 1826 5097 Ἀ
1857 5027 2144 5097 proliciant
2169 5069 2185 5094 ,
2221 5035 2278 5081 et
2310 5025 2442 5079 mali
2465 5022 2791 5079 declinando
2815 5037 3056 5077 errorem
3088 5036 3272 5088 suum,
3298 5019 3458 5076 salu»

173 5110 463 5180 henderat,
512 5115 642 5184 quia
686 5131 914 5171 uxorem
959 5115 1135 5186 patris
1165 5115 1363 5170 ducere
1393 5131 1754 5185 prmsumpse—
1788 5085 1831 5139 Β
1866 5118 1951 5174 bri
1985 5117 2292 5173 imitatione
2312 5117 2487 5172 bonos
2516 5113 2896 5182 insequantur.

170 5209 287 5266 rat,
330 5203 462 5272 quia
507 5204 645 5259 bene
687 5215 995 5260 correctum
1028 5205 1266 5274 audivit,
1299 5206 1576 5276 singulare
1604 5221 1747 5278 prte-

885 5406 1471 5504 EPISTOLA
1545 5414 1634 5501 II
1711 5406 1862 5503 AD
1935 5402 2726 5502 CORINTHIOS.

571 5561 732 5634 156
784 5560 1016 5617 CAPUT
1049 5561 1343 5618 PRIMUM.

245 5670 264 5703 ι
292 5651 498 5708 Paulus
539 5655 822 5724 apostolus
855 5653 1059 5709 Christi
1091 5653 1250 5721 Jesu,
1281 5671 1378 5725 per
1416 5655 1750 5711 voluntatem

184 5757 199 5793 t
243 5741 360 5810 Dei,
389 5753 445 5800 et
483 5744 807 5802 Timotheus
855 5744 1046 5812 frater,
1083 5745 1343 5802 Ecclesitc
1373 5748 1466 5804 Dei
1509 5764 1631 5818 qua:
1671 5757 1756 5803 est

187 5848 204 5884 ι
241 5832 517 5907 Corinthi,
551 5854 674 5896 cum
712 5838 970 5896 omnibus
1014 5839 1218 5897 sanctis
1246 5839 1342 5911 qui
1385 5841 1596 5897 sunt-in
1632 5841 1753 5894 uui-

1867 5579 1888 5614 σ
1933 5575 2092 5616 versa
2117 5558 2346 5614 Achaia.
2391 5557 2578 5614 Gratia
2627 5555 2784 5612 vobis
2821 5564 2873 5611 et
2915 5571 3020 5625 pax
3061 5571 3092 5609 a
3140 5553 3252 5608 Deo
3292 5560 3447 5623 patre

1867 5673 1886 5705 ι
1932 5662 2153 5717 nostro,
2196 5659 2252 5706 et
2278 5649 2514 5705 Da'nino
2552 5647 2683 5703 Jesu
2729 5647 2970 5704 Christo.
3044 5664 3063 5697 ‹
3117 5643 3446 5700 Benedictus

1868 5765 1886 5798 ι
1934 5744 2078 5800 Deus
2107 5752 2161 5799 et
2180 5742 2341 5798 Pater
2369 5739 2584 5794 Domini
2613 5737 2789 5793 nostri
2816 5736 2943 5792 Jesu
2980 5733 3186 5788 Christi
3223 5732 3442 5803 (Ephes.

1871 5859 1889 5890 ι
1937 5837 2071 5906 1,3;
2117 5835 2151 5891 1-
2179 5835 2326 5890 Prtr.
2363 5848 2412 5901 l,
2460 5831 2539 5902 2).
2587 5849 2606 5884 ι
2643 5828 2804 5886 Pater
2852 5824 3352 5882 misericordiarum
3393 5835 3446 5882 ct
