3904 6298
469 292 578 348 ειε

1028 287 1086 343 S.
1129 285 1474 342 BRUNONIS
1505 275 2141 339 CARTHUSIANORUM
2179 259 2664 336 INSTITUTORIS
2698 275 2848 332 OPP.
2885 274 3068 332 PARS
3103 272 3168 330 ΙΙ.

3613 278 3709 332 2Ξῦ

477 427 496 458 ι
545 405 688 461 Deus
715 405 886 460 totius
929 402 1342 466 consolationis,
1368 399 1462 468 qui
1487 394 1801 452 consolatur
1843 406 1945 446 nos
1991 392 2046 445 in
2081 397 2122 453 Α
2151 388 2256 460 εει)
2283 389 2484 445 Paulus
2519 391 2744 460 inquam
2775 386 3074 458 apostolus,
3099 386 3154 441 id
3181 391 3266 441 est
3289 383 3492 458 legatus
3519 386 3710 443 Christi

476 513 497 546 ι
548 493 700 547 omni
731 491 1086 547 tribulatione
1109 495 1391 553 nostra,ut
1411 484 1686 554 possimus
1707 489 1762 535 et
1787 480 1892 550 ipsi
1917 495 2050 534 con—
2151 481 2279 535 Jesu
2309 497 2327 536 :
2357 481 2584 550 gloriam
2629 479 2776 535 enim
2817 477 3026 532 Christi
3060 475 3364 532 annuntiat.
3417 477 3712 546 Apostolus,

477 602 498 637 ι
549 585 718 638 solari
739 599 836 638 eos
875 582 968 652 qui
993 581 1046 635 in
1069 580 1220 634 omni
1241 589 1492 647 pressura
1510 583 1656 638 sunt,
1675 587 1772 642 per
1791 573 2052 626 exhorta-
2152 570 2277 625 dico
2293 611 2309 638 ,
2340 585 2448 624 non
2472 585 2570 639 per
2597 567 2943 623 temerariam
2965 565 3442 636 praesumptionem
3477 575 3536 619 ut
3563 581 3716 634 pseu-

481 694 500 725 ι
547 675 790 742 tionem,
825 687 932 741 qua
969 671 1322 723 exhortamur
1348 675 1402 719 et
1429 662 1532 732 ipsi
1559 678 1590 716 a
1612 661 1743 716 Deo.
1781 661 2054 728 Quoniam
2153 663 2224 717 do
2247 703 2262 730 ,
2305 661 2400 716 sed
2445 677 2539 731 per
2577 659 2921 724 uoluntatem,
2957 657 3012 712 id
3067 665 3152 712 est
3193 671 3292 726 per
3329 655 3715 725 beneplacitum

482 784 502 814 ι
551 763 695 816 sicut
719 761 999 816 abundant
1043 755 1325 825 passiones
1351 751 1557 806 Christi
1586 752 1642 805 in
1674 751 1854 819 nobis,
1887 751 1962 804 ita
2001 758 2058 805 ει

481 870 504 904 ί
551 866 648 920 per
705 849 988 904 Christum
1030 843 1268 898 abundat
1325 839 1626 896 consolatio
1673 849 1882 896 nostra.
1932 838 2057 894 Sive

485 961 506 992 ι
552 949 735 996 autem
765 938 1089 994 tribulamur
1117 947 1214 1002 pro
1239 941 1422 988 vestra
1464 932 1848 987 exhortatione
1877 939 1934 986 et
1963 947 2056 988 sa-

488 1051 510 1081 ι
553 1031 686 1096 lute,
741 1030 854 1084 sive
903 1024 1254 1080 consolamur
1303 1039 1402 1093 pro
1437 1031 1620 1078 vestra
1649 1022 2056 1088 consolatione,

488 1140 506 1172 ‹
551 1121 666 1174 sive
691 1121 1044 1174 exhortamur
1067 1129 1168 1183 pro
1191 1122 1374 1169 vestra
1395 1113 1772 1169 exhortatione
1793 1121 1849 1168 et
1861 1113 2056 1178 salute,

492 1231 508 1258 ι
555 1224 674 1278 quae
697 1213 954 1276 operatur
988 1204 1332 1259 tolerantiam
1359 1202 1677 1258 earumdem
1707 1200 2058 1270 passionum,

489 1316 508 1348 ‹
557 1313 693 1366 quas
727 1304 781 1350 et
817 1311 920 1350 nos
965 1295 1205 1364 patimur
1247 1312 1260 1349 :
1317 1303 1377 1349 ut
1414 1309 1538 1364 spes
1571 1299 1758 1348 nostra
1798 1291 1954 1362 ﬁrma
1991 1291 2064 1346 sit

485 1405 506 1436 ε
546 1401 646 1455 pro
672 1385 862 1454 vobis,
891 1386 1130 1440 scientes
1171 1385 1432 1456 quoniam
1479 1384 1622 1440 sicut
1671 1383 1806 1438 socii
1850 1381 2064 1452 passio-

481 1493 504 1526 ι
541 1490 682 1528 num
723 1475 886 1542 estis,
926 1475 1008 1532 sic
1051 1474 1204 1530 eritis
1231 1481 1286 1529 et
1311 1473 1726 1530 consolationis.
1767 1470 1886 1526 Non
1917 1471 2063 1526 enim

483 1583 507 1618 ι
550 1565 808 1622 volumus
851 1565 1106 1635 ignorare
1157 1579 1257 1620 vos
1309 1563 1504 1620 fratres
1527 1605 1544 1632 ,
1591 1564 1660 1620 de
1713 1563 2064 1619 tribulatione

481 1677 506 1711 ε
551 1667 744 1714 nostra
769 1674 892 1730 quae
917 1657 1061 1714 facta
1088 1666 1173 1714 εει
1195 1658 1250 1712 in
1273 1657 1433 1726 Asia,
1457 1657 1717 1728 quoniam
1745 1671 1912 1726 supra
1941 1671 2064 1710 mo-

484 1769 506 1801 ‹
552 1751 684 1806 dum
709 1751 920 1822 gravati
956 1764 1169 1816 sumus,
1193 1757 1247 1805 et
1269 1764 1437 1819 supra
1465 1750 1750 1816 virtutem,
1778 1749 1852 1802 ita
1881 1756 1942 1802 ut
1969 1755 2062 1802 ta:-

485 1860 508 1892 ‹
553 1842 708 1897 deret
731 1857 830 1897 nos
859 1841 1024 1896 etiam
1058 1841 1260 1896 vivere.
1289 1839 1396 1895 Sed
1425 1839 1528 1910 ipsi
1572 1840 1628 1894 in
1653 1839 1946 1908 nobisipsis
1975 1853 2063 1894 re-

486 1952 504 1984 ι
549 1947 812 2001 sponsum
839 1931 1033 1986 mortis
1062 1931 1376 1998 habuimus,
1407 1940 1467 1985 ut
1491 1945 1602 1986 non
1637 1931 1810 1986 simus
1833 1930 2062 1986 ﬁdentes

486 2041 504 2074 ι
552 2023 608 2076 in
635 2022 814 2089 nobis,
843 2022 938 2078 sed
969 2021 1026 2076 in
1047 2020 1160 2076 Deo
1182 2022 1276 2092 qui
1300 2021 1532 2077 suscitat
1551 2030 1802 2078 mortuos
1835 2040 1846 2076 :
1881 2021 1974 2092 qui
1995 2021 2062 2078 de

485 2130 506 2164 ι
549 2113 718 2168 tantis
747 2113 1006 2182 periculis
1035 2127 1136 2168 nos
1161 2112 1437 2183 eripuit-et
1457 2113 1602 2168 eruit
1629 2129 1642 2168 :
1667 2113 1724 2168 in
1751 2128 1914 2184 quem
1941 2129 2064 2183 spe-

487 2222 506 2252 ι
551 2219 774 2270 ramus,
820 2203 1084 2274 quoniam
1117 2213 1172 2259 et
1210 2203 1392 2260 adhuc
1437 2205 1632 2274 eripiet
1679 2205 2064 2276 adjuvantibus

486 2317 507 2350 ι
553 2309 608 2354 ει
631 2301 787 2356 vobis
811 2301 866 2354 in
902 2301 1148 2356 oratione
1170 2315 1272 2372 pro
1309 2300 1468 2356 nobis
1511 2319 1525 2356 :
1563 2308 1624 2354 ut
1664 2315 1730 2354 cx
1765 2297 2066 2354 multarum

487 2409 510 2441 ι
553 2392 806 2461 personis
837 2391 1102 2447 facicrum
1131 2391 1251 2462 ejus
1279 2407 1402 2462 quae
1434 2391 1490 2446 in
1517 2391 1674 2448 nobis
1703 2399 1790 2446 est
1817 2389 2066 2444 donatio-

487 2499 512 2532 ε
554 2481 642 2537 nis
677 2497 776 2551 per
817 2482 1021 2538 multos
1059 2481 1247 2553 gratiae
1279 2489 1512 2554 agantur
1540 2495 1640 2552 pro
1691 2478 1869 2536 nobis.
1925 2477 2066 2534 Nam

494 2589 514 2620 ε
553 2573 727 2642 gloria
757 2580 947 2628 nostra
979 2573 1094 2628 haec
1142 2581 1256 2640 est,
1287 2573 1664 2629 testimonium
1717 2571 2068 2630 conscientiae

491 2683 515 2718 ‹
559 2675 782 2732 nostrae,
813 2665 958 2735 quod
989 2665 1044 2719 in
1085 2665 1434 2736 simplicitate
1457 2665 1644 2722 cordis
1672 2671 1728 2718 et
1751 2663 2067 2719 sinceritate

496 2775 516 2808 ι
563 2754 691 2821 Dei,
734 2765 789 2812 et
833 2771 943 2810 non
989 2757 1045 2811 in
1090 2757 1363 2826 sapientia
1405 2755 1650 2822 carnali,
1691 2755 1786 2810 sed
1811 2754 1868 2808 in
1895 2753 2068 2825 gratia

491 2865 514 2897 ι
559 2843 654 2900 Dei
683 2846 991 2902 eonversati
1017 2843 1212 2902 sumus
1239 2847 1295 2900 in
1321 2847 1424 2901 hoc
1443 2843 1672 2912 mundo,
1699 2843 2068 2900 abundantius

492 2955 512 2988 ι
556 2945 739 2994 autem
779 2938 850 2994 ad
891 2953 1010 2994 vos.
1057 2936 1178 2992 Non
1216 2937 1364 2992 enim
1405 2937 1512 2992 alia
1566 2935 1862 2992 scribimus
1890 2936 2066 3002 vobis,

2157 753 2278 822 Dei,
2305 763 2502 808 etcum
2531 767 2600 808 eo
2632 750 2935 804 Timotheus
2977 749 3176 818 frater,
3217 747 3272 802 id
3299 755 3386 802 est
3411 757 3720 817 cooperator

2157 845 2214 900 in
2234 859 2397 915 opere
2417 842 2643 898 Christi.
2661 841 2788 896 Ideo
2813 839 3166 895 Timotheum
3195 837 3429 908 reponit,
3447 853 3542 906 per
3565 853 3718 906 quem

2156 938 2390 1008 primam
2425 935 2729 1006 Epistolam
2770 933 3032 998 miserat,
3059 939 3120 985 ut
3154 931 3332 986 sciant
3373 929 3474 983 sibi
3515 928 3720 997 cognita

2159 1046 2282 1086 esse
2331 1029 2516 1084 omnia
2567 1041 2690 1098 quae
2735 1025 2879 1096 apud
2919 1040 3015 1080 eos
3055 1031 3341 1095 geruntur.
3393 1021 3611 1088 Paulus,
3647 1022 3722 1075 in-

2160 1135 2346 1191 quam,
2366 1129 2420 1175 et
2447 1119 2767 1174 Timotheus
2788 1117 3038 1172 scribunt
3056 1115 3332 1180 Ecclesia},
3355 1113 3409 1168 id
3435 1123 3514 1168 εει
3533 1129 3724 1168 convo-

2161 1213 2362 1268 cationi
2386 1210 2648 1266 fidelium.
2668 1208 2924 1263 Ecclesia:
2949 1208 3072 1263 dico
3095 1207 3209 1273 Dei,
3236 1205 3290 1260 id
3305 1213 3390 1260 est
3411 1205 3464 1258 in
3481 1220 3586 1275 qua
3607 1221 3722 1275 gra-
3761 1253 3764 1260 .

2163 1303 2237 1357 tia
2261 1301 2356 1355 Dei
2381 1308 2592 1355 tantum
2617 1305 2896 1368 operatur,
2927 1305 2981 1352 et
3001 1311 3111 1352 non
3139 1295 3334 1350 merita
3357 1295 3638 1350 doctorum
3673 1305 3726 1348 ut

2163 1391 2371 1464 pseudo
2392 1391 2715 1462 gloriantur.
2733 1388 2986 1444 Ecclesiae
3005 1389 3128 1443 dico
3144 1403 3261 1458 qua!
3275 1395 3355 1442 est
3377 1385 3728 1442 Corinthi.Co—

2163 1485 2492 1540 rinthiorum
2520 1482 2710 1553 utique
2743 1479 3002 1537 Ecclesia:
3031 1479 3221 1536 scribit
3241 1494 3360 1532 cum
3383 1478 3649 1542 omnibus,
3679 1477 3727 1532 id

2165 1584 2249 1631 est
2275 1582 2331 1630 et
2357 1573 2614 1629 omnibus
2642 1573 2865 1640 sanctis,
2895 1573 2950 1628 id
2971 1580 3056 1628 est
3081 1572 3135 1626 in
3172 1569 3445 1642 baptismo
3469 1585 3562 1640 per
3582 1571 3730 1624 Chri-

2167 1676 2312 1723 stum
2341 1664 2695 1722 sanctiticatis
2731 1681 2744 1718 :
2787 1679 2906 1717 cum
2945 1661 3186 1716 omnibus
3233 1660 3357 1717 dico
3407 1661 3496 1731 qui
3532 1669 3651 1714 sunt
3681 1663 3729 1714 in

2171 1756 2328 1828 157
2359 1756 2603 1809 uniuersa
2631 1751 2856 1807 Achaia.
2889 1751 3058 1819 Quasi
3083 1751 3288 1807 diceret
3319 1769 3333 1806 :
3359 1749 3612 1806 Ecclesia:
3635 1751 3730 1806 Co-

2165 1848 2334 1903 rinthi
2377 1843 2746 1914 omnibusque
2791 1843 3052 1900 Ecclesiis
3091 1842 3168 1897 illi
3215 1841 3500 1912 subjectis.
3537 1841 3730 1898 Achaia

2165 1941 2314 1998 enim
2342 1939 2541 1996 dicitur
2559 1937 2860 2011 provincia,
2891 1935 3080 2006 inqua
3105 1933 3422 2004 metropolis
3449 1933 3733 1988 Corinthus

2167 2033 2273 2090 sita
2301 2042 2440 2090 erat.
2481 2033 2638 2088 Vobis
2671 2029 2974 2086 Corinthiis
3005 2028 3076 2084 sit
3100 2027 3295 2098 gratia,
3331 2026 3415 2080 his
3437 2027 3528 2096 qui
3557 2039 3734 2095 pecca-

2166 2132 2364 2180 verunt
2413 2123 2652 2180 secunda
2699 2120 2950 2176 remissio
2991 2137 3004 2174 :
3047 2119 3136 2174 his
3185 2117 3280 2188 qui
3333 2115 3470 2171 bene
3521 2117 3735 2171 correcti

2169 2225 2317 2284 sunt,
2347 2216 2430 2271 vel
2462 2215 2554 2286 qui
2583 2222 2707 2284 post
2729 2219 3006 2282 acceptam
3029 2209 3191 2266 [idem
3225 2223 3336 2264 non
3363 2217 3730 2278 peccaverunt,

2169 2307 2240 2364 sit
2269 2306 2669 2378 perseverantia
2699 2304 2884 2375 gratiae
2915 2303 3054 2358 bene
3079 2301 3386 2358 custodita.
3429 2298 3496 2354 Et
3521 2299 3570 2354 ei
3601 2299 3732 2354 scili-

2167 2407 2254 2453 cet
2273 2397 2345 2453 sit
2367 2412 2496 2466 pax,
2527 2395 2580 2450 id
2605 2403 2688 2450 est
2711 2393 2853 2449 bona
2877 2390 3246 2462 tranquillitas
3273 2387 3442 2446 animi
3463 2406 3496 2444 a
3523 2388 3630 2444 Deo
3651 2389 3734 2459 qui

2167 2498 2347 2562 potest
2379 2508 2392 2545 :
2417 2489 2581 2544 Patre
2603 2495 2804 2554 nostro,
2829 2485 2922 2556 qui
2953 2485 3104 2556 pium
3135 2484 3204 2540 ad
3231 2497 3334 2539 nos
3363 2483 3614 2538 allectum
3647 2482 3734 2536 ha-

2159 2583 2279 2648 bet,
2309 2591 2360 2637 et
2401 2598 2435 2635 a
2482 2579 2590 2635 Deo
2617 2579 2714 2650 qui
2750 2577 3004 2633 similiter
3031 2585 3242 2648 potest,
3277 2573 3407 2630 Iesu
3434 2575 3665 2640 Christo,
3691 2581 3739 2628 et

2169 2672 2284 2728 vult
2317 2691 2329 2728 :
2363 2671 2492 2742 quia
2536 2669 2748 2727 salvare
2789 2683 2891 2725 nos
2919 2667 3156 2724 cilicium
3183 2667 3303 2737 ejus
3328 2675 3432 2722 est.
3463 2664 3618 2720 Nunc
3645 2667 3736 2719 im-

2169 2761 2363 2832 primis
2391 2759 2593 2831 gratias
2630 2757 2741 2830 agit
2760 2757 2872 2814 Deo
2900 2771 3001 2829 pro
3023 2757 3426 2828 perseverantia
3447 2769 3635 2811 eorum
3655 2755 3736 2825 qui

2170 2849 2310 2920 lapsi
2335 2865 2445 2904 non
2471 2848 2708 2913 fuerant,
2735 2855 2792 2904 et
2819 2863 2920 2917 pro
2941 2846 3280 2902 correctione
3307 2860 3518 2912 eorum,
3547 2844 3642 2914 qui
3663 2858 3736 2898 er-

2171 2957 2296 2999 rore
2327 2949 2640 3012 contempto
2661 2940 2800 2995 bene
2827 2955 2888 2994 se
2915 2939 3340 2994 emendaverant
3367 2955 3380 2994 :
3412 2937 3738 2992 consolatur-

493 3047 514 3079 ε
559 3044 724 3126 quam
779 3045 902 3100 quas
962 3029 1251 3100 legistis'et
1290 3029 1624 3102 eognovistis
1663 3025 2066 3100 [cognoscitis].
2099 3069 2142 3126 ρ
2173 3047 2282 3101 que
2308 3031 2528 3087 eosdem
2555 3029 2804 3098 exemplo
2831 3042 2953 3092 suo,
2989 3035 3049 3082 ut
3075 3025 3244 3082 fortes
3269 3025 3381 3081 sint
3409 3026 3464 3079 in
3493 3024 3736 3088 adversis,

495 3137 516 3170 ‹
567 3117 738 3189 Spero
763 3129 946 3176 autem
989 3121 1138 3190 quod
1174 3135 1351 3191 usque
1395 3121 1452 3175 in
1497 3119 1662 3176 ﬁnem
1693 3119 2068 3190 cognoscetis,

499 3225 518 3260 ι
559 3209 703 3262 sicut
742 3195 804 3263 et
837 3209 1170 3280 cognovistis
1220 3223 1323 3265 nos
1371 3225 1438 3266 ex
1488 3218 1673 3279 parte;
1721 3209 1851 3279 quia
1899 3209 2073 3280 gloria

499 3319 519 3352 ς
567 3307 748 3354 vestra
782 3315 996 3366 sumus,
1028 3301 1171 3356 sicut
1207 3309 1263 3356 et
1293 3315 1392 3356 vos
1421 3309 1629 3368 nostra,
1655 3301 1710 3354 in
1741 3299 1828 3355 die
1856 3299 2074 3356 Domini

498 3409 520 3442 ι
567 3391 741 3446 nostri
763 3389 892 3446 Jesu
912 3389 1140 3446 Christi.
1168 3390 1235 3447 Et
1263 3391 1368 3446 hac
1397 3391 1724 3447 conﬁdentia
1748 3390 1896 3446 volui
1921 3391 2076 3462 prius

500 3497 522 3530 ι
570 3479 758 3534 venire
783 3480 850 3535 ad
878 3495 998 3548 vos,
1021 3487 1082 3534 ut
1107 3480 1404 3536 secundam
1433 3480 1662 3549 gratiam
1699 3479 1989 3547 haberetis,
2021 3487 2076 3536 ct

504 3590 525 3622 ι
568 3586 668 3641 per
705 3587 805 3628 vos
855 3573 1144 3628 transirem
1193 3571 1250 3627 in
1301 3571 1696 3640 Macedoniam,
1725 3582 1781 3628 et
1811 3572 2008 3627 iterum
2043 3587 2075 3628 a

505 3679 526 3713 ε
572 3661 889 3718 Macedonia
918 3663 1160 3719 venirem
1185 3663 1255 3718 ad
1277 3678 1377 3719 vos
1400 3705 1416 3732 ,
1455 3671 1508 3718 et
1537 3679 1568 3718 a
1599 3663 1755 3719 vobis
1789 3665 1983 3720 deduci
2019 3665 2076 3720 in

505 3771 526 3805 ι
570 3753 833 3810 Iudaeam.
858 3754 996 3810 Cum
1033 3771 1164 3827 ergo
1193 3755 1300 3812 hoc
1319 3757 1636 3826 voluissem,
1675 3757 1922 3828 nunquid
1945 3758 2078 3813 levi-

504 3865 525 3898 ι
571 3853 678 3901 tate
699 3847 834 3902 usus
861 3848 1019 3901 sum?
1044 3845 1154 3903 Aut
1171 3863 1294 3917 qua:
1315 3848 1516 3919 cogito,
1537 3847 1836 3904 secundum
1855 3864 2076 3904 carnem

506 3954 526 3988 ι
567 3936 767 4006 cogito,
791 3943 854 3990 ut
881 3937 952 3991 sit
979 3937 1123 4006 apud
1152 3953 1239 3992 me
1265 3953 1390 4005 εετ,
1416 3945 1472 3992 ει
1497 3939 1631 3994 non?
1671 3938 1871 3994 Fidelis
1893 3947 2078 3994 autem

493 4035 526 4080 ἰ
571 4029 737 4096 Deus,
770 4029 899 4100 quia
939 4045 1118 4086 sermo
1147 4039 1332 4086 noster
1359 4032 1454 4102 qui
1489 4031 1591 4088 fuit
1615 4034 1758 4104 apud
1796 4049 1915 4104 vos,
1965 4050 2076 4091 non

505 4136 526 4170 ι
572 4127 656 4174 εει
692 4119 748 4172 in
783 4120 875 4174 illo
910 4135 1007 4174 ss'r
1033 4129 1087 4175 et
1112 4135 1212 4175 nos
1246 4139 1258 4176 :
1292 4122 1387 4178 sed
1437 4131 1522 4178 est
1567 4124 1622 4178 in
1681 4124 1776 4178 illo
1815 4133 1898 4180 est
1950 4123 2080 4197 [non

507 4229 526 4262 ι
568 4211 722 4264 habet
767 4211 862 4266 sed
893 4219 981 4267 est
1016 4211 1071 4265 in
1101 4212 1195 4268 illo
1223 4213 1328 4284 est]
1356 4233 1369 4270 :
1403 4213 1498 4268 Dei
1527 4216 1675 4270 enim
1706 4215 1877 4271 Filius
1919 4215 2079 4272 Jesus

505 4319 526 4352 ι
571 4301 843 4368 Christus,
876 4302 970 4372 qui
997 4303 1052 4356 in
1081 4301 1235 4358 vobis
1260 4319 1357 4373 per
1379 4297 1482 4360 nos
1505 4305 1832 4375 praedicatus
1856 4315 1960 4374 est,
1977 4321 2076 4378 per

2171 3135 2515 3192 quaecunque
2539 3125 2788 3190 oporteat
2827 3133 2924 3174 eos
2967 3117 3098 3188 pati,
3131 3117 3320 3174 dicens
3358 3133 3371 3171 :
3409 3113 3547 3182 Quia
3575 3130 3668 3170 vos
3691 3114 3738 3167 in

2173 3211 2278 3266 lide
2297 3209 2502 3266 Christi
2532 3211 2785 3266 laborare
2811 3209 2990 3277 video,
3020 3209 3148 3266 inde
3177 3209 3383 3280 gratias
3405 3223 3571 3280 agens
3597 3209 3736 3263 dico:

2172 3300 2492 3357 Benedictus
2527 3299 2599 3354 sit
2627 3299 2770 3354 Deus
2804 3298 3022 3354 Domini
3061 3299 3236 3354 nostri
3265 3297 3394 3354 Jesu
3423 3297 3628 3353 Christi
3659 3316 3670 3350 :
3695 3304 3738 3350 et

2174 3391 2342 3448 Pater
2393 3391 2608 3446 Domini
2639 3392 2808 3446 nostri
2845 3390 2976 3446 Jesu
3023 3390 3246 3448 Christi.
3305 3389 3452 3446 Deus
3499 3389 3616 3460 ejus
3647 3399 3738 3454 est,

2175 3485 2476 3541 secundum
2517 3484 2664 3554 quod
2701 3483 2956 3540 Christus
2987 3483 3154 3539 homo
3183 3481 3287 3538 fuit
3320 3501 3333 3538 :
3365 3481 3526 3537 Pater
3556 3479 3740 3537 Christi

2175 3585 2278 3645 est,
2309 3576 2608 3634 secundum
2639 3576 2898 3632 deitatem
2926 3575 2982 3630 in
3033 3589 3142 3646 qua
3187 3573 3362 3630 Filius
3405 3573 3630 3644 aequalis
3669 3578 3742 3626 est

2175 3666 2325 3722 Patri
2360 3687 2373 3724 :
2407 3667 2524 3738 ipse
2551 3675 2734 3722 tamen
2781 3665 3110 3736 principium
3141 3665 3349 3734 habens
3375 3679 3406 3719 a
3445 3663 3622 3729 Patre,
3645 3676 3739 3718 non

2175 3756 2336 3812 Pater
2369 3757 2438 3812 ab
2466 3771 2550 3812 eo.
2588 3753 2694 3822 Qui
2722 3754 2771 3808 si
2790 3753 2922 3810 Jesu
2943 3752 3150 3810 Christi
3173 3752 3334 3808 Pater
3357 3761 3444 3807 est
3461 3793 3476 3820 ,
3511 3767 3632 3808 cum
3657 3765 3740 3806 nos

2175 3847 2380 3904 Christi
2421 3847 2518 3902 ﬁlii
2547 3846 2722 3902 simus
2748 3864 2761 3900 :
2793 3844 2875 3900 sic
2901 3859 2999 3914 per
3021 3842 3308 3900 Christum
3343 3841 3514 3898 Deum
3543 3839 3738 3896 Patrem

2177 3939 2462 3994 habemus.
2506 3937 2627 3992 Duo
2652 3935 2932 4008 praedicta,
2961 3934 3105 3992 Deus
3131 3942 3188 3990 et
3213 3933 3394 4000 Pater,
3427 3929 3740 4003 spectantad

2177 4031 2458 4086 Christum
2505 4048 2518 4085 :
2575 4028 2768 4102 eadem
2827 4026 2939 4082 duo
2983 4041 3106 4098 qua:
3131 4033 3460 4096 sequuntur,
3517 4029 3742 4094 spectant

2181 4121 2250 4176 ad
2277 4121 2548 4176 homines.
2587 4119 2914 4175 Benedictus
2935 4117 3099 4172 etiam
3127 4116 3200 4172 sit
3227 4115 3322 4186 qui
3351 4114 3496 4172 Deus
3521 4123 3576 4170 et
3603 4114 3742 4168 Pater

2177 4224 2264 4269 est
2290 4210 2516 4268 Christi.
2572 4209 2740 4264 Pater
2771 4216 2858 4264 est
2885 4208 3052 4264 etiam
3081 4205 3587 4261 misericordiarum.
3622 4203 3742 4258 Cum

2178 4287 2368 4376 posset
2406 4303 2590 4360 dicere
2621 4302 2778 4358 dator
2820 4298 3322 4356 misericordiarum
3349 4339 3366 4365 ,
3401 4297 3539 4354 dixit
3563 4305 3740 4368 pater:

509 4413 530 4448 ι
572 4410 662 4450 me
699 4403 754 4450 et
797 4394 1079 4450 Silvanum
1116 4404 1171 4450 et
1212 4395 1581 4466 Timotheum,
1615 4414 1724 4453 non
1754 4397 1857 4453 fuit
1887 4399 1944 4453 in
1979 4399 2075 4454 illo
2111 4402 2156 4458 Ι)
2181 4405 2244 4452 ut
2271 4396 2524 4451 ostendat
2564 4409 2691 4450 eum
2739 4401 2794 4448 et
2833 4393 3101 4458 datorem,
3129 4399 3184 4446 et
3215 4405 3283 4445 ex
3309 4397 3537 4461 paterno
3571 4388 3742 4443 all‘ectu

507 4505 529 4540 ι
569 4503 669 4544 εετ
691 4495 746 4542 ει
771 4501 907 4555 nos,
939 4487 1036 4543 sed
1061 4503 1158 4542 εετ
1201 4487 1257 4542 in
1305 4489 1397 4545 illo
1449 4489 1569 4545 luit.
1606 4489 1885 4560 Quotquot
1927 4490 2074 4545 enim

507 4599 528 4632 ι
571 4579 968 4652 promissiones
995 4579 1090 4634 Dei
1121 4588 1268 4646 sunt,
1316 4580 1373 4634 in
1416 4581 1510 4637 illo
1547 4598 1668 4637 εετ.
1723 4580 1848 4636 ideo
1883 4591 1939 4636 et
1981 4597 2078 4654 per

507 4690 527 4724 ι
565 4672 742 4742 ipsum
772 4691 786 4726 :
813 4671 986 4726 Amen
1013 4670 1126 4726 Deo
1166 4671 1235 4727 ad
1271 4663 1508 4743 (gloriam
1535 4681 1800 4728 nostram.
1841 4672 1947 4740 Qui
1973 4689 2076 4728 au-

506 4781 526 4814 ι
571 4771 678 4817 tem
706 4763 996 4818 confirmat
1030 4777 1130 4816 nos
1167 4763 1450 4818 vobiscum
1491 4764 1548 4819 in
1587 4763 1844 4832 Christo,
1889 4773 1943 4820 et
1981 4764 2078 4835 qui

505 4871 524 4902 ι
568 4853 724 4906 unxit
749 4868 849 4908 nos
877 4853 1018 4908 Deus
1037 4895 1051 4919 ,
1079 4862 1133 4908 et
1160 4854 1256 4924 qui
1285 4849 1523 4927 signavit
1555 4871 1687 4925 nos,
1739 4865 1794 4912 ct
1821 4857 1968 4913 dedit
1995 4857 2076 4928 pi-

503 4965 524 4997 ε
569 4962 710 5016 guns
740 4945 974 5015 Spiritus
1006 4946 1062 5000 in
1085 4947 1344 5004 cordibus
1378 4950 1600 5005 nostris.
1635 4935 1760 5021 Ego.
1787 4960 1968 5006 autem
1997 4960 2078 5006 te-

505 5057 526 5090 t
579 5047 718 5094 stem
749 5037 919 5093 Deum
954 5039 1150 5095 invoco
1181 5039 1236 5094 in
1277 5041 1518 5096 animam
1548 5058 1749 5110 meam,
1774 5045 1920 5113 quod
1953 5059 2078 5113 par-

477 5171 482 5178 .
509 5147 526 5181 ι
565 5145 695 5184 cens
725 5129 913 5197 vobis,
951 5147 1060 5186 non
1089 5131 1215 5186 veni
1237 5131 1381 5186 ultra
1419 5131 1744 5188 Corinthum
1775 5152 1788 5187 :
1821 5151 1928 5189 non
1950 5133 2080 5203 quia

509 5239 524 5272 ι
569 5220 917 5275 dominamur
961 5221 1086 5276 lidei
1133 5229 1366 5288 vestrae,
1417 5223 1514 5278 sed
1564 5222 1842 5293 adjutores
1888 5237 2081 5278 sumus

570 5315 754 5386 gaudii
783 5315 971 5369 vestri.
1003 5313 1140 5369 Nam
1180 5315 1279 5368 'ide
1310 5313 1488 5369 statis.
1524 5333 1546 5366 ι

1135 5463 1439 5504 EXPOSITIO.

571 5583 718 5640 More
773 5601 876 5642 suo
931 5585 1165 5641 salutem
1220 5582 1536 5651 praemittit,
1573 5583 1761 5639 dicens
1807 5603 1820 5637 :
1873 5584 2079 5640 Paulus

505 5677 670 5745 (quod
709 5692 910 5735 nomen
951 5686 1075 5750 tam
1124 5671 1449 5732 humilitatis
1506 5691 1670 5748 quam
1735 5675 2079 5735 auctoritatis

2183 4487 2342 4544 nobis
2362 4488 2504 4543 bona
2519 4486 2758 4542 dantem.
2775 4483 2955 4550 Pater,
2975 4483 3223 4553 inquam,
3237 4481 3741 4542 misericordiarum,

2179 4587 2230 4634 el
2262 4579 2404 4634 Deus
2441 4579 2604 4632 totius
2635 4575 3034 4630 consolationis.
3081 4573 3470 4628 Misericordiae
3510 4573 3742 4628 dicuntur

2183 4671 2366 4728 omnia
2407 4669 2551 4726 dona
2585 4668 2682 4724 Dei
2708 4709 2723 4734 ,
2769 4683 2868 4724 seu
2915 4666 3112 4722 dentur
3158 4665 3218 4720 in
3257 4664 3504 4720 adversis
3531 4704 3547 4730 ,
3583 4677 3670 4718 seu
3695 4658 3742 4712 in

2182 4763 2460 4835 prosperis
2493 4779 2509 4817 :
2540 4759 2843 4816 consolatio
2877 4765 3061 4814 autem
3085 4755 3284 4812 dicitur
3305 4763 3518 4810 tantum
3547 4753 3632 4810 ubi
3656 4749 3744 4804 fuit

2183 4853 2470 4910 desolatio.
2501 4853 2695 4909 Posset
2718 4850 2882 4906 etiam
2915 4849 3139 4916 dixisse,
3167 4847 3216 4904 si
3248 4847 3429 4915 vellet,
3455 4857 3608 4917 pater
3632 4858 3742 4898 con—

2181 4945 2466 5002 solationis
2499 4951 2554 4998 et
2593 4942 2739 4998 Deus
2767 4940 3288 5006 misericordiarum,
3322 4939 3574 5009 idemque
3599 4940 3738 4992 esset.

2184 5037 2328 5106 Deus
2342 5037 2464 5092 dico
2487 5033 2877 5090 consolationis
2897 5048 3006 5088 non
3032 5029 3380 5102 imperfectae,
3395 5031 3488 5085 sed
3511 5030 3684 5090 totius,
3697 5025 3742 5078 id

2182 5139 2267 5186 est
2293 5127 2564 5200 perfectae.
2605 5125 2664 5180 In
2685 5125 3101 5196 quibuscunque
3128 5123 3274 5178 enim
3303 5122 3632 5184 desolamur,
3659 5131 3740 5186 pn-

2185 5229 2304 5276 tcns
2333 5227 2388 5274 et
2415 5225 2612 5289 priesto
2652 5225 2738 5274 est
2760 5216 3034 5272 consolari
3067 5231 3168 5270 nos
3205 5213 3380 5280 Deus;
3412 5213 3540 5285 quia
3567 5223 3742 5267 conso-

2183 5312 2317 5368 latio
2346 5299 2502 5366 nunc'
2539 5310 2621 5365 eis
2663 5308 2842 5364 fuerat
2867 5307 3224 5378 Opportunior
3257 5322 3269 5358 :
3305 5306 3426 5361 ideo
3449 5305 3592 5360 circa
3620 5303 3740 5356 bona

2185 5401 2576 5459 consolationis
2619 5399 2795 5471 magis
2833 5400 3188 5465 immoratur,
3219 5397 3455 5453 dicens:
3487 5395 3591 5461 Qui
3617 5393 3741 5446 Deus

2185 5494 2492 5550 consolatur
2516 5511 2630 5561 nos,
2659 5508 2747 5550 me
2766 5492 2977 5550 scilicet
3003 5500 3057 5547 et
3079 5489 3484 5560 condiscipulos
3509 5503 3668 5550 meos,
3696 5483 3738 5534 in

2188 5586 2529 5642 tribulatione
2553 5593 2764 5652 nostra,
2800 5600 2964 5656 quam
2997 5583 3254 5654 patimur.
3300 5582 3410 5637 Nec
3447 5582 3500 5636 in
3527 5580 3742 5650 quadam-

2185 5685 2417 5746 tantum,
2457 5677 2552 5735 scd
2585 5679 2638 5732 in
2689 5676 2848 5731 omni.
2891 5673 3210 5744 Ubicunque
3241 5673 3388 5730 enim
3421 5671 3734 5732 tribui-amur,
