3928 6472
193 410 319 464 221
803 440 806 441 ν
861 407 1225 466 EXPOSITIO
1262 409 1328 464 ΙΝ
1365 407 1748 465 EPISTOLAS
1780 388 2008 464 PAULI.
2047 438 2118 448 -
2151 407 2219 461 IN
2253 378 2471 465 EPlS'l'.
2509 407 2553 462 ll
2588 407 2681 471 AD
2717 406 2876 464 COR.
3398 411 3504 466 222

194 522 395 575 facile
439 521 524 576 vel
565 518 781 574 dililcile
822 520 1124 575 secundum
1170 520 1392 574 modum
1432 519 1819 582 tribulationis,
1849 523 1896 582 Λ
1923 519 2160 588 patimur
2187 535 2206 572 :
2240 535 2367 574 nam
2400 536 2501 576 nos
2527 534 2689 590 supra
2740 519 2962 575 modum
2990 521 3200 591 gravati
3222 539 3415 579 sumus
3445 527 3502 578 in

195 623 436 680 praesto
481 620 567 666 est
613 609 881 665 medicina
924 610 1260 665 consolantis
1303 629 1316 664 :
1355 610 1692 676 consolatur,
1740 608 1826 662 in-
1924 611 2074 666 Asia.
2115 611 2221 666 Sed
2251 613 2569 681 priusquam
2604 612 2707 666 hoc
2732 610 2906 678 dicat,
2938 611 3218 680 praemittit
3244 614 3386 668 unde
3417 615 3500 668 iu-

194 718 422 770 quani,
455 719 564 757 non
593 702 768 756 solum
795 709 856 757 ut
881 716 982 757 nos
1010 701 1221 768 liberet,
1253 699 1350 754 sed
1377 700 1541 755 etiam
1566 709 1623 755 ut
1648 699 1822 769 possi-
1925 702 2147 757 tendant
2188 710 2362 757 totum
2412 710 2658 771 spectare
2703 701 2772 756 ad
2819 716 2940 758 sese
2965 701 3228 771 quidquid
3252 702 3500 768 dicturus

195 811 336 848 mus
365 805 424 850 et
454 796 557 865 ipsi
586 795 680 865 qui
727 793 1054 848 tribulamur
1087 790 1350 847 consolari
1376 807 1462 846 eos
1480 831 1496 858 ,
1535 791 1629 860 qui
1659 790 1822 846 modo
1895 801 2024 854 est.
2053 791 2274 848 Gravati
2296 792 2515 862 quidem
2541 808 2732 848 sumus
2763 810 2775 848 :
2804 800 2859 846 ct
2885 792 2989 847 hoc
3021 808 3124 845 non
3146 791 3383 846 volumus
3412 809 3498 846 vos

194 887 556 941 videbamur
599 872 830 941 desolati
878 903 892 940 :
932 893 988 940 et
1029 901 1126 955 per
1181 884 1488 954 exemplum
1549 882 1824 952 patientia:
1920 887 2188 956 ignorare,
2224 886 2438 952 fratres,
2473 885 2538 938 de
2566 883 2907 938 tribulatione
2933 893 3148 950 nostra,
3189 901 3305 954 qua?
3351 884 3498 953 facta

193 986 458 1046 nostrae,
490 989 546 1033 et
591 993 688 1048 per
733 976 1171 1032 exhortationem
1215 975 1504 1031 sermonis.
1539 973 1821 1029 Consolari
1920 985 1998 1032 est
2032 978 2088 1030 in
2124 976 2278 1030 Asia.
2332 974 2412 1030 lbi
2439 976 2587 1031 enim
2612 976 2756 1046 apud
2781 975 3078 1044 Ephesum,
3105 976 3234 1044 quia
3261 975 3496 1044 puellam

193 1066 346 1122 dico
383 1084 486 1124 eos
512 1070 605 1140 qui
634 1078 756 1122 sunt
787 1070 843 1122 in
877 1084 1121 1138 pressura
1146 1066 1584 1122 tribulationum.
1621 1063 1732 1118 Nec
1762 1064 1819 1118 in
1919 1069 2168 1140 spiritum
2196 1068 2452 1140 pythonis
2481 1067 2767 1124 habentem
2805 1068 3105 1134 mandavit,
3137 1076 3189 1122 et
3218 1067 3297 1121 sic
3323 1067 3498 1120 domi-

193 1159 473 1228 quadam
504 1168 740 1227 tantum,
780 1159 875 1215 sed
903 1160 960 1212 in
985 1159 1130 1212 omni
1161 1173 1418 1228 pressura
1457 1155 1702 1211 interiori
1734 1155 1820 1210 vel
1919 1159 2008 1214 nis
2032 1157 2152 1228 ejus
2178 1165 2448 1225 quantum
2478 1171 2640 1226 quem
2667 1156 2734 1210 de
2757 1155 3088 1211 divinatione
3113 1154 3303 1224 puella:
3331 1154 3497 1208 babe-

191 1247 512 1312 exteriori,
547 1262 842 1316 possumus
895 1262 990 1302 eos
1041 1247 1310 1302 consolari
1355 1261 1449 1316 per
1487 1245 1795 1318 exlzortatio-

1918 1255 2051 1312 bant
2099 1253 2366 1309 abstulit:
2399 1252 2661 1308 instinctu
2705 1266 2896 1305 eorum
2945 1257 3060 1304 tota
3105 1249 3300 1304 civitas
3335 1248 3497 1302 irruit

195 1354 357 1390 item.
395 1337 591 1393 Posset
617 1338 798 1393 dicere
829 1353 926 1408 per
950 1337 1404 1401 consolationem,
1427 1335 1522 1391 sed
1554 1343 1612 1390 ut
1635 1342 1795 1389 ostcn

1916 1348 1972 1404 in
2000 1363 2147 1403 eum.
2187 1345 2437 1416 Cumque
2468 1344 2737 1400 rationem
2765 1343 2989 1397 reddere
3017 1341 3210 1406 vellet,
3241 1356 3309 1394 ne
3340 1339 3497 1395 audi-

193 1429 376 1486 deret
393 1445 460 1484 se
480 1445 590 1483 non
623 1428 1248 1498 simpliciterconsolari,
1278 1428 1371 1482 sed
1387 1428 1549 1482 etiam
1566 1425 1816 1482 fortiores
1915 1449 2068 1496 reuu-
2111 1437 2529 1494 conclamabam
2580 1454 2595 1490 ε
2643 1434 2835 1504 Magna
2887 1432 3057 1487 Diana
3107 1430 3491 1502 Ephesiorum.

194 1516 367 1572 ﬁeri:
399 1518 483 1572 ait
509 1534 602 1588 per
629 1517 1060 1573 exhortationem
1085 1534 1190 1588 qua
1212 1517 1304 1571 alii
1325 1516 1498 1572 sancti
1514 1524 1566 1572 et
1588 1531 1689 1572 nos
1710 1516 1816 1586 ipsi
1914 1529 2102 1600 [hique
2147 1536 2230 1584 ιοι
2260 1527 2576 1583 verberibus
2608 1525 2914 1580 amna-um
2960 1538 3108 1591 eum,
3138 1530 3199 1576 ιη
3227 1523 3281 1576 in
3317 1521 3492 1591 platea

193 1609 572 1664 exhortamur
603 1626 636 1664 a
679 1609 789 1663 Deo
820 1624 840 1664 :
870 1617 931 1664 ut
978 1609 1222 1664 videntes
1274 1607 1443 1664 Deum
1491 1617 1795 1678 praesenten

1912 1622 2060 1677 velut
2089 1628 2342 1676 mortuus
2385 1619 2785 1688 relinqueretur
2819 1615 2838 1687 (
2862 1615 2982 1670 Act.
3012 1629 3126 1680 xvn,
3153 1613 3289 1684 xix)
3322 1632 3335 1667 :
3367 1612 3492 1679 hoc,

192 1700 383 1755 nobis
428 1701 486 1754 in
526 1700 904 1768 tribulatione,
949 1700 1087 1754 nihil
1121 1699 1432 1754 dubitemus
1463 1701 1517 1754 in
1553 1714 1812 1769 quaecun-
1911 1715 2158 1784 inquam,
2182 1713 2310 1768 ηοιο
2337 1725 2438 1766 vos
2467 1709 2741 1780 ignorare,
2763 1705 3021 1777 quoniam
3045 1705 3119 1758 ibi
3144 1703 3288 1774 apud
3317 1701 3496 1772 Ephe-

193 1807 316 1860 Ψιθ
355 1800 640 1846 ῑοτωθῐιῑδ
671 1791 1005 1860 irrumpere,
1039 1799 1095 1846 ει
1131 1791 1269 1847 alios
1298 1791 1366 1846 ad
1396 1792 1706 1861 exemplum
1743 1805 1810 1848 ³ο
1843 1847 1884 1876 ο
1913 1821 2034 1862 sum
2061 1804 2267 1876 gravati
2289 1818 2470 1857 sumus
2493 1817 2656 1870 supra
2682 1797 2895 1853 modum
2919 1796 3162 1868 priorum
3189 1793 3495 1849 tribulatio-

191 1881 482 1936 virtutem
518 1882 806 1952 patientize,
837 1882 1004 1937 verbo
1040 1890 1095 1936 et
1126 1880 1375 1950 exemplo
1409 1882 1661 1936 invitare.

272 1972 350 2028 Et
383 1989 516 2029 vere
539 1974 894 2030 exhortamur
925 1989 957 2028 a
990 1973 1102 2028 Deo
1137 1992 1149 2027 :
1186 1974 1438 2044 quoniam
1469 1975 1608 2026 sicut
1635 1973 1807 2027 abun-

189 2065 340 2118 dant
401 2066 674 2134 passiones
723 2063 924 2120 Christi
948 2105 964 2131 ,
1009 2063 1064 2118 id
1093 2072 1178 2119 est
1197 2079 1336 2133 quas
1363 2063 1449 2118 vel
1475 2077 1575 2133 pro
1602 2061 1808 2118 Christi

194 2156 447 2211 nomine
474 2197 490 2221 ,
537 2155 620 2210 vel
665 2168 764 2225 pro
793 2154 1042 2226 exemplo
1088 2153 1292 2228 Christi
1332 2168 1432 2224 pro
1473 2154 1628 2212 nobis
1659 2154 1807 2224 passi

193 2249 582 2304 sustinemus.
629 2245 784 2302 Sicut
805 2247 952 2302 enim
992 2246 1277 2317 passiones
1300 2245 1579 2300 abundant
1616 2245 1671 2298 in
1710 2262 1808 2299 no-

197 2342 281 2394 bis
301 2382 318 2406 ,
362 2342 451 2394 ita
479 2339 700 2409 copiose
729 2338 966 2393 abundat
993 2338 1159 2393 etiam
1188 2335 1479 2392 consolatio
1509 2346 1690 2390 nostra
1717 2354 1810 2407 per

196 2431 497 2486 Christum
525 2445 626 2487 nos
664 2431 1060 2486 consolantem.
1101 2429 1190 2484 Vel
1217 2445 1313 2500 per
1337 2428 1653 2485 Christum:
1679 2431 1807 2501 quia

197 2539 301 2592 per
345 2523 667 2591 exemplum
696 2521 971 2591 patientiae
999 2521 1118 2590 ejus
1149 2520 1518 2576 consolamur.
1560 2519 1626 2575 Et
1659 2537 1809 2590 quae-

197 2628 438 2684 cunque
488 2613 748 2684 patimur,
805 2621 860 2667 et
906 2611 1346 2682 quandocunque
1413 2611 1804 2677 consolamur,

199 2707 314 2764 hoc
346 2723 465 2762 non
491 2707 669 2762 solum
691 2715 912 2776 propter
931 2722 1053 2773 nos,
1083 2706 1176 2762 sed
1205 2706 1367 2761 etiam
1400 2706 1468 2762 ad
1493 2706 1804 2762 instructio-

201 2814 336 2854 nem
374 2799 544 2854 vestri
578 2799 724 2852 :sive
751 2796 898 2854 enim
927 2796 1266 2864 tribulamur,
1299 2797 1402 2852 hoc
1424 2797 1485 2852 ﬁt
1517 2813 1613 2868 pro
1647 2799 1806 2852 vestri

202 2891 604 2957 exhortatione,
667 2898 729 2945 ut
777 2889 845 2944 ad
889 2888 1173 2958 patiendas
1221 2886 1600 2945 tribulationes
1639 2886 1807 2946 fortes

204 2983 354 3050 sitis,
415 2992 472 3039 et
507 2982 588 3038 sic
613 2997 714 3051 pro
741 2982 915 3036 salute
951 2989 1152 3036 aeterna
1186 2980 1436 3038 habenda
1465 3000 1478 3034 :
1509 2983 1616 3036 sive
1644 2983 1807 3037 etiam

202 3075 575 3139 consolamur,
608 3073 711 3128 hoc
732 3073 790 3127 lit
823 3088 918 3142 pro
939 3073 1095 3127 vestri
1120 3072 1496 3138 consolatione,
1528 3082 1590 3129 ut
1617 3074 1804 3135 sciatis

1911 1910 2063 1960 nam,
2095 1901 2150 1949 et
2172 1908 2334 1962 supra
2356 1891 2654 1945 humanam
2680 1889 2946 1942 virtutem.
2983 1883 3171 1939 Virtus
3216 1882 3361 1937 enim
3389 1881 3494 1935 bo-

1906 1986 2072 2042 minis
2103 1994 2253 2040 tanta
2279 1985 2391 2055 pati
2418 1999 2528 2038 non
2556 1988 2762 2053 posset.
2812 1978 2892 2034 Ita
2935 1977 3126 2047 utique
3164 1974 3372 2047 gravati
3403 1990 3496 2028 su—

1907 2094 2052 2145 mus,
2076 2087 2134 2130 ut
2165 2077 2377 2132 ttederet
2403 2090 2518 2141 nos,
2540 2088 2652 2128 non
2681 2073 2802 2127 dico
2823 2070 2957 2140 pati,
2985 2069 3079 2124 sed
3101 2069 3263 2122 etiam
3286 2068 3452 2120 vivere
3474 2081 3493 2118 :

1906 2183 2007 2223 nec
2038 2175 2249 2222 tantum
2280 2165 2468 2220 taeduit
2496 2179 2608 2220 nos
2624 2164 2828 2229 vivere,
2860 2158 2951 2215 sed
2973 2161 3136 2214 etiam
3174 2160 3277 2228 ipsi
3301 2159 3494 2211 habui-

1907 2275 2022 2322 mus
2047 2259 2103 2312 in
2134 2257 2302 2323 nobis,
2327 2257 2382 2312 id
2401 2263 2485 2311 est
2507 2256 2560 2310 in
2590 2255 2774 2310 anima
2804 2260 2990 2306 nostra
3021 2266 3323 2320 responsum
3352 2264 3492 2301 mor-

1909 2352 1975 2404 tis
2000 2365 2018 2405 :
2042 2349 2172 2418 quia
2198 2346 2549 2404 consulentes.
2571 2345 2809 2401 animam
2836 2350 3104 2402 nostram,
3136 2340 3181 2394 si
3213 2339 3350 2394 forte
3378 2338 3485 2392 vivi

1905 2439 2258 2494 evaderemus
2283 2478 2298 2504 ,
2343 2435 2706 2506 respondebat
2754 2432 2911 2486 nobis
2959 2439 3211 2484 mortem.
3267 2426 3344 2482 Ne
3394 2443 3491 2497 per

1907 2530 2012 2585 hoc
2057 2529 2202 2598 quod
2249 2526 2416 2593 dicit,
2451 2525 2682 2580 ttedebat
2711 2537 2814 2576 nos
2860 2521 2915 2574 in
2964 2519 3252 2577 tormentis
3285 2518 3488 2584 vivere,

1906 2629 2192 2692 putaretur
2225 2619 2327 2674 sibi
2366 2616 2638 2672 contraire
2666 2655 2682 2681 ,
2723 2613 2815 2668 ubi
2854 2612 2932 2666 ait
2969 2631 2981 2666 :
3033 2609 3352 2666 Consolatur
3396 2624 3489 2661 nos

1909 2710 2048 2764 Deus
2084 2711 2141 2764 in
2185 2709 2325 2764 omni
2365 2705 2708 2760 tribulatione
2736 2744 2751 2772 ,
2802 2712 2992 2758 contra
3048 2701 3153 2756 hoc
3201 2699 3276 2754 ait
3317 2715 3329 2749 :
3363 2697 3489 2752 ldco

1892 2810 2119 2859 tantum
2163 2798 2370 2872 gravati
2408 2811 2601 2852 sumus
2645 2808 2820 2864 usque
2869 2792 2940 2849 ad
2995 2790 3214 2846 taedium
3263 2788 3387 2843 vitae
3435 2795 3491 2841 et

1906 2911 2228 2967 responsum
2261 2891 2475 2958 mortis,
2504 2899 2563 2945 ut
2603 2905 2706 2943 non
2747 2888 2914 2942 simus
2951 2884 3168 2955 ﬁdentes
3214 2882 3269 2936 in
3314 2879 3486 2945 nobis,

1909 2989 1962 3044 id
1987 2998 2069 3044 est
2095 2988 2302 3041 viribus
2331 2984 2535 3040 nostris
2578 2981 2712 3039 nihil
2740 2978 3079 3034 ascribamus
3112 2994 3124 3029 :
3158 2973 3249 3027 sed
3285 2973 3341 3026 in
3377 2969 3486 3023 Deo

1908 3089 2118 3136 tantum
2150 3077 2509 3143 conﬁdamus,
2537 3075 2627 3145 qui
2654 3072 2878 3128 suscitat
2907 3077 3140 3123 mortuos
3172 3081 3188 3118 :
3224 3080 3311 3120 me
3338 3063 3485 3118 enim

204 3181 308 3221 vos
335 3165 596 3221 similiter
626 3180 658 3219 a
685 3164 797 3219 Deo
827 3164 883 3218 in
921 3164 1270 3219 tribulatione
1304 3166 1670 3222 consolandos
1698 3208 1713 3233 ,
1751 3176 1805 3222 et
1831 3181 1875 3244 ρ
1906 3173 1973 3227 de
2003 3177 2196 3237 morte,
2222 3167 2278 3224 id
2304 3174 2388 3223 est
2413 3167 2480 3222 de
2505 3179 2571 3220 eo
2598 3178 2698 3233 pro
2728 3175 2837 3231 quo
2865 3158 3007 3214 alius
3050 3157 3215 3210 homo
3243 3167 3487 3208 morere-

204 3257 286 3312 sic
314 3271 424 3326 pro
448 3254 633 3310 futura
673 3254 846 3309 salute
892 3254 1138 3310 habenda
1173 3272 1185 3307 :
1215 3255 1320 3309 sive
1354 3254 1517 3308 etiam
1547 3256 1798 3310 exhorta-

204 3364 330 3401 mur
365 3362 384 3401 :
418 3347 528 3401 hoc
555 3354 729 3402 totum
756 3345 812 3400 ﬁt
856 3362 952 3415 pro
988 3348 1146 3400 uestri
1182 3346 1570 3413 exhortatione,
1615 3356 1675 3402 ut
1702 3363 1799 3404 vos

206 3439 473 3508 exemplo
521 3446 714 3492 nostro
757 3445 812 3490 et
859 3435 1107 3492 doctrina
1141 3437 1412 3491 exhortati
1440 3437 1560 3492 sitis
1585 3438 1653 3492 ad
1679 3453 1796 3492 me-

207 3530 350 3584 liora
380 3570 397 3597 ,
450 3537 505 3583 et
557 3527 718 3598 158
756 3528 837 3583 sic
878 3543 978 3598 pro
1009 3527 1255 3582 habenda
1293 3527 1448 3582 vobis
1475 3527 1793 3583 salvatione.

208 3619 523 3677 Videndum
556 3627 641 3674 est
667 3619 813 3690 quod
857 3619 973 3676 hmc
1005 3619 1165 3674 verba
1187 3661 1201 3684 ,
1236 3617 1576 3686 tribulamur,
1607 3636 1795 3673 conso-

205 3713 412 3780 lamur,
437 3711 804 3776 exhortamur,
829 3710 924 3764 hic
962 3710 1016 3763 in
1053 3709 1267 3780 passiva
1294 3709 1692 3779 signiﬁcatione
1721 3711 1797 3766 le-

205 3812 417 3872 guntur
444 3820 458 3855 :
489 3816 616 3855 vere
637 3808 812 3854 totum
835 3814 935 3869 pro
961 3799 1134 3865 vobis,
1169 3799 1297 3869 quia
1333 3817 1451 3869 qua:
1498 3801 1793 3867 tribulatio,

207 3892 520 3952 consolatio
544 3899 598 3947 et
633 3891 940 3946 exhortatio
965 3899 1214 3959 operatur
1254 3892 1310 3944 in
1342 3891 1517 3958 vobis,
1548 3891 1713 3947 verbo
1742 3899 1797 3946 et

206 3982 466 4054 exemplo
487 3989 699 4047 nostro,
725 3981 1060 4035 tolerantiam
1080 3981 1384 4051 passionum
1404 3983 1565 4034 etiam
1585 3998 1796 4035 earum-

208 4073 327 4127 dem
363 4089 499 4144 quas
539 4073 775 4142 patimur
803 4072 965 4126 etiam
993 4087 1106 4138 nos,
1140 4071 1234 4141 qui
1270 4079 1433 4126 tantae
1455 4072 1794 4129 auctoritatis

208 4164 355 4234 apud
384 4163 558 4217 Deum
588 4178 780 4218 sumus
812 4180 825 4216 :
858 4177 967 4216 non
1009 4178 1138 4233 ergo
1166 4162 1461 4230 miremini,
1493 4163 1539 4219 si
1577 4179 1678 4220 vos
1704 4165 1792 4218 in-

209 4253 440 4309 feriores
483 4252 626 4308 Deus
660 4252 938 4323 permittat
972 4253 1174 4307 vexari.
1220 4251 1488 4322 Operatur
1535 4253 1591 4307 in
1637 4253 1793 4310 vobis

208 4343 579 4408 tolerantiam,
607 4351 663 4396 ut
693 4359 806 4412 spes
836 4351 1019 4396 nostra
1066 4342 1249 4397 habita
1281 4359 1376 4412 pro
1408 4343 1570 4410 vobis,
1603 4359 1710 4414 qua
1740 4353 1794 4400 et

206 4450 304 4492 vos
329 4449 629 4506 _speramus
658 4433 712 4486 in
739 4433 882 4488 bono
913 4417 1278 4503 perseverare,
1301 4441 1356 4488 et
1377 4434 1607 4489 salutem
1629 4444 1788 4490 teter-

1903 3271 2012 3327 tur,
2043 3257 2332 3315 liberavit:
2365 3257 2453 3328 qui
2500 3255 2666 3310 etiam
2711 3250 3023 3321 frequenter
3065 3247 3257 3318 eripuit
3295 3261 3388 3298 nos
3420 3244 3484 3297 de

1902 3353 2064 3407 tantis
2093 3350 2342 3422 periculis
2375 3362 2498 3419 quae
2542 3344 2691 3416 passi
2733 3357 2926 3399 sumus
2954 3382 2968 3406 ,
3010 3341 3066 3394 in
3099 3354 3253 3410 quem
3290 3343 3483 3391 euntes

1899 3441 2037 3496 bene
2061 3438 2268 3510 agendo
2303 3451 2573 3507 speramus
2599 3475 2614 3500 ,
2657 3431 2907 3510 quoniam
2942 3436 3004 3482 ut
3030 3428 3180 3493 olim,
3204 3425 3291 3480 sic
3316 3424 3479 3478 etiam

1899 3533 2071 3587 adhuc
2097 3531 2150 3585 in
2185 3528 2369 3584 futuro
2395 3527 2610 3597 eripiet,
2650 3525 2706 3580 in
2736 3523 2840 3578 hac
2866 3520 3143 3592 ereptione
3171 3517 3480 3588 adjuvanti-

1897 3624 1992 3679 bus
2015 3623 2136 3679 aliis
2163 3620 2413 3677 ﬁdelibus
2437 3627 2485 3673 et
2508 3617 2649 3672 vobis
2678 3617 2734 3671 in
2761 3615 3020 3680 oratione,
3047 3611 3101 3666 id
3123 3618 3207 3667 est
3233 3625 3330 3680 per
3351 3623 3479 3663 ora-

1899 3713 2100 3769 tionem
2153 3710 2354 3767 l'actam
2405 3723 2506 3779 pro
2552 3705 2713 3761 nobis
2745 3722 2758 3759 :
2793 3703 2873 3758 sic
2911 3702 3034 3758 dico
3068 3696 3476 3768 adjuvantibus,

1887 3790 1955 3856 ut
1977 3818 2068 3872 per
2089 3801 2280 3854 multos
2304 3799 2570 3869 adjutores
2592 3802 2820 3866 agantur
2838 3792 2948 3846 Deo
2969 3791 3159 3862 gratia:
3178 3805 3272 3859 pro
3294 3787 3441 3840 nobis
3459 3799 3478 3838 :

1895 3892 2081 3964 gratia1
2108 3892 2231 3947 dico
2255 3891 2368 3961 ejus
2397 3888 2722 3954 donationis,
2751 3885 2805 3940 id
2830 3893 2913 3940 est
2937 3881 3211 3954 patientiae
3240 3888 3294 3934 et
3321 3879 3434 3949 spei
3460 3897 3474 3932 :

1895 3992 1950 4038 et
1973 3981 2153 4039 omnis
2186 3983 2342 4037 bona:
2369 3977 2681 4034 donationis
2709 3993 2824 4047 quae
2846 3977 2902 4029 in
2929 3973 3076 4027 nobis
3100 3979 3198 4024 est.
3229 3969 3478 4038 Agantur

1894 4074 2018 4130 dico
2047 4089 2110 4127 ex
2136 4072 2371 4143 personis
2400 4070 2688 4124 multarum
2723 4067 2980 4137 facierum
3002 4105 3016 4130 ,
3065 4063 3118 4116 id
3145 4069 3230 4116 est
3256 4076 3321 4115 ex
3353 4074 3477 4129 per-

1895 4167 2049 4222 sonis
2077 4163 2364 4234 tnultiplici
2390 4161 2527 4218 facie
2575 4161 2836 4216 virtutum
2883 4155 3125 4212 variatis.
3155 4152 3305 4207 Sicut
3327 4149 3474 4205 enim

1894 4256 2060 4312 homo
2110 4256 2248 4310 faeie
2277 4252 2630 4324 distinguitur
2661 4251 2731 4305 ab
2756 4249 2884 4315 alio,
2919 4247 2998 4304 sic
3026 4246 3080 4300 in
3111 4243 3354 4298 Ecclesia
3384 4241 3475 4295 hic

1893 4365 1990 4421 per
2019 4347 2385 4407 humilitatem
2417 4345 2577 4416 quasi
2609 4343 2746 4398 faeie
2773 4339 3126 4411 distinguitur
3153 4336 3221 4391 ab
3246 4335 3354 4390 alio
3379 4354 3391 4390 :
3420 4342 3474 4388 ct

1894 4443 2036 4498 alius
2065 4457 2160 4513 per
2188 4439 2502 4512 patientiam
2535 4437 2604 4493 ab
2636 4437 2763 4503 isto,
2793 4443 2850 4490 et
2891 4433 2970 4489 sic
3009 4430 3252 4486 membra
3286 4427 3473 4482 Eccle-

209 4541 336 4580 ΜΠ]
366 4523 773 4596 apprehendere
806 4542 818 4578 ε
852 4534 912 4579 ιη
951 4523 1066 4579 ha’c
1109 4540 1235 4593 51305
1279 4524 1351 4576 δίε
1389 4525 1568 4594 ﬁrma,
1614 4525 1668 4580 id
1708 4535 1790 4581 est
1819 4548 1865 4606 ι)
1893 4536 1987 4591 size
2033 4535 2280 4590 diversas
2307 4532 2537 4586 virtutes
2583 4530 2869 4585 distinctas
2911 4526 3111 4580 habent
3155 4522 3340 4578 facies.
3392 4518 3470 4574 Ex

208 4629 537 4685 permanens
569 4634 582 4670 :
610 4625 663 4670 et
691 4614 920 4669 veritate
963 4614 1179 4669 virtutis
1225 4615 1497 4670 roborata.
1545 4613 1663 4670 Non
1713 4615 1789 4670 ait

209 4706 273 4765 de
307 4705 486 4770 vobis,
521 4705 612 4760 sed
640 4720 738 4774 pro
771 4703 928 4759 vobis
959 4723 971 4757 :
1005 4712 1066 4758 ut
1089 4705 1340 4759 ostendat
1367 4721 1520 4760 suam
1554 4706 1792 4761 ebarita-

210 4804 316 4850 tem
348 4811 449 4866 pro
481 4796 624 4849 bono
649 4811 838 4850 eorum
871 4795 1161 4850 all'ectuose
1200 4795 1488 4849 sollicitam
1518 4809 1658 4851 esse.
1686 4793 1790 4850 Pa-

210 4887 395 4953 timur,
430 4878 652 4956 inquam
679 4930 695 4952 ,
740 4887 959 4940 scientes
994 4903 1011 4940 :
1042 4887 1300 4956 quoniam
1335 4888 1472 4940 sicut
1508 4889 1632 4941 estis
1679 4903 1786 4943 non

210 4977 384 5032 dicam
442 4978 766 5048 participes,
809 4978 904 5032 sed
934 4978 1064 5032 socii
1103 4979 1409 5048 passionum
1452 4987 1785 5046 nostrarum,

211 5069 283 5121 sic
313 5068 464 5122 eritis
514 5069 674 5121 etiam
709 5067 844 5124 socii
885 5067 1290 5136 consolationis,
1337 5085 1500 5139 quam
1545 5068 1784 5124 futuram

211 5171 590 5230 exspectamus
631 5160 790 5216 nobis
834 5169 890 5215 et
930 5160 1086 5216 vobis
1126 5161 1182 5216 in
1221 5161 1412 5232 gloria.
1451 5162 1515 5217 Et
1545 5179 1641 5233 per
1678 5165 1786 5219 hoc

211 5249 351 5316 quod
400 5247 579 5304 socios
610 5264 706 5304 eos
735 5256 914 5316 vocat,
952 5249 1184 5303 multum
1217 5251 1423 5305 animat
1465 5252 1532 5306 ad
1575 5251 1785 5322 patien-

213 5341 356 5395 t'am.
388 5340 464 5396 Ea
491 5341 781 5397 occasione
805 5343 932 5413 quia
959 5342 1024 5398 de
1047 5329 1395 5413 passionibus
1423 5343 1571 5414 loqui
1598 5344 1781 5415 erepit,

189 5432 399 5509 transit
420 5432 489 5486 ad
509 5433 910 5489 enumerandas
937 5434 1299 5502 diliicultates,
1323 5450 1461 5506 quas
1490 5451 1686 5505 passus
1705 5447 1790 5492 est

214 5517 262 5571 in
287 5521 450 5587 Asia;
487 5523 590 5577 hoc
620 5533 800 5578 autem
833 5523 962 5579 facit
997 5541 1064 5581 ne
1091 5533 1312 5596 possent
1334 5525 1568 5596 objicere
1592 5525 1787 5580 Corin-

215 5609 304 5661 thii
327 5629 338 5662 :
365 5609 630 5682 Exemplo
663 5623 755 5668 tuo
778 5631 901 5682 nos,
924 5615 1111 5684 Paule,
1141 5633 1407 5688 provocas
1437 5618 1506 5673 ad
1537 5617 1785 5674 ferendas

215 5697 604 5778 tribulationes,
649 5705 739 5774 qui
773 5721 1049 5775 nunquam
1077 5708 1307 5765 fortasse
1334 5719 1441 5766 tam
1468 5711 1705 5781 graviter
1727 5719 1785 5764 ut

219 5803 311 5844 nos
351 5791 636 5851 tribulatus
682 5811 759 5851 es.
800 5795 1002 5854 Littera
1041 5799 1117 5855 sic
1145 5800 1392 5872 jungitur
1427 5822 1438 5855 :
1475 5801 1617 5858 Bene
1657 5803 1779 5859 dico

1896 4626 2145 4698 personis
2171 4633 2351 4680 autem
2381 4623 2674 4679 multarum
2707 4619 2990 4683 facierum,
3023 4615 3077 4670 id
3102 4622 3184 4668 est
3211 4611 3472 4666 varietate

1894 4718 2156 4773 virtutum
2185 4715 2488 4781 distinctis,
2533 4722 2762 4785 agantur
2798 4710 2987 4782 gratia:
3021 4706 3130 4760 Deo
3165 4720 3260 4776 pro
3299 4703 3465 4758 nobis.

1895 4807 1989 4862 Vel
2017 4809 2089 4862 ita
2121 4825 2135 4861 :
2171 4805 2255 4860 Ea:
2282 4807 2518 4876 personis
2549 4803 2838 4858 multarum
2889 4800 3167 4870 facierum,
3209 4795 3264 4850 id
3291 4803 3375 4849 est
3403 4809 3469 4848 ex

1892 4899 2206 4954 diversitate
2246 4905 2467 4952 aetatum
2516 4903 2572 4950 et
2619 4908 2784 4950 sexus
2822 4910 2835 4945 :
2870 4903 3134 4962 personas
3169 4887 3468 4942 multarum

1891 4988 2153 5043 faciernm
2185 5001 2388 5042 vocans
2417 4999 2646 5056 pueros,
2678 4983 2907 5053 juvenes
2942 4985 2995 5034 et
3031 4986 3255 5033 ceteras
3282 4984 3469 5032 aetates

1886 5077 2170 5146 utriusque
2200 5091 2383 5131 sexus.
2417 5074 2515 5130 Vel
2543 5074 2619 5129 ita
2654 5090 2668 5128 :
2697 5072 2939 5144 Agantur
2957 5087 3052 5142 pro
3089 5067 3236 5122 nobis
3280 5069 3470 5139 gratiae

1892 5167 2375 5237 159d0natt°onis
2403 5180 2528 5236 quae
2553 5172 2637 5220 est
2665 5163 2720 5218 in
2748 5163 2926 5229 nobis.
2960 5161 3204 5233 Agantur
3227 5159 3351 5214 dico
3372 5174 3469 5230 per

1885 5258 2107 5322 multos,
2137 5265 2192 5312 et
2221 5256 2368 5327 quod
2396 5255 2521 5310 dico
2547 5270 2644 5325 per
2664 5254 2886 5320 multos,
2902 5253 3005 5308 hoc
3025 5260 3190 5308 estex
3216 5249 3468 5321 personis

1887 5351 2184 5405 multarum
2214 5348 2496 5404 faeierum.
2548 5347 2652 5403 Per
2690 5347 2795 5402 hoc
2823 5347 2968 5419 quod
2995 5346 3099 5412 ait,
3138 5344 3280 5400 vobis
3310 5343 3469 5412 adju-

1890 5442 2131 5495 vantibus
2155 5457 2249 5512 pro
2273 5440 2418 5494 nobis
2441 5440 2574 5496 satis
2595 5439 2940 5496 commendat
2963 5446 3018 5492 et
3044 5436 3211 5492 allicit
3237 5450 3330 5492 eos
3361 5432 3465 5487 sibi

1887 5547 2027 5602 quos
2053 5532 2187 5586 tanti
2216 5531 2348 5587 facit
2379 5548 2392 5583 ε
2429 5540 2488 5586 ιιι
2517 5547 2618 5602 pro
2667 5529 2928 5601 Apostolo
2959 5527 3290 5584 intercedere
3315 5524 3462 5596 digni

1886 5620 2015 5675 sint.
2049 5621 2105 5675 lu
2140 5622 2224 5677 his
2250 5623 2397 5676 enim
2426 5621 2608 5676 verbis
2638 5622 2884 5690 pariﬁcat
2907 5635 3002 5674 eos
3032 5615 3156 5671 sibi.

1959 5710 2249 5782 ﬂuensque
2287 5711 2354 5766 de
2377 5709 2677 5766 Corinthiis
2723 5709 2990 5779 perfectos
3015 5705 3329 5761 consolatus
3357 5713 3459 5759 est.

1887 5803 1982 5860 llic
2019 5806 2251 5863 transire
2283 5805 2495 5861 videtur
2523 5804 2588 5860 ad
2615 5803 2753 5870 illos,
2784 5801 2874 5872 qui
2903 5798 3142 5853 nondum
3179 5796 3313 5853 satis
3341 5812 3462 5851 eor-
