3928 6476
448 378 563 437 225

1017 370 1076 443 ὃ.
1112 360 1466 427 BRUNONIS
1495 362 2141 425 CARTHUSIANORUM
2181 363 2674 423 lNS’l‘l’l‘UTORlS
2709 362 2862 422 OPP.
2897 364 3081 422 PARS
3117 363 3182 421 ll.

3659 367 3751 425 ﬁt

446 493 606 560 recti,
662 488 1015 546 adhaerebant
1052 484 1541 558 pseudoaiagistris
1569 501 1583 538 :
1608 496 1925 538 memorans
1961 481 2053 537 hic
2081 487 2131 545 Α
2157 482 2391 547 sionem,
2421 489 2473 535 et
2492 479 2642 535 volui
2667 496 2761 550 per
2785 495 2874 534 eos
2906 480 3137 533 transire
3164 478 3220 533 in
3250 476 3649 533 Macedoniam
3674 496 3692 532 :
3712 462 3781 535 σι’

447 597 621 653 quam
663 579 829 651 digne
858 588 1217 634 conversatus
1246 577 1320 632 sit
1348 574 1491 645 apud
1515 589 1613 630 eos
1647 591 1662 627 :
1694 581 1750 628 et
1779 572 2057 642 quomodo

450 676 507 729 in
540 674 699 730 nullo
732 670 915 743 gravis
960 669 1126 726 fuerit
1160 670 1239 725 eis
1267 684 1299 724 a
1325 668 1524 738 quibus
1562 681 1665 721 nec
1691 665 1949 721 victualia
1972 680 2057 720 re-

472 768 602 837 ;epit
647 767 836 822 dicens
870 782 884 819 :
916 762 1153 835 Dignum
1182 762 1367 830 utique
1391 767 1502 826 est,
1531 767 1595 813 ut
1635 758 1844 830 gratias
1882 757 2057 828 agatis

458 873 555 915 bro
588 854 752 910 nobis
780 874 792 909 :
818 869 951 909 nam
987 868 1089 907 nos
1127 851 1420 905 conrersati
1465 863 1645 903 sumus
1687 848 1830 918 apud
1869 863 1958 901 vos
1998 847 2059 901 in

460 947 811 1018 simplieitate
836 955 887 1000 et
914 944 1233 999 sinceritate.
1260 940 1369 996 Sed
1398 941 1719 1011 priusquam
1753 939 1858 995 hoc
1886 939 2055 1007 dicat,

461 1037 749 1106 przemittit
785 1034 1161 1091 testimonium
1201 1031 1369 1101 hujus
1388 1031 1498 1099 rei,
1528 1031 1718 1086 dicens
1748 1048 1764 1085 :
1794 1028 1859 1084 Et
1887 1030 1935 1085 si
1959 1045 2057 1085 vos

466 1129 676 1198 negetis
716 1142 825 1185 nos
858 1127 995 1182 bene
1027 1130 1383 1180 conservatos
1429 1139 1553 1179 esse
1584 1124 1731 1194 apud
1773 1138 1894 1191 vos,
1943 1138 2054 1178 non

388 1239 395 1245 ·
463 1231 621 1273 curo.
655 1214 799 1270 Nam
832 1215 1002 1286 gloria
1031 1224 1215 1268 nostra
1246 1214 1357 1269 hinc
1378 1222 1475 1280 est,
1507 1212 1669 1268 idest
1692 1214 1747 1266 in
1778 1213 1885 1268 hoc
1915 1213 2059 1267 mul-

469 1317 584 1362 tum
613 1307 680 1369 de
715 1306 951 1375 puritate
980 1321 1117 1361 meai
1144 1305 1578 1361 conversationis
1598 1305 1822 1375 glorior,
1850 1305 2058 1361 habens

465 1399 825 1453 testimonium
876 1399 1215 1454 conscientiae
1254 1406 1469 1453 nostrai.
1517 1396 1863 1454 Conscientia
1908 1398 2056 1453 enim

465 1489 599 1543 mihi
622 1488 777 1544 testis
815 1498 900 1545 est
921 1488 1070 1559 quod
1093 1489 1150 1543 in
1176 1489 1527 1559 simplicitate
1550 1505 1660 1544 non
1680 1498 1741 1543 ut
1761 1488 2057 1546 defrauda—

464 1594 580 1634 rem
610 1580 767 1635 vobis
787 1595 877 1636 res
899 1594 1113 1636 vestras
1139 1589 1199 1635 ut
1221 1581 1448 1651 pseudo,
1506 1580 1599 1637 sed
1632 1582 1687 1635 in
1709 1582 2059 1652 simplicitate

466 1672 605 1726 nihil
646 1688 679 1727 a
713 1671 873 1727 vobis
901 1672 1179 1745 accipiens
1211 1691 1226 1729 :
1254 1682 1309 1729 et
1336 1673 1394 1727 in
1426 1665 1729 1727 sinceritate
1749 1672 1869 1737 Dei,
1898 1672 1951 1728 id
1974 1682 2059 1729 est

466 1763 523 1818 in
550 1764 789 1834 puritate
814 1763 943 1820 ﬁdei
969 1783 983 1819 :
1012 1779 1128 1819 non
1147 1765 1460 1821 admiscens
1484 1764 1567 1837 (ut
1584 1763 1682 1836 illi)
1704 1762 1843 1820 falsa
1864 1763 2011 1820 veris
2040 1783 2053 1818 :

462 1865 523 1914 et
551 1830 657 1927 non
686 1858 744 1913 in
771 1859 1036 1929 sapientia
1080 1858 1289 1915 carnali
1325 1877 1341 1915 :
1372 1830 1673 1914 non‘enim'
1702 1856 1908 1913 adhaesi
1935 1872 2059 1912 car-
2089 1830 2133 1891 Β

468 1951 686 2006 natibus
711 1951 1059 2008 documentis
1081 1957 1146 2006 ut
1173 1951 1254 2005 illi
1280 1969 1294 2007 :
1326 1950 1421 2007 sed
1443 1951 1499 2005 in
1529 1950 1704 2022 gratia
1739 1949 1858 2018 Dei,
1889 1948 1944 2005 id
1978 1958 2063 2006 est

469 2043 526 2098 in
551 2043 951 2115 magniﬁcando
982 2043 1213 2117 gratiam
1250 2043 1349 2100 Dei
1385 2063 1402 2100 :
1432 2060 1500 2100 ex
1529 2059 1641 2116 qua
1673 2059 1837 2101 omne
1853 2044 2060 2100 bonum

470 2144 525 2187 et
553 2134 690 2189 nihil
715 2149 783 2191 ex
813 2134 1023 2191 carnali
1044 2133 1312 2205 sapientia
1337 2153 1351 2188 :
1387 2134 1446 2188 in
1472 2135 1671 2205 gratia,
1697 2134 2062 2205 inquam,Dei

468 2226 763 2279 conversati
793 2242 973 2279 sumus
996 2226 1054 2279 in
1084 2226 1181 2280 hoc
1212 2224 1407 2280 mundo
1442 2242 1461 2281 :
1490 2226 1851 2281 abundantius
1878 2235 2062 2283 tamen

463 2317 774 2372 conversati
816 2333 1009 2373 sumus
1038 2317 1107 2372 ad
1133 2333 1233 2374 vos
1270 2318 1413 2389 apud
1457 2334 1585 2389 quos
1639 2318 1847 2388 majora
1895 2319 2064 2374 susti-

472 2405 593 2472 nui,
625 2421 750 2460 cum
783 2407 917 2461 nihil
949 2423 981 2462 a
1005 2407 1163 2464 vobis
1208 2409 1530 2479 reciperem,
1570 2424 1639 2463 ne
1666 2407 1930 2480 arguendi
1963 2424 2064 2473 vos

461 2496 852 2552 auctoritatem
895 2498 1222 2556 amitterem.
1274 2497 1531 2555 Dicerent
1578 2498 1850 2554 Corinthii
1883 2518 1897 2554 :
1935 2498 2063 2555 ldeo

468 2584 679 2642 Paulus
709 2586 799 2643 hic
838 2591 1271 2647 conversationis
1311 2606 1426 2646 suae
1460 2591 1784 2645 memoriam
1810 2589 1970 2658 facit;
1994 2602 2065 2646 ut

463 2679 619 2749 quod
640 2680 770 2734 olim
805 2696 917 2736 non
954 2684 1184 2753 accepit,
1228 2684 1393 2739 modo
1442 2682 1865 2754 multiplicatum
1916 2684 2062 2740 reci-

469 2772 606 2844 piat.
636 2772 841 2829 Contra
887 2774 993 2829 hoc
1016 2774 1221 2831 Paulus
1251 2794 1264 2830 :
1295 2773 1374 2830 Ne
1408 2775 1612 2845 putetis
1644 2774 1944 2830 intentione
1972 2791 2065 2830 ac-

461 2863 709 2935 cipiendi
733 2880 764 2920 a
789 2865 945 2921 vobis
973 2866 1447 2921 conversationem
1468 2880 1646 2920 meam
1664 2865 1807 2936 apud
1832 2881 1931 2922 vos
1949 2880 2066 2921 me-

469 2970 708 3012 morare.
737 2955 862 3011 Non
888 2958 1029 3012 enim
1056 2957 1167 3011 alia
1190 2957 1246 3011 in
1266 2957 1378 3013 hac
1405 2956 1648 3027 Epistola
1677 2956 1956 3011 scribimus
1975 2974 2066 3011 vo-

462 3048 574 3115 bis,
601 3065 763 3119 quam
780 3065 900 3119 qua:
924 3050 979 3104 in
1001 3049 1172 3120 priori
1197 3049 1424 3120 epistola
1451 3049 1654 3121 legistis
1677 3065 1696 3103 :
1725 3049 1781 3104 in
1802 3064 1911 3121 qua
1930 3050 2068 3105 scri-

458 3136 558 3208 ,psi
601 3152 690 3194 me
731 3138 870 3193 nihil
913 3148 1267 3211 accepturum
1311 3155 1343 3195 a
1380 3140 1557 3217 vobis.
1608 3138 1721 3197 Nec
1754 3140 1860 3195 alia
1901 3141 2067 3196 modo

466 3229 768 3286 scribimus
806 3246 971 3302 quam
1000 3246 1100 3303 vos
1142 3233 1459 3303 cognovistis
1488 3231 1556 3288 de
1581 3232 1743 3288 nobis
1781 3226 2067 3304 :‘quandiu

466 3320 620 3391 apud
647 3337 748 3378 vos
776 3321 1015 3389 fuimus,
1047 3322 1186 3379 nihil
1225 3341 1257 3379 a
1290 3324 1446 3379 vobis
1474 3324 1790 3394 accipiendo
1824 3343 1839 3381 :
1868 3324 1964 3382 sed
2002 3326 2071 3382 de

471 3411 663 3467 labore
690 3429 954 3469 manuum
978 3416 1230 3473 vivendo.
1267 3415 1335 3471 Et
1370 3416 1513 3472 sicut
1539 3424 1674 3473 tunc
1694 3417 2028 3489 cognovistis
2053 3438 2066 3472 :

466 3502 559 3559 sic
577 3503 743 3559 etiam
786 3520 936 3575 spero
969 3508 1108 3577 quod
1150 3525 1312 3580 usque
1336 3510 1395 3563 in
1422 3509 1581 3578 ﬁnem
1606 3509 1950 3580 cognoscetis,
1981 3525 2072 3566 me

470 3594 616 3651 nihil
658 3595 906 3667 accipere
931 3613 963 3654 a
997 3599 1154 3655 vobis
1184 3617 1197 3654 :
1222 3600 1361 3654 sicut
1390 3600 1509 3671 jam
1539 3601 1703 3654 etiam
1756 3602 2071 3672 cognovistis

473 3702 579 3743 nos
606 3697 890 3746 manentes
924 3691 1068 3762 apud
1109 3707 1226 3748 vos.
1272 3686 1618 3764 Cognovistis
1642 3689 1765 3746 dico
1799 3705 1864 3747 ea:
1897 3701 2070 3763 parte,

472 3778 531 3837 id
559 3789 644 3837 est
670 3783 969 3838 secundum
998 3800 1137 3856 opus
1170 3785 1314 3856 quod
1345 3785 1587 3842 exterius
1625 3786 1892 3842 videbatis
1931 3805 1944 3842 :
1975 3787 2071 3842 sed

471 3873 640 3929 aliam
680 3884 909 3946 partem,
942 3876 999 3932 id
1032 3884 1117 3933 est
1144 3878 1500 3946 voluntatem,
1545 3878 1880 3950 ignorabatis
1912 3868 2071 3936 :ideo

473 3965 641 4021 talem
665 3983 753 4024 me
780 3969 929 4024 volui
959 3971 1239 4042 cognosci,
1266 3971 1474 4027 scilicet
1494 3971 1633 4026 nihil
1656 3971 2013 4042 accipientem
2037 3989 2069 4028 a

474 4057 635 4112 vobis
667 4077 680 4113 :
712 4060 840 4129 quia
863 4076 965 4116 nos
995 4078 1175 4117 sumus
1201 4063 1374 4133 gloria
1404 4072 1599 4130 vestra,
1621 4065 1759 4119 sicut
1789 4074 1837 4118 et
1859 4082 1946 4119 vos
1978 4083 2073 4120 no-

478 4156 613 4215 stra,
640 4148 692 4201 id
716 4158 820 4216 est,
852 4150 981 4221 quia
1004 4153 1152 4207 volui
1181 4170 1269 4207 me
1299 4154 1522 4223 gloriari
1554 4155 1611 4207 in
1639 4153 1944 4210 obedientia
1974 4172 2071 4211 ve-

478 4247 596 4298 stra
626 4257 638 4294 :
663 4247 719 4293 et
740 4256 838 4296 vos
864 4241 1086 4312 gloriari
1112 4243 1166 4296 in
1193 4242 1441 4298 doctrina
1468 4251 1658 4297 nostra
1693 4262 1706 4297 :
1735 4259 1857 4313 quae
1886 4246 2071 4316 utique

480 4328 653 4401 gloria
676 4344 783 4384 non
809 4339 975 4399 esset,
1009 4332 1056 4387 si
1087 4348 1368 4401 gravarent
1396 4348 1515 4398 vos,
1564 4337 1880 4406 temporalia
1911 4352 1941 4391 a
1969 4352 2070 4393 vo-

478 4421 568 4481 bis
610 4422 948 4493 accipiendo.
1004 4424 1232 4481 Malletis
1273 4426 1417 4481 enim
1456 4428 1714 4498 repellere
1758 4429 2067 4499 Doctorem,

2159 591 2193 628 ιι
2229 573 2543 628 Macedonia
2574 581 2871 638 revertens,
2904 572 3103 625 iterum
3120 570 3270 625 volui
3310 570 3506 625 uertite
3536 571 3607 624 ad
3638 589 3753 627 vos:

2157 675 2207 720 et
2231 683 2266 720 a
2292 667 2438 721 vobis
2464 666 2613 721 volui
2643 664 2835 719 deduci
2851 665 2909 717 in
2941 662 3211 720 Judaam.
3237 661 3309 717 Et
3336 662 3482 732 quia
3512 661 3595 716 sic
3621 664 3756 731 prius

2159 760 2307 815 volui
2334 778 2347 813 :
2402 775 2527 830 ergo
2555 774 2675 812 cum
2696 756 2976 811 voluissem
2998 756 3116 821 hoc,
3142 755 3195 809 id
3217 764 3307 809 est
3330 754 3540 809 venire
3564 754 3633 809 ad
3652 771 3754 822 vos,

2159 851 2394 922 nunquid
2409 866 2535 904 usus
2560 865 2677 903 sum
2698 847 2937 912 levitate,
2966 845 3096 915 quia
3124 859 3234 899 non
3274 842 3420 898 veni
3453 841 3605 897 sicut
3624 844 3758 913 prius

2156 942 2349 998 volui?
2375 940 2484 995 Aut
2510 938 2642 1010 quia
2669 953 2781 993 non
2815 936 2961 1004 veni,
2999 951 3070 989 an
3108 950 3177 990 ea
3205 949 3329 1004 qua:
3367 934 3557 1004 cogito
3589 950 3756 989 secun-
3784 984 3789 997 ,

2157 1034 2284 1088 dum
2325 1049 2560 1097 carnem,
2599 1031 2655 1103 id
2691 1038 2777 1086 est
2803 1028 3023 1085 carnale
3043 1026 3410 1082 commodum
3461 1027 3661 1096 cogito,
3706 1035 3759 1081 ut

2159 1126 2281 1182 idco
2314 1125 2501 1180 venire
2533 1123 2860 1187 dimiserim,
2883 1121 3014 1193 quia
3042 1119 3179 1174 nihil
3212 1133 3305 1174 me
3332 1134 3370 1173 a
3400 1117 3570 1174 vobis
3590 1134 3756 1189 spera-

2157 1234 2275 1274 rem
2327 1216 2708 1287 recepturum?
2744 1230 2836 1281 an,
2867 1214 3113 1284 inquam,
3165 1210 3490 1267 secundum
3554 1225 3759 1265 carnem

2158 1311 2340 1382 cogito
2379 1318 2437 1363 ut
2466 1317 2752 1380 propterea
2779 1308 2850 1361 sit
2890 1305 3032 1375 apud
3054 1321 3163 1371 me,
3195 1314 3308 1371 est,
3349 1311 3411 1357 et
3447 1317 3579 1367 non,
3612 1299 3664 1355 id
3686 1311 3757 1357 est

2158 1401 2445 1458 afﬁrmatio
2479 1410 2535 1457 et
2548 1400 2763 1471 negatio
2775 1399 2844 1454 de
2878 1397 3038 1468 160
3054 1394 3289 1451 eodem?
3318 1392 3494 1461 Quod
3518 1392 3659 1461 apud
3684 1407 3760 1447 me

2159 1513 2270 1552 non
2296 1496 2388 1562 sit,
2409 1504 2488 1549 est
2507 1502 2556 1549 et
2581 1509 2683 1547 non
2698 1535 2714 1559 ,
2738 1498 2963 1562 apparet
2993 1490 3047 1543 in
3069 1488 3164 1543 illo
3179 1498 3454 1543 sermone
3478 1485 3574 1556 qui
3602 1493 3760 1538 noster

2150 1582 2329 1643 sermo
2353 1587 2456 1658 fuit
2481 1585 2623 1657 apud
2643 1602 2731 1639 vos
2762 1584 2892 1639 dum
2914 1596 3156 1653 przesens
3191 1594 3384 1634 essem
3432 1577 3710 1632 inter'vos
3743 1596 3756 1628 ;

2159 1678 2287 1750 quia
2309 1679 2365 1734 in
2396 1679 2489 1734 illo
2519 1691 2775 1734 sermone
2809 1684 2942 1730 tunc
2973 1672 3163 1728 habito
3182 1687 3287 1725 non
3321 1670 3441 1740 fuit
3468 1675 3551 1723 est
3572 1676 3623 1721 et
3648 1682 3755 1733 non,

2160 1773 2216 1829 i-‘l
2235 1782 2319 1829 est
2337 1772 2623 1827 aﬂirmatio
2641 1779 2696 1825 et
2714 1767 2930 1841 negatio
2952 1767 3020 1822 de
3034 1765 3223 1822 eodem
3251 1783 3265 1818 :
3292 1770 3353 1818 et
3382 1761 3547 1832 quod
3569 1760 3641 1815 ita
3661 1758 3754 1813 sit:

2164 1863 2306 1918 Deus
2329 1864 2422 1934 qui
2458 1861 2631 1933 ﬁdelis
2671 1869 2750 1916 est
2800 1868 2855 1915 et
2895 1871 3063 1913 verax
3096 1855 3193 1910 hoc
3230 1854 3407 1909 novit.
3438 1851 3547 1907 Vel
3574 1850 3754 1905 aliter:

2169 1953 2304 2010 Vere
2330 1953 2473 2024 apud
2500 1968 2587 2008 me
2617 1967 2729 2006 non
2750 1948 2856 2006 fuit
2878 1958 2959 2006 est
2981 1958 3031 2004 et
3053 1965 3158 2003 non
3186 1964 3205 2002 :
3226 1949 3363 2018 quia
3391 1948 3544 2003 Deus
3578 1947 3754 2018 fidelis,

2163 2045 2216 2101 id
2241 2054 2327 2100 est
2351 2059 2518 2100 verax
2538 2053 2640 2100 est.
2670 2042 2810 2099 Cum
2845 2052 3027 2098 autem
3060 2040 3203 2097 Deus
3222 2042 3495 2097 doctores
3532 2039 3756 2095 veritati:

2165 2157 2225 2197 se
2263 2140 2524 2197 daturUm
2570 2138 2889 2211 promiserit
2919 2157 2933 2193 :
2963 2138 3011 2194 si
3053 2152 3143 2192 me
3177 2136 3477 2193 doctorem
3520 2134 3753 2190 falsitatis

2164 2233 2422 2298 instituit,
2447 2231 2694 2303 profecto
2731 2231 3001 2286 mendacii
3034 2244 3162 2286 reus
3204 2238 3312 2284 est.
3346 2228 3422 2283 Et
3452 2225 3754 2298 quodDeus

2164 2322 2237 2378 sit
2288 2321 2467 2377 ﬁdelis
2517 2320 2845 2391 promittens
2906 2320 3157 2375 doctores
3217 2318 3484 2374 veritatis
3553 2321 3751 2387 apparet

2163 2415 2220 2469 in
2255 2429 2323 2469 eo
2348 2432 2361 2468 :
2391 2413 2521 2484 quia
2545 2428 2729 2469 sermo
2762 2421 2952 2468 noster
2970 2412 3067 2482 qui
3107 2410 3211 2466 fuit
3257 2410 3412 2481 apud
3442 2424 3568 2475 vos,
3595 2408 3647 2462 iu
3672 2407 3751 2461 illo

2163 2521 2419 2563 sermone
2442 2519 2557 2560 non
2583 2503 2688 2560 fuit
2717 2523 2729 2559 :
2758 2512 2920 2560 estet
2944 2495 3076 2558 non.
3099 2501 3240 2558 Vere
3276 2503 3433 2558 Dens
3453 2500 3629 2556 ﬁdelis
3650 2507 3746 2553 est:

2164 2613 2291 2654 nam
2319 2597 2377 2653 in
2418 2596 2643 2652 Christo
2664 2588 2794 2653 Iesu
2828 2595 2925 2668 qui
2960 2593 3207 2651 Christus
3244 2592 3409 2648 Iesus
3449 2591 3631 2646 Filius
3666 2587 3748 2643 Dei

2164 2700 2269 2758 est,
2292 2692 2383 2762 qui
2411 2689 2578 2745 etiam
2616 2688 2872 2745 Christus
2917 2686 3239 2758 pradicatus
3272 2695 3351 2740 est
3388 2685 3451 2739 in
3502 2683 3642 2738 vobis
3671 2696 3745 2750 per

2167 2799 2259 2835 nos
2286 2796 2304 2835 :
2334 2779 2541 2836 scilicet
2564 2795 2657 2850 per
2688 2795 2770 2834 me
2822 2786 2871 2834 et
2902 2776 3178 2832 Silvanum
3217 2784 3269 2830 et
3316 2773 3670 2829 Timotheum.
3699 2767 3745 2822 la

2166 2870 2261 2925 illo
2280 2868 2502 2924 Christo
2543 2883 2649 2922 non
2690 2867 2797 2938 fuit
2818 2874 2897 2921 est
2938 2874 2988 2921 et
3028 2881 3152 2932 non,
3197 2864 3253 2919 id
3280 2872 3369 2919 est
3403 2859 3745 2918 aﬂirmatioct

2167 2962 2386 3033 negatio
2403 2961 2471 3017 de
2501 2960 2692 3018 eodem
2719 2978 2733 3014 :
2757 2959 2848 3014 sed
2878 2973 3095 3028 semper
3123 2957 3309 3028 fuitin
3339 2956 3458 3021 illo:
3484 2963 3585 3018 est,
3608 2950 3656 3005 id
3677 2954 3746 3003 est

2165 3051 2369 3107 veritas
2398 3066 2494 3106 seu
2516 3050 2792 3125 negando,
2822 3064 2918 3104 seu
2941 3046 3280 3103 afﬁrmando.
3307 3046 3446 3105 Vere
3462 3046 3519 3100 in
3545 3043 3631 3098 illo
3652 3053 3741 3094 non

2095 3172 2136 3229 ο
2169 3140 2273 3199 fuit
2293 3150 2378 3197 est
2397 3149 2453 3197 et
2479 3156 2591 3196 non
2625 3159 2641 3195 :
2671 3157 2795 3194 nam
2830 3147 3084 3211 quotquot
3108 3146 3230 3193 sunt
3259 3137 3641 3209 promissiones

2168 3232 2357 3288 Patris
2384 3234 2442 3287 in
2471 3232 2566 3286 illo
2602 3240 2727 3287 sunt
2751 3240 2851 3298 est,
2880 3230 2934 3285 id
2962 3240 3206 3286 estverte
3239 3238 3295 3285 et
3327 3227 3640 3299 completas;
3672 3220 3740 3274 vel

2169 3326 2334 3382 etiam
2386 3325 2657 3381 similiter.
2715 3323 2783 3379 Et
2824 3324 2955 3396 quia
3010 3339 3109 3395 per
3151 3322 3444 3378 Christum
3486 3315 3741 3386 completa:

2171 3423 2301 3472 sunt
2321 3415 2717 3486 promissiones
2746 3413 2844 3471 Dei
2871 3414 3044 3485 patris
3068 3415 3126 3468 in
3169 3413 3264 3470 illo
3303 3420 3441 3469 sunt
3464 3418 3566 3477 est,
3601 3405 3651 3462 id
3671 3412 3737 3459 est

2169 3524 2313 3565 vera:
2353 3517 2408 3565 et
2452 3509 2734 3579 completa:
2770 3517 2899 3564 sunt
2940 3508 3341 3578 promissiones
3386 3506 3528 3561 Dei:
3562 3502 3670 3558 ideo
3699 3506 3738 3551 et

2161 3605 2263 3672 per
2301 3602 2476 3672 ipsum
2521 3599 2800 3656 Christum
2846 3600 3074 3654 dicimus
3104 3616 3279 3668 amen,
3321 3599 3378 3656 id
3413 3600 3502 3655 est
3534 3597 3605 3651 ita
3638 3594 3763 3649 esse

2172 3692 2501 3764 completum
2522 3692 2664 3749 sicut
2689 3692 3024 3763 promissum
3062 3702 3177 3761 est,
3205 3700 3261 3749 et
3289 3693 3398 3750 hoc
3425 3701 3596 3748 totum
3627 3685 3734 3747 Deo.

2172 3786 2226 3843 id
2264 3795 2349 3843 est
2375 3787 2443 3841 ad
2472 3786 2700 3858 gloriam
2733 3786 2852 3853 Dei,
2888 3794 2943 3842 et
2966 3786 3033 3841 ad
3070 3785 3304 3857 giarium
3331 3794 3599 3847 nostram,
3628 3775 3733 3848 quia

2171 3896 2270 3950 per
2294 3879 2576 3934 veritatem
2605 3878 2701 3934 Dei
2724 3879 3113 3949 comprobatur
3140 3880 3347 3934 veritas
3368 3886 3579 3934 nostra.
3610 3872 3734 3927 Licet

2172 3968 2350 4023 dicam
2382 3968 2448 4022 ad
2478 3968 2706 4039 gloriam
2739 3976 2985 4023 nostram
3014 3986 3027 3998 ·
3058 3976 3239 4023 tamen
3274 3983 3387 4023 non
3429 3966 3613 4030 nobis,
3657 3957 3732 4014 sed

2174 4058 2285 4113 Deo
2304 4059 2530 4113 debetur
2546 4058 2715 4130 gloria
2752 4078 2764 4113 :
2790 4060 2881 4130 qui
2910 4056 3054 4114 Deus
3078 4059 3359 4129 conﬁrmat
3389 4075 3483 4113 nos
3501 4054 3731 4111 vobiscum

2172 4158 2232 4202 ut
2258 4148 2462 4203 veritas
2493 4149 2547 4203 in
2569 4148 2727 4205 vobis
2755 4150 2827 4205 sit
2854 4168 2867 4203 :
2896 4158 2950 4204 et
2977 4149 3082 4204 hoc
3109 4150 3167 4203 in
3194 4148 3429 4205 Christo.
3464 4147 3565 4214 Qui
3593 4143 3731 4199 etiam

2170 4238 2318 4296 Deus
2352 4241 2505 4294 unxit
2555 4257 2648 4295 nos
2670 4242 2817 4303 -ole0.
2854 4240 3302 4297 sanctiﬁcationis
3329 4240 3386 4295 in
3414 4236 3727 4309 baptismate.

2173 4330 2278 4398 Qui
2306 4334 2472 4387 etiam
2492 4333 2721 4403 signavit
2749 4350 2863 4401 nos,
2895 4334 2949 4388 id
2969 4342 3054 4389 est
3078 4334 3294 4405 signum
3321 4328 3656 4389 discretionis

2174 4422 2297 4479 aliis
2328 4424 2558 4496 (scilicet
2579 4424 2831 4495 virtutes)
2857 4425 3004 4481 dedit
3030 4410 3211 4482 nobis:
3249 4424 3355 4492 Qui
3390 4425 3546 4481 etiam
3566 4420 3727 4491 pignus

476 4527 650 4592 quam
679 4528 804 4570 cum
836 4524 1143 4571 sustentare
1175 4535 1188 4571 :
1218 4533 1340 4586 quae
1379 4517 1552 4588 gloria
1584 4519 1719 4574 mihi
1742 4521 1810 4576 de
1835 4522 1991 4577 vobis
2017 4532 2072 4579 οι
2102 4540 2148 4594 D
2172 4517 2395 4586 spiritus
2422 4516 2589 4583 dedit,
2627 4516 2679 4571 id
2711 4525 2796 4571 est
2822 4515 3088 4587 Spiritum
3121 4527 3373 4571 sanctum
3406 4523 3469 4571 ut
3496 4512 3564 4569 sit
3597 4502 3729 4563 nobis

479 4604 639 4664 vobis
658 4605 726 4661 de
748 4622 838 4663 me
860 4608 1141 4678 apparebit
1158 4610 1214 4663 in
1235 4610 1320 4663 die
1342 4610 1557 4665 Domini
1580 4614 1751 4669 nostri
1770 4613 1900 4669 Iesu
1925 4613 2078 4671 Citri-

476 4698 554 4753 sti
581 4713 600 4751 :
628 4698 851 4770 quando
883 4713 983 4754 vos
1010 4699 1078 4755 de
1105 4699 1415 4757 obedientia
1441 4702 1715 4772 exhibita,
1750 4721 1850 4777 ego
1883 4706 1951 4762 de
1976 4706 2075 4762 do-

478 4789 659 4847 ctrina
697 4791 1194 4847 remunerabimur.
1244 4790 1470 4849 Transit
1518 4794 1716 4850 iterum
1755 4797 1824 4852 ad
1869 4798 2015 4853 aliud
2058 4817 2072 4854 :

481 4879 566 4939 Illi
592 4882 735 4938 enim
763 4884 1097 4941 accusabant
1118 4888 1250 4941 eum
1285 4885 1352 4941 de
1389 4885 1632 4957 levitate,
1659 4889 1788 4960 quia
1824 4890 1878 4944 in
1904 4891 2075 4960 priori

482 4972 727 5045 Epistola
756 4974 969 5033 dixerat
1001 4994 1060 5035 se
1085 4989 1379 5035 venturum
1417 4979 1485 5037 ad
1523 4996 1640 5048 eos,
1676 4990 1730 5037 et
1772 4998 1882 5037 non
1912 4998 2075 5039 vene-

482 5076 591 5127 rat.
620 5068 697 5124 De
730 5070 1014 5126 mendacio
1040 5081 1222 5128 autem
1252 5089 1363 5129 non
1390 5084 1644 5146 poterant
1668 5091 1794 5131 eum
1819 5090 2068 5147 arguere.

483 5158 710 5216 Dixerat
736 5160 882 5216 enim
923 5179 936 5215 :
974 5160 1201 5220 Veniam
1230 5164 1276 5221 si
1302 5164 1568 5223 Dominus
1600 5166 1930 5238 permiserit.
1956 5165 2076 5221 Lit-

482 5260 600 5308 tera
630 5251 711 5307 sic
731 5251 982 5323 jungitur
1007 5272 1020 5308 :
1049 5252 1116 5308 Et
1153 5255 1254 5310 hac
1288 5259 1627 5328 conﬁdentia,
1673 5262 1759 5317 vel
1784 5261 1914 5332 quia
1943 5261 2078 5316 sim-

482 5342 699 5416 pliciter
741 5351 797 5400 ct
838 5344 1049 5401 sincere
1093 5356 1452 5404 conversatus
1482 5365 1607 5405 sum
1645 5351 1789 5421 apud
1825 5367 1952 5417 vos;
1991 5351 2079 5407 vel

482 5435 614 5506 quia
635 5451 735 5491 vos
753 5436 887 5492 estis
912 5434 1083 5508 gloria
1120 5453 1263 5504 mea,
1289 5452 1391 5508 ego
1421 5449 1601 5495 vestra
1633 5460 1644 5495 :
1679 5442 1805 5509 hac,
1831 5442 2077 5513 inquam,

482 5527 564 5582 vel
594 5527 699 5584 hac
719 5528 1048 5585 conﬁdentia
1077 5528 1219 5584 uolui
1244 5530 1416 5585 venire
1435 5530 1503 5583 ad
1534 5548 1621 5585 vos
1648 5548 1666 5585 :
1688 5532 1836 5603 prius
1856 5532 2076 5604 quidem

483 5619 776 5697 volui,.sed
802 5621 966 5678 modo
994 5621 1143 5679 nolo.
1180 5620 1340 5677 Volui
1370 5622 1560 5694 utique
1589 5635 1743 5691 tunc,
1769 5635 1825 5679 ut
1860 5642 1959 5697 per
1978 5625 2078 5680 ad-

481 5719 706 5767 ventum
755 5728 938 5769 meum
983 5712 1243 5768 haberetis
1285 5713 1572 5769 secundam
1599 5716 1854 5787 gratiam,
1902 5716 1956 5771 id
1990 5722 2076 5773 est

484 5800 618 5875 quia
653 5811 776 5876 post
799 5803 1133 5876 baptismum
1160 5804 1434 5879 peccastis
1460 5804 1515 5863 in
1543 5806 1839 5864 secundum
1874 5806 2071 5864 remis-

2176 4608 2340 4663 arrha
2384 4606 2582 4664 futurae
2606 4609 2794 4681 gloriae
2822 4629 2835 4664 :
2859 4625 3022 4680 quem
3052 4608 3308 4679 spiritum
3336 4608 3484 4664 dedit
3508 4605 3561 4659 in
3583 4595 3727 4655 cordi-

2173 4697 2268 4753 bus
2305 4699 2501 4752 nostris
2523 4699 2889 4755 habitatorem
2918 4699 3264 4755 continuum.
3293 4698 3501 4755 Etcum
3524 4690 3727 4764 Spiritus

2173 4796 2399 4844 sanctus
2431 4789 2503 4845 sit
2524 4789 2578 4844 in
2603 4790 2781 4857 nobis,
2832 4775 2941 4845 non
2969 4798 3053 4845 est
3078 4788 3434 4857 credendum,
3461 4783 3596 4859 quod
3619 4774 3725 4833 levi—

2174 4891 2258 4938 tas
2285 4883 2371 4937 vel
2398 4882 2743 4938 mendacium
2767 4880 2933 4937 fuerit
2960 4880 3014 4935 in
3045 4880 3224 4935 nobis.

2243 4970 2541 5043 Postquam
2559 4989 2619 5029 se
2637 4972 3093 5043 excusavit,quod
3107 4987 3208 5027 nec
3225 4986 3325 5042 pro
3336 4971 3566 5034 levitate,
3578 4967 3721 5029 ηοαιιε

2172 5063 2477 5120 secundum
2503 5080 2727 5119 carnem
2748 5063 3008 5135 cogitans
3034 5063 3104 5116 ad
3137 5077 3233 5117 eos
3258 5062 3444 5117 venire
3469 5047 3719 5115 dimiserit.

2174 5157 2360 5213 subdit
2397 5173 2626 5213 causam
2676 5173 2849 5228 quare
2875 5171 2986 5211 non
3015 5153 3248 5221 venerit,
3279 5153 3467 5209 dicens
3499 5170 3512 5206 :
3547 5146 3638 5201 Pro
3655 5139 3718 5192 ιε’

2173 5250 2361 5316 vitate,
2391 5249 2476 5305 vel
2501 5250 2632 5321 quia
2661 5248 2957 5305 carnaliter
2989 5247 3288 5319 cogitarem
3326 5246 3508 5301 venire
3534 5251 3629 5295 non
3651 5229 3718 5285 ἀί·

2175 5341 2341 5398 misi:
2375 5342 2471 5398 sed
2510 5341 2633 5396 ideo
2677 5348 2739 5396 ut
2768 5355 3050 5412 parcerem
3081 5338 3238 5395 vobis
3276 5353 3385 5393 non
3423 5332 3555 5391 veni.
3594 5323 3649 5380 Et
3672 5324 3716 5373 ut

2180 5436 2436 5503 credatis,
2462 5446 2522 5490 ut
2553 5433 2710 5489 vobis
2740 5448 3020 5504 parcerem
3042 5447 3129 5486 me
3156 5446 3266 5486 non
3288 5430 3517 5492 venisse,
3544 5432 3629 5491 ego
3652 5413 3723 5467 5"

2178 5544 2304 5583 voco
2330 5526 2497 5581 Deum
2527 5535 2710 5581 testem
2739 5525 2908 5596 hujus
2948 5524 3047 5581 rei.
3081 5522 3205 5577 Mali
3234 5522 3453 5594 quidem
3482 5510 3714 5584 negligen‘

2176 5629 2260 5677 tes
2287 5619 2560 5676 offendere
2600 5617 2795 5684 Deum,
2839 5625 3033 5673 testem
3086 5614 3343 5669 falsitatis
3388 5627 3492 5667 non
3523 5598 3711 5660 multum

2176 5720 2431 5767 curarent
2452 5708 2721 5765 advocare
2746 5706 2919 5763 Deum
2955 5724 2968 5761 :
3002 5705 3097 5763 sed
3137 5703 3341 5760 Paulus
3373 5700 3464 5773 qui
3498 5709 3550 5753 se
3571 5691 3709 5744 ωιιιω

2173 5805 2229 5862 in
2253 5803 2366 5861 Deo
2387 5809 2666 5875 posuerat,
2691 5815 2799 5858 non
2814 5806 3168 5873 pricsumeret
3188 5795 3357 5853 Deum
3374 5794 3539 5850 facere
3556 5781 3706 5841 ιεθιεω
