  <div class='ocr_page' id='page_1' title='image "/cluster/home/n/w/nwhite01/storage/ocr_20150623/153/hvd.32044015473812/118.png"; bbox 0 0 3928 6440; ppageno 0'>
   <div class='ocr_carea' id='block_1_1' title="bbox 143 396 245 463">
    <p class='ocr_par' dir='ltr' id='par_1_1' title="bbox 143 396 245 463">
     <span class='ocr_line' id='line_1_1' title="bbox 143 396 245 463; baseline 0.02 -2"><span class='ocrx_word' id='word_1_1' title='bbox 143 396 245 463; x_wconf 67' lang='grc' dir='ltr'><strong>2Ξὸ</strong></span> 
     </span>
    </p>
   </div>
   <div class='ocr_carea' id='block_1_2' title="bbox 756 377 1746 450">
    <p class='ocr_par' dir='ltr' id='par_1_2' title="bbox 756 383 1746 450">
     <span class='ocr_line' id='line_1_2' title="bbox 756 383 1746 450; baseline -0.012 1"><span class='ocrx_word' id='word_1_2' title='bbox 756 432 763 442; x_wconf 69' lang='grc'><strong>.</strong></span> <span class='ocrx_word' id='word_1_3' title='bbox 789 388 1175 450; x_wconf 73' lang='lat' dir='ltr'><strong>EXPOSITJO</strong></span> <span class='ocrx_word' id='word_1_4' title='bbox 1196 388 1262 444; x_wconf 85' lang='lat' dir='ltr'><strong>IN</strong></span> <span class='ocrx_word' id='word_1_5' title='bbox 1299 383 1683 444; x_wconf 79' lang='lat' dir='ltr'><strong>EPISTOLAS</strong></span> <span class='ocrx_word' id='word_1_6' title='bbox 1716 383 1746 438; x_wconf 71' lang='grc' dir='ltr'>Ρ</span> 
     </span>
    </p>
   </div>
   <div class='ocr_carea' id='block_1_3' title="bbox 1842 377 2911 450">
    <p class='ocr_par' dir='ltr' id='par_1_3' title="bbox 1842 377 2911 437">
     <span class='ocr_line' id='line_1_3' title="bbox 1842 377 2911 437; baseline -0.003 -1"><span class='ocrx_word' id='word_1_7' title='bbox 1842 381 1944 437; x_wconf 58' lang='grc' dir='ltr'><strong>ξιιι.</strong></span> <span class='ocrx_word' id='word_1_8' title='bbox 1978 410 2051 423; x_wconf 92' lang='grc'><strong>--</strong></span> <span class='ocrx_word' id='word_1_9' title='bbox 2087 379 2155 437; x_wconf 74' lang='grc' dir='ltr'><strong>ιΝ</strong></span> <span class='ocrx_word' id='word_1_10' title='bbox 2194 379 2414 436; x_wconf 78' lang='lat' dir='ltr'><strong>EPIST.</strong></span> <span class='ocrx_word' id='word_1_11' title='bbox 2454 378 2505 435; x_wconf 82' lang='grc' dir='ltr'><strong>ιι</strong></span> <span class='ocrx_word' id='word_1_12' title='bbox 2534 377 2628 435; x_wconf 79' lang='lat' dir='ltr'><strong>AD</strong></span> <span class='ocrx_word' id='word_1_13' title='bbox 2664 378 2823 437; x_wconf 82' lang='lat' dir='ltr'><strong>COR.</strong></span> <span class='ocrx_word' id='word_1_14' title='bbox 2896 418 2911 433; x_wconf 62' lang='grc' dir='ltr'><strong>ς.</strong></span> 
     </span>
    </p>
   </div>
   <div class='ocr_carea' id='block_1_4' title="bbox 3328 383 3436 442">
    <p class='ocr_par' dir='ltr' id='par_1_4' title="bbox 3328 383 3436 442">
     <span class='ocr_line' id='line_1_4' title="bbox 3328 383 3436 442; baseline 0.019 -2"><span class='ocrx_word' id='word_1_15' title='bbox 3328 383 3436 442; x_wconf 77' lang='grc'><strong>226</strong></span> 
     </span>
    </p>
   </div>
   <div class='ocr_carea' id='block_1_5' title="bbox 141 495 3433 593">
    <p class='ocr_par' dir='ltr' id='par_1_5' title="bbox 141 495 3433 593">
     <span class='ocr_line' id='line_1_5' title="bbox 141 495 3433 593; baseline -0.007 -16"><span class='ocrx_word' id='word_1_16' title='bbox 141 523 256 593; x_wconf 81' lang='lat' dir='ltr'><strong>ejus</strong></span> <span class='ocrx_word' id='word_1_17' title='bbox 284 517 393 585; x_wconf 98' lang='lat' dir='ltr'><strong>rei,</strong></span> <span class='ocrx_word' id='word_1_18' title='bbox 424 530 608 586; x_wconf 87' lang='lat' dir='ltr'><strong>quam</strong></span> <span class='ocrx_word' id='word_1_19' title='bbox 635 526 824 569; x_wconf 81' lang='lat' dir='ltr'><strong>veram</strong></span> <span class='ocrx_word' id='word_1_20' title='bbox 862 523 975 567; x_wconf 90' lang='lat' dir='ltr'><strong>non</strong></span> <span class='ocrx_word' id='word_1_21' title='bbox 1013 507 1355 578; x_wconf 69' lang='lat' dir='ltr'><strong>intelligeret.</strong></span> <span class='ocrx_word' id='word_1_22' title='bbox 1397 504 1570 559; x_wconf 84' lang='lat' dir='ltr'><strong>Aliter</strong></span> <span class='ocrx_word' id='word_1_23' title='bbox 1590 500 1741 557; x_wconf 89' lang='lat' dir='ltr'><strong>enim</strong></span> <span class='ocrx_word' id='word_1_24' title='bbox 1767 502 1813 558; x_wconf 79' lang='grc' dir='ltr'><strong>Α</strong></span> <span class='ocrx_word' id='word_1_25' title='bbox 1846 517 1867 549; x_wconf 77' lang='grc' dir='ltr'>σ</span> <span class='ocrx_word' id='word_1_26' title='bbox 1912 497 1984 554; x_wconf 88' lang='lat' dir='ltr'><strong>sti</strong></span> <span class='ocrx_word' id='word_1_27' title='bbox 2014 496 2360 553; x_wconf 83' lang='lat' dir='ltr'><strong>bonusodor</strong></span> <span class='ocrx_word' id='word_1_28' title='bbox 2392 511 2586 552; x_wconf 88' lang='lat' dir='ltr'><strong>sumus</strong></span> <span class='ocrx_word' id='word_1_29' title='bbox 2617 495 2729 552; x_wconf 86' lang='lat' dir='ltr'><strong>Deo</strong></span> <span class='ocrx_word' id='word_1_30' title='bbox 2766 496 2823 550; x_wconf 89' lang='lat' dir='ltr'><strong>in</strong></span> <span class='ocrx_word' id='word_1_31' title='bbox 2855 495 2943 553; x_wconf 94' lang='lat' dir='ltr'><strong>his</strong></span> <span class='ocrx_word' id='word_1_32' title='bbox 2969 495 3065 568; x_wconf 88' lang='lat' dir='ltr'><strong>qui</strong></span> <span class='ocrx_word' id='word_1_33' title='bbox 3096 496 3232 553; x_wconf 87' lang='lat' dir='ltr'><strong>salvi</strong></span> <span class='ocrx_word' id='word_1_34' title='bbox 3272 497 3433 568; x_wconf 80' lang='lat' dir='ltr'><strong>ﬁunt,</strong></span> 
     </span>
    </p>
   </div>
   <div class='ocr_carea' id='block_1_6' title="bbox 142 595 1742 685">
    <p class='ocr_par' dir='ltr' id='par_1_6' title="bbox 142 595 1742 685">
     <span class='ocr_line' id='line_1_6' title="bbox 142 595 1742 685; baseline -0.013 -16"><span class='ocrx_word' id='word_1_35' title='bbox 142 626 323 685; x_wconf 81' lang='lat' dir='ltr'><strong>agens,</strong></span> <span class='ocrx_word' id='word_1_36' title='bbox 351 604 820 664; x_wconf 86' lang='lat' dir='ltr'><strong>mendaciiDeum</strong></span> <span class='ocrx_word' id='word_1_37' title='bbox 840 609 1113 673; x_wconf 90' lang='lat' dir='ltr'><strong>argueret.</strong></span> <span class='ocrx_word' id='word_1_38' title='bbox 1138 598 1313 654; x_wconf 90' lang='lat' dir='ltr'><strong>Deum</strong></span> <span class='ocrx_word' id='word_1_39' title='bbox 1334 596 1526 667; x_wconf 88' lang='lat' dir='ltr'><strong>utique</strong></span> <span class='ocrx_word' id='word_1_40' title='bbox 1546 595 1742 650; x_wconf 88' lang='lat' dir='ltr'><strong>invoco</strong></span> 
     </span>
    </p>
   </div>
   <div class='ocr_carea' id='block_1_7' title="bbox 141 684 1773 761">
    <p class='ocr_par' dir='ltr' id='par_1_7' title="bbox 141 684 1773 761">
     <span class='ocr_line' id='line_1_7' title="bbox 141 684 1773 761; baseline -0.012 -1"><span class='ocrx_word' id='word_1_41' title='bbox 141 684 327 761; x_wconf 83' lang='lat' dir='ltr'><strong>testem</strong></span> <span class='ocrx_word' id='word_1_42' title='bbox 368 719 386 756; x_wconf 90' lang='lat'><strong>:</strong></span> <span class='ocrx_word' id='word_1_43' title='bbox 418 714 541 755; x_wconf 86' lang='lat' dir='ltr'><strong>non</strong></span> <span class='ocrx_word' id='word_1_44' title='bbox 582 698 759 755; x_wconf 90' lang='lat' dir='ltr'><strong>solum</strong></span> <span class='ocrx_word' id='word_1_45' title='bbox 815 702 1007 751; x_wconf 88' lang='lat' dir='ltr'><strong>contra</strong></span> <span class='ocrx_word' id='word_1_46' title='bbox 1056 706 1279 761; x_wconf 83' lang='lat' dir='ltr'><strong>corpus,</strong></span> <span class='ocrx_word' id='word_1_47' title='bbox 1330 698 1392 747; x_wconf 89' lang='lat' dir='ltr'><strong>ut</strong></span> <span class='ocrx_word' id='word_1_48' title='bbox 1425 690 1473 744; x_wconf 89' lang='lat' dir='ltr'><strong>si</strong></span> <span class='ocrx_word' id='word_1_49' title='bbox 1504 684 1773 743; x_wconf 49' lang='lat' dir='ltr'><strong>mendax’</strong></span> 
     </span>
    </p>
   </div>
   <div class='ocr_carea' id='block_1_8' title="bbox 141 780 1743 871">
    <p class='ocr_par' dir='ltr' id='par_1_8' title="bbox 141 780 1743 871">
     <span class='ocr_line' id='line_1_8' title="bbox 141 780 1743 871; baseline -0.009 -20"><span class='ocrx_word' id='word_1_50' title='bbox 141 792 399 871; x_wconf 59' lang='lat' dir='ltr'><strong>inermia</strong></span> <span class='ocrx_word' id='word_1_51' title='bbox 424 792 665 847; x_wconf 75' lang='lat' dir='ltr'><strong>solome</strong></span> <span class='ocrx_word' id='word_1_52' title='bbox 689 787 880 860; x_wconf 88' lang='lat' dir='ltr'><strong>puniat</strong></span> <span class='ocrx_word' id='word_1_53' title='bbox 901 799 1151 856; x_wconf 90' lang='lat' dir='ltr'><strong>corpore,</strong></span> <span class='ocrx_word' id='word_1_54' title='bbox 1172 784 1265 840; x_wconf 82' lang='lat' dir='ltr'><strong>sed</strong></span> <span class='ocrx_word' id='word_1_55' title='bbox 1286 782 1552 848; x_wconf 84' lang='lat' dir='ltr'><strong>etiamin,</strong></span> <span class='ocrx_word' id='word_1_56' title='bbox 1577 780 1631 837; x_wconf 90' lang='lat' dir='ltr'><strong>id</strong></span> <span class='ocrx_word' id='word_1_57' title='bbox 1656 787 1743 837; x_wconf 85' lang='lat' dir='ltr'><strong>est</strong></span> 
     </span>
    </p>
   </div>
   <div class='ocr_carea' id='block_1_9' title="bbox 141 876 1739 950">
    <p class='ocr_par' dir='ltr' id='par_1_9' title="bbox 141 876 1739 950">
     <span class='ocr_line' id='line_1_9' title="bbox 141 876 1739 950; baseline -0.009 -8"><span class='ocrx_word' id='word_1_58' title='bbox 141 892 324 943; x_wconf 86' lang='lat' dir='ltr'><strong>contra</strong></span> <span class='ocrx_word' id='word_1_59' title='bbox 348 883 603 937; x_wconf 71' lang='lat' dir='ltr'><strong>animum</strong></span> <span class='ocrx_word' id='word_1_60' title='bbox 632 897 825 948; x_wconf 81' lang='lat' dir='ltr'><strong>meam,</strong></span> <span class='ocrx_word' id='word_1_61' title='bbox 858 889 918 935; x_wconf 90' lang='lat' dir='ltr'><strong>ut</strong></span> <span class='ocrx_word' id='word_1_62' title='bbox 941 876 1136 950; x_wconf 89' lang='lat' dir='ltr'><strong>perdat</strong></span> <span class='ocrx_word' id='word_1_63' title='bbox 1155 892 1276 932; x_wconf 87' lang='lat' dir='ltr'><strong>eam</strong></span> <span class='ocrx_word' id='word_1_64' title='bbox 1329 891 1456 933; x_wconf 88' lang='lat' dir='ltr'><strong>cum</strong></span> <span class='ocrx_word' id='word_1_65' title='bbox 1507 887 1739 943; x_wconf 90' lang='lat' dir='ltr'><strong>corpore</strong></span> 
     </span>
    </p>
   </div>
   <div class='ocr_carea' id='block_1_10' title="bbox 142 966 1743 1035">
    <p class='ocr_par' dir='ltr' id='par_1_10' title="bbox 142 966 1743 1035">
     <span class='ocr_line' id='line_1_10' title="bbox 142 966 1743 1035; baseline -0.008 -1"><span class='ocrx_word' id='word_1_66' title='bbox 142 981 185 1035; x_wconf 85' lang='lat' dir='ltr'><strong>si</strong></span> <span class='ocrx_word' id='word_1_67' title='bbox 216 976 502 1033; x_wconf 90' lang='lat' dir='ltr'><strong>mendacii</strong></span> <span class='ocrx_word' id='word_1_68' title='bbox 539 983 735 1031; x_wconf 85' lang='lat' dir='ltr'><strong>testem</strong></span> <span class='ocrx_word' id='word_1_69' title='bbox 766 972 912 1029; x_wconf 86' lang='lat' dir='ltr'><strong>facio</strong></span> <span class='ocrx_word' id='word_1_70' title='bbox 946 970 1141 1027; x_wconf 89' lang='lat' dir='ltr'><strong>Deum.</strong></span> <span class='ocrx_word' id='word_1_71' title='bbox 1177 968 1308 1025; x_wconf 89' lang='lat' dir='ltr'><strong>Inde</strong></span> <span class='ocrx_word' id='word_1_72' title='bbox 1332 968 1506 1024; x_wconf 87' lang='lat' dir='ltr'><strong>Deum</strong></span> <span class='ocrx_word' id='word_1_73' title='bbox 1531 966 1743 1022; x_wconf 81' lang='lat' dir='ltr'><strong>advoco</strong></span> 
     </span>
    </p>
   </div>
   <div class='ocr_carea' id='block_1_11' title="bbox 143 1059 1777 1139">
    <p class='ocr_par' dir='ltr' id='par_1_11' title="bbox 143 1059 1777 1139">
     <span class='ocr_line' id='line_1_11' title="bbox 143 1059 1777 1139; baseline -0.008 -13"><span class='ocrx_word' id='word_1_74' title='bbox 143 1078 326 1127; x_wconf 82' lang='lat' dir='ltr'><strong>testem</strong></span> <span class='ocrx_word' id='word_1_75' title='bbox 360 1068 560 1139; x_wconf 84' lang='lat' dir='ltr'><strong>:quod</strong></span> <span class='ocrx_word' id='word_1_76' title='bbox 596 1081 818 1138; x_wconf 81' lang='lat' dir='ltr'><strong>parcens</strong></span> <span class='ocrx_word' id='word_1_77' title='bbox 866 1064 1034 1132; x_wconf 77' lang='lat' dir='ltr'><strong>vobis,</strong></span> <span class='ocrx_word' id='word_1_78' title='bbox 1074 1062 1129 1119; x_wconf 84' lang='lat' dir='ltr'><strong>id</strong></span> <span class='ocrx_word' id='word_1_79' title='bbox 1164 1070 1251 1117; x_wconf 91' lang='lat' dir='ltr'><strong>est</strong></span> <span class='ocrx_word' id='word_1_80' title='bbox 1293 1070 1356 1116; x_wconf 89' lang='lat' dir='ltr'><strong>ut</strong></span> <span class='ocrx_word' id='word_1_81' title='bbox 1394 1059 1777 1116; x_wconf 76' lang='lat' dir='ltr'><strong>commodius.</strong></span> 
     </span>
    </p>
   </div>
   <div class='ocr_carea' id='block_1_12' title="bbox 142 1150 1742 1235">
    <p class='ocr_par' dir='ltr' id='par_1_12' title="bbox 142 1150 1742 1235">
     <span class='ocr_line' id='line_1_12' title="bbox 142 1150 1742 1235; baseline -0.006 -17"><span class='ocrx_word' id='word_1_82' title='bbox 142 1177 352 1235; x_wconf 83' lang='lat' dir='ltr'><strong>possem</strong></span> <span class='ocrx_word' id='word_1_83' title='bbox 375 1174 617 1231; x_wconf 76' lang='lat' dir='ltr'><strong>parcere</strong></span> <span class='ocrx_word' id='word_1_84' title='bbox 634 1154 818 1225; x_wconf 77' lang='lat' dir='ltr'><strong>vehis,</strong></span> <span class='ocrx_word' id='word_1_85' title='bbox 860 1173 964 1211; x_wconf 81' lang='lat' dir='ltr'><strong>non</strong></span> <span class='ocrx_word' id='word_1_86' title='bbox 997 1155 1112 1212; x_wconf 80' lang='lat' dir='ltr'><strong>veni</strong></span> <span class='ocrx_word' id='word_1_87' title='bbox 1150 1153 1464 1211; x_wconf 75' lang='lat' dir='ltr'><strong>Corinthum</strong></span> <span class='ocrx_word' id='word_1_88' title='bbox 1494 1150 1661 1219; x_wconf 86' lang='lat' dir='ltr'><strong>ultra,</strong></span> <span class='ocrx_word' id='word_1_89' title='bbox 1686 1152 1742 1208; x_wconf 88' lang='lat' dir='ltr'><strong>id</strong></span> 
     </span>
    </p>
   </div>
   <div class='ocr_carea' id='block_1_13' title="bbox 142 1232 1027 1322">
    <p class='ocr_par' dir='ltr' id='par_1_13' title="bbox 142 1232 1027 1322">
     <span class='ocr_line' id='line_1_13' title="bbox 142 1232 1027 1322; baseline -0.006 -14"><span class='ocrx_word' id='word_1_90' title='bbox 142 1232 482 1309; x_wconf 57' lang='lat' dir='ltr'><strong>est&#39;ulterius</strong></span> <span class='ocrx_word' id='word_1_91' title='bbox 510 1265 680 1322; x_wconf 84' lang='lat' dir='ltr'><strong>quam</strong></span> <span class='ocrx_word' id='word_1_92' title='bbox 701 1248 879 1320; x_wconf 87' lang='lat' dir='ltr'><strong>prima</strong></span> <span class='ocrx_word' id='word_1_93' title='bbox 889 1248 1027 1304; x_wconf 88' lang='lat' dir='ltr'><strong>vice.</strong></span> 
     </span>
    </p>
   </div>
   <div class='ocr_carea' id='block_1_14' title="bbox 206 1332 1741 1414">
    <p class='ocr_par' dir='ltr' id='par_1_14' title="bbox 206 1332 1741 1414">
     <span class='ocr_line' id='line_1_14' title="bbox 206 1332 1741 1414; baseline -0.007 -16"><span class='ocrx_word' id='word_1_94' title='bbox 206 1345 547 1414; x_wconf 79' lang='lat' dir='ltr'><strong>Priusquam</strong></span> <span class='ocrx_word' id='word_1_95' title='bbox 558 1343 706 1398; x_wconf 87' lang='lat' dir='ltr'><strong>dicat</strong></span> <span class='ocrx_word' id='word_1_96' title='bbox 717 1341 772 1396; x_wconf 94' lang='lat' dir='ltr'><strong>in</strong></span> <span class='ocrx_word' id='word_1_97' title='bbox 783 1356 896 1411; x_wconf 87' lang='lat' dir='ltr'><strong>quo</strong></span> <span class='ocrx_word' id='word_1_98' title='bbox 908 1339 987 1396; x_wconf 91' lang='lat' dir='ltr'><strong>eis</strong></span> <span class='ocrx_word' id='word_1_99' title='bbox 1001 1352 1109 1393; x_wconf 86' lang='lat' dir='ltr'><strong>non</strong></span> <span class='ocrx_word' id='word_1_100' title='bbox 1134 1336 1403 1394; x_wconf 86' lang='lat' dir='ltr'><strong>veniendo</strong></span> <span class='ocrx_word' id='word_1_101' title='bbox 1416 1332 1741 1407; x_wconf 82' lang='lat' dir='ltr'><strong>pepercerit,</strong></span> 
     </span>
    </p>
   </div>
   <div class='ocr_carea' id='block_1_15' title="bbox 144 1425 1743 1503">
    <p class='ocr_par' dir='ltr' id='par_1_15' title="bbox 144 1425 1743 1503">
     <span class='ocr_line' id='line_1_15' title="bbox 144 1425 1743 1503; baseline -0.006 -13"><span class='ocrx_word' id='word_1_102' title='bbox 144 1433 469 1490; x_wconf 85' lang='lat' dir='ltr'><strong>determinat</strong></span> <span class='ocrx_word' id='word_1_103' title='bbox 497 1432 594 1488; x_wconf 86' lang='lat' dir='ltr'><strong>hic</strong></span> <span class='ocrx_word' id='word_1_104' title='bbox 612 1431 759 1503; x_wconf 90' lang='lat' dir='ltr'><strong>quod</strong></span> <span class='ocrx_word' id='word_1_105' title='bbox 786 1431 884 1497; x_wconf 86' lang='lat' dir='ltr'><strong>ait,</strong></span> <span class='ocrx_word' id='word_1_106' title='bbox 918 1445 1158 1500; x_wconf 81' lang='lat' dir='ltr'><strong>parcens.</strong></span> <span class='ocrx_word' id='word_1_107' title='bbox 1190 1427 1462 1483; x_wconf 86' lang='lat' dir='ltr'><strong>Corinthii</strong></span> <span class='ocrx_word' id='word_1_108' title='bbox 1482 1426 1629 1482; x_wconf 80' lang='lat' dir='ltr'><strong>enim</strong></span> <span class='ocrx_word' id='word_1_109' title='bbox 1654 1425 1743 1481; x_wconf 86' lang='lat' dir='ltr'><strong>in-</strong></span> 
     </span>
    </p>
   </div>
   <div class='ocr_carea' id='block_1_16' title="bbox 148 1518 1739 1594">
    <p class='ocr_par' dir='ltr' id='par_1_16' title="bbox 148 1518 1739 1594">
     <span class='ocr_line' id='line_1_16' title="bbox 148 1518 1739 1594; baseline -0.004 -13"><span class='ocrx_word' id='word_1_110' title='bbox 148 1518 407 1581; x_wconf 83' lang='lat' dir='ltr'><strong>sidiantes</strong></span> <span class='ocrx_word' id='word_1_111' title='bbox 434 1522 633 1581; x_wconf 82' lang='lat' dir='ltr'><strong>verbis</strong></span> <span class='ocrx_word' id='word_1_112' title='bbox 651 1524 792 1594; x_wconf 87' lang='lat' dir='ltr'><strong>ejus,</strong></span> <span class='ocrx_word' id='word_1_113' title='bbox 815 1522 1098 1578; x_wconf 83' lang='lat' dir='ltr'><strong>dicerent:</strong></span> <span class='ocrx_word' id='word_1_114' title='bbox 1130 1520 1209 1576; x_wconf 88' lang='lat' dir='ltr'><strong>Ita</strong></span> <span class='ocrx_word' id='word_1_115' title='bbox 1229 1520 1313 1576; x_wconf 88' lang='lat' dir='ltr'><strong>ais</strong></span> <span class='ocrx_word' id='word_1_116' title='bbox 1335 1528 1387 1575; x_wconf 89' lang='lat' dir='ltr'><strong>te</strong></span> <span class='ocrx_word' id='word_1_117' title='bbox 1406 1518 1739 1590; x_wconf 85' lang='lat' dir='ltr'><strong>pepercisse,</strong></span> 
     </span>
    </p>
   </div>
   <div class='ocr_carea' id='block_1_17' title="bbox 147 1611 1742 1689">
    <p class='ocr_par' dir='ltr' id='par_1_17' title="bbox 147 1611 1742 1689">
     <span class='ocr_line' id='line_1_17' title="bbox 147 1611 1742 1689; baseline -0.006 -15"><span class='ocrx_word' id='word_1_118' title='bbox 147 1636 204 1675; x_wconf 83' lang='lat' dir='ltr'><strong>ac</strong></span> <span class='ocrx_word' id='word_1_119' title='bbox 230 1618 273 1674; x_wconf 91' lang='lat' dir='ltr'><strong>si</strong></span> <span class='ocrx_word' id='word_1_120' title='bbox 290 1618 446 1689; x_wconf 86' lang='lat' dir='ltr'><strong>regia</strong></span> <span class='ocrx_word' id='word_1_121' title='bbox 465 1625 743 1689; x_wconf 84' lang='lat' dir='ltr'><strong>potestate</strong></span> <span class='ocrx_word' id='word_1_122' title='bbox 766 1615 969 1670; x_wconf 82' lang='lat' dir='ltr'><strong>habeas</strong></span> <span class='ocrx_word' id='word_1_123' title='bbox 996 1628 1099 1670; x_wconf 90' lang='lat' dir='ltr'><strong>nos</strong></span> <span class='ocrx_word' id='word_1_124' title='bbox 1122 1628 1316 1684; x_wconf 83' lang='lat' dir='ltr'><strong>cogere</strong></span> <span class='ocrx_word' id='word_1_125' title='bbox 1334 1628 1401 1667; x_wconf 77' lang='lat' dir='ltr'><strong>ex</strong></span> <span class='ocrx_word' id='word_1_126' title='bbox 1429 1620 1524 1667; x_wconf 87' lang='lat' dir='ltr'><strong>tua</strong></span> <span class='ocrx_word' id='word_1_127' title='bbox 1544 1611 1742 1666; x_wconf 87' lang='lat' dir='ltr'><strong>volun-</strong></span> 
     </span>
    </p>
   </div>
   <div class='ocr_carea' id='block_1_18' title="bbox 149 1704 1740 1778">
    <p class='ocr_par' dir='ltr' id='par_1_18' title="bbox 149 1704 1740 1778">
     <span class='ocr_line' id='line_1_18' title="bbox 149 1704 1740 1778; baseline -0.005 -12"><span class='ocrx_word' id='word_1_128' title='bbox 149 1719 268 1766; x_wconf 82' lang='lat' dir='ltr'><strong>tate.</strong></span> <span class='ocrx_word' id='word_1_129' title='bbox 300 1709 561 1767; x_wconf 81' lang='lat' dir='ltr'><strong>Parcens</strong></span> <span class='ocrx_word' id='word_1_130' title='bbox 580 1723 685 1764; x_wconf 75' lang='lat' dir='ltr'><strong>non</strong></span> <span class='ocrx_word' id='word_1_131' title='bbox 709 1709 832 1765; x_wconf 90' lang='lat' dir='ltr'><strong>ideo</strong></span> <span class='ocrx_word' id='word_1_132' title='bbox 858 1708 1003 1774; x_wconf 90' lang='lat' dir='ltr'><strong>dico,</strong></span> <span class='ocrx_word' id='word_1_133' title='bbox 1033 1707 1161 1778; x_wconf 88' lang='lat' dir='ltr'><strong>quia</strong></span> <span class='ocrx_word' id='word_1_134' title='bbox 1188 1721 1291 1761; x_wconf 90' lang='lat' dir='ltr'><strong>nos</strong></span> <span class='ocrx_word' id='word_1_135' title='bbox 1312 1704 1652 1759; x_wconf 80' lang='lat' dir='ltr'><strong>dominamur</strong></span> <span class='ocrx_word' id='word_1_136' title='bbox 1672 1704 1740 1774; x_wconf 78' lang='lat' dir='ltr'><strong>ﬁ-</strong></span> 
     </span>
    </p>
   </div>
   <div class='ocr_carea' id='block_1_19' title="bbox 147 1797 1737 1871">
    <p class='ocr_par' dir='ltr' id='par_1_19' title="bbox 147 1797 1737 1871">
     <span class='ocr_line' id='line_1_19' title="bbox 147 1797 1737 1871; baseline -0.003 -17"><span class='ocrx_word' id='word_1_137' title='bbox 147 1803 225 1855; x_wconf 97' lang='lat' dir='ltr'><strong>dei</strong></span> <span class='ocrx_word' id='word_1_138' title='bbox 251 1810 441 1856; x_wconf 70' lang='grc' dir='ltr'><strong>ιιιεεηε</strong></span> <span class='ocrx_word' id='word_1_139' title='bbox 474 1816 497 1854; x_wconf 91' lang='lat'><strong><em>:</em></strong></span> <span class='ocrx_word' id='word_1_140' title='bbox 528 1800 668 1856; x_wconf 81' lang='lat' dir='ltr'><strong>ﬁdes</strong></span> <span class='ocrx_word' id='word_1_141' title='bbox 694 1800 841 1856; x_wconf 89' lang='lat' dir='ltr'><strong>enim</strong></span> <span class='ocrx_word' id='word_1_142' title='bbox 871 1814 960 1855; x_wconf 88' lang='lat' dir='ltr'><strong>res</strong></span> <span class='ocrx_word' id='word_1_143' title='bbox 996 1807 1082 1854; x_wconf 88' lang='lat' dir='ltr'><strong>est</strong></span> <span class='ocrx_word' id='word_1_144' title='bbox 1123 1797 1456 1871; x_wconf 79' lang='lat' dir='ltr'><strong>voluntaria,</strong></span> <span class='ocrx_word' id='word_1_145' title='bbox 1492 1811 1605 1851; x_wconf 88' lang='lat' dir='ltr'><strong>non</strong></span> <span class='ocrx_word' id='word_1_146' title='bbox 1640 1811 1737 1850; x_wconf 87' lang='lat' dir='ltr'><strong>ne-</strong></span> 
     </span>
    </p>
   </div>
   <div class='ocr_carea' id='block_1_20' title="bbox 151 1887 1738 1963">
    <p class='ocr_par' dir='ltr' id='par_1_20' title="bbox 151 1887 1738 1963">
     <span class='ocr_line' id='line_1_20' title="bbox 151 1887 1738 1963; baseline -0.004 -14"><span class='ocrx_word' id='word_1_147' title='bbox 151 1894 393 1950; x_wconf 83' lang='lat' dir='ltr'><strong>cessitate</strong></span> <span class='ocrx_word' id='word_1_148' title='bbox 422 1893 669 1949; x_wconf 83' lang='lat' dir='ltr'><strong>dominii</strong></span> <span class='ocrx_word' id='word_1_149' title='bbox 693 1892 954 1963; x_wconf 85' lang='lat' dir='ltr'><strong>cogenda.</strong></span> <span class='ocrx_word' id='word_1_150' title='bbox 999 1889 1279 1945; x_wconf 87' lang='lat' dir='ltr'><strong>Dominari</strong></span> <span class='ocrx_word' id='word_1_151' title='bbox 1327 1897 1512 1944; x_wconf 89' lang='lat' dir='ltr'><strong>autem</strong></span> <span class='ocrx_word' id='word_1_152' title='bbox 1535 1887 1738 1944; x_wconf 85' lang='lat' dir='ltr'><strong>dicitur</strong></span> 
     </span>
    </p>
   </div>
   <div class='ocr_carea' id='block_1_21' title="bbox 150 1984 1769 2059">
    <p class='ocr_par' dir='ltr' id='par_1_21' title="bbox 150 1984 1769 2059">
     <span class='ocr_line' id='line_1_21' title="bbox 150 1984 1769 2059; baseline -0.002 -17"><span class='ocrx_word' id='word_1_153' title='bbox 150 1989 197 2042; x_wconf 90' lang='lat' dir='ltr'><strong>in</strong></span> <span class='ocrx_word' id='word_1_154' title='bbox 223 1989 601 2059; x_wconf 82' lang='lat' dir='ltr'><strong>potestatibus</strong></span> <span class='ocrx_word' id='word_1_155' title='bbox 626 1989 757 2056; x_wconf 88' lang='lat' dir='ltr'><strong>illis,</strong></span> <span class='ocrx_word' id='word_1_156' title='bbox 784 1988 877 2043; x_wconf 92' lang='lat' dir='ltr'><strong>ubi</strong></span> <span class='ocrx_word' id='word_1_157' title='bbox 905 1985 1315 2042; x_wconf 82' lang='lat' dir='ltr'><strong>tiliussuccedit</strong></span> <span class='ocrx_word' id='word_1_158' title='bbox 1337 1984 1479 2055; x_wconf 87' lang='lat' dir='ltr'><strong>patri</strong></span> <span class='ocrx_word' id='word_1_159' title='bbox 1510 1999 1616 2041; x_wconf 87' lang='lat' dir='ltr'><strong>usu</strong></span> <span class='ocrx_word' id='word_1_160' title='bbox 1641 1999 1739 2039; x_wconf 89' lang='lat' dir='ltr'><strong>ne-</strong></span> <span class='ocrx_word' id='word_1_161' title='bbox 1766 2008 1769 2011; x_wconf 53' lang='grc' dir='ltr'>π</span> 
     </span>
    </p>
   </div>
   <div class='ocr_carea' id='block_1_22' title="bbox 151 2076 1741 2152">
    <p class='ocr_par' dir='ltr' id='par_1_22' title="bbox 151 2076 1741 2152">
     <span class='ocr_line' id='line_1_22' title="bbox 151 2076 1741 2152; baseline -0.002 -18"><span class='ocrx_word' id='word_1_162' title='bbox 151 2081 378 2137; x_wconf 77' lang='lat' dir='ltr'><strong>cessario</strong></span> <span class='ocrx_word' id='word_1_163' title='bbox 407 2100 421 2136; x_wconf 91' lang='lat'><strong>:</strong></span> <span class='ocrx_word' id='word_1_164' title='bbox 456 2081 563 2137; x_wconf 87' lang='lat' dir='ltr'><strong>sed</strong></span> <span class='ocrx_word' id='word_1_165' title='bbox 582 2084 639 2136; x_wconf 91' lang='lat' dir='ltr'><strong>in</strong></span> <span class='ocrx_word' id='word_1_166' title='bbox 659 2079 900 2152; x_wconf 69' lang='lat' dir='ltr'><strong>praelatis</strong></span> <span class='ocrx_word' id='word_1_167' title='bbox 920 2078 1178 2135; x_wconf 74' lang='lat' dir='ltr'><strong>Ecclesia:</strong></span> <span class='ocrx_word' id='word_1_168' title='bbox 1218 2077 1407 2149; x_wconf 91' lang='lat' dir='ltr'><strong>(etiam</strong></span> <span class='ocrx_word' id='word_1_169' title='bbox 1433 2077 1489 2130; x_wconf 90' lang='lat' dir='ltr'><strong>in</strong></span> <span class='ocrx_word' id='word_1_170' title='bbox 1512 2076 1741 2131; x_wconf 71' lang='lat' dir='ltr'><strong>saecula-</strong></span> 
     </span>
    </p>
   </div>
   <div class='ocr_carea' id='block_1_23' title="bbox 150 2168 1771 2245">
    <p class='ocr_par' dir='ltr' id='par_1_23' title="bbox 150 2168 1771 2245">
     <span class='ocr_line' id='line_1_23' title="bbox 150 2168 1771 2245; baseline -0.001 -20"><span class='ocrx_word' id='word_1_171' title='bbox 150 2171 291 2226; x_wconf 87' lang='lat' dir='ltr'><strong>ribus</strong></span> <span class='ocrx_word' id='word_1_172' title='bbox 311 2173 408 2243; x_wconf 87' lang='lat' dir='ltr'><strong>qui</strong></span> <span class='ocrx_word' id='word_1_173' title='bbox 446 2188 569 2229; x_wconf 88' lang='lat' dir='ltr'><strong>non</strong></span> <span class='ocrx_word' id='word_1_174' title='bbox 591 2173 709 2245; x_wconf 88' lang='lat' dir='ltr'><strong>lege</strong></span> <span class='ocrx_word' id='word_1_175' title='bbox 738 2170 1124 2237; x_wconf 85' lang='lat' dir='ltr'><strong>successionis,</strong></span> <span class='ocrx_word' id='word_1_176' title='bbox 1161 2170 1257 2226; x_wconf 90' lang='lat' dir='ltr'><strong>sed</strong></span> <span class='ocrx_word' id='word_1_177' title='bbox 1287 2185 1387 2241; x_wconf 90' lang='lat' dir='ltr'><strong>per</strong></span> <span class='ocrx_word' id='word_1_178' title='bbox 1417 2168 1741 2225; x_wconf 84' lang='lat' dir='ltr'><strong>electionem</strong></span> <span class='ocrx_word' id='word_1_179' title='bbox 1766 2192 1771 2195; x_wconf 87' lang='grc'><strong>·</strong></span> 
     </span>
    </p>
   </div>
   <div class='ocr_carea' id='block_1_24' title="bbox 150 2262 1765 2336">
    <p class='ocr_par' dir='ltr' id='par_1_24' title="bbox 150 2262 1765 2336">
     <span class='ocr_line' id='line_1_24' title="bbox 150 2262 1765 2336; baseline -0.002 -16"><span class='ocrx_word' id='word_1_180' title='bbox 150 2263 399 2336; x_wconf 66' lang='lat' dir='ltr'><strong>praesunt)</strong></span> <span class='ocrx_word' id='word_1_181' title='bbox 429 2263 626 2336; x_wconf 86' lang='lat' dir='ltr'><strong>potius</strong></span> <span class='ocrx_word' id='word_1_182' title='bbox 652 2264 761 2321; x_wconf 90' lang='lat' dir='ltr'><strong>dici</strong></span> <span class='ocrx_word' id='word_1_183' title='bbox 787 2264 945 2320; x_wconf 86' lang='lat' dir='ltr'><strong>debet</strong></span> <span class='ocrx_word' id='word_1_184' title='bbox 960 2264 1196 2321; x_wconf 86' lang='lat' dir='ltr'><strong>servitus</strong></span> <span class='ocrx_word' id='word_1_185' title='bbox 1219 2278 1386 2334; x_wconf 85' lang='lat' dir='ltr'><strong>quam</strong></span> <span class='ocrx_word' id='word_1_186' title='bbox 1408 2262 1765 2319; x_wconf 76' lang='lat' dir='ltr'><strong>dominium.‘</strong></span> 
     </span>
    </p>
   </div>
   <div class='ocr_carea' id='block_1_25' title="bbox 154 2355 1739 2413">
    <p class='ocr_par' dir='ltr' id='par_1_25' title="bbox 154 2355 1739 2413">
     <span class='ocr_line' id='line_1_25' title="bbox 154 2355 1739 2413; baseline -0.001 -4"><span class='ocrx_word' id='word_1_187' title='bbox 154 2355 265 2412; x_wconf 83' lang='lat' dir='ltr'><strong>ideo</strong></span> <span class='ocrx_word' id='word_1_188' title='bbox 299 2357 376 2412; x_wconf 89' lang='lat' dir='ltr'><strong>ait</strong></span> <span class='ocrx_word' id='word_1_189' title='bbox 418 2372 540 2413; x_wconf 87' lang='lat' dir='ltr'><strong>non</strong></span> <span class='ocrx_word' id='word_1_190' title='bbox 587 2356 940 2413; x_wconf 84' lang='lat' dir='ltr'><strong>dominamur</strong></span> <span class='ocrx_word' id='word_1_191' title='bbox 971 2355 1098 2411; x_wconf 83' lang='lat' dir='ltr'><strong>ﬁdei</strong></span> <span class='ocrx_word' id='word_1_192' title='bbox 1134 2358 1382 2412; x_wconf 64' lang='lat' dir='ltr'><strong>vestae:</strong></span> <span class='ocrx_word' id='word_1_193' title='bbox 1412 2356 1505 2410; x_wconf 85' lang='lat' dir='ltr'><strong>sed</strong></span> <span class='ocrx_word' id='word_1_194' title='bbox 1554 2357 1739 2410; x_wconf 77' lang='lat' dir='ltr'><strong>sumus</strong></span> 
     </span>
    </p>
   </div>
   <div class='ocr_carea' id='block_1_26' title="bbox 156 2445 1739 2517">
    <p class='ocr_par' dir='ltr' id='par_1_26' title="bbox 156 2445 1739 2517">
     <span class='ocr_line' id='line_1_26' title="bbox 156 2445 1739 2517; baseline 0 -17"><span class='ocrx_word' id='word_1_195' title='bbox 156 2448 406 2517; x_wconf 71' lang='lat' dir='ltr'><strong>adjutores</strong></span> <span class='ocrx_word' id='word_1_196' title='bbox 432 2448 633 2517; x_wconf 87' lang='lat' dir='ltr'><strong>vestri,</strong></span> <span class='ocrx_word' id='word_1_197' title='bbox 664 2462 780 2503; x_wconf 81' lang='lat' dir='ltr'><strong>non</strong></span> <span class='ocrx_word' id='word_1_198' title='bbox 801 2455 1081 2503; x_wconf 82' lang='lat' dir='ltr'><strong>cessantes</strong></span> <span class='ocrx_word' id='word_1_199' title='bbox 1109 2461 1268 2501; x_wconf 88' lang='lat' dir='ltr'><strong>orare</strong></span> <span class='ocrx_word' id='word_1_200' title='bbox 1287 2445 1458 2501; x_wconf 84' lang='lat' dir='ltr'><strong>Deum</strong></span> <span class='ocrx_word' id='word_1_201' title='bbox 1490 2460 1590 2516; x_wconf 90' lang='lat' dir='ltr'><strong>pro</strong></span> <span class='ocrx_word' id='word_1_202' title='bbox 1610 2461 1739 2501; x_wconf 88' lang='lat' dir='ltr'><strong>cor-</strong></span> 
     </span>
    </p>
   </div>
   <div class='ocr_carea' id='block_1_27' title="bbox 158 2536 1738 2609">
    <p class='ocr_par' dir='ltr' id='par_1_27' title="bbox 158 2536 1738 2609">
     <span class='ocr_line' id='line_1_27' title="bbox 158 2536 1738 2609; baseline -0.002 -15"><span class='ocrx_word' id='word_1_203' title='bbox 158 2538 605 2606; x_wconf 82' lang='lat' dir='ltr'><strong>rectionevestri,</strong></span> <span class='ocrx_word' id='word_1_204' title='bbox 634 2538 916 2609; x_wconf 84' lang='lat' dir='ltr'><strong>adjutores</strong></span> <span class='ocrx_word' id='word_1_205' title='bbox 949 2537 1073 2593; x_wconf 90' lang='lat' dir='ltr'><strong>dico</strong></span> <span class='ocrx_word' id='word_1_206' title='bbox 1097 2536 1282 2608; x_wconf 78' lang='lat' dir='ltr'><strong>gaudii</strong></span> <span class='ocrx_word' id='word_1_207' title='bbox 1311 2538 1468 2591; x_wconf 82' lang='lat' dir='ltr'><strong>vestri</strong></span> <span class='ocrx_word' id='word_1_208' title='bbox 1496 2551 1514 2590; x_wconf 91' lang='lat'><em>:</em></span> <span class='ocrx_word' id='word_1_209' title='bbox 1554 2537 1611 2590; x_wconf 91' lang='lat' dir='ltr'><strong>in</strong></span> <span class='ocrx_word' id='word_1_210' title='bbox 1647 2536 1738 2591; x_wconf 90' lang='lat' dir='ltr'><strong>illa</strong></span> 
     </span>
    </p>
   </div>
   <div class='ocr_carea' id='block_1_28' title="bbox 158 2626 1740 2699">
    <p class='ocr_par' dir='ltr' id='par_1_28' title="bbox 158 2626 1740 2699">
     <span class='ocr_line' id='line_1_28' title="bbox 158 2626 1740 2699; baseline -0.003 -16"><span class='ocrx_word' id='word_1_211' title='bbox 158 2628 285 2683; x_wconf 88' lang='lat' dir='ltr'><strong>enim</strong></span> <span class='ocrx_word' id='word_1_212' title='bbox 308 2644 369 2684; x_wconf 91' lang='lat' dir='ltr'><strong>re</strong></span> <span class='ocrx_word' id='word_1_213' title='bbox 393 2644 501 2686; x_wconf 86' lang='lat' dir='ltr'><strong>vos</strong></span> <span class='ocrx_word' id='word_1_214' title='bbox 532 2628 859 2699; x_wconf 87' lang='lat' dir='ltr'><strong>adjuvamus</strong></span> <span class='ocrx_word' id='word_1_215' title='bbox 883 2627 951 2683; x_wconf 89' lang='lat' dir='ltr'><strong>de</strong></span> <span class='ocrx_word' id='word_1_216' title='bbox 976 2642 1086 2697; x_wconf 91' lang='lat' dir='ltr'><strong>qua</strong></span> <span class='ocrx_word' id='word_1_217' title='bbox 1106 2626 1345 2682; x_wconf 83' lang='lat' dir='ltr'><strong>habituri</strong></span> <span class='ocrx_word' id='word_1_218' title='bbox 1368 2626 1505 2681; x_wconf 86' lang='lat' dir='ltr'><strong>estis</strong></span> <span class='ocrx_word' id='word_1_219' title='bbox 1523 2640 1740 2695; x_wconf 84' lang='lat' dir='ltr'><strong>perma-</strong></span> 
     </span>
    </p>
   </div>
   <div class='ocr_carea' id='block_1_29' title="bbox 159 2704 1741 2792">
    <p class='ocr_par' dir='ltr' id='par_1_29' title="bbox 159 2704 1741 2792">
     <span class='ocr_line' id='line_1_29' title="bbox 159 2704 1741 2792; baseline -0.002 -16"><span class='ocrx_word' id='word_1_220' title='bbox 159 2736 278 2777; x_wconf 83' lang='lat' dir='ltr'><strong>nens</strong></span> <span class='ocrx_word' id='word_1_221' title='bbox 301 2723 570 2792; x_wconf 75' lang='lat' dir='ltr'><strong>gaudium</strong></span> <span class='ocrx_word' id='word_1_222' title='bbox 614 2741 629 2776; x_wconf 91' lang='lat'><strong>:</strong></span> <span class='ocrx_word' id='word_1_223' title='bbox 666 2736 838 2792; x_wconf 83' lang='lat' dir='ltr'><strong>quare</strong></span> <span class='ocrx_word' id='word_1_224' title='bbox 872 2704 1033 2777; x_wconf 75' lang='lat' dir='ltr'><strong>nobis</strong></span> <span class='ocrx_word' id='word_1_225' title='bbox 1073 2719 1303 2791; x_wconf 87' lang='lat' dir='ltr'><strong>obsequi</strong></span> <span class='ocrx_word' id='word_1_226' title='bbox 1336 2719 1567 2775; x_wconf 85' lang='lat' dir='ltr'><strong>debetis.</strong></span> <span class='ocrx_word' id='word_1_227' title='bbox 1597 2718 1741 2774; x_wconf 80' lang='lat' dir='ltr'><strong>Vere</strong></span> 
     </span>
    </p>
   </div>
   <div class='ocr_carea' id='block_1_30' title="bbox 158 2806 1745 2882">
    <p class='ocr_par' dir='ltr' id='par_1_30' title="bbox 158 2806 1745 2882">
     <span class='ocr_line' id='line_1_30' title="bbox 158 2806 1745 2882; baseline -0.001 -15"><span class='ocrx_word' id='word_1_228' title='bbox 158 2827 253 2867; x_wconf 89' lang='lat' dir='ltr'><strong>non</strong></span> <span class='ocrx_word' id='word_1_229' title='bbox 271 2814 627 2870; x_wconf 83' lang='lat' dir='ltr'><strong>dominamur</strong></span> <span class='ocrx_word' id='word_1_230' title='bbox 649 2814 843 2870; x_wconf 83' lang='lat' dir='ltr'><strong>vobis:</strong></span> <span class='ocrx_word' id='word_1_231' title='bbox 871 2828 995 2867; x_wconf 76' lang='lat' dir='ltr'><strong>nam</strong></span> <span class='ocrx_word' id='word_1_232' title='bbox 1033 2828 1120 2867; x_wconf 78' lang='lat' dir='ltr'><strong>vos</strong></span> <span class='ocrx_word' id='word_1_233' title='bbox 1148 2813 1306 2867; x_wconf 83' lang='lat' dir='ltr'><strong>statis</strong></span> <span class='ocrx_word' id='word_1_234' title='bbox 1327 2812 1431 2882; x_wconf 76' lang='lat' dir='ltr'><strong>ﬁde</strong></span> <span class='ocrx_word' id='word_1_235' title='bbox 1454 2828 1473 2865; x_wconf 90' lang='lat'><strong><em>:</em></strong></span> <span class='ocrx_word' id='word_1_236' title='bbox 1500 2806 1745 2881; x_wconf 57' lang='lat' dir='ltr'><strong>quaavo4</strong></span> 
     </span>
    </p>
   </div>
   <div class='ocr_carea' id='block_1_31' title="bbox 162 2901 1523 2974">
    <p class='ocr_par' dir='ltr' id='par_1_31' title="bbox 162 2901 1523 2974">
     <span class='ocr_line' id='line_1_31' title="bbox 162 2901 1523 2974; baseline -0.001 -17"><span class='ocrx_word' id='word_1_237' title='bbox 162 2902 364 2963; x_wconf 81' lang='lat' dir='ltr'><strong>luntatis</strong></span> <span class='ocrx_word' id='word_1_238' title='bbox 382 2922 477 2963; x_wconf 90' lang='lat' dir='ltr'><strong>res</strong></span> <span class='ocrx_word' id='word_1_239' title='bbox 503 2915 613 2974; x_wconf 88' lang='lat' dir='ltr'><strong>est,</strong></span> <span class='ocrx_word' id='word_1_240' title='bbox 630 2920 741 2961; x_wconf 86' lang='lat' dir='ltr'><strong>non</strong></span> <span class='ocrx_word' id='word_1_241' title='bbox 767 2903 1127 2971; x_wconf 84' lang='lat' dir='ltr'><strong>necessitatis,</strong></span> <span class='ocrx_word' id='word_1_242' title='bbox 1150 2903 1197 2958; x_wconf 89' lang='lat' dir='ltr'><strong>si</strong></span> <span class='ocrx_word' id='word_1_243' title='bbox 1217 2918 1315 2959; x_wconf 85' lang='lat' dir='ltr'><strong>vos</strong></span> <span class='ocrx_word' id='word_1_244' title='bbox 1343 2901 1523 2958; x_wconf 85' lang='lat' dir='ltr'><strong>statis.</strong></span> 
     </span>
    </p>
   </div>
   <div class='ocr_carea' id='block_1_32' title="bbox 682 2993 1211 3069">
    <p class='ocr_par' dir='ltr' id='par_1_32' title="bbox 682 2993 1211 3069">
     <span class='ocr_line' id='line_1_32' title="bbox 682 2993 1211 3069; baseline -0.008 -16"><span class='ocrx_word' id='word_1_245' title='bbox 682 2996 835 3069; x_wconf 70' lang='lat'><strong>131</strong></span> <span class='ocrx_word' id='word_1_246' title='bbox 876 2995 1107 3052; x_wconf 86' lang='lat' dir='ltr'><strong>CAPUT</strong></span> <span class='ocrx_word' id='word_1_247' title='bbox 1145 2993 1211 3050; x_wconf 75' lang='grc' dir='ltr'><strong>ιι.</strong></span> 
     </span>
    </p>
   </div>
   <div class='ocr_carea' id='block_1_33' title="bbox 226 3086 1767 3163">
    <p class='ocr_par' dir='ltr' id='par_1_33' title="bbox 226 3086 1767 3163">
     <span class='ocr_line' id='line_1_33' title="bbox 226 3086 1767 3163; baseline -0.002 -20"><span class='ocrx_word' id='word_1_248' title='bbox 226 3108 244 3143; x_wconf 73' lang='grc' dir='ltr'><strong>ι</strong></span> <span class='ocrx_word' id='word_1_249' title='bbox 284 3090 457 3148; x_wconf 78' lang='lat' dir='ltr'><strong>Statui</strong></span> <span class='ocrx_word' id='word_1_250' title='bbox 499 3099 686 3146; x_wconf 86' lang='lat' dir='ltr'><strong>autem</strong></span> <span class='ocrx_word' id='word_1_251' title='bbox 728 3090 835 3145; x_wconf 90' lang='lat' dir='ltr'><strong>hoc</strong></span> <span class='ocrx_word' id='word_1_252' title='bbox 873 3089 1053 3163; x_wconf 82' lang='lat' dir='ltr'><strong>ipsum</strong></span> <span class='ocrx_word' id='word_1_253' title='bbox 1095 3088 1237 3159; x_wconf 91' lang='lat' dir='ltr'><strong>apud</strong></span> <span class='ocrx_word' id='word_1_254' title='bbox 1271 3103 1360 3144; x_wconf 90' lang='lat' dir='ltr'><strong>me</strong></span> <span class='ocrx_word' id='word_1_255' title='bbox 1385 3107 1398 3142; x_wconf 92' lang='lat'>:</span> <span class='ocrx_word' id='word_1_256' title='bbox 1423 3100 1492 3141; x_wconf 90' lang='lat' dir='ltr'><strong>ne</strong></span> <span class='ocrx_word' id='word_1_257' title='bbox 1536 3086 1767 3141; x_wconf 69' lang='lat' dir='ltr'><strong>iterum-</strong></span> 
     </span>
    </p>
   </div>
   <div class='ocr_carea' id='block_1_34' title="bbox 1846 586 3435 667">
    <p class='ocr_par' dir='ltr' id='par_1_34' title="bbox 1846 586 3435 667">
     <span class='ocr_line' id='line_1_34' title="bbox 1846 586 3435 667; baseline 0.004 -27"><span class='ocrx_word' id='word_1_258' title='bbox 1846 608 1866 640; x_wconf 74' lang='grc' dir='ltr'><strong>ι</strong></span> <span class='ocrx_word' id='word_1_259' title='bbox 1909 597 1965 644; x_wconf 89' lang='lat' dir='ltr'><strong>et</strong></span> <span class='ocrx_word' id='word_1_260' title='bbox 2001 588 2059 644; x_wconf 90' lang='lat' dir='ltr'><strong>in</strong></span> <span class='ocrx_word' id='word_1_261' title='bbox 2098 588 2185 644; x_wconf 87' lang='lat' dir='ltr'><strong>bis</strong></span> <span class='ocrx_word' id='word_1_262' title='bbox 2227 588 2323 659; x_wconf 90' lang='lat' dir='ltr'><strong>qui</strong></span> <span class='ocrx_word' id='word_1_263' title='bbox 2361 596 2612 667; x_wconf 87' lang='lat' dir='ltr'><strong>pereunt.</strong></span> <span class='ocrx_word' id='word_1_264' title='bbox 2659 586 2796 644; x_wconf 84' lang='lat' dir='ltr'><strong>Aliis</strong></span> <span class='ocrx_word' id='word_1_265' title='bbox 2825 587 3045 659; x_wconf 87' lang='lat' dir='ltr'><strong>quidem</strong></span> <span class='ocrx_word' id='word_1_266' title='bbox 3075 589 3211 645; x_wconf 89' lang='lat' dir='ltr'><strong>odor</strong></span> <span class='ocrx_word' id='word_1_267' title='bbox 3239 592 3435 647; x_wconf 89' lang='lat' dir='ltr'><strong>mortis</strong></span> 
     </span>
    </p>
   </div>
   <div class='ocr_carea' id='block_1_35' title="bbox 1846 680 3433 752">
    <p class='ocr_par' dir='ltr' id='par_1_35' title="bbox 1846 680 3433 752">
     <span class='ocr_line' id='line_1_35' title="bbox 1846 680 3433 752; baseline 0.005 -19"><span class='ocrx_word' id='word_1_268' title='bbox 1846 699 1866 732; x_wconf 73' lang='grc' dir='ltr'><strong>ι</strong></span> <span class='ocrx_word' id='word_1_269' title='bbox 1912 680 1967 736; x_wconf 91' lang='lat' dir='ltr'><strong>in</strong></span> <span class='ocrx_word' id='word_1_270' title='bbox 1995 689 2252 747; x_wconf 85' lang='lat' dir='ltr'><strong>mortem,</strong></span> <span class='ocrx_word' id='word_1_271' title='bbox 2282 680 2408 735; x_wconf 91' lang='lat' dir='ltr'><strong>aliis</strong></span> <span class='ocrx_word' id='word_1_272' title='bbox 2435 687 2619 736; x_wconf 90' lang='lat' dir='ltr'><strong>autem</strong></span> <span class='ocrx_word' id='word_1_273' title='bbox 2647 680 2786 736; x_wconf 81' lang='lat' dir='ltr'><strong>odor</strong></span> <span class='ocrx_word' id='word_1_274' title='bbox 2813 680 2939 738; x_wconf 54' lang='lat' dir='ltr'><strong>vitae</strong></span> <span class='ocrx_word' id='word_1_275' title='bbox 2966 680 3236 752; x_wconf 73' lang='lat' dir='ltr'><strong>invitam.</strong></span> <span class='ocrx_word' id='word_1_276' title='bbox 3269 681 3338 738; x_wconf 84' lang='lat' dir='ltr'><strong>Et</strong></span> <span class='ocrx_word' id='word_1_277' title='bbox 3364 683 3433 741; x_wconf 90' lang='lat' dir='ltr'><strong>ad</strong></span> 
     </span>
    </p>
   </div>
   <div class='ocr_carea' id='block_1_36' title="bbox 1848 769 3437 844">
    <p class='ocr_par' dir='ltr' id='par_1_36' title="bbox 1848 769 3437 844">
     <span class='ocr_line' id='line_1_36' title="bbox 1848 769 3437 844; baseline 0.006 -21"><span class='ocrx_word' id='word_1_278' title='bbox 1848 791 1866 823; x_wconf 81' lang='grc' dir='ltr'><strong>ι</strong></span> <span class='ocrx_word' id='word_1_279' title='bbox 1914 773 2031 830; x_wconf 64' lang='lat' dir='ltr'><strong>haec</strong></span> <span class='ocrx_word' id='word_1_280' title='bbox 2064 773 2190 844; x_wconf 90' lang='lat' dir='ltr'><strong>quis</strong></span> <span class='ocrx_word' id='word_1_281' title='bbox 2226 779 2340 829; x_wconf 87' lang='lat' dir='ltr'><strong>tam</strong></span> <span class='ocrx_word' id='word_1_282' title='bbox 2384 771 2665 828; x_wconf 68' lang='lat' dir='ltr'><strong>idoneus?</strong></span> <span class='ocrx_word' id='word_1_283' title='bbox 2692 769 2814 827; x_wconf 88' lang='lat' dir='ltr'><strong>Non</strong></span> <span class='ocrx_word' id='word_1_284' title='bbox 2856 772 3005 828; x_wconf 89' lang='lat' dir='ltr'><strong>enim</strong></span> <span class='ocrx_word' id='word_1_285' title='bbox 3051 788 3245 830; x_wconf 87' lang='lat' dir='ltr'><strong>sumus</strong></span> <span class='ocrx_word' id='word_1_286' title='bbox 3292 774 3437 832; x_wconf 82' lang='lat' dir='ltr'><strong>sicut</strong></span> 
     </span>
    </p>
   </div>
   <div class='ocr_carea' id='block_1_37' title="bbox 1847 863 3431 936">
    <p class='ocr_par' dir='ltr' id='par_1_37' title="bbox 1847 863 3431 936">
     <span class='ocr_line' id='line_1_37' title="bbox 1847 863 3431 936; baseline 0.003 -19"><span class='ocrx_word' id='word_1_287' title='bbox 1847 882 1867 917; x_wconf 77' lang='grc' dir='ltr'><strong>ι</strong></span> <span class='ocrx_word' id='word_1_288' title='bbox 1912 864 2133 936; x_wconf 85' lang='lat' dir='ltr'><strong>plurimi</strong></span> <span class='ocrx_word' id='word_1_289' title='bbox 2159 865 2527 921; x_wconf 84' lang='lat' dir='ltr'><strong>adulterantes</strong></span> <span class='ocrx_word' id='word_1_290' title='bbox 2551 864 2780 920; x_wconf 77' lang='lat' dir='ltr'><strong>verbum</strong></span> <span class='ocrx_word' id='word_1_291' title='bbox 2817 863 2912 920; x_wconf 90' lang='lat' dir='ltr'><strong>Dei</strong></span> <span class='ocrx_word' id='word_1_292' title='bbox 2938 883 2952 919; x_wconf 90' lang='lat'><strong>:</strong></span> <span class='ocrx_word' id='word_1_293' title='bbox 2975 865 3072 921; x_wconf 92' lang='lat' dir='ltr'><strong>sed</strong></span> <span class='ocrx_word' id='word_1_294' title='bbox 3097 880 3165 920; x_wconf 78' lang='lat' dir='ltr'><strong>ex</strong></span> <span class='ocrx_word' id='word_1_295' title='bbox 3194 864 3431 921; x_wconf 88' lang='lat' dir='ltr'><strong>sinceri-</strong></span> 
     </span>
    </p>
   </div>
   <div class='ocr_carea' id='block_1_38' title="bbox 1847 954 3436 1029">
    <p class='ocr_par' dir='ltr' id='par_1_38' title="bbox 1847 954 3436 1029">
     <span class='ocr_line' id='line_1_38' title="bbox 1847 954 3436 1029; baseline 0.003 -20"><span class='ocrx_word' id='word_1_296' title='bbox 1847 976 1866 1009; x_wconf 78' lang='grc' dir='ltr'><strong>ι</strong></span> <span class='ocrx_word' id='word_1_297' title='bbox 1911 965 2043 1025; x_wconf 88' lang='lat' dir='ltr'><strong>tate,</strong></span> <span class='ocrx_word' id='word_1_298' title='bbox 2090 956 2234 1012; x_wconf 84' lang='lat' dir='ltr'><strong>sicut</strong></span> <span class='ocrx_word' id='word_1_299' title='bbox 2272 972 2341 1012; x_wconf 77' lang='lat' dir='ltr'><strong>cx</strong></span> <span class='ocrx_word' id='word_1_300' title='bbox 2378 955 2488 1013; x_wconf 84' lang='lat' dir='ltr'><strong>Deo</strong></span> <span class='ocrx_word' id='word_1_301' title='bbox 2525 970 2715 1014; x_wconf 86' lang='lat' dir='ltr'><strong>coram</strong></span> <span class='ocrx_word' id='word_1_302' title='bbox 2755 954 2868 1013; x_wconf 89' lang='lat' dir='ltr'><strong>Deo</strong></span> <span class='ocrx_word' id='word_1_303' title='bbox 2903 955 2960 1012; x_wconf 89' lang='lat' dir='ltr'><strong>in</strong></span> <span class='ocrx_word' id='word_1_304' title='bbox 2994 956 3218 1024; x_wconf 78' lang='lat' dir='ltr'><strong>Christo</strong></span> <span class='ocrx_word' id='word_1_305' title='bbox 3254 957 3436 1029; x_wconf 88' lang='lat' dir='ltr'><strong>loqui-</strong></span> 
     </span>
    </p>
   </div>
   <div class='ocr_carea' id='block_1_39' title="bbox 1847 1065 2120 1106">
    <p class='ocr_par' dir='ltr' id='par_1_39' title="bbox 1847 1065 2120 1106">
     <span class='ocr_line' id='line_1_39' title="bbox 1847 1065 2120 1106; baseline -0.004 -3"><span class='ocrx_word' id='word_1_306' title='bbox 1847 1068 1868 1103; x_wconf 73' lang='grc' dir='ltr'><strong>ι</strong></span> <span class='ocrx_word' id='word_1_307' title='bbox 1915 1065 2059 1106; x_wconf 88' lang='lat' dir='ltr'><strong>mur.</strong></span> <span class='ocrx_word' id='word_1_308' title='bbox 2100 1066 2120 1102; x_wconf 78' lang='grc' dir='ltr'><strong>ι</strong></span> 
     </span>
    </p>
   </div>
   <div class='ocr_carea' id='block_1_40' title="bbox 2478 1176 2788 1218">
    <p class='ocr_par' dir='ltr' id='par_1_40' title="bbox 2478 1176 2788 1218">
     <span class='ocr_line' id='line_1_40' title="bbox 2478 1176 2788 1218; baseline 0.003 -2"><span class='ocrx_word' id='word_1_309' title='bbox 2478 1176 2788 1218; x_wconf 72' lang='lat' dir='ltr'><strong>EXPOSITIO.</strong></span> 
     </span>
    </p>
   </div>
   <div class='ocr_carea' id='block_1_41' title="bbox 1909 1262 3434 1345">
    <p class='ocr_par' dir='ltr' id='par_1_41' title="bbox 1909 1262 3434 1345">
     <span class='ocr_line' id='line_1_41' title="bbox 1909 1262 3434 1345; baseline 0.001 -17"><span class='ocrx_word' id='word_1_310' title='bbox 1909 1272 2210 1345; x_wconf 84' lang='lat' dir='ltr'><strong>Postquam</strong></span> <span class='ocrx_word' id='word_1_311' title='bbox 2241 1270 2621 1329; x_wconf 84' lang='lat' dir='ltr'><strong>determinavit</strong></span> <span class='ocrx_word' id='word_1_312' title='bbox 2650 1262 2927 1345; x_wconf 85' lang='lat' dir='ltr'><strong>quomodo</strong></span> <span class='ocrx_word' id='word_1_313' title='bbox 2952 1266 3152 1329; x_wconf 80' lang='lat' dir='ltr'><strong>dixerit</strong></span> <span class='ocrx_word' id='word_1_314' title='bbox 3178 1287 3434 1344; x_wconf 67' lang='lat' dir='ltr'><strong>parcens;</strong></span> 
     </span>
    </p>
   </div>
   <div class='ocr_carea' id='block_1_42' title="bbox 1840 1364 3435 1437">
    <p class='ocr_par' dir='ltr' id='par_1_42' title="bbox 1840 1364 3435 1437">
     <span class='ocr_line' id='line_1_42' title="bbox 1840 1364 3435 1437; baseline -0.001 -15"><span class='ocrx_word' id='word_1_315' title='bbox 1840 1365 2166 1422; x_wconf 87' lang='lat' dir='ltr'><strong>determinat</strong></span> <span class='ocrx_word' id='word_1_316' title='bbox 2207 1364 2261 1420; x_wconf 82' lang='lat' dir='ltr'><strong>in</strong></span> <span class='ocrx_word' id='word_1_317' title='bbox 2313 1380 2423 1436; x_wconf 88' lang='lat' dir='ltr'><strong>quo</strong></span> <span class='ocrx_word' id='word_1_318' title='bbox 2468 1367 2788 1436; x_wconf 89' lang='lat' dir='ltr'><strong>pepercerit,</strong></span> <span class='ocrx_word' id='word_1_319' title='bbox 2831 1364 3197 1437; x_wconf 82' lang='lat' dir='ltr'><strong>dicens:Ego</strong></span> <span class='ocrx_word' id='word_1_320' title='bbox 3243 1367 3435 1437; x_wconf 90' lang='lat' dir='ltr'><strong>utique</strong></span> 
     </span>
    </p>
   </div>
   <div class='ocr_carea' id='block_1_43' title="bbox 1840 1457 3433 1528">
    <p class='ocr_par' dir='ltr' id='par_1_43' title="bbox 1840 1457 3433 1528">
     <span class='ocr_line' id='line_1_43' title="bbox 1840 1457 3433 1528; baseline -0.001 -15"><span class='ocrx_word' id='word_1_321' title='bbox 1840 1474 1951 1514; x_wconf 90' lang='lat' dir='ltr'><strong>non</strong></span> <span class='ocrx_word' id='word_1_322' title='bbox 1982 1457 2108 1514; x_wconf 88' lang='lat' dir='ltr'><strong>veni</strong></span> <span class='ocrx_word' id='word_1_323' title='bbox 2138 1457 2486 1527; x_wconf 90' lang='lat' dir='ltr'><strong>Corinthum,</strong></span> <span class='ocrx_word' id='word_1_324' title='bbox 2516 1458 2613 1513; x_wconf 89' lang='lat' dir='ltr'><strong>sed</strong></span> <span class='ocrx_word' id='word_1_325' title='bbox 2648 1458 2813 1513; x_wconf 88' lang='lat' dir='ltr'><strong>statui</strong></span> <span class='ocrx_word' id='word_1_326' title='bbox 2852 1458 2957 1512; x_wconf 90' lang='lat' dir='ltr'><strong>hoc</strong></span> <span class='ocrx_word' id='word_1_327' title='bbox 2987 1457 3167 1528; x_wconf 89' lang='lat' dir='ltr'><strong>ipsum</strong></span> <span class='ocrx_word' id='word_1_328' title='bbox 3195 1458 3345 1528; x_wconf 82' lang='lat' dir='ltr'><strong>quod</strong></span> <span class='ocrx_word' id='word_1_329' title='bbox 3374 1457 3433 1512; x_wconf 90' lang='lat' dir='ltr'><strong>in</strong></span> 
     </span>
    </p>
   </div>
   <div class='ocr_carea' id='block_1_44' title="bbox 1838 1540 3464 1620">
    <p class='ocr_par' dir='ltr' id='par_1_44' title="bbox 1838 1540 3464 1620">
     <span class='ocr_line' id='line_1_44' title="bbox 1838 1540 3464 1620; baseline 0 -17"><span class='ocrx_word' id='word_1_330' title='bbox 1838 1548 2011 1618; x_wconf 84' lang='lat' dir='ltr'><strong>priori</strong></span> <span class='ocrx_word' id='word_1_331' title='bbox 2039 1546 2277 1619; x_wconf 81' lang='lat' dir='ltr'><strong>Epistola</strong></span> <span class='ocrx_word' id='word_1_332' title='bbox 2309 1557 2629 1605; x_wconf 87' lang='lat' dir='ltr'><strong>statueram.</strong></span> <span class='ocrx_word' id='word_1_333' title='bbox 2660 1542 2859 1615; x_wconf 81' lang='lat' dir='ltr'><strong>Statui,</strong></span> <span class='ocrx_word' id='word_1_334' title='bbox 2888 1540 3131 1618; x_wconf 87' lang='lat' dir='ltr'><strong>inquam,</strong></span> <span class='ocrx_word' id='word_1_335' title='bbox 3156 1548 3301 1620; x_wconf 80' lang='lat' dir='ltr'><strong>apud</strong></span> <span class='ocrx_word' id='word_1_336' title='bbox 3320 1563 3464 1614; x_wconf 89' lang='lat' dir='ltr'><strong>me,-</strong></span> 
     </span>
    </p>
   </div>
   <div class='ocr_carea' id='block_1_45' title="bbox 1840 1640 3437 1723">
    <p class='ocr_par' dir='ltr' id='par_1_45' title="bbox 1840 1640 3437 1723">
     <span class='ocr_line' id='line_1_45' title="bbox 1840 1640 3437 1723; baseline -0.002 -26"><span class='ocrx_word' id='word_1_337' title='bbox 1840 1657 1949 1698; x_wconf 89' lang='lat' dir='ltr'><strong>non</strong></span> <span class='ocrx_word' id='word_1_338' title='bbox 1989 1640 2289 1723; x_wconf 54' lang='lat' dir='ltr'><strong>praecipitio</strong></span> <span class='ocrx_word' id='word_1_339' title='bbox 2337 1642 2754 1698; x_wconf 57' lang='lat' dir='ltr'><strong>inconsiderata!</strong></span> <span class='ocrx_word' id='word_1_340' title='bbox 2793 1641 3104 1709; x_wconf 59' lang='lat' dir='ltr'><strong>sententiae,</strong></span> <span class='ocrx_word' id='word_1_341' title='bbox 3150 1641 3243 1697; x_wconf 90' lang='lat' dir='ltr'><strong>sed</strong></span> <span class='ocrx_word' id='word_1_342' title='bbox 3289 1640 3437 1711; x_wconf 76' lang='lat' dir='ltr'><strong>apud</strong></span> 
     </span>
    </p>
   </div>
   <div class='ocr_carea' id='block_1_46' title="bbox 1838 1726 3435 1804">
    <p class='ocr_par' dir='ltr' id='par_1_46' title="bbox 1838 1726 3435 1804">
     <span class='ocr_line' id='line_1_46' title="bbox 1838 1726 3435 1804; baseline -0.002 -17"><span class='ocrx_word' id='word_1_343' title='bbox 1838 1748 1921 1787; x_wconf 86' lang='lat' dir='ltr'><strong>me</strong></span> <span class='ocrx_word' id='word_1_344' title='bbox 1947 1732 2236 1804; x_wconf 80' lang='lat' dir='ltr'><strong>diligenter</strong></span> <span class='ocrx_word' id='word_1_345' title='bbox 2263 1741 2601 1804; x_wconf 85' lang='lat' dir='ltr'><strong>pertractans</strong></span> <span class='ocrx_word' id='word_1_346' title='bbox 2638 1748 2705 1788; x_wconf 82' lang='lat' dir='ltr'><strong>ex</strong></span> <span class='ocrx_word' id='word_1_347' title='bbox 2733 1731 2963 1788; x_wconf 90' lang='lat' dir='ltr'><strong>consilio</strong></span> <span class='ocrx_word' id='word_1_348' title='bbox 2999 1726 3189 1798; x_wconf 84' lang='lat' dir='ltr'><strong>statui,</strong></span> <span class='ocrx_word' id='word_1_349' title='bbox 3234 1744 3296 1786; x_wconf 83' lang='lat' dir='ltr'><strong>ne</strong></span> <span class='ocrx_word' id='word_1_350' title='bbox 3324 1732 3435 1785; x_wconf 85' lang='lat' dir='ltr'><strong>ite—</strong></span> 
     </span>
    </p>
   </div>
   <div class='ocr_carea' id='block_1_47' title="bbox 1769 1818 3437 1903">
    <p class='ocr_par' dir='ltr' id='par_1_47' title="bbox 1769 1818 3437 1903">
     <span class='ocr_line' id='line_1_47' title="bbox 1769 1818 3437 1903; baseline -0.001 -25"><span class='ocrx_word' id='word_1_351' title='bbox 1769 1841 1814 1903; x_wconf 70' lang='grc' dir='ltr'>ῃ</span> <span class='ocrx_word' id='word_1_352' title='bbox 1839 1840 1958 1878; x_wconf 81' lang='lat' dir='ltr'><strong>rum</strong></span> <span class='ocrx_word' id='word_1_353' title='bbox 1987 1826 2213 1880; x_wconf 77' lang='lat' dir='ltr'><strong>uenirem</strong></span> <span class='ocrx_word' id='word_1_354' title='bbox 2248 1826 2318 1879; x_wconf 81' lang='lat' dir='ltr'><strong>ad</strong></span> <span class='ocrx_word' id='word_1_355' title='bbox 2345 1842 2431 1880; x_wconf 82' lang='lat' dir='ltr'><strong>vos</strong></span> <span class='ocrx_word' id='word_1_356' title='bbox 2457 1826 2513 1878; x_wconf 85' lang='lat' dir='ltr'><strong>in</strong></span> <span class='ocrx_word' id='word_1_357' title='bbox 2536 1825 2781 1890; x_wconf 79' lang='lat' dir='ltr'><strong>tristitia,</strong></span> <span class='ocrx_word' id='word_1_358' title='bbox 2814 1824 2868 1879; x_wconf 83' lang='lat' dir='ltr'><strong>id</strong></span> <span class='ocrx_word' id='word_1_359' title='bbox 2894 1830 2980 1879; x_wconf 83' lang='lat' dir='ltr'><strong>est</strong></span> <span class='ocrx_word' id='word_1_360' title='bbox 3004 1822 3072 1878; x_wconf 84' lang='lat' dir='ltr'><strong>ad</strong></span> <span class='ocrx_word' id='word_1_361' title='bbox 3102 1818 3437 1878; x_wconf 81' lang='lat' dir='ltr'><strong>contristan-</strong></span> 
     </span>
    </p>
   </div>
   <div class='ocr_carea' id='block_1_48' title="bbox 1837 1912 3444 1985">
    <p class='ocr_par' dir='ltr' id='par_1_48' title="bbox 1837 1912 3444 1985">
     <span class='ocr_line' id='line_1_48' title="bbox 1837 1912 3444 1985; baseline -0.002 -15"><span class='ocrx_word' id='word_1_362' title='bbox 1837 1915 1969 1970; x_wconf 85' lang='lat' dir='ltr'><strong>dum</strong></span> <span class='ocrx_word' id='word_1_363' title='bbox 2002 1931 2122 1971; x_wconf 91' lang='lat' dir='ltr'><strong>vos.</strong></span> <span class='ocrx_word' id='word_1_364' title='bbox 2156 1916 2357 1971; x_wconf 88' lang='lat' dir='ltr'><strong>lterum</strong></span> <span class='ocrx_word' id='word_1_365' title='bbox 2392 1916 2545 1983; x_wconf 86' lang='lat' dir='ltr'><strong>dicit,</strong></span> <span class='ocrx_word' id='word_1_366' title='bbox 2579 1914 2708 1984; x_wconf 91' lang='lat' dir='ltr'><strong>quia</strong></span> <span class='ocrx_word' id='word_1_367' title='bbox 2740 1915 2795 1969; x_wconf 92' lang='lat' dir='ltr'><strong>in</strong></span> <span class='ocrx_word' id='word_1_368' title='bbox 2843 1915 3021 1985; x_wconf 88' lang='lat' dir='ltr'><strong>prima</strong></span> <span class='ocrx_word' id='word_1_369' title='bbox 3062 1912 3308 1984; x_wconf 86' lang='lat' dir='ltr'><strong>Epistola</strong></span> <span class='ocrx_word' id='word_1_370' title='bbox 3340 1926 3444 1967; x_wconf 78' lang='lat' dir='ltr'><strong>ve-</strong></span> 
     </span>
    </p>
   </div>
   <div class='ocr_carea' id='block_1_49' title="bbox 1838 1996 3445 2075">
    <p class='ocr_par' dir='ltr' id='par_1_49' title="bbox 1838 1996 3445 2075">
     <span class='ocr_line' id='line_1_49' title="bbox 1838 1996 3445 2075; baseline -0.001 -15"><span class='ocrx_word' id='word_1_371' title='bbox 1838 2008 1995 2061; x_wconf 84' lang='lat' dir='ltr'><strong>nerat</strong></span> <span class='ocrx_word' id='word_1_372' title='bbox 2025 2007 2338 2062; x_wconf 83' lang='lat' dir='ltr'><strong>contristari</strong></span> <span class='ocrx_word' id='word_1_373' title='bbox 2381 2020 2497 2072; x_wconf 89' lang='lat' dir='ltr'><strong>eos,</strong></span> <span class='ocrx_word' id='word_1_374' title='bbox 2542 2005 2670 2075; x_wconf 88' lang='lat' dir='ltr'><strong>quia</strong></span> <span class='ocrx_word' id='word_1_375' title='bbox 2712 1996 2852 2074; x_wconf 82' lang='lat' dir='ltr'><strong>lapsi</strong></span> <span class='ocrx_word' id='word_1_376' title='bbox 2887 1999 3107 2058; x_wconf 78' lang='lat' dir='ltr'><strong>fuerant</strong></span> <span class='ocrx_word' id='word_1_377' title='bbox 3139 2003 3192 2056; x_wconf 91' lang='lat' dir='ltr'><strong>in</strong></span> <span class='ocrx_word' id='word_1_378' title='bbox 3241 2016 3445 2073; x_wconf 71' lang='lat' dir='ltr'><strong>pecca-</strong></span> 
     </span>
    </p>
   </div>
   <div class='ocr_carea' id='block_1_50' title="bbox 1840 2090 3433 2165">
    <p class='ocr_par' dir='ltr' id='par_1_50' title="bbox 1840 2090 3433 2165">
     <span class='ocr_line' id='line_1_50' title="bbox 1840 2090 3433 2165; baseline -0.003 -16"><span class='ocrx_word' id='word_1_379' title='bbox 1840 2103 1955 2149; x_wconf 89' lang='lat' dir='ltr'><strong>tum</strong></span> <span class='ocrx_word' id='word_1_380' title='bbox 1984 2112 1997 2147; x_wconf 92' lang='lat'><strong>:</strong></span> <span class='ocrx_word' id='word_1_381' title='bbox 2030 2093 2076 2148; x_wconf 89' lang='lat' dir='ltr'><strong>si</strong></span> <span class='ocrx_word' id='word_1_382' title='bbox 2122 2111 2233 2149; x_wconf 86' lang='lat' dir='ltr'><strong>non</strong></span> <span class='ocrx_word' id='word_1_383' title='bbox 2282 2093 2716 2165; x_wconf 71' lang='lat' dir='ltr'><strong>praesentialiter,</strong></span> <span class='ocrx_word' id='word_1_384' title='bbox 2752 2101 2934 2146; x_wconf 89' lang='lat' dir='ltr'><strong>tamen</strong></span> <span class='ocrx_word' id='word_1_385' title='bbox 2981 2107 3080 2161; x_wconf 91' lang='lat' dir='ltr'><strong>per</strong></span> <span class='ocrx_word' id='word_1_386' title='bbox 3120 2090 3433 2160; x_wconf 88' lang='lat' dir='ltr'><strong>epistolam.</strong></span> 
     </span>
    </p>
   </div>
   <div class='ocr_carea' id='block_1_51' title="bbox 1839 2176 3441 2258">
    <p class='ocr_par' dir='ltr' id='par_1_51' title="bbox 1839 2176 3441 2258">
     <span class='ocr_line' id='line_1_51' title="bbox 1839 2176 3441 2258; baseline 0 -21"><span class='ocrx_word' id='word_1_387' title='bbox 1839 2176 1937 2241; x_wconf 84' lang='lat' dir='ltr'><strong>Vel</strong></span> <span class='ocrx_word' id='word_1_388' title='bbox 1984 2187 2059 2242; x_wconf 88' lang='lat' dir='ltr'><strong>ita</strong></span> <span class='ocrx_word' id='word_1_389' title='bbox 2088 2206 2101 2242; x_wconf 88' lang='lat'><strong>:</strong></span> <span class='ocrx_word' id='word_1_390' title='bbox 2126 2186 2242 2258; x_wconf 81' lang='lat' dir='ltr'><strong>Ego</strong></span> <span class='ocrx_word' id='word_1_391' title='bbox 2278 2186 2391 2257; x_wconf 89' lang='lat' dir='ltr'><strong>jam</strong></span> <span class='ocrx_word' id='word_1_392' title='bbox 2437 2184 2606 2242; x_wconf 74' lang='lat' dir='ltr'><strong>semel</strong></span> <span class='ocrx_word' id='word_1_393' title='bbox 2644 2198 2924 2248; x_wconf 84' lang='lat' dir='ltr'><strong>veneram,</strong></span> <span class='ocrx_word' id='word_1_394' title='bbox 2977 2182 3070 2238; x_wconf 87' lang='lat' dir='ltr'><strong>sed</strong></span> <span class='ocrx_word' id='word_1_395' title='bbox 3112 2182 3236 2237; x_wconf 88' lang='lat' dir='ltr'><strong>ideo</strong></span> <span class='ocrx_word' id='word_1_396' title='bbox 3282 2181 3441 2238; x_wconf 89' lang='lat' dir='ltr'><strong>nolui</strong></span> 
     </span>
    </p>
   </div>
   <div class='ocr_carea' id='block_1_52' title="bbox 1837 2272 3442 2345">
    <p class='ocr_par' dir='ltr' id='par_1_52' title="bbox 1837 2272 3442 2345">
     <span class='ocr_line' id='line_1_52' title="bbox 1837 2272 3442 2345; baseline -0.003 -13"><span class='ocrx_word' id='word_1_397' title='bbox 1837 2278 2033 2333; x_wconf 88' lang='lat' dir='ltr'><strong>iterum</strong></span> <span class='ocrx_word' id='word_1_398' title='bbox 2067 2279 2273 2345; x_wconf 87' lang='lat' dir='ltr'><strong>venire,</strong></span> <span class='ocrx_word' id='word_1_399' title='bbox 2306 2293 2375 2332; x_wconf 91' lang='lat' dir='ltr'><strong>ne</strong></span> <span class='ocrx_word' id='word_1_400' title='bbox 2399 2277 2666 2331; x_wconf 80' lang='lat' dir='ltr'><strong>adventus</strong></span> <span class='ocrx_word' id='word_1_401' title='bbox 2700 2290 2857 2329; x_wconf 88' lang='lat' dir='ltr'><strong>meus</strong></span> <span class='ocrx_word' id='word_1_402' title='bbox 2891 2282 3038 2329; x_wconf 89' lang='lat' dir='ltr'><strong>esset</strong></span> <span class='ocrx_word' id='word_1_403' title='bbox 3068 2273 3224 2328; x_wconf 80' lang='lat' dir='ltr'><strong>vobis</strong></span> <span class='ocrx_word' id='word_1_404' title='bbox 3251 2272 3309 2328; x_wconf 90' lang='lat' dir='ltr'><strong>in</strong></span> <span class='ocrx_word' id='word_1_405' title='bbox 3334 2273 3442 2328; x_wconf 86' lang='lat' dir='ltr'><strong>tri-—</strong></span> 
     </span>
    </p>
   </div>
   <div class='ocr_carea' id='block_1_53' title="bbox 1838 2356 3444 2435">
    <p class='ocr_par' dir='ltr' id='par_1_53' title="bbox 1838 2356 3444 2435">
     <span class='ocr_line' id='line_1_53' title="bbox 1838 2356 3444 2435; baseline -0.004 -9"><span class='ocrx_word' id='word_1_406' title='bbox 1838 2356 2006 2426; x_wconf 80' lang='lat' dir='ltr'><strong>stitia.</strong></span> <span class='ocrx_word' id='word_1_407' title='bbox 2041 2370 2167 2425; x_wconf 81' lang='lat' dir='ltr'><strong>Ideo</strong></span> <span class='ocrx_word' id='word_1_408' title='bbox 2210 2369 2414 2423; x_wconf 83' lang='lat' dir='ltr'><strong>Paulus</strong></span> <span class='ocrx_word' id='word_1_409' title='bbox 2449 2367 2635 2422; x_wconf 89' lang='lat' dir='ltr'><strong>venire</strong></span> <span class='ocrx_word' id='word_1_410' title='bbox 2681 2366 2883 2433; x_wconf 90' lang='lat' dir='ltr'><strong>noluit,</strong></span> <span class='ocrx_word' id='word_1_411' title='bbox 2921 2365 3052 2435; x_wconf 90' lang='lat' dir='ltr'><strong>quia</strong></span> <span class='ocrx_word' id='word_1_412' title='bbox 3099 2364 3147 2419; x_wconf 90' lang='lat' dir='ltr'><strong>si</strong></span> <span class='ocrx_word' id='word_1_413' title='bbox 3189 2379 3444 2434; x_wconf 64' lang='lat' dir='ltr'><strong>praesens</strong></span> 
     </span>
    </p>
   </div>
   <div class='ocr_carea' id='block_1_54' title="bbox 1838 2453 3446 2532">
    <p class='ocr_par' dir='ltr' id='par_1_54' title="bbox 1838 2453 3446 2532">
     <span class='ocr_line' id='line_1_54' title="bbox 1838 2453 3446 2532; baseline -0.003 -17"><span class='ocrx_word' id='word_1_414' title='bbox 1838 2461 2010 2528; x_wconf 85' lang='lat' dir='ltr'><strong>ﬁeret,</strong></span> <span class='ocrx_word' id='word_1_415' title='bbox 2040 2468 2317 2532; x_wconf 84' lang='lat' dir='ltr'><strong>Oporteret</strong></span> <span class='ocrx_word' id='word_1_416' title='bbox 2339 2475 2489 2525; x_wconf 91' lang='lat' dir='ltr'><strong>eum,</strong></span> <span class='ocrx_word' id='word_1_417' title='bbox 2519 2467 2580 2513; x_wconf 91' lang='lat' dir='ltr'><strong>ut</strong></span> <span class='ocrx_word' id='word_1_418' title='bbox 2605 2456 3009 2528; x_wconf 72' lang='lat' dir='ltr'><strong>impmnitentes</strong></span> <span class='ocrx_word' id='word_1_419' title='bbox 3037 2453 3329 2515; x_wconf 79' lang='lat' dir='ltr'><strong>severitate</strong></span> <span class='ocrx_word' id='word_1_420' title='bbox 3352 2456 3446 2525; x_wconf 62' lang='lat' dir='ltr'><strong>juo</strong></span> 
     </span>
    </p>
   </div>
   <div class='ocr_carea' id='block_1_55' title="bbox 1837 2549 3437 2620">
    <p class='ocr_par' dir='ltr' id='par_1_55' title="bbox 1837 2549 3437 2620">
     <span class='ocr_line' id='line_1_55' title="bbox 1837 2549 3437 2620; baseline -0.003 -13"><span class='ocrx_word' id='word_1_421' title='bbox 1837 2552 1967 2608; x_wconf 87' lang='lat' dir='ltr'><strong>dieii</strong></span> <span class='ocrx_word' id='word_1_422' title='bbox 2001 2559 2307 2608; x_wconf 88' lang='lat' dir='ltr'><strong>removeret</strong></span> <span class='ocrx_word' id='word_1_423' title='bbox 2332 2552 2402 2605; x_wconf 90' lang='lat' dir='ltr'><strong>ab</strong></span> <span class='ocrx_word' id='word_1_424' title='bbox 2429 2549 2671 2605; x_wconf 79' lang='lat' dir='ltr'><strong>Ecclesia</strong></span> <span class='ocrx_word' id='word_1_425' title='bbox 2701 2569 2713 2604; x_wconf 91' lang='lat'><strong>:</strong></span> <span class='ocrx_word' id='word_1_426' title='bbox 2739 2549 2870 2620; x_wconf 87' lang='lat' dir='ltr'><strong>quia</strong></span> <span class='ocrx_word' id='word_1_427' title='bbox 2898 2563 3141 2620; x_wconf 65' lang='lat' dir='ltr'><strong>praesens</strong></span> <span class='ocrx_word' id='word_1_428' title='bbox 3168 2563 3277 2602; x_wconf 88' lang='lat' dir='ltr'><strong>non</strong></span> <span class='ocrx_word' id='word_1_429' title='bbox 3306 2561 3437 2618; x_wconf 85' lang='lat' dir='ltr'><strong>pos-</strong></span> 
     </span>
    </p>
   </div>
   <div class='ocr_carea' id='block_1_56' title="bbox 1839 2641 3437 2710">
    <p class='ocr_par' dir='ltr' id='par_1_56' title="bbox 1839 2641 3437 2710">
     <span class='ocr_line' id='line_1_56' title="bbox 1839 2641 3437 2710; baseline -0.006 -8"><span class='ocrx_word' id='word_1_430' title='bbox 1839 2656 1923 2702; x_wconf 89' lang='lat' dir='ltr'><strong>set</strong></span> <span class='ocrx_word' id='word_1_431' title='bbox 1959 2646 2038 2700; x_wconf 88' lang='lat' dir='ltr'><strong>uti</strong></span> <span class='ocrx_word' id='word_1_432' title='bbox 2080 2652 2236 2700; x_wconf 88' lang='lat' dir='ltr'><strong>tanta</strong></span> <span class='ocrx_word' id='word_1_433' title='bbox 2263 2643 2507 2708; x_wconf 89' lang='lat' dir='ltr'><strong>lenitate,</strong></span> <span class='ocrx_word' id='word_1_434' title='bbox 2541 2641 2734 2696; x_wconf 83' lang='lat' dir='ltr'><strong>videns</strong></span> <span class='ocrx_word' id='word_1_435' title='bbox 2761 2641 2905 2694; x_wconf 81' lang='lat' dir='ltr'><strong>mala</strong></span> <span class='ocrx_word' id='word_1_436' title='bbox 2931 2655 3123 2695; x_wconf 88' lang='lat' dir='ltr'><strong>eorum</strong></span> <span class='ocrx_word' id='word_1_437' title='bbox 3169 2657 3182 2693; x_wconf 86' lang='lat'><strong>:</strong></span> <span class='ocrx_word' id='word_1_438' title='bbox 3228 2646 3437 2710; x_wconf 84' lang='lat' dir='ltr'><strong>quanta</strong></span> 
     </span>
    </p>
   </div>
   <div class='ocr_carea' id='block_1_57' title="bbox 1838 2725 3442 2807">
    <p class='ocr_par' dir='ltr' id='par_1_57' title="bbox 1838 2725 3442 2807">
     <span class='ocr_line' id='line_1_57' title="bbox 1838 2725 3442 2807; baseline -0.005 -14"><span class='ocrx_word' id='word_1_439' title='bbox 1838 2736 2199 2807; x_wconf 85' lang='lat' dir='ltr'><strong>temperantia</strong></span> <span class='ocrx_word' id='word_1_440' title='bbox 2228 2750 2353 2805; x_wconf 82' lang='lat' dir='ltr'><strong>erga</strong></span> <span class='ocrx_word' id='word_1_441' title='bbox 2400 2734 2524 2789; x_wconf 93' lang='lat' dir='ltr'><strong>illos</strong></span> <span class='ocrx_word' id='word_1_442' title='bbox 2559 2748 2655 2801; x_wconf 81' lang='lat' dir='ltr'><strong>per</strong></span> <span class='ocrx_word' id='word_1_443' title='bbox 2694 2731 2993 2802; x_wconf 87' lang='lat' dir='ltr'><strong>Epistolam</strong></span> <span class='ocrx_word' id='word_1_444' title='bbox 3016 2725 3220 2797; x_wconf 87' lang='lat' dir='ltr'><strong>utitur,</strong></span> <span class='ocrx_word' id='word_1_445' title='bbox 3254 2739 3310 2785; x_wconf 89' lang='lat' dir='ltr'><strong>et</strong></span> <span class='ocrx_word' id='word_1_446' title='bbox 3352 2730 3442 2785; x_wconf 88' lang='lat' dir='ltr'><strong>sic.</strong></span> 
     </span>
    </p>
   </div>
   <div class='ocr_carea' id='block_1_58' title="bbox 1838 2819 3443 2883">
    <p class='ocr_par' dir='ltr' id='par_1_58' title="bbox 1838 2819 3443 2883">
     <span class='ocr_line' id='line_1_58' title="bbox 1838 2819 3443 2883; baseline -0.003 -1"><span class='ocrx_word' id='word_1_447' title='bbox 1838 2819 2044 2883; x_wconf 80' lang='lat' dir='ltr'><strong>malum</strong></span> <span class='ocrx_word' id='word_1_448' title='bbox 2077 2827 2181 2881; x_wconf 88' lang='lat' dir='ltr'><strong>hoc</strong></span> <span class='ocrx_word' id='word_1_449' title='bbox 2207 2824 2445 2881; x_wconf 87' lang='lat' dir='ltr'><strong>eveniret</strong></span> <span class='ocrx_word' id='word_1_450' title='bbox 2493 2842 2506 2878; x_wconf 90' lang='lat'>:</span> <span class='ocrx_word' id='word_1_451' title='bbox 2550 2832 2611 2878; x_wconf 92' lang='lat' dir='ltr'><strong>ut</strong></span> <span class='ocrx_word' id='word_1_452' title='bbox 2640 2838 2765 2877; x_wconf 90' lang='lat' dir='ltr'><strong>cum</strong></span> <span class='ocrx_word' id='word_1_453' title='bbox 2796 2823 2851 2877; x_wconf 91' lang='lat' dir='ltr'><strong>in</strong></span> <span class='ocrx_word' id='word_1_454' title='bbox 2882 2821 3147 2877; x_wconf 89' lang='lat' dir='ltr'><strong>unitatem</strong></span> <span class='ocrx_word' id='word_1_455' title='bbox 3178 2820 3443 2877; x_wconf 76' lang='lat' dir='ltr'><strong>Ecclesite</strong></span> 
     </span>
    </p>
   </div>
   <div class='ocr_carea' id='block_1_59' title="bbox 1837 2912 3557 2985">
    <p class='ocr_par' dir='ltr' id='par_1_59' title="bbox 1837 2912 3557 2985">
     <span class='ocr_line' id='line_1_59' title="bbox 1837 2912 3557 2985; baseline -0.004 -11"><span class='ocrx_word' id='word_1_456' title='bbox 1837 2932 1933 2974; x_wconf 89' lang='lat' dir='ltr'><strong>eos</strong></span> <span class='ocrx_word' id='word_1_457' title='bbox 1970 2931 2230 2973; x_wconf 90' lang='lat' dir='ltr'><strong>revocare</strong></span> <span class='ocrx_word' id='word_1_458' title='bbox 2269 2916 2527 2971; x_wconf 89' lang='lat' dir='ltr'><strong>deberet:</strong></span> <span class='ocrx_word' id='word_1_459' title='bbox 2557 2916 2739 2985; x_wconf 85' lang='lat' dir='ltr'><strong>potius</strong></span> <span class='ocrx_word' id='word_1_460' title='bbox 2771 2929 2871 2985; x_wconf 88' lang='lat' dir='ltr'><strong>per</strong></span> <span class='ocrx_word' id='word_1_461' title='bbox 2914 2913 3314 2969; x_wconf 89' lang='lat' dir='ltr'><strong>districtionem</strong></span> <span class='ocrx_word' id='word_1_462' title='bbox 3345 2912 3443 2983; x_wconf 81' lang='lat' dir='ltr'><strong>ju-</strong></span> <span class='ocrx_word' id='word_1_463' title='bbox 3538 2924 3557 2933; x_wconf 71' lang='lat'><strong>“</strong></span> 
     </span>
    </p>
   </div>
   <div class='ocr_carea' id='block_1_60' title="bbox 1837 3005 3441 3076">
    <p class='ocr_par' dir='ltr' id='par_1_60' title="bbox 1837 3005 3441 3076">
     <span class='ocr_line' id='line_1_60' title="bbox 1837 3005 3441 3076; baseline -0.004 -10"><span class='ocrx_word' id='word_1_464' title='bbox 1837 3011 2000 3067; x_wconf 72' lang='lat' dir='ltr'><strong>stitia:</strong></span> <span class='ocrx_word' id='word_1_465' title='bbox 2032 3025 2129 3065; x_wconf 91' lang='lat' dir='ltr'><strong>eos</strong></span> <span class='ocrx_word' id='word_1_466' title='bbox 2175 3009 2245 3064; x_wconf 91' lang='lat' dir='ltr'><strong>ab</strong></span> <span class='ocrx_word' id='word_1_467' title='bbox 2289 3008 2521 3063; x_wconf 90' lang='lat' dir='ltr'><strong>invicem</strong></span> <span class='ocrx_word' id='word_1_468' title='bbox 2566 3014 2879 3076; x_wconf 86' lang='lat' dir='ltr'><strong>separaret.</strong></span> <span class='ocrx_word' id='word_1_469' title='bbox 2907 3020 3048 3075; x_wconf 84' lang='lat' dir='ltr'><strong>quos</strong></span> <span class='ocrx_word' id='word_1_470' title='bbox 3084 3005 3285 3059; x_wconf 89' lang='lat' dir='ltr'><strong>absens</strong></span> <span class='ocrx_word' id='word_1_471' title='bbox 3331 3020 3441 3076; x_wconf 85' lang='lat' dir='ltr'><strong>per</strong></span> 
     </span>
    </p>
   </div>
   <div class='ocr_carea' id='block_1_61' title="bbox 1835 3098 3447 3166">
    <p class='ocr_par' dir='ltr' id='par_1_61' title="bbox 1835 3098 3447 3166">
     <span class='ocr_line' id='line_1_61' title="bbox 1835 3098 3447 3166; baseline -0.004 -10"><span class='ocrx_word' id='word_1_472' title='bbox 1835 3102 2117 3157; x_wconf 65' lang='lat' dir='ltr'><strong>leuitatem</strong></span> <span class='ocrx_word' id='word_1_473' title='bbox 2162 3099 2576 3164; x_wconf 83' lang='lat' dir='ltr'><strong>misericordiae,</strong></span> <span class='ocrx_word' id='word_1_474' title='bbox 2627 3099 2693 3153; x_wconf 90' lang='lat' dir='ltr'><strong>ad</strong></span> <span class='ocrx_word' id='word_1_475' title='bbox 2738 3098 3003 3152; x_wconf 84' lang='lat' dir='ltr'><strong>unitatem</strong></span> <span class='ocrx_word' id='word_1_476' title='bbox 3030 3110 3291 3151; x_wconf 89' lang='lat' dir='ltr'><strong>revocare</strong></span> <span class='ocrx_word' id='word_1_477' title='bbox 3340 3111 3447 3166; x_wconf 85' lang='lat' dir='ltr'><strong>po-</strong></span> 
     </span>
    </p>
   </div>
   <div class='ocr_carea' id='block_1_62' title="bbox 168 3177 1746 3262">
    <p class='ocr_par' dir='ltr' id='par_1_62' title="bbox 168 3177 1739 3249">
     <span class='ocr_line' id='line_1_62' title="bbox 168 3177 1739 3249; baseline -0.001 -17"><span class='ocrx_word' id='word_1_478' title='bbox 168 3198 184 3232; x_wconf 80' lang='grc' dir='ltr'><strong>ι</strong></span> <span class='ocrx_word' id='word_1_479' title='bbox 220 3180 269 3234; x_wconf 92' lang='lat' dir='ltr'><strong>in</strong></span> <span class='ocrx_word' id='word_1_480' title='bbox 294 3181 524 3238; x_wconf 90' lang='lat' dir='ltr'><strong>tristitia</strong></span> <span class='ocrx_word' id='word_1_481' title='bbox 549 3182 792 3235; x_wconf 86' lang='lat' dir='ltr'><strong>venirem</strong></span> <span class='ocrx_word' id='word_1_482' title='bbox 823 3180 890 3235; x_wconf 88' lang='lat' dir='ltr'><strong>ad</strong></span> <span class='ocrx_word' id='word_1_483' title='bbox 915 3194 1035 3235; x_wconf 89' lang='lat' dir='ltr'><strong>vos.</strong></span> <span class='ocrx_word' id='word_1_484' title='bbox 1070 3178 1129 3233; x_wconf 90' lang='lat' dir='ltr'><strong>Si</strong></span> <span class='ocrx_word' id='word_1_485' title='bbox 1162 3178 1309 3234; x_wconf 90' lang='lat' dir='ltr'><strong>enim</strong></span> <span class='ocrx_word' id='word_1_486' title='bbox 1343 3192 1444 3249; x_wconf 84' lang='lat' dir='ltr'><strong>ego</strong></span> <span class='ocrx_word' id='word_1_487' title='bbox 1471 3177 1739 3232; x_wconf 90' lang='lat' dir='ltr'><strong>contristo</strong></span> 
     </span>
    </p>
   </div>
   <div class='ocr_carea' id='block_1_63' title="bbox 1842 3177 3443 3262">
    <p class='ocr_par' dir='ltr' id='par_1_63' title="bbox 1843 3187 3443 3262">
     <span class='ocr_line' id='line_1_63' title="bbox 1843 3187 3443 3262; baseline -0.004 -12"><span class='ocrx_word' id='word_1_488' title='bbox 1843 3194 2059 3259; x_wconf 82' lang='lat' dir='ltr'><strong>tuisset,</strong></span> <span class='ocrx_word' id='word_1_489' title='bbox 2091 3192 2237 3262; x_wconf 84' lang='lat' dir='ltr'><strong>quod</strong></span> <span class='ocrx_word' id='word_1_490' title='bbox 2263 3192 2453 3261; x_wconf 89' lang='lat' dir='ltr'><strong>utique</strong></span> <span class='ocrx_word' id='word_1_491' title='bbox 2476 3188 2621 3244; x_wconf 73' lang='lat' dir='ltr'><strong>fecit.</strong></span> <span class='ocrx_word' id='word_1_492' title='bbox 2650 3188 2772 3244; x_wconf 79' lang='lat' dir='ltr'><strong>Ideo</strong></span> <span class='ocrx_word' id='word_1_493' title='bbox 2805 3187 2954 3242; x_wconf 89' lang='lat' dir='ltr'><strong>nolui</strong></span> <span class='ocrx_word' id='word_1_494' title='bbox 2982 3188 3178 3241; x_wconf 84' lang='lat' dir='ltr'><strong>iterum</strong></span> <span class='ocrx_word' id='word_1_495' title='bbox 3207 3188 3397 3244; x_wconf 88' lang='lat' dir='ltr'><strong>venire</strong></span> <span class='ocrx_word' id='word_1_496' title='bbox 3422 3204 3443 3243; x_wconf 86' lang='lat'><strong>:</strong></span> 
     </span>
    </p>
   </div>
   <div class='ocr_carea' id='block_1_64' title="bbox 171 3268 1739 3344">
    <p class='ocr_par' dir='ltr' id='par_1_64' title="bbox 171 3268 1739 3344">
     <span class='ocr_line' id='line_1_64' title="bbox 171 3268 1739 3344; baseline 0.001 -23"><span class='ocrx_word' id='word_1_497' title='bbox 171 3289 186 3321; x_wconf 84' lang='lat' dir='ltr'><strong>t</strong></span> <span class='ocrx_word' id='word_1_498' title='bbox 222 3286 311 3328; x_wconf 89' lang='lat' dir='ltr'><strong>vos</strong></span> <span class='ocrx_word' id='word_1_499' title='bbox 336 3291 351 3326; x_wconf 89' lang='lat'><strong>:</strong></span> <span class='ocrx_word' id='word_1_500' title='bbox 373 3283 428 3329; x_wconf 91' lang='lat' dir='ltr'><strong>et</strong></span> <span class='ocrx_word' id='word_1_501' title='bbox 462 3273 597 3344; x_wconf 88' lang='lat' dir='ltr'><strong>quis</strong></span> <span class='ocrx_word' id='word_1_502' title='bbox 624 3271 824 3341; x_wconf 90' lang='lat' dir='ltr'><strong>estqui</strong></span> <span class='ocrx_word' id='word_1_503' title='bbox 866 3285 955 3325; x_wconf 91' lang='lat' dir='ltr'><strong>me</strong></span> <span class='ocrx_word' id='word_1_504' title='bbox 985 3269 1240 3337; x_wconf 64' lang='lat' dir='ltr'><strong>laetiﬁcat,</strong></span> <span class='ocrx_word' id='word_1_505' title='bbox 1274 3269 1383 3324; x_wconf 89' lang='lat' dir='ltr'><strong>nisi</strong></span> <span class='ocrx_word' id='word_1_506' title='bbox 1408 3269 1506 3339; x_wconf 90' lang='lat' dir='ltr'><strong>qui</strong></span> <span class='ocrx_word' id='word_1_507' title='bbox 1533 3268 1739 3325; x_wconf 87' lang='lat' dir='ltr'><strong>contri-</strong></span> 
     </span>
    </p>
   </div>
   <div class='ocr_carea' id='block_1_65' title="bbox 171 3361 1753 3433">
    <p class='ocr_par' dir='ltr' id='par_1_65' title="bbox 171 3361 1753 3433">
     <span class='ocr_line' id='line_1_65' title="bbox 171 3361 1753 3433; baseline -0.002 -15"><span class='ocrx_word' id='word_1_508' title='bbox 171 3382 186 3414; x_wconf 78' lang='grc' dir='ltr'><strong>ι</strong></span> <span class='ocrx_word' id='word_1_509' title='bbox 222 3373 384 3421; x_wconf 81' lang='lat' dir='ltr'><strong>statur</strong></span> <span class='ocrx_word' id='word_1_510' title='bbox 407 3384 483 3423; x_wconf 80' lang='lat' dir='ltr'><strong>ex</strong></span> <span class='ocrx_word' id='word_1_511' title='bbox 511 3368 631 3422; x_wconf 87' lang='lat' dir='ltr'><strong>me?</strong></span> <span class='ocrx_word' id='word_1_512' title='bbox 658 3366 727 3421; x_wconf 86' lang='lat' dir='ltr'><strong>Et</strong></span> <span class='ocrx_word' id='word_1_513' title='bbox 751 3365 859 3420; x_wconf 85' lang='lat' dir='ltr'><strong>hoc</strong></span> <span class='ocrx_word' id='word_1_514' title='bbox 885 3363 1065 3433; x_wconf 89' lang='lat' dir='ltr'><strong>ipsum</strong></span> <span class='ocrx_word' id='word_1_515' title='bbox 1091 3362 1287 3433; x_wconf 87' lang='lat' dir='ltr'><strong>scripsi</strong></span> <span class='ocrx_word' id='word_1_516' title='bbox 1317 3361 1494 3428; x_wconf 87' lang='lat' dir='ltr'><strong>vobis,</strong></span> <span class='ocrx_word' id='word_1_517' title='bbox 1534 3369 1598 3416; x_wconf 90' lang='lat' dir='ltr'><strong>ut</strong></span> <span class='ocrx_word' id='word_1_518' title='bbox 1626 3375 1753 3416; x_wconf 11' lang='lat' dir='ltr'><strong>non.</strong></span> 
     </span>
    </p>
   </div>
   <div class='ocr_carea' id='block_1_66' title="bbox 173 3453 1766 3524">
    <p class='ocr_par' dir='ltr' id='par_1_66' title="bbox 173 3453 1766 3524">
     <span class='ocr_line' id='line_1_66' title="bbox 173 3453 1766 3524; baseline -0.002 -15"><span class='ocrx_word' id='word_1_519' title='bbox 173 3471 188 3503; x_wconf 74' lang='grc' dir='ltr'><strong>ι</strong></span> <span class='ocrx_word' id='word_1_520' title='bbox 227 3470 343 3510; x_wconf 85' lang='lat' dir='ltr'><strong>cum</strong></span> <span class='ocrx_word' id='word_1_521' title='bbox 372 3471 585 3513; x_wconf 87' lang='lat' dir='ltr'><strong>venero</strong></span> <span class='ocrx_word' id='word_1_522' title='bbox 617 3456 897 3512; x_wconf 88' lang='lat' dir='ltr'><strong>tristitiam</strong></span> <span class='ocrx_word' id='word_1_523' title='bbox 947 3469 1114 3524; x_wconf 88' lang='lat' dir='ltr'><strong>super</strong></span> <span class='ocrx_word' id='word_1_524' title='bbox 1156 3453 1436 3508; x_wconf 90' lang='lat' dir='ltr'><strong>tristitiam</strong></span> <span class='ocrx_word' id='word_1_525' title='bbox 1484 3453 1766 3521; x_wconf 74' lang='lat' dir='ltr'><strong>habeam,</strong></span> 
     </span>
    </p>
   </div>
   <div class='ocr_carea' id='block_1_67' title="bbox 173 3544 1738 3619">
    <p class='ocr_par' dir='ltr' id='par_1_67' title="bbox 173 3544 1738 3619">
     <span class='ocr_line' id='line_1_67' title="bbox 173 3544 1738 3619; baseline -0.001 -19"><span class='ocrx_word' id='word_1_526' title='bbox 173 3566 187 3592; x_wconf 83' lang='grc'><em>‹</em></span> <span class='ocrx_word' id='word_1_527' title='bbox 223 3546 283 3602; x_wconf 90' lang='lat' dir='ltr'><strong>de</strong></span> <span class='ocrx_word' id='word_1_528' title='bbox 311 3550 520 3619; x_wconf 89' lang='lat' dir='ltr'><strong>quibus</strong></span> <span class='ocrx_word' id='word_1_529' title='bbox 560 3556 876 3619; x_wconf 87' lang='lat' dir='ltr'><strong>oportuerat</strong></span> <span class='ocrx_word' id='word_1_530' title='bbox 921 3561 1011 3601; x_wconf 90' lang='lat' dir='ltr'><strong>mc</strong></span> <span class='ocrx_word' id='word_1_531' title='bbox 1050 3545 1326 3618; x_wconf 87' lang='lat' dir='ltr'><strong>gaudere;</strong></span> <span class='ocrx_word' id='word_1_532' title='bbox 1362 3545 1642 3600; x_wconf 80' lang='lat' dir='ltr'><strong>conlidens</strong></span> <span class='ocrx_word' id='word_1_533' title='bbox 1681 3544 1738 3600; x_wconf 92' lang='lat' dir='ltr'><strong>in</strong></span> 
     </span>
    </p>
   </div>
   <div class='ocr_carea' id='block_1_68' title="bbox 175 3634 1769 3708">
    <p class='ocr_par' dir='ltr' id='par_1_68' title="bbox 175 3634 1769 3708">
     <span class='ocr_line' id='line_1_68' title="bbox 175 3634 1769 3708; baseline 0.001 -19"><span class='ocrx_word' id='word_1_534' title='bbox 175 3652 191 3684; x_wconf 79' lang='grc' dir='ltr'>ί</span> <span class='ocrx_word' id='word_1_535' title='bbox 226 3639 474 3695; x_wconf 87' lang='lat' dir='ltr'><strong>omnibus</strong></span> <span class='ocrx_word' id='word_1_536' title='bbox 505 3639 681 3706; x_wconf 87' lang='lat' dir='ltr'><strong>vobis,</strong></span> <span class='ocrx_word' id='word_1_537' title='bbox 717 3638 847 3708; x_wconf 83' lang='lat' dir='ltr'><strong>quia</strong></span> <span class='ocrx_word' id='word_1_538' title='bbox 874 3651 1056 3692; x_wconf 90' lang='lat' dir='ltr'><strong>meum</strong></span> <span class='ocrx_word' id='word_1_539' title='bbox 1086 3635 1347 3708; x_wconf 76' lang='lat' dir='ltr'><strong>gaudium</strong></span> <span class='ocrx_word' id='word_1_540' title='bbox 1374 3634 1621 3690; x_wconf 88' lang='lat' dir='ltr'><strong>omnium</strong></span> <span class='ocrx_word' id='word_1_541' title='bbox 1648 3650 1769 3690; x_wconf 76' lang='lat' dir='ltr'><strong>ve-&#39;</strong></span> 
     </span>
    </p>
   </div>
   <div class='ocr_carea' id='block_1_69' title="bbox 178 3726 1769 3795">
    <p class='ocr_par' dir='ltr' id='par_1_69' title="bbox 178 3726 1769 3795">
     <span class='ocr_line' id='line_1_69' title="bbox 178 3726 1769 3795; baseline 0 -13"><span class='ocrx_word' id='word_1_542' title='bbox 178 3744 195 3775; x_wconf 76' lang='grc' dir='ltr'>ί</span> <span class='ocrx_word' id='word_1_543' title='bbox 229 3736 391 3785; x_wconf 88' lang='lat' dir='ltr'><strong>strum</strong></span> <span class='ocrx_word' id='word_1_544' title='bbox 418 3739 531 3786; x_wconf 89' lang='lat' dir='ltr'><strong>est.</strong></span> <span class='ocrx_word' id='word_1_545' title='bbox 559 3727 699 3785; x_wconf 86' lang='lat' dir='ltr'><strong>Nam</strong></span> <span class='ocrx_word' id='word_1_546' title='bbox 732 3745 800 3785; x_wconf 82' lang='lat' dir='ltr'><strong>ex</strong></span> <span class='ocrx_word' id='word_1_547' title='bbox 828 3727 998 3783; x_wconf 85' lang='lat' dir='ltr'><strong>multa</strong></span> <span class='ocrx_word' id='word_1_548' title='bbox 1026 3726 1382 3782; x_wconf 81' lang='lat' dir='ltr'><strong>tribulatione</strong></span> <span class='ocrx_word' id='word_1_549' title='bbox 1407 3734 1462 3781; x_wconf 90' lang='lat' dir='ltr'><strong>et</strong></span> <span class='ocrx_word' id='word_1_550' title='bbox 1488 3726 1739 3795; x_wconf 80' lang='lat' dir='ltr'><strong>angustia</strong></span> <span class='ocrx_word' id='word_1_551' title='bbox 1762 3752 1769 3759; x_wconf 89' lang='lat'><strong>-</strong></span> 
     </span>
    </p>
   </div>
   <div class='ocr_carea' id='block_1_70' title="bbox 179 3822 1742 3894">
    <p class='ocr_par' dir='ltr' id='par_1_70' title="bbox 179 3822 1742 3894">
     <span class='ocr_line' id='line_1_70' title="bbox 179 3822 1742 3894; baseline 0.002 -19"><span class='ocrx_word' id='word_1_552' title='bbox 179 3835 195 3868; x_wconf 74' lang='grc' dir='ltr'>ί</span> <span class='ocrx_word' id='word_1_553' title='bbox 231 3822 397 3878; x_wconf 89' lang='lat' dir='ltr'><strong>cordis</strong></span> <span class='ocrx_word' id='word_1_554' title='bbox 431 3822 636 3893; x_wconf 85' lang='lat' dir='ltr'><strong>scripsi</strong></span> <span class='ocrx_word' id='word_1_555' title='bbox 664 3822 831 3879; x_wconf 86' lang='lat' dir='ltr'><strong>vobis</strong></span> <span class='ocrx_word' id='word_1_556' title='bbox 853 3837 950 3892; x_wconf 91' lang='lat' dir='ltr'><strong>per</strong></span> <span class='ocrx_word' id='word_1_557' title='bbox 979 3822 1180 3877; x_wconf 87' lang='lat' dir='ltr'><strong>multas</strong></span> <span class='ocrx_word' id='word_1_558' title='bbox 1208 3822 1513 3894; x_wconf 84' lang='lat' dir='ltr'><strong>lacrymas:</strong></span> <span class='ocrx_word' id='word_1_559' title='bbox 1541 3838 1653 3877; x_wconf 92' lang='lat' dir='ltr'><strong>non</strong></span> <span class='ocrx_word' id='word_1_560' title='bbox 1682 3833 1742 3879; x_wconf 91' lang='lat' dir='ltr'><strong>ut</strong></span> 
     </span>
    </p>
   </div>
   <div class='ocr_carea' id='block_1_71' title="bbox 179 3911 1742 3982">
    <p class='ocr_par' dir='ltr' id='par_1_71' title="bbox 179 3911 1742 3982">
     <span class='ocr_line' id='line_1_71' title="bbox 179 3911 1742 3982; baseline 0.002 -18"><span class='ocrx_word' id='word_1_561' title='bbox 179 3925 194 3957; x_wconf 76' lang='grc' dir='ltr'><strong>ι</strong></span> <span class='ocrx_word' id='word_1_562' title='bbox 230 3912 642 3978; x_wconf 82' lang='lat' dir='ltr'><strong>contristemini,</strong></span> <span class='ocrx_word' id='word_1_563' title='bbox 673 3912 770 3968; x_wconf 89' lang='lat' dir='ltr'><strong>sed</strong></span> <span class='ocrx_word' id='word_1_564' title='bbox 798 3920 860 3967; x_wconf 87' lang='lat' dir='ltr'><strong>ut</strong></span> <span class='ocrx_word' id='word_1_565' title='bbox 888 3911 1075 3967; x_wconf 89' lang='lat' dir='ltr'><strong>sciatis</strong></span> <span class='ocrx_word' id='word_1_566' title='bbox 1100 3927 1267 3982; x_wconf 90' lang='lat' dir='ltr'><strong>quam</strong></span> <span class='ocrx_word' id='word_1_567' title='bbox 1291 3911 1611 3967; x_wconf 88' lang='lat' dir='ltr'><strong>charitatem</strong></span> <span class='ocrx_word' id='word_1_568' title='bbox 1644 3913 1742 3967; x_wconf 87' lang='lat' dir='ltr'><strong>ha—</strong></span> 
     </span>
    </p>
   </div>
   <div class='ocr_carea' id='block_1_72' title="bbox 180 3999 1742 4075">
    <p class='ocr_par' dir='ltr' id='par_1_72' title="bbox 180 3999 1742 4075">
     <span class='ocr_line' id='line_1_72' title="bbox 180 3999 1742 4075; baseline 0.001 -18"><span class='ocrx_word' id='word_1_569' title='bbox 180 4016 195 4047; x_wconf 80' lang='grc' dir='ltr'><strong>ι</strong></span> <span class='ocrx_word' id='word_1_570' title='bbox 231 3999 375 4059; x_wconf 85' lang='lat' dir='ltr'><strong>beam</strong></span> <span class='ocrx_word' id='word_1_571' title='bbox 404 4004 782 4061; x_wconf 85' lang='lat' dir='ltr'><strong>abundantius</strong></span> <span class='ocrx_word' id='word_1_572' title='bbox 818 4004 875 4059; x_wconf 90' lang='lat' dir='ltr'><strong>in</strong></span> <span class='ocrx_word' id='word_1_573' title='bbox 906 4003 1083 4060; x_wconf 89' lang='lat' dir='ltr'><strong>vobis.</strong></span> <span class='ocrx_word' id='word_1_574' title='bbox 1129 4002 1189 4058; x_wconf 87' lang='lat' dir='ltr'><strong>Si</strong></span> <span class='ocrx_word' id='word_1_575' title='bbox 1234 4003 1360 4075; x_wconf 89' lang='lat' dir='ltr'><strong>quis</strong></span> <span class='ocrx_word' id='word_1_576' title='bbox 1394 4012 1581 4059; x_wconf 90' lang='lat' dir='ltr'><strong>autem</strong></span> <span class='ocrx_word' id='word_1_577' title='bbox 1607 4018 1742 4058; x_wconf 86' lang='lat' dir='ltr'><strong>con-</strong></span> 
     </span>
    </p>
   </div>
   <div class='ocr_carea' id='block_1_73' title="bbox 182 4095 1738 4166">
    <p class='ocr_par' dir='ltr' id='par_1_73' title="bbox 182 4095 1738 4166">
     <span class='ocr_line' id='line_1_73' title="bbox 182 4095 1738 4166; baseline 0.002 -20"><span class='ocrx_word' id='word_1_578' title='bbox 182 4108 196 4141; x_wconf 78' lang='grc' dir='ltr'>σ</span> <span class='ocrx_word' id='word_1_579' title='bbox 233 4095 458 4152; x_wconf 88' lang='lat' dir='ltr'><strong>tristavit</strong></span> <span class='ocrx_word' id='word_1_580' title='bbox 487 4112 597 4164; x_wconf 89' lang='lat' dir='ltr'><strong>me,</strong></span> <span class='ocrx_word' id='word_1_581' title='bbox 640 4111 751 4151; x_wconf 90' lang='lat' dir='ltr'><strong>non</strong></span> <span class='ocrx_word' id='word_1_582' title='bbox 779 4110 868 4152; x_wconf 88' lang='lat' dir='ltr'><strong>me</strong></span> <span class='ocrx_word' id='word_1_583' title='bbox 897 4095 1274 4163; x_wconf 88' lang='lat' dir='ltr'><strong>contristavit;</strong></span> <span class='ocrx_word' id='word_1_584' title='bbox 1324 4095 1418 4151; x_wconf 91' lang='lat' dir='ltr'><strong>sed</strong></span> <span class='ocrx_word' id='word_1_585' title='bbox 1455 4110 1524 4150; x_wconf 79' lang='lat' dir='ltr'><strong>ex</strong></span> <span class='ocrx_word' id='word_1_586' title='bbox 1564 4104 1738 4166; x_wconf 87' lang='lat' dir='ltr'><strong>parte,</strong></span> 
     </span>
    </p>
   </div>
   <div class='ocr_carea' id='block_1_74' title="bbox 182 4185 1742 4258">
    <p class='ocr_par' dir='ltr' id='par_1_74' title="bbox 182 4185 1742 4258">
     <span class='ocr_line' id='line_1_74' title="bbox 182 4185 1742 4258; baseline 0.003 -20"><span class='ocrx_word' id='word_1_587' title='bbox 182 4200 197 4231; x_wconf 81' lang='grc' dir='ltr'><strong>ι</strong></span> <span class='ocrx_word' id='word_1_588' title='bbox 233 4195 286 4239; x_wconf 84' lang='grc' dir='ltr'><strong>ιιι</strong></span> <span class='ocrx_word' id='word_1_589' title='bbox 315 4203 425 4245; x_wconf 89' lang='lat' dir='ltr'><strong>non</strong></span> <span class='ocrx_word' id='word_1_590' title='bbox 454 4203 680 4244; x_wconf 89' lang='lat' dir='ltr'><strong>onerem</strong></span> <span class='ocrx_word' id='word_1_591' title='bbox 709 4202 903 4244; x_wconf 90' lang='lat' dir='ltr'><strong>omnes</strong></span> <span class='ocrx_word' id='word_1_592' title='bbox 927 4202 1048 4244; x_wconf 89' lang='lat' dir='ltr'><strong>vos.</strong></span> <span class='ocrx_word' id='word_1_593' title='bbox 1087 4185 1297 4246; x_wconf 77' lang='lat' dir='ltr'><strong>Suﬂicit</strong></span> <span class='ocrx_word' id='word_1_594' title='bbox 1323 4187 1424 4256; x_wconf 91' lang='lat' dir='ltr'><strong>illi,</strong></span> <span class='ocrx_word' id='word_1_595' title='bbox 1471 4187 1567 4258; x_wconf 88' lang='lat' dir='ltr'><strong>qui</strong></span> <span class='ocrx_word' id='word_1_596' title='bbox 1593 4186 1742 4258; x_wconf 84' lang='lat' dir='ltr'><strong>ejus-</strong></span> 
     </span>
    </p>
   </div>
   <div class='ocr_carea' id='block_1_75' title="bbox 184 4278 1742 4352">
    <p class='ocr_par' dir='ltr' id='par_1_75' title="bbox 184 4278 1742 4352">
     <span class='ocr_line' id='line_1_75' title="bbox 184 4278 1742 4352; baseline 0.001 -21"><span class='ocrx_word' id='word_1_597' title='bbox 184 4290 198 4322; x_wconf 77' lang='grc' dir='ltr'><strong>ι</strong></span> <span class='ocrx_word' id='word_1_598' title='bbox 236 4279 368 4335; x_wconf 88' lang='lat' dir='ltr'><strong>modi</strong></span> <span class='ocrx_word' id='word_1_599' title='bbox 397 4289 510 4350; x_wconf 80' lang='lat' dir='ltr'><strong>est,</strong></span> <span class='ocrx_word' id='word_1_600' title='bbox 550 4279 861 4352; x_wconf 73' lang='lat' dir='ltr'><strong>obiurgatio</strong></span> <span class='ocrx_word' id='word_1_601' title='bbox 889 4280 1160 4351; x_wconf 65' lang='lat' dir='ltr'><strong>haecquat</strong></span> <span class='ocrx_word' id='word_1_602' title='bbox 1194 4279 1257 4335; x_wconf 82' lang='lat' dir='ltr'><strong>tit</strong></span> <span class='ocrx_word' id='word_1_603' title='bbox 1289 4294 1322 4334; x_wconf 88' lang='lat' dir='ltr'><strong>a</strong></span> <span class='ocrx_word' id='word_1_604' title='bbox 1364 4279 1632 4349; x_wconf 88' lang='lat' dir='ltr'><strong>pluribus,</strong></span> <span class='ocrx_word' id='word_1_605' title='bbox 1663 4278 1742 4333; x_wconf 88' lang='lat' dir='ltr'><strong>ita</strong></span> 
     </span>
    </p>
   </div>
   <div class='ocr_carea' id='block_1_76' title="bbox 184 4369 1765 4443">
    <p class='ocr_par' dir='ltr' id='par_1_76' title="bbox 184 4369 1765 4443">
     <span class='ocr_line' id='line_1_76' title="bbox 184 4369 1765 4443; baseline 0 -19"><span class='ocrx_word' id='word_1_606' title='bbox 184 4382 200 4414; x_wconf 74' lang='grc' dir='ltr'><strong>ι</strong></span> <span class='ocrx_word' id='word_1_607' title='bbox 237 4378 288 4424; x_wconf 85' lang='lat' dir='ltr'><strong>ut</strong></span> <span class='ocrx_word' id='word_1_608' title='bbox 315 4386 347 4426; x_wconf 91' lang='lat' dir='ltr'><strong>e</strong></span> <span class='ocrx_word' id='word_1_609' title='bbox 372 4372 655 4428; x_wconf 89' lang='lat' dir='ltr'><strong>contrario</strong></span> <span class='ocrx_word' id='word_1_610' title='bbox 682 4370 860 4443; x_wconf 88' lang='lat' dir='ltr'><strong>magis</strong></span> <span class='ocrx_word' id='word_1_611' title='bbox 885 4370 1103 4427; x_wconf 89' lang='lat' dir='ltr'><strong>donetis</strong></span> <span class='ocrx_word' id='word_1_612' title='bbox 1131 4378 1187 4426; x_wconf 91' lang='lat' dir='ltr'><strong>et</strong></span> <span class='ocrx_word' id='word_1_613' title='bbox 1211 4369 1569 4427; x_wconf 77' lang='lat' dir='ltr'><strong>cohsolemini</strong></span> <span class='ocrx_word' id='word_1_614' title='bbox 1613 4388 1626 4424; x_wconf 91' lang='lat'><strong>:</strong></span> <span class='ocrx_word' id='word_1_615' title='bbox 1672 4380 1765 4424; x_wconf 73' lang='lat' dir='ltr'><strong>ne&#39;</strong></span> 
     </span>
    </p>
   </div>
   <div class='ocr_carea' id='block_1_77' title="bbox 186 4455 1741 4532">
    <p class='ocr_par' dir='ltr' id='par_1_77' title="bbox 186 4455 1741 4532">
     <span class='ocr_line' id='line_1_77' title="bbox 186 4455 1741 4532; baseline 0.001 -19"><span class='ocrx_word' id='word_1_616' title='bbox 186 4473 201 4504; x_wconf 79' lang='grc' dir='ltr'><strong>ι</strong></span> <span class='ocrx_word' id='word_1_617' title='bbox 237 4455 359 4517; x_wconf 79' lang='lat' dir='ltr'><strong>forte</strong></span> <span class='ocrx_word' id='word_1_618' title='bbox 385 4461 779 4518; x_wconf 85' lang='lat' dir='ltr'><strong>abundantiori</strong></span> <span class='ocrx_word' id='word_1_619' title='bbox 806 4461 1032 4517; x_wconf 91' lang='lat' dir='ltr'><strong>tristitia</strong></span> <span class='ocrx_word' id='word_1_620' title='bbox 1061 4460 1443 4529; x_wconf 86' lang='lat' dir='ltr'><strong>absorbeatur,</strong></span> <span class='ocrx_word' id='word_1_621' title='bbox 1463 4460 1566 4532; x_wconf 86' lang='lat' dir='ltr'><strong>qui</strong></span> <span class='ocrx_word' id='word_1_622' title='bbox 1592 4459 1741 4532; x_wconf 82' lang='lat' dir='ltr'><strong>ejus-</strong></span> 
     </span>
    </p>
   </div>
   <div class='ocr_carea' id='block_1_78' title="bbox 186 4522 1818 4629">
    <p class='ocr_par' dir='ltr' id='par_1_78' title="bbox 186 4522 1818 4629">
     <span class='ocr_line' id='line_1_78' title="bbox 186 4522 1818 4629; baseline 0.002 -24"><span class='ocrx_word' id='word_1_623' title='bbox 186 4566 201 4596; x_wconf 73' lang='grc' dir='ltr'>ί</span> <span class='ocrx_word' id='word_1_624' title='bbox 238 4554 368 4609; x_wconf 85' lang='lat' dir='ltr'><strong>modi</strong></span> <span class='ocrx_word' id='word_1_625' title='bbox 394 4564 500 4610; x_wconf 88' lang='lat' dir='ltr'><strong>est.</strong></span> <span class='ocrx_word' id='word_1_626' title='bbox 527 4553 756 4626; x_wconf 88' lang='lat' dir='ltr'><strong>Propter</strong></span> <span class='ocrx_word' id='word_1_627' title='bbox 777 4554 924 4625; x_wconf 91' lang='lat' dir='ltr'><strong>quod</strong></span> <span class='ocrx_word' id='word_1_628' title='bbox 950 4554 1181 4611; x_wconf 88' lang='lat' dir='ltr'><strong>obsecro</strong></span> <span class='ocrx_word' id='word_1_629' title='bbox 1210 4569 1325 4629; x_wconf 81' lang='lat' dir='ltr'><strong>vos,</strong></span> <span class='ocrx_word' id='word_1_630' title='bbox 1352 4522 1739 4610; x_wconf 37' lang='lat' dir='ltr'><strong>ut&#39;contirine-</strong></span> <span class='ocrx_word' id='word_1_631' title='bbox 1769 4522 1818 4583; x_wconf 74' lang='grc' dir='ltr'><strong>θ</strong></span> 
     </span>
    </p>
   </div>
   <div class='ocr_carea' id='block_1_79' title="bbox 189 4630 1737 4717">
    <p class='ocr_par' dir='ltr' id='par_1_79' title="bbox 189 4630 1737 4717">
     <span class='ocr_line' id='line_1_79' title="bbox 189 4630 1737 4717; baseline 0.005 -23"><span class='ocrx_word' id='word_1_632' title='bbox 189 4658 203 4688; x_wconf 77' lang='grc' dir='ltr'><strong>ι</strong></span> <span class='ocrx_word' id='word_1_633' title='bbox 240 4641 302 4697; x_wconf 89' lang='lat' dir='ltr'><strong>tis</strong></span> <span class='ocrx_word' id='word_1_634' title='bbox 325 4645 377 4702; x_wconf 92' lang='lat' dir='ltr'><strong>in</strong></span> <span class='ocrx_word' id='word_1_635' title='bbox 402 4647 558 4701; x_wconf 89' lang='lat' dir='ltr'><strong>illum</strong></span> <span class='ocrx_word' id='word_1_636' title='bbox 586 4646 929 4702; x_wconf 85' lang='lat' dir='ltr'><strong>cbaritatem.</strong></span> <span class='ocrx_word' id='word_1_637' title='bbox 956 4645 1081 4702; x_wconf 88' lang='lat' dir='ltr'><strong>Ideo</strong></span> <span class='ocrx_word' id='word_1_638' title='bbox 1101 4630 1251 4705; x_wconf 77' lang='lat' dir='ltr'><strong>enim</strong></span> <span class='ocrx_word' id='word_1_639' title='bbox 1267 4634 1320 4702; x_wconf 86' lang='lat' dir='ltr'><strong>et</strong></span> <span class='ocrx_word' id='word_1_640' title='bbox 1343 4645 1537 4717; x_wconf 87' lang='lat' dir='ltr'><strong>scripsi</strong></span> <span class='ocrx_word' id='word_1_641' title='bbox 1558 4645 1737 4714; x_wconf 87' lang='lat' dir='ltr'><strong>vobis,</strong></span> 
     </span>
    </p>
   </div>
   <div class='ocr_carea' id='block_1_80' title="bbox 189 4737 1765 4809">
    <p class='ocr_par' dir='ltr' id='par_1_80' title="bbox 189 4737 1765 4809">
     <span class='ocr_line' id='line_1_80' title="bbox 189 4737 1765 4809; baseline 0.003 -21"><span class='ocrx_word' id='word_1_642' title='bbox 189 4748 204 4778; x_wconf 83' lang='grc'><strong>«</strong></span> <span class='ocrx_word' id='word_1_643' title='bbox 239 4743 293 4788; x_wconf 80' lang='grc' dir='ltr'><strong>ιιι</strong></span> <span class='ocrx_word' id='word_1_644' title='bbox 317 4752 641 4809; x_wconf 85' lang='lat' dir='ltr'><strong>cognoscam</strong></span> <span class='ocrx_word' id='word_1_645' title='bbox 672 4738 1107 4808; x_wconf 78' lang='lat' dir='ltr'><strong>experimentum</strong></span> <span class='ocrx_word' id='word_1_646' title='bbox 1135 4746 1402 4804; x_wconf 89' lang='lat' dir='ltr'><strong>vestrum,</strong></span> <span class='ocrx_word' id='word_1_647' title='bbox 1430 4752 1499 4792; x_wconf 87' lang='lat' dir='ltr'><strong>an</strong></span> <span class='ocrx_word' id='word_1_648' title='bbox 1528 4737 1585 4791; x_wconf 87' lang='lat' dir='ltr'><strong>in</strong></span> <span class='ocrx_word' id='word_1_649' title='bbox 1620 4746 1765 4792; x_wconf 68' lang='lat' dir='ltr'><strong>om-‘</strong></span> 
     </span>
    </p>
   </div>
   <div class='ocr_carea' id='block_1_81' title="bbox 192 4826 1742 4900">
    <p class='ocr_par' dir='ltr' id='par_1_81' title="bbox 192 4826 1742 4900">
     <span class='ocr_line' id='line_1_81' title="bbox 192 4826 1742 4900; baseline 0.003 -21"><span class='ocrx_word' id='word_1_650' title='bbox 192 4843 205 4872; x_wconf 76' lang='grc' dir='ltr'><strong>ι</strong></span> <span class='ocrx_word' id='word_1_651' title='bbox 244 4826 388 4887; x_wconf 87' lang='lat' dir='ltr'><strong>nibus</strong></span> <span class='ocrx_word' id='word_1_652' title='bbox 415 4830 734 4887; x_wconf 88' lang='lat' dir='ltr'><strong>obedientes</strong></span> <span class='ocrx_word' id='word_1_653' title='bbox 777 4831 919 4891; x_wconf 77' lang='lat' dir='ltr'><strong>sitis;</strong></span> <span class='ocrx_word' id='word_1_654' title='bbox 952 4829 1054 4886; x_wconf 89' lang='lat' dir='ltr'><strong>Cui</strong></span> <span class='ocrx_word' id='word_1_655' title='bbox 1088 4838 1272 4885; x_wconf 89' lang='lat' dir='ltr'><strong>autem</strong></span> <span class='ocrx_word' id='word_1_656' title='bbox 1319 4826 1523 4900; x_wconf 89' lang='lat' dir='ltr'><strong>aliquid</strong></span> <span class='ocrx_word' id='word_1_657' title='bbox 1567 4829 1742 4884; x_wconf 83' lang='lat' dir='ltr'><strong>dona-</strong></span> 
     </span>
    </p>
   </div>
   <div class='ocr_carea' id='block_1_82' title="bbox 191 4919 1742 4995">
    <p class='ocr_par' dir='ltr' id='par_1_82' title="bbox 191 4919 1742 4995">
     <span class='ocr_line' id='line_1_82' title="bbox 191 4919 1742 4995; baseline 0.003 -23"><span class='ocrx_word' id='word_1_658' title='bbox 191 4934 207 4963; x_wconf 84' lang='grc'><strong>«</strong></span> <span class='ocrx_word' id='word_1_659' title='bbox 245 4919 350 4989; x_wconf 88' lang='lat' dir='ltr'><strong>stis,</strong></span> <span class='ocrx_word' id='word_1_660' title='bbox 389 4932 445 4979; x_wconf 90' lang='lat' dir='ltr'><strong>et</strong></span> <span class='ocrx_word' id='word_1_661' title='bbox 485 4936 587 4994; x_wconf 87' lang='lat' dir='ltr'><strong>ego</strong></span> <span class='ocrx_word' id='word_1_662' title='bbox 613 4942 626 4977; x_wconf 89' lang='lat'><strong>:</strong></span> <span class='ocrx_word' id='word_1_663' title='bbox 652 4933 783 4978; x_wconf 85' lang='lat' dir='ltr'><strong>nam</strong></span> <span class='ocrx_word' id='word_1_664' title='bbox 824 4930 879 4979; x_wconf 90' lang='lat' dir='ltr'><strong>et</strong></span> <span class='ocrx_word' id='word_1_665' title='bbox 921 4937 1023 4995; x_wconf 80' lang='lat' dir='ltr'><strong>ego</strong></span> <span class='ocrx_word' id='word_1_666' title='bbox 1064 4922 1211 4994; x_wconf 91' lang='lat' dir='ltr'><strong>quod</strong></span> <span class='ocrx_word' id='word_1_667' title='bbox 1252 4922 1472 4989; x_wconf 89' lang='lat' dir='ltr'><strong>donavi,</strong></span> <span class='ocrx_word' id='word_1_668' title='bbox 1516 4921 1563 4977; x_wconf 92' lang='lat' dir='ltr'><strong>si</strong></span> <span class='ocrx_word' id='word_1_669' title='bbox 1609 4922 1742 4993; x_wconf 84' lang='lat' dir='ltr'><strong>quid</strong></span> 
     </span>
    </p>
   </div>
   <div class='ocr_carea' id='block_1_83' title="bbox 194 5008 1746 5084">
    <p class='ocr_par' dir='ltr' id='par_1_83' title="bbox 194 5008 1746 5084">
     <span class='ocr_line' id='line_1_83' title="bbox 194 5008 1746 5084; baseline 0.003 -22"><span class='ocrx_word' id='word_1_670' title='bbox 194 5022 209 5053; x_wconf 75' lang='grc' dir='ltr'><strong>ι</strong></span> <span class='ocrx_word' id='word_1_671' title='bbox 244 5008 683 5080; x_wconf 73' lang='lat' dir='ltr'><strong>doiiavi,,donavi</strong></span> <span class='ocrx_word' id='word_1_672' title='bbox 701 5022 924 5084; x_wconf 89' lang='lat' dir='ltr'><strong>propter</strong></span> <span class='ocrx_word' id='word_1_673' title='bbox 952 5028 1051 5069; x_wconf 90' lang='lat' dir='ltr'><strong>vos</strong></span> <span class='ocrx_word' id='word_1_674' title='bbox 1077 5014 1131 5068; x_wconf 91' lang='lat' dir='ltr'><strong>in</strong></span> <span class='ocrx_word' id='word_1_675' title='bbox 1157 5027 1391 5084; x_wconf 87' lang='lat' dir='ltr'><strong>persona</strong></span> <span class='ocrx_word' id='word_1_676' title='bbox 1423 5011 1652 5079; x_wconf 81' lang='lat' dir='ltr'><strong>Christi,</strong></span> <span class='ocrx_word' id='word_1_677' title='bbox 1683 5022 1746 5068; x_wconf 90' lang='lat' dir='ltr'><strong>ut</strong></span> 
     </span>
    </p>
   </div>
   <div class='ocr_carea' id='block_1_84' title="bbox 194 5103 1747 5175">
    <p class='ocr_par' dir='ltr' id='par_1_84' title="bbox 194 5103 1747 5175">
     <span class='ocr_line' id='line_1_84' title="bbox 194 5103 1747 5175; baseline 0.004 -23"><span class='ocrx_word' id='word_1_678' title='bbox 194 5114 209 5145; x_wconf 74' lang='grc' dir='ltr'><strong>ε</strong></span> <span class='ocrx_word' id='word_1_679' title='bbox 243 5114 338 5157; x_wconf 86' lang='lat' dir='ltr'><strong>non</strong></span> <span class='ocrx_word' id='word_1_680' title='bbox 369 5104 869 5161; x_wconf 84' lang='lat' dir='ltr'><strong>circumveniamur</strong></span> <span class='ocrx_word' id='word_1_681' title='bbox 910 5120 942 5159; x_wconf 92' lang='lat' dir='ltr'><strong>a</strong></span> <span class='ocrx_word' id='word_1_682' title='bbox 979 5103 1215 5172; x_wconf 89' lang='lat' dir='ltr'><strong>Satana;</strong></span> <span class='ocrx_word' id='word_1_683' title='bbox 1249 5117 1358 5159; x_wconf 91' lang='lat' dir='ltr'><strong>non</strong></span> <span class='ocrx_word' id='word_1_684' title='bbox 1400 5103 1548 5158; x_wconf 88' lang='lat' dir='ltr'><strong>enim</strong></span> <span class='ocrx_word' id='word_1_685' title='bbox 1589 5104 1747 5175; x_wconf 83' lang='lat' dir='ltr'><strong>igno-</strong></span> 
     </span>
    </p>
   </div>
   <div class='ocr_carea' id='block_1_85' title="bbox 196 5191 1743 5267">
    <p class='ocr_par' dir='ltr' id='par_1_85' title="bbox 196 5191 1743 5267">
     <span class='ocr_line' id='line_1_85' title="bbox 196 5191 1743 5267; baseline 0.003 -22"><span class='ocrx_word' id='word_1_686' title='bbox 196 5202 211 5235; x_wconf 75' lang='grc' dir='ltr'><strong>ι</strong></span> <span class='ocrx_word' id='word_1_687' title='bbox 246 5204 417 5251; x_wconf 85' lang='lat' dir='ltr'><strong>ramus</strong></span> <span class='ocrx_word' id='word_1_688' title='bbox 460 5194 819 5266; x_wconf 82' lang='lat' dir='ltr'><strong>cogitationes</strong></span> <span class='ocrx_word' id='word_1_689' title='bbox 858 5195 997 5267; x_wconf 89' lang='lat' dir='ltr'><strong>ejus.</strong></span> <span class='ocrx_word' id='word_1_690' title='bbox 1052 5194 1191 5251; x_wconf 87' lang='lat' dir='ltr'><strong>Cum</strong></span> <span class='ocrx_word' id='word_1_691' title='bbox 1236 5191 1512 5250; x_wconf 89' lang='lat' dir='ltr'><strong>venissem</strong></span> <span class='ocrx_word' id='word_1_692' title='bbox 1561 5202 1743 5250; x_wconf 90' lang='lat' dir='ltr'><strong>autem</strong></span> 
     </span>
    </p>
   </div>
   <div class='ocr_carea' id='block_1_86' title="bbox 197 5279 1743 5360">
    <p class='ocr_par' dir='ltr' id='par_1_86' title="bbox 197 5279 1743 5360">
     <span class='ocr_line' id='line_1_86' title="bbox 197 5279 1743 5360; baseline 0.005 -27"><span class='ocrx_word' id='word_1_693' title='bbox 197 5294 211 5326; x_wconf 73' lang='grc' dir='ltr'><strong>ι</strong></span> <span class='ocrx_word' id='word_1_694' title='bbox 247 5279 517 5353; x_wconf 83' lang='lat' dir='ltr'><strong>Troadem,</strong></span> <span class='ocrx_word' id='word_1_695' title='bbox 555 5296 780 5358; x_wconf 86' lang='lat' dir='ltr'><strong>propter</strong></span> <span class='ocrx_word' id='word_1_696' title='bbox 805 5287 1170 5360; x_wconf 83' lang='lat' dir='ltr'><strong>&#39;Evangelium</strong></span> <span class='ocrx_word' id='word_1_697' title='bbox 1199 5288 1425 5355; x_wconf 90' lang='lat' dir='ltr'><strong>Christi,</strong></span> <span class='ocrx_word' id='word_1_698' title='bbox 1462 5296 1517 5344; x_wconf 92' lang='lat' dir='ltr'><strong>et</strong></span> <span class='ocrx_word' id='word_1_699' title='bbox 1540 5288 1743 5344; x_wconf 90' lang='lat' dir='ltr'><strong>ostium</strong></span> 
     </span>
    </p>
   </div>
   <div class='ocr_carea' id='block_1_87' title="bbox 200 5374 1744 5450">
    <p class='ocr_par' dir='ltr' id='par_1_87' title="bbox 200 5374 1744 5450">
     <span class='ocr_line' id='line_1_87' title="bbox 200 5374 1744 5450; baseline 0.006 -24"><span class='ocrx_word' id='word_1_700' title='bbox 200 5385 214 5416; x_wconf 77' lang='grc' dir='ltr'><strong>ι</strong></span> <span class='ocrx_word' id='word_1_701' title='bbox 246 5374 363 5432; x_wconf 86' lang='lat' dir='ltr'><strong>mihi</strong></span> <span class='ocrx_word' id='word_1_702' title='bbox 387 5387 639 5450; x_wconf 81' lang='lat' dir='ltr'><strong>apertum</strong></span> <span class='ocrx_word' id='word_1_703' title='bbox 655 5390 802 5436; x_wconf 82' lang='lat' dir='ltr'><strong>esset</strong></span> <span class='ocrx_word' id='word_1_704' title='bbox 820 5380 875 5435; x_wconf 90' lang='lat' dir='ltr'><strong>in</strong></span> <span class='ocrx_word' id='word_1_705' title='bbox 899 5380 1154 5448; x_wconf 89' lang='lat' dir='ltr'><strong>Domino,</strong></span> <span class='ocrx_word' id='word_1_706' title='bbox 1181 5396 1290 5437; x_wconf 90' lang='lat' dir='ltr'><strong>non</strong></span> <span class='ocrx_word' id='word_1_707' title='bbox 1310 5381 1476 5436; x_wconf 88' lang='lat' dir='ltr'><strong>habui</strong></span> <span class='ocrx_word' id='word_1_708' title='bbox 1500 5379 1744 5450; x_wconf 89' lang='lat' dir='ltr'><strong>requiem</strong></span> 
     </span>
    </p>
   </div>
   <div class='ocr_carea' id='block_1_88' title="bbox 199 5465 1749 5542">
    <p class='ocr_par' dir='ltr' id='par_1_88' title="bbox 199 5465 1749 5542">
     <span class='ocr_line' id='line_1_88' title="bbox 199 5465 1749 5542; baseline 0.003 -20"><span class='ocrx_word' id='word_1_709' title='bbox 199 5476 214 5505; x_wconf 76' lang='lat'>&#39;</span> <span class='ocrx_word' id='word_1_710' title='bbox 252 5465 446 5534; x_wconf 75' lang='lat' dir='ltr'><strong>spiritui</strong></span> <span class='ocrx_word' id='word_1_711' title='bbox 472 5486 618 5538; x_wconf 85' lang='lat' dir='ltr'><strong>meo,</strong></span> <span class='ocrx_word' id='word_1_712' title='bbox 650 5486 717 5528; x_wconf 95' lang='lat' dir='ltr'><strong>eo</strong></span> <span class='ocrx_word' id='word_1_713' title='bbox 761 5471 909 5542; x_wconf 89' lang='lat' dir='ltr'><strong>quod</strong></span> <span class='ocrx_word' id='word_1_714' title='bbox 945 5487 1057 5528; x_wconf 91' lang='lat' dir='ltr'><strong>non</strong></span> <span class='ocrx_word' id='word_1_715' title='bbox 1091 5473 1392 5528; x_wconf 87' lang='lat' dir='ltr'><strong>invenerim</strong></span> <span class='ocrx_word' id='word_1_716' title='bbox 1424 5470 1607 5526; x_wconf 89' lang='lat' dir='ltr'><strong>Titum</strong></span> <span class='ocrx_word' id='word_1_717' title='bbox 1636 5470 1749 5526; x_wconf 85' lang='lat' dir='ltr'><strong>fra-</strong></span> 
     </span>
    </p>
   </div>
   <div class='ocr_carea' id='block_1_89' title="bbox 201 5563 1744 5637">
    <p class='ocr_par' dir='ltr' id='par_1_89' title="bbox 201 5563 1744 5637">
     <span class='ocr_line' id='line_1_89' title="bbox 201 5563 1744 5637; baseline 0.006 -24"><span class='ocrx_word' id='word_1_718' title='bbox 201 5568 214 5599; x_wconf 77' lang='grc' dir='ltr'><strong><em>ο</em></strong></span> <span class='ocrx_word' id='word_1_719' title='bbox 249 5563 369 5617; x_wconf 78' lang='lat' dir='ltr'><strong>trem</strong></span> <span class='ocrx_word' id='word_1_720' title='bbox 407 5579 630 5620; x_wconf 89' lang='lat' dir='ltr'><strong>meum:</strong></span> <span class='ocrx_word' id='word_1_721' title='bbox 659 5566 754 5622; x_wconf 87' lang='lat' dir='ltr'><strong>sed</strong></span> <span class='ocrx_word' id='word_1_722' title='bbox 796 5565 1128 5623; x_wconf 74' lang='lat' dir='ltr'><strong>valefaciens</strong></span> <span class='ocrx_word' id='word_1_723' title='bbox 1161 5567 1263 5633; x_wconf 85' lang='lat' dir='ltr'><strong>eis,</strong></span> <span class='ocrx_word' id='word_1_724' title='bbox 1299 5567 1576 5637; x_wconf 79' lang='lat' dir='ltr'><strong>profectus</strong></span> <span class='ocrx_word' id='word_1_725' title='bbox 1621 5583 1744 5622; x_wconf 89' lang='lat' dir='ltr'><strong>sum</strong></span> 
     </span>
    </p>
   </div>
   <div class='ocr_carea' id='block_1_90' title="bbox 203 5644 1749 5729">
    <p class='ocr_par' dir='ltr' id='par_1_90' title="bbox 203 5644 1749 5729">
     <span class='ocr_line' id='line_1_90' title="bbox 203 5644 1749 5729; baseline 0.005 -24"><span class='ocrx_word' id='word_1_726' title='bbox 203 5658 216 5688; x_wconf 74' lang='grc' dir='ltr'><strong>ι</strong></span> <span class='ocrx_word' id='word_1_727' title='bbox 254 5644 300 5701; x_wconf 77' lang='lat' dir='ltr'><strong>in</strong></span> <span class='ocrx_word' id='word_1_728' title='bbox 330 5650 718 5712; x_wconf 73' lang='lat' dir='ltr'><strong>Macedoniam.</strong></span> <span class='ocrx_word' id='word_1_729' title='bbox 769 5656 879 5713; x_wconf 89' lang='lat' dir='ltr'><strong>Deo</strong></span> <span class='ocrx_word' id='word_1_730' title='bbox 913 5664 1098 5712; x_wconf 87' lang='lat' dir='ltr'><strong>autem</strong></span> <span class='ocrx_word' id='word_1_731' title='bbox 1146 5657 1349 5729; x_wconf 86' lang='lat' dir='ltr'><strong>gratias</strong></span> <span class='ocrx_word' id='word_1_732' title='bbox 1395 5659 1490 5729; x_wconf 86' lang='lat' dir='ltr'><strong>qui</strong></span> <span class='ocrx_word' id='word_1_733' title='bbox 1532 5674 1749 5729; x_wconf 86' lang='lat' dir='ltr'><strong>semper</strong></span> 
     </span>
    </p>
   </div>
   <div class='ocr_carea' id='block_1_91' title="bbox 201 5740 1753 5818">
    <p class='ocr_par' dir='ltr' id='par_1_91' title="bbox 201 5740 1753 5818">
     <span class='ocr_line' id='line_1_91' title="bbox 201 5740 1753 5818; baseline 0.005 -21"><span class='ocrx_word' id='word_1_734' title='bbox 201 5748 217 5779; x_wconf 66' lang='grc' dir='ltr'><strong>ε</strong></span> <span class='ocrx_word' id='word_1_735' title='bbox 253 5740 534 5818; x_wconf 69' lang='lat' dir='ltr'><strong>triumphat</strong></span> <span class='ocrx_word' id='word_1_736' title='bbox 564 5763 666 5804; x_wconf 90' lang='lat' dir='ltr'><strong>nos</strong></span> <span class='ocrx_word' id='word_1_737' title='bbox 694 5748 749 5802; x_wconf 90' lang='lat' dir='ltr'><strong>in</strong></span> <span class='ocrx_word' id='word_1_738' title='bbox 779 5748 1000 5818; x_wconf 82' lang='lat' dir='ltr'><strong>Christo</strong></span> <span class='ocrx_word' id='word_1_739' title='bbox 1031 5748 1180 5816; x_wconf 87' lang='lat' dir='ltr'><strong>Jcsu,</strong></span> <span class='ocrx_word' id='word_1_740' title='bbox 1217 5757 1273 5804; x_wconf 90' lang='lat' dir='ltr'><strong>ct</strong></span> <span class='ocrx_word' id='word_1_741' title='bbox 1294 5749 1515 5805; x_wconf 91' lang='lat' dir='ltr'><strong>odorem</strong></span> <span class='ocrx_word' id='word_1_742' title='bbox 1544 5750 1753 5805; x_wconf 77' lang='lat' dir='ltr'><strong>notitiae</strong></span> 
     </span>
    </p>
   </div>
   <div class='ocr_carea' id='block_1_92' title="bbox 203 5835 1748 5909">
    <p class='ocr_par' dir='ltr' id='par_1_92' title="bbox 203 5835 1748 5909">
     <span class='ocr_line' id='line_1_92' title="bbox 203 5835 1748 5909; baseline 0.003 -22"><span class='ocrx_word' id='word_1_743' title='bbox 203 5836 219 5875; x_wconf 76' lang='grc' dir='ltr'><strong>ι</strong></span> <span class='ocrx_word' id='word_1_744' title='bbox 252 5840 345 5888; x_wconf 66' lang='lat' dir='ltr'><strong>suae</strong></span> <span class='ocrx_word' id='word_1_745' title='bbox 373 5835 686 5893; x_wconf 81' lang='lat' dir='ltr'><strong>manifestat</strong></span> <span class='ocrx_word' id='word_1_746' title='bbox 714 5852 813 5909; x_wconf 90' lang='lat' dir='ltr'><strong>per</strong></span> <span class='ocrx_word' id='word_1_747' title='bbox 840 5853 944 5895; x_wconf 88' lang='lat' dir='ltr'><strong>nos</strong></span> <span class='ocrx_word' id='word_1_748' title='bbox 974 5840 1027 5894; x_wconf 92' lang='lat' dir='ltr'><strong>in</strong></span> <span class='ocrx_word' id='word_1_749' title='bbox 1058 5839 1207 5893; x_wconf 88' lang='lat' dir='ltr'><strong>omni</strong></span> <span class='ocrx_word' id='word_1_750' title='bbox 1234 5838 1355 5894; x_wconf 90' lang='lat' dir='ltr'><strong>loco</strong></span> <span class='ocrx_word' id='word_1_751' title='bbox 1383 5856 1396 5892; x_wconf 89' lang='lat'><strong>:</strong></span> <span class='ocrx_word' id='word_1_752' title='bbox 1423 5837 1559 5907; x_wconf 79' lang='lat' dir='ltr'><strong>quia</strong></span> <span class='ocrx_word' id='word_1_753' title='bbox 1582 5836 1748 5893; x_wconf 84' lang='lat' dir='ltr'><strong>Chri-</strong></span> 
     </span>
    </p>
   </div>
   <div class='ocr_carea' id='block_1_93' title="bbox 1839 3278 3439 3357">
    <p class='ocr_par' dir='ltr' id='par_1_93' title="bbox 1839 3278 3439 3357">
     <span class='ocr_line' id='line_1_93' title="bbox 1839 3278 3439 3357; baseline -0.003 -18"><span class='ocrx_word' id='word_1_754' title='bbox 1839 3287 1964 3357; x_wconf 74' lang='lat' dir='ltr'><strong>quia</strong></span> <span class='ocrx_word' id='word_1_755' title='bbox 1989 3286 2037 3339; x_wconf 85' lang='lat' dir='ltr'><strong>si</strong></span> <span class='ocrx_word' id='word_1_756' title='bbox 2062 3300 2155 3356; x_wconf 87' lang='lat' dir='ltr'><strong>ego</strong></span> <span class='ocrx_word' id='word_1_757' title='bbox 2188 3283 2443 3337; x_wconf 82' lang='lat' dir='ltr'><strong>contristo</strong></span> <span class='ocrx_word' id='word_1_758' title='bbox 2472 3297 2558 3335; x_wconf 82' lang='lat' dir='ltr'><strong>vos</strong></span> <span class='ocrx_word' id='word_1_759' title='bbox 2599 3294 2929 3352; x_wconf 87' lang='lat' dir='ltr'><strong>quocunque</strong></span> <span class='ocrx_word' id='word_1_760' title='bbox 2959 3278 3158 3345; x_wconf 91' lang='lat' dir='ltr'><strong>modo,</strong></span> <span class='ocrx_word' id='word_1_761' title='bbox 3201 3281 3320 3350; x_wconf 85' lang='lat' dir='ltr'><strong>quis</strong></span> <span class='ocrx_word' id='word_1_762' title='bbox 3358 3289 3439 3335; x_wconf 84' lang='lat' dir='ltr'><strong>est</strong></span> 
     </span>
    </p>
   </div>
   <div class='ocr_carea' id='block_1_94' title="bbox 1840 3370 3438 3446">
    <p class='ocr_par' dir='ltr' id='par_1_94' title="bbox 1840 3370 3438 3446">
     <span class='ocr_line' id='line_1_94' title="bbox 1840 3370 3438 3446; baseline -0.004 -14"><span class='ocrx_word' id='word_1_763' title='bbox 1840 3377 1894 3431; x_wconf 83' lang='lat' dir='ltr'><strong>in</strong></span> <span class='ocrx_word' id='word_1_764' title='bbox 1924 3374 2081 3431; x_wconf 78' lang='lat' dir='ltr'><strong>vobis</strong></span> <span class='ocrx_word' id='word_1_765' title='bbox 2109 3375 2199 3446; x_wconf 85' lang='lat' dir='ltr'><strong>qui</strong></span> <span class='ocrx_word' id='word_1_766' title='bbox 2232 3390 2313 3428; x_wconf 82' lang='lat' dir='ltr'><strong>me</strong></span> <span class='ocrx_word' id='word_1_767' title='bbox 2339 3372 2594 3443; x_wconf 69' lang='lat' dir='ltr'><strong>lmtiﬁcet,</strong></span> <span class='ocrx_word' id='word_1_768' title='bbox 2628 3372 2732 3425; x_wconf 82' lang='lat' dir='ltr'><strong>nisi</strong></span> <span class='ocrx_word' id='word_1_769' title='bbox 2763 3370 2854 3426; x_wconf 89' lang='lat' dir='ltr'><strong>ille</strong></span> <span class='ocrx_word' id='word_1_770' title='bbox 2873 3371 2965 3443; x_wconf 78' lang='lat' dir='ltr'><strong>qui</strong></span> <span class='ocrx_word' id='word_1_771' title='bbox 2992 3371 3345 3426; x_wconf 81' lang='lat' dir='ltr'><strong>contristatur</strong></span> <span class='ocrx_word' id='word_1_772' title='bbox 3369 3387 3438 3425; x_wconf 73' lang='lat' dir='ltr'><strong>ea:</strong></span> 
     </span>
    </p>
   </div>
   <div class='ocr_carea' id='block_1_95' title="bbox 1840 3461 3441 3534">
    <p class='ocr_par' dir='ltr' id='par_1_95' title="bbox 1840 3461 3441 3534">
     <span class='ocr_line' id='line_1_95' title="bbox 1840 3461 3441 3534; baseline -0.004 -12"><span class='ocrx_word' id='word_1_773' title='bbox 1840 3484 1942 3534; x_wconf 82' lang='lat' dir='ltr'><strong>me,</strong></span> <span class='ocrx_word' id='word_1_774' title='bbox 1974 3467 2027 3522; x_wconf 92' lang='lat' dir='ltr'><strong>id</strong></span> <span class='ocrx_word' id='word_1_775' title='bbox 2056 3475 2139 3522; x_wconf 88' lang='lat' dir='ltr'><strong>cst</strong></span> <span class='ocrx_word' id='word_1_776' title='bbox 2170 3465 2471 3521; x_wconf 88' lang='lat' dir='ltr'><strong>secundum</strong></span> <span class='ocrx_word' id='word_1_777' title='bbox 2508 3479 2685 3518; x_wconf 90' lang='lat' dir='ltr'><strong>meam</strong></span> <span class='ocrx_word' id='word_1_778' title='bbox 2717 3461 3076 3529; x_wconf 87' lang='lat' dir='ltr'><strong>voluntatem,</strong></span> <span class='ocrx_word' id='word_1_779' title='bbox 3121 3470 3183 3517; x_wconf 87' lang='lat' dir='ltr'><strong>ut</strong></span> <span class='ocrx_word' id='word_1_780' title='bbox 3225 3462 3441 3518; x_wconf 89' lang='lat' dir='ltr'><strong>contri-</strong></span> 
     </span>
    </p>
   </div>
   <div class='ocr_carea' id='block_1_96' title="bbox 1842 3554 3440 3631">
    <p class='ocr_par' dir='ltr' id='par_1_96' title="bbox 1842 3554 3440 3631">
     <span class='ocr_line' id='line_1_96' title="bbox 1842 3554 3440 3631; baseline -0.004 -15"><span class='ocrx_word' id='word_1_781' title='bbox 1842 3568 2017 3617; x_wconf 86' lang='lat' dir='ltr'><strong>status</strong></span> <span class='ocrx_word' id='word_1_782' title='bbox 2053 3559 2120 3614; x_wconf 91' lang='lat' dir='ltr'><strong>de</strong></span> <span class='ocrx_word' id='word_1_783' title='bbox 2162 3565 2388 3628; x_wconf 89' lang='lat' dir='ltr'><strong>peccato</strong></span> <span class='ocrx_word' id='word_1_784' title='bbox 2425 3555 2719 3631; x_wconf 61' lang='lat' dir='ltr'><strong>poeniteat?</strong></span> <span class='ocrx_word' id='word_1_785' title='bbox 2755 3554 2912 3622; x_wconf 84' lang='lat' dir='ltr'><strong>Quod</strong></span> <span class='ocrx_word' id='word_1_786' title='bbox 2951 3555 2997 3610; x_wconf 93' lang='lat' dir='ltr'><strong>si</strong></span> <span class='ocrx_word' id='word_1_787' title='bbox 3031 3555 3295 3623; x_wconf 66' lang='lat' dir='ltr'><strong>venirem,</strong></span> <span class='ocrx_word' id='word_1_788' title='bbox 3326 3566 3440 3610; x_wconf 82' lang='lat' dir='ltr'><strong>non</strong></span> 
     </span>
    </p>
   </div>
   <div class='ocr_carea' id='block_1_97' title="bbox 1841 3643 3435 3720">
    <p class='ocr_par' dir='ltr' id='par_1_97' title="bbox 1841 3643 3435 3720">
     <span class='ocr_line' id='line_1_97' title="bbox 1841 3643 3435 3720; baseline -0.004 -12"><span class='ocrx_word' id='word_1_789' title='bbox 1841 3653 1996 3708; x_wconf 80' lang='lat' dir='ltr'><strong>ﬁeret</strong></span> <span class='ocrx_word' id='word_1_790' title='bbox 2024 3660 2085 3708; x_wconf 92' lang='lat' dir='ltr'><strong>ut</strong></span> <span class='ocrx_word' id='word_1_791' title='bbox 2120 3650 2320 3720; x_wconf 89' lang='lat' dir='ltr'><strong>aliquis</strong></span> <span class='ocrx_word' id='word_1_792' title='bbox 2351 3663 2439 3718; x_wconf 79' lang='lat' dir='ltr'><strong>me</strong></span> <span class='ocrx_word' id='word_1_793' title='bbox 2469 3643 2576 3704; x_wconf 87' lang='lat' dir='ltr'><strong>hoc</strong></span> <span class='ocrx_word' id='word_1_794' title='bbox 2612 3648 2778 3703; x_wconf 85' lang='lat' dir='ltr'><strong>modo</strong></span> <span class='ocrx_word' id='word_1_795' title='bbox 2806 3647 3126 3703; x_wconf 73' lang='lat' dir='ltr'><strong>ltetiticaret.</strong></span> <span class='ocrx_word' id='word_1_796' title='bbox 3168 3645 3254 3702; x_wconf 81' lang='lat' dir='ltr'><strong>Me</strong></span> <span class='ocrx_word' id='word_1_797' title='bbox 3287 3646 3435 3702; x_wconf 88' lang='lat' dir='ltr'><strong>enim</strong></span> 
     </span>
    </p>
   </div>
   <div class='ocr_carea' id='block_1_98' title="bbox 1840 3739 3440 3816">
    <p class='ocr_par' dir='ltr' id='par_1_98' title="bbox 1840 3739 3440 3816">
     <span class='ocr_line' id='line_1_98' title="bbox 1840 3739 3440 3816; baseline -0.005 -15"><span class='ocrx_word' id='word_1_798' title='bbox 1840 3752 2108 3816; x_wconf 82' lang='lat' dir='ltr'><strong>praesente</strong></span> <span class='ocrx_word' id='word_1_799' title='bbox 2161 3741 2432 3800; x_wconf 90' lang='lat' dir='ltr'><strong>districtio</strong></span> <span class='ocrx_word' id='word_1_800' title='bbox 2486 3740 2715 3810; x_wconf 77' lang='lat' dir='ltr'><strong>justitize</strong></span> <span class='ocrx_word' id='word_1_801' title='bbox 2764 3739 2941 3812; x_wconf 83' lang='lat' dir='ltr'><strong>magis</strong></span> <span class='ocrx_word' id='word_1_802' title='bbox 2987 3754 3088 3795; x_wconf 92' lang='lat' dir='ltr'><strong>vos</strong></span> <span class='ocrx_word' id='word_1_803' title='bbox 3139 3739 3440 3794; x_wconf 88' lang='lat' dir='ltr'><strong>deterreret</strong></span> 
     </span>
    </p>
   </div>
   <div class='ocr_carea' id='block_1_99' title="bbox 1841 3819 3435 3908">
    <p class='ocr_par' dir='ltr' id='par_1_99' title="bbox 1841 3819 3435 3908">
     <span class='ocr_line' id='line_1_99' title="bbox 1841 3819 3435 3908; baseline -0.004 -17"><span class='ocrx_word' id='word_1_804' title='bbox 1841 3851 2009 3908; x_wconf 87' lang='lat' dir='ltr'><strong>quam</strong></span> <span class='ocrx_word' id='word_1_805' title='bbox 2047 3835 2115 3890; x_wconf 87' lang='lat' dir='ltr'><strong>ad</strong></span> <span class='ocrx_word' id='word_1_806' title='bbox 2143 3819 2521 3904; x_wconf 67' lang='lat' dir='ltr'><strong>paenitentiam</strong></span> <span class='ocrx_word' id='word_1_807' title='bbox 2556 3827 2827 3887; x_wconf 82' lang='lat' dir='ltr'><strong>suaderet.</strong></span> <span class='ocrx_word' id='word_1_808' title='bbox 2872 3819 3009 3885; x_wconf 86' lang='lat' dir='ltr'><strong>Illud</strong></span> <span class='ocrx_word' id='word_1_809' title='bbox 3039 3829 3206 3885; x_wconf 70' lang='lat' dir='ltr'><strong>etiam</strong></span> <span class='ocrx_word' id='word_1_810' title='bbox 3234 3828 3435 3895; x_wconf 89' lang='lat' dir='ltr'><strong>innuit,</strong></span> 
     </span>
    </p>
   </div>
   <div class='ocr_carea' id='block_1_100' title="bbox 1842 3920 3437 3992">
    <p class='ocr_par' dir='ltr' id='par_1_100' title="bbox 1842 3920 3437 3992">
     <span class='ocr_line' id='line_1_100' title="bbox 1842 3920 3437 3992; baseline -0.003 -11"><span class='ocrx_word' id='word_1_811' title='bbox 1842 3943 1906 3981; x_wconf 87' lang='lat' dir='ltr'><strong>ac</strong></span> <span class='ocrx_word' id='word_1_812' title='bbox 1937 3926 1984 3981; x_wconf 88' lang='lat' dir='ltr'><strong>si</strong></span> <span class='ocrx_word' id='word_1_813' title='bbox 2025 3926 2268 3980; x_wconf 89' lang='lat' dir='ltr'><strong>diceret:</strong></span> <span class='ocrx_word' id='word_1_814' title='bbox 2296 3922 2525 3992; x_wconf 83' lang='lat' dir='ltr'><strong>Propter</strong></span> <span class='ocrx_word' id='word_1_815' title='bbox 2553 3920 2725 3976; x_wconf 90' lang='lat' dir='ltr'><strong>Deum</strong></span> <span class='ocrx_word' id='word_1_816' title='bbox 2769 3921 2992 3992; x_wconf 90' lang='lat' dir='ltr'><strong>quidem</strong></span> <span class='ocrx_word' id='word_1_817' title='bbox 3030 3921 3298 3991; x_wconf 70' lang='lat' dir='ltr'><strong>paenitere</strong></span> <span class='ocrx_word' id='word_1_818' title='bbox 3340 3920 3437 3976; x_wconf 88' lang='lat' dir='ltr'><strong>de-</strong></span> 
     </span>
    </p>
   </div>
   <div class='ocr_carea' id='block_1_101' title="bbox 1841 4004 3440 4085">
    <p class='ocr_par' dir='ltr' id='par_1_101' title="bbox 1841 4004 3440 4085">
     <span class='ocr_line' id='line_1_101' title="bbox 1841 4004 3440 4085; baseline -0.003 -13"><span class='ocrx_word' id='word_1_819' title='bbox 1841 4004 2100 4072; x_wconf 84' lang='lat' dir='ltr'><strong>buissetis</strong></span> <span class='ocrx_word' id='word_1_820' title='bbox 2141 4023 2195 4070; x_wconf 91' lang='lat' dir='ltr'><strong>et</strong></span> <span class='ocrx_word' id='word_1_821' title='bbox 2241 4014 2323 4085; x_wconf 92' lang='lat' dir='ltr'><strong>(ut</strong></span> <span class='ocrx_word' id='word_1_822' title='bbox 2356 4013 2487 4069; x_wconf 91' lang='lat' dir='ltr'><strong>illud</strong></span> <span class='ocrx_word' id='word_1_823' title='bbox 2529 4012 2799 4083; x_wconf 84' lang='lat' dir='ltr'><strong>omittam)</strong></span> <span class='ocrx_word' id='word_1_824' title='bbox 2843 4026 2947 4082; x_wconf 91' lang='lat' dir='ltr'><strong>pro</strong></span> <span class='ocrx_word' id='word_1_825' title='bbox 2988 4026 3055 4067; x_wconf 90' lang='lat' dir='ltr'><strong>eo</strong></span> <span class='ocrx_word' id='word_1_826' title='bbox 3094 4011 3214 4067; x_wconf 92' lang='lat' dir='ltr'><strong>solo</strong></span> <span class='ocrx_word' id='word_1_827' title='bbox 3246 4021 3308 4066; x_wconf 89' lang='lat' dir='ltr'><strong>ut</strong></span> <span class='ocrx_word' id='word_1_828' title='bbox 3350 4026 3440 4067; x_wconf 90' lang='lat' dir='ltr'><strong>me</strong></span> 
     </span>
    </p>
   </div>
   <div class='ocr_carea' id='block_1_102' title="bbox 1841 4099 3455 4171">
    <p class='ocr_par' dir='ltr' id='par_1_102' title="bbox 1841 4099 3455 4171">
     <span class='ocr_line' id='line_1_102' title="bbox 1841 4099 3455 4171; baseline -0.007 -8"><span class='ocrx_word' id='word_1_829' title='bbox 1841 4108 2121 4164; x_wconf 88' lang='lat' dir='ltr'><strong>doctorem</strong></span> <span class='ocrx_word' id='word_1_830' title='bbox 2161 4112 2405 4161; x_wconf 89' lang='lat' dir='ltr'><strong>vestrum</strong></span> <span class='ocrx_word' id='word_1_831' title='bbox 2439 4102 2811 4159; x_wconf 75' lang='lat' dir='ltr'><strong>laetificaretis.</strong></span> <span class='ocrx_word' id='word_1_832' title='bbox 2857 4100 2927 4155; x_wconf 79' lang='lat' dir='ltr'><strong>Et</strong></span> <span class='ocrx_word' id='word_1_833' title='bbox 2963 4099 3061 4156; x_wconf 85' lang='lat' dir='ltr'><strong>hoc</strong></span> <span class='ocrx_word' id='word_1_834' title='bbox 3085 4101 3282 4171; x_wconf 78' lang='lat' dir='ltr'><strong>ipsum,</strong></span> <span class='ocrx_word' id='word_1_835' title='bbox 3322 4100 3455 4157; x_wconf 55' lang='grc' dir='ltr'><strong>δαῖέ</strong></span> 
     </span>
    </p>
   </div>
   <div class='ocr_carea' id='block_1_103' title="bbox 1841 4189 3438 4262">
    <p class='ocr_par' dir='ltr' id='par_1_103' title="bbox 1841 4189 3438 4262">
     <span class='ocr_line' id='line_1_103' title="bbox 1841 4189 3438 4262; baseline -0.004 -10"><span class='ocrx_word' id='word_1_836' title='bbox 1841 4198 1968 4253; x_wconf 87' lang='lat' dir='ltr'><strong>licet</strong></span> <span class='ocrx_word' id='word_1_837' title='bbox 2000 4212 2069 4252; x_wconf 91' lang='lat' dir='ltr'><strong>ne</strong></span> <span class='ocrx_word' id='word_1_838' title='bbox 2092 4195 2317 4251; x_wconf 86' lang='lat' dir='ltr'><strong>veniens</strong></span> <span class='ocrx_word' id='word_1_839' title='bbox 2354 4193 2411 4248; x_wconf 91' lang='lat' dir='ltr'><strong>in</strong></span> <span class='ocrx_word' id='word_1_840' title='bbox 2443 4190 2668 4249; x_wconf 90' lang='lat' dir='ltr'><strong>tristitia</strong></span> <span class='ocrx_word' id='word_1_841' title='bbox 2699 4191 2973 4248; x_wconf 87' lang='lat' dir='ltr'><strong>neminem</strong></span> <span class='ocrx_word' id='word_1_842' title='bbox 3009 4190 3105 4262; x_wconf 90' lang='lat' dir='ltr'><strong>qui</strong></span> <span class='ocrx_word' id='word_1_843' title='bbox 3142 4204 3234 4246; x_wconf 87' lang='lat' dir='ltr'><strong>me</strong></span> <span class='ocrx_word' id='word_1_844' title='bbox 3259 4189 3438 4247; x_wconf 63' lang='lat' dir='ltr'><strong>laetiti-</strong></span> 
     </span>
    </p>
   </div>
   <div class='ocr_carea' id='block_1_104' title="bbox 1843 4272 3441 4352">
    <p class='ocr_par' dir='ltr' id='par_1_104' title="bbox 1843 4272 3441 4352">
     <span class='ocr_line' id='line_1_104' title="bbox 1843 4272 3441 4352; baseline -0.004 -10"><span class='ocrx_word' id='word_1_845' title='bbox 1843 4293 1992 4343; x_wconf 90' lang='lat' dir='ltr'><strong>caret</strong></span> <span class='ocrx_word' id='word_1_846' title='bbox 2020 4284 2345 4351; x_wconf 87' lang='lat' dir='ltr'><strong>invenirem,</strong></span> <span class='ocrx_word' id='word_1_847' title='bbox 2374 4283 2566 4352; x_wconf 79' lang='lat' dir='ltr'><strong>scripsi</strong></span> <span class='ocrx_word' id='word_1_848' title='bbox 2603 4282 2748 4338; x_wconf 83' lang='lat' dir='ltr'><strong>vobis</strong></span> <span class='ocrx_word' id='word_1_849' title='bbox 2773 4282 2898 4337; x_wconf 87' lang='lat' dir='ltr'><strong>ideo</strong></span> <span class='ocrx_word' id='word_1_850' title='bbox 2923 4296 2936 4337; x_wconf 87' lang='lat'><strong>:</strong></span> <span class='ocrx_word' id='word_1_851' title='bbox 2960 4290 3020 4335; x_wconf 85' lang='lat' dir='ltr'><strong>ut</strong></span> <span class='ocrx_word' id='word_1_852' title='bbox 3048 4294 3171 4335; x_wconf 85' lang='lat' dir='ltr'><strong>cum</strong></span> <span class='ocrx_word' id='word_1_853' title='bbox 3196 4272 3441 4351; x_wconf 59' lang='lat' dir='ltr'><strong>presen-</strong></span> 
     </span>
    </p>
   </div>
   <div class='ocr_carea' id='block_1_105' title="bbox 1841 4371 3438 4443">
    <p class='ocr_par' dir='ltr' id='par_1_105' title="bbox 1841 4371 3438 4443">
     <span class='ocr_line' id='line_1_105' title="bbox 1841 4371 3438 4443; baseline -0.004 -11"><span class='ocrx_word' id='word_1_854' title='bbox 1841 4376 2045 4432; x_wconf 89' lang='lat' dir='ltr'><strong>tialiter</strong></span> <span class='ocrx_word' id='word_1_855' title='bbox 2066 4389 2269 4441; x_wconf 74' lang='lat' dir='ltr'><strong>uenero,</strong></span> <span class='ocrx_word' id='word_1_856' title='bbox 2293 4389 2398 4428; x_wconf 82' lang='lat' dir='ltr'><strong>non</strong></span> <span class='ocrx_word' id='word_1_857' title='bbox 2425 4371 2646 4428; x_wconf 82' lang='lat' dir='ltr'><strong>habeam</strong></span> <span class='ocrx_word' id='word_1_858' title='bbox 2669 4374 2947 4427; x_wconf 77' lang='lat' dir='ltr'><strong>tristiiam</strong></span> <span class='ocrx_word' id='word_1_859' title='bbox 2959 4386 3115 4443; x_wconf 81' lang='lat' dir='ltr'><strong>super</strong></span> <span class='ocrx_word' id='word_1_860' title='bbox 3137 4372 3438 4427; x_wconf 83' lang='lat' dir='ltr'><strong>tristitiam.</strong></span> 
     </span>
    </p>
   </div>
   <div class='ocr_carea' id='block_1_106' title="bbox 1841 4455 3442 4540">
    <p class='ocr_par' dir='ltr' id='par_1_106' title="bbox 1841 4455 3442 4540">
     <span class='ocr_line' id='line_1_106' title="bbox 1841 4455 3442 4540; baseline -0.004 -15"><span class='ocrx_word' id='word_1_861' title='bbox 1841 4467 2167 4540; x_wconf 83' lang='lat' dir='ltr'><strong>Hujusmodi</strong></span> <span class='ocrx_word' id='word_1_862' title='bbox 2207 4466 2428 4538; x_wconf 89' lang='lat' dir='ltr'><strong>quidem</strong></span> <span class='ocrx_word' id='word_1_863' title='bbox 2464 4463 2743 4521; x_wconf 71' lang='lat' dir='ltr'><strong>triStitiam</strong></span> <span class='ocrx_word' id='word_1_864' title='bbox 2785 4465 3014 4521; x_wconf 88' lang='lat' dir='ltr'><strong>audiens</strong></span> <span class='ocrx_word' id='word_1_865' title='bbox 3045 4455 3149 4520; x_wconf 78' lang='lat' dir='ltr'><strong>vos</strong></span> <span class='ocrx_word' id='word_1_866' title='bbox 3176 4478 3442 4535; x_wconf 86' lang='lat' dir='ltr'><strong>peccasse</strong></span> 
     </span>
    </p>
   </div>
   <div class='ocr_carea' id='block_1_107' title="bbox 1844 4557 3435 4626">
    <p class='ocr_par' dir='ltr' id='par_1_107' title="bbox 1844 4557 3435 4626">
     <span class='ocr_line' id='line_1_107' title="bbox 1844 4557 3435 4626; baseline -0.004 -8"><span class='ocrx_word' id='word_1_867' title='bbox 1844 4563 2055 4618; x_wconf 88' lang='lat' dir='ltr'><strong>habebo</strong></span> <span class='ocrx_word' id='word_1_868' title='bbox 2085 4561 2404 4626; x_wconf 89' lang='lat' dir='ltr'><strong>secundam,</strong></span> <span class='ocrx_word' id='word_1_869' title='bbox 2436 4559 2481 4615; x_wconf 89' lang='lat' dir='ltr'><strong>si</strong></span> <span class='ocrx_word' id='word_1_870' title='bbox 2513 4559 2742 4614; x_wconf 90' lang='lat' dir='ltr'><strong>veniens</strong></span> <span class='ocrx_word' id='word_1_871' title='bbox 2772 4572 2870 4614; x_wconf 89' lang='lat' dir='ltr'><strong>vos</strong></span> <span class='ocrx_word' id='word_1_872' title='bbox 2900 4558 3237 4613; x_wconf 89' lang='lat' dir='ltr'><strong>incorrectos</strong></span> <span class='ocrx_word' id='word_1_873' title='bbox 3285 4557 3435 4612; x_wconf 80' lang='lat' dir='ltr'><strong>inve-</strong></span> 
     </span>
    </p>
   </div>
   <div class='ocr_carea' id='block_1_108' title="bbox 1840 4650 3448 4724">
    <p class='ocr_par' dir='ltr' id='par_1_108' title="bbox 1840 4650 3448 4724">
     <span class='ocr_line' id='line_1_108' title="bbox 1840 4650 3448 4724; baseline -0.005 -13"><span class='ocrx_word' id='word_1_874' title='bbox 1840 4670 1975 4711; x_wconf 85' lang='lat' dir='ltr'><strong>uero</strong></span> <span class='ocrx_word' id='word_1_875' title='bbox 2002 4673 2015 4708; x_wconf 90' lang='lat'><strong>:</strong></span> <span class='ocrx_word' id='word_1_876' title='bbox 2039 4662 2208 4724; x_wconf 91' lang='lat' dir='ltr'><strong>utque</strong></span> <span class='ocrx_word' id='word_1_877' title='bbox 2230 4668 2328 4709; x_wconf 90' lang='lat' dir='ltr'><strong>vos</strong></span> <span class='ocrx_word' id='word_1_878' title='bbox 2351 4657 2630 4708; x_wconf 83' lang='lat' dir='ltr'><strong>correctos</strong></span> <span class='ocrx_word' id='word_1_879' title='bbox 2655 4651 2930 4706; x_wconf 88' lang='lat' dir='ltr'><strong>inveniam</strong></span> <span class='ocrx_word' id='word_1_880' title='bbox 2958 4650 3143 4705; x_wconf 89' lang='lat' dir='ltr'><strong>scribo</strong></span> <span class='ocrx_word' id='word_1_881' title='bbox 3173 4664 3321 4704; x_wconf 86' lang='lat' dir='ltr'><strong>nunc</strong></span> <span class='ocrx_word' id='word_1_882' title='bbox 3347 4664 3448 4703; x_wconf 87' lang='lat' dir='ltr'><strong>me</strong></span> 
     </span>
    </p>
   </div>
   <div class='ocr_carea' id='block_1_109' title="bbox 1841 4736 3451 4812">
    <p class='ocr_par' dir='ltr' id='par_1_109' title="bbox 1841 4736 3451 4812">
     <span class='ocr_line' id='line_1_109' title="bbox 1841 4736 3451 4812; baseline -0.007 -12"><span class='ocrx_word' id='word_1_883' title='bbox 1841 4745 1897 4800; x_wconf 90' lang='lat' dir='ltr'><strong>in</strong></span> <span class='ocrx_word' id='word_1_884' title='bbox 1929 4760 1996 4800; x_wconf 91' lang='lat' dir='ltr'><strong>eo</strong></span> <span class='ocrx_word' id='word_1_885' title='bbox 2031 4742 2291 4799; x_wconf 61' lang='lat' dir='ltr'><strong>laetiﬁcari</strong></span> <span class='ocrx_word' id='word_1_886' title='bbox 2322 4750 2537 4797; x_wconf 91' lang='lat' dir='ltr'><strong>tantum</strong></span> <span class='ocrx_word' id='word_1_887' title='bbox 2573 4741 2669 4812; x_wconf 93' lang='lat' dir='ltr'><strong>qui</strong></span> <span class='ocrx_word' id='word_1_888' title='bbox 2707 4740 2775 4795; x_wconf 91' lang='lat' dir='ltr'><strong>ad</strong></span> <span class='ocrx_word' id='word_1_889' title='bbox 2812 4737 3189 4810; x_wconf 64' lang='lat' dir='ltr'><strong>paenitentiam</strong></span> <span class='ocrx_word' id='word_1_890' title='bbox 3233 4736 3451 4791; x_wconf 60' lang='lat' dir='ltr'><strong>centri-</strong></span> 
     </span>
    </p>
   </div>
   <div class='ocr_carea' id='block_1_110' title="bbox 1844 4818 3446 4894">
    <p class='ocr_par' dir='ltr' id='par_1_110' title="bbox 1844 4818 3446 4894">
     <span class='ocr_line' id='line_1_110' title="bbox 1844 4818 3446 4894; baseline -0.004 -3"><span class='ocrx_word' id='word_1_891' title='bbox 1844 4845 2040 4892; x_wconf 86' lang='lat' dir='ltr'><strong>statur.</strong></span> <span class='ocrx_word' id='word_1_892' title='bbox 2066 4835 2367 4894; x_wconf 88' lang='lat' dir='ltr'><strong>Tristitiam</strong></span> <span class='ocrx_word' id='word_1_893' title='bbox 2395 4834 2520 4890; x_wconf 90' lang='lat' dir='ltr'><strong>dico</strong></span> <span class='ocrx_word' id='word_1_894' title='bbox 2540 4834 2770 4887; x_wconf 89' lang='lat' dir='ltr'><strong>habeam</strong></span> <span class='ocrx_word' id='word_1_895' title='bbox 2798 4831 2866 4885; x_wconf 91' lang='lat' dir='ltr'><strong>de</strong></span> <span class='ocrx_word' id='word_1_896' title='bbox 2889 4829 3046 4885; x_wconf 89' lang='lat' dir='ltr'><strong>vobis</strong></span> <span class='ocrx_word' id='word_1_897' title='bbox 3077 4818 3397 4884; x_wconf 84' lang='lat' dir='ltr'><strong>incorrectis</strong></span> <span class='ocrx_word' id='word_1_898' title='bbox 3423 4846 3446 4885; x_wconf 89' lang='lat'><strong>:</strong></span> 
     </span>
    </p>
   </div>
   <div class='ocr_carea' id='block_1_111' title="bbox 1849 4920 3452 5001">
    <p class='ocr_par' dir='ltr' id='par_1_111' title="bbox 1849 4920 3452 5001">
     <span class='ocr_line' id='line_1_111' title="bbox 1849 4920 3452 5001; baseline -0.018 -12"><span class='ocrx_word' id='word_1_899' title='bbox 1849 4929 2008 5001; x_wconf 73' lang='lat'><strong>162</strong></span> <span class='ocrx_word' id='word_1_900' title='bbox 2033 4928 2098 4983; x_wconf 85' lang='lat' dir='ltr'><strong>de</strong></span> <span class='ocrx_word' id='word_1_901' title='bbox 2122 4927 2312 4999; x_wconf 80' lang='lat' dir='ltr'><strong>quibus</strong></span> <span class='ocrx_word' id='word_1_902' title='bbox 2337 4926 2493 4979; x_wconf 85' lang='lat' dir='ltr'><strong>modo</strong></span> <span class='ocrx_word' id='word_1_903' title='bbox 2517 4924 2747 4995; x_wconf 82' lang='lat' dir='ltr'><strong>primum</strong></span> <span class='ocrx_word' id='word_1_904' title='bbox 2770 4929 3078 4992; x_wconf 84' lang='lat' dir='ltr'><strong>oportuerat</strong></span> <span class='ocrx_word' id='word_1_905' title='bbox 3110 4936 3192 4974; x_wconf 86' lang='lat' dir='ltr'><strong>me</strong></span> <span class='ocrx_word' id='word_1_906' title='bbox 3212 4920 3452 4992; x_wconf 61' lang='lat' dir='ltr'><strong>gaudere</strong></span> 
     </span>
    </p>
   </div>
   <div class='ocr_carea' id='block_1_112' title="bbox 1846 5011 3443 5086">
    <p class='ocr_par' dir='ltr' id='par_1_112' title="bbox 1846 5011 3443 5086">
     <span class='ocr_line' id='line_1_112' title="bbox 1846 5011 3443 5086; baseline -0.004 -12"><span class='ocrx_word' id='word_1_907' title='bbox 1846 5019 1984 5073; x_wconf 86' lang='lat' dir='ltr'><strong>bene</strong></span> <span class='ocrx_word' id='word_1_908' title='bbox 2027 5017 2311 5074; x_wconf 87' lang='lat' dir='ltr'><strong>correctis.</strong></span> <span class='ocrx_word' id='word_1_909' title='bbox 2357 5015 2424 5070; x_wconf 88' lang='lat' dir='ltr'><strong>Et</strong></span> <span class='ocrx_word' id='word_1_910' title='bbox 2463 5030 2653 5070; x_wconf 87' lang='lat' dir='ltr'><strong>revera</strong></span> <span class='ocrx_word' id='word_1_911' title='bbox 2700 5012 2949 5086; x_wconf 88' lang='lat' dir='ltr'><strong>gaudebo</strong></span> <span class='ocrx_word' id='word_1_912' title='bbox 2997 5011 3140 5067; x_wconf 90' lang='lat' dir='ltr'><strong>sicut</strong></span> <span class='ocrx_word' id='word_1_913' title='bbox 3177 5012 3443 5082; x_wconf 85' lang='lat' dir='ltr'><strong>oportuit.</strong></span> 
     </span>
    </p>
   </div>
   <div class='ocr_carea' id='block_1_113' title="bbox 1843 5096 3450 5179">
    <p class='ocr_par' dir='ltr' id='par_1_113' title="bbox 1843 5096 3450 5179">
     <span class='ocr_line' id='line_1_113' title="bbox 1843 5096 3450 5179; baseline -0.002 -17"><span class='ocrx_word' id='word_1_914' title='bbox 1843 5107 1979 5164; x_wconf 89' lang='lat' dir='ltr'><strong>Nam</strong></span> <span class='ocrx_word' id='word_1_915' title='bbox 2015 5098 2287 5179; x_wconf 79' lang='lat' dir='ltr'><strong>conlidens</strong></span> <span class='ocrx_word' id='word_1_916' title='bbox 2321 5122 2443 5163; x_wconf 92' lang='lat' dir='ltr'><strong>sum</strong></span> <span class='ocrx_word' id='word_1_917' title='bbox 2471 5107 2530 5160; x_wconf 83' lang='lat' dir='ltr'><strong>in</strong></span> <span class='ocrx_word' id='word_1_918' title='bbox 2558 5096 2801 5161; x_wconf 77' lang='lat' dir='ltr'><strong>omnibus</strong></span> <span class='ocrx_word' id='word_1_919' title='bbox 2841 5104 3004 5171; x_wconf 77' lang='lat' dir='ltr'><strong>vobis,</strong></span> <span class='ocrx_word' id='word_1_920' title='bbox 3047 5103 3194 5174; x_wconf 91' lang='lat' dir='ltr'><strong>quod</strong></span> <span class='ocrx_word' id='word_1_921' title='bbox 3224 5104 3293 5159; x_wconf 89' lang='lat' dir='ltr'><strong>de</strong></span> <span class='ocrx_word' id='word_1_922' title='bbox 3320 5118 3450 5160; x_wconf 82' lang='lat' dir='ltr'><strong>cor-</strong></span> 
     </span>
    </p>
   </div>
   <div class='ocr_carea' id='block_1_114' title="bbox 1845 5196 3449 5270">
    <p class='ocr_par' dir='ltr' id='par_1_114' title="bbox 1845 5196 3449 5270">
     <span class='ocr_line' id='line_1_114' title="bbox 1845 5196 3449 5270; baseline -0.003 -14"><span class='ocrx_word' id='word_1_923' title='bbox 1845 5201 2085 5256; x_wconf 88' lang='lat' dir='ltr'><strong>rectione</strong></span> <span class='ocrx_word' id='word_1_924' title='bbox 2124 5200 2294 5256; x_wconf 85' lang='lat' dir='ltr'><strong>vestri</strong></span> <span class='ocrx_word' id='word_1_925' title='bbox 2339 5198 2589 5270; x_wconf 85' lang='lat' dir='ltr'><strong>gaudebo</strong></span> <span class='ocrx_word' id='word_1_926' title='bbox 2634 5216 2646 5251; x_wconf 93' lang='lat'>:</span> <span class='ocrx_word' id='word_1_927' title='bbox 2693 5204 2983 5268; x_wconf 77' lang='lat' dir='ltr'><strong>propterea</strong></span> <span class='ocrx_word' id='word_1_928' title='bbox 3029 5196 3156 5267; x_wconf 84' lang='lat' dir='ltr'><strong>quia</strong></span> <span class='ocrx_word' id='word_1_929' title='bbox 3194 5197 3449 5267; x_wconf 79' lang='lat' dir='ltr'><strong>quandiu</strong></span> 
     </span>
    </p>
   </div>
   <div class='ocr_carea' id='block_1_115' title="bbox 1810 5287 3448 5361">
    <p class='ocr_par' dir='ltr' id='par_1_115' title="bbox 1810 5287 3448 5361">
     <span class='ocr_line' id='line_1_115' title="bbox 1810 5287 3448 5361; baseline -0.004 -15"><span class='ocrx_word' id='word_1_930' title='bbox 1810 5291 1996 5346; x_wconf 72' lang='lat' dir='ltr'><strong>’eram</strong></span> <span class='ocrx_word' id='word_1_931' title='bbox 2031 5290 2175 5361; x_wconf 83' lang='lat' dir='ltr'><strong>apud</strong></span> <span class='ocrx_word' id='word_1_932' title='bbox 2202 5304 2323 5354; x_wconf 89' lang='lat' dir='ltr'><strong>vos,</strong></span> <span class='ocrx_word' id='word_1_933' title='bbox 2359 5289 2617 5360; x_wconf 82' lang='lat' dir='ltr'><strong>gaudium</strong></span> <span class='ocrx_word' id='word_1_934' title='bbox 2646 5302 2823 5343; x_wconf 87' lang='lat' dir='ltr'><strong>meum</strong></span> <span class='ocrx_word' id='word_1_935' title='bbox 2861 5295 2981 5342; x_wconf 89' lang='lat' dir='ltr'><strong>erat</strong></span> <span class='ocrx_word' id='word_1_936' title='bbox 3022 5287 3283 5359; x_wconf 87' lang='lat' dir='ltr'><strong>gaudium</strong></span> <span class='ocrx_word' id='word_1_937' title='bbox 3323 5301 3448 5340; x_wconf 79' lang='lat' dir='ltr'><strong>om-</strong></span> 
     </span>
    </p>
   </div>
   <div class='ocr_carea' id='block_1_116' title="bbox 1846 5379 3443 5453">
    <p class='ocr_par' dir='ltr' id='par_1_116' title="bbox 1846 5379 3443 5453">
     <span class='ocr_line' id='line_1_116' title="bbox 1846 5379 3443 5453; baseline -0.002 -18"><span class='ocrx_word' id='word_1_938' title='bbox 1846 5382 1992 5435; x_wconf 86' lang='lat' dir='ltr'><strong>nium</strong></span> <span class='ocrx_word' id='word_1_939' title='bbox 2023 5390 2253 5436; x_wconf 82' lang='lat' dir='ltr'><strong>vestrum</strong></span> <span class='ocrx_word' id='word_1_940' title='bbox 2276 5398 2295 5436; x_wconf 88' lang='lat'><em>:</em></span> <span class='ocrx_word' id='word_1_941' title='bbox 2319 5382 2449 5453; x_wconf 87' lang='lat' dir='ltr'><strong>quia</strong></span> <span class='ocrx_word' id='word_1_942' title='bbox 2484 5389 2546 5436; x_wconf 91' lang='lat' dir='ltr'><strong>ut</strong></span> <span class='ocrx_word' id='word_1_943' title='bbox 2584 5381 2825 5452; x_wconf 89' lang='lat' dir='ltr'><strong>primum</strong></span> <span class='ocrx_word' id='word_1_944' title='bbox 2870 5379 3138 5436; x_wconf 85' lang='lat' dir='ltr'><strong>videbatis</strong></span> <span class='ocrx_word' id='word_1_945' title='bbox 3172 5386 3443 5448; x_wconf 14' lang='lat' dir='ltr'><strong>mergan-3</strong></span> 
     </span>
    </p>
   </div>
   <div class='ocr_carea' id='block_1_117' title="bbox 1846 5462 3447 5544">
    <p class='ocr_par' dir='ltr' id='par_1_117' title="bbox 1846 5462 3447 5544">
     <span class='ocr_line' id='line_1_117' title="bbox 1846 5462 3447 5544; baseline -0.002 -19"><span class='ocrx_word' id='word_1_946' title='bbox 1846 5471 2084 5539; x_wconf 86' lang='lat' dir='ltr'><strong>dentem,</strong></span> <span class='ocrx_word' id='word_1_947' title='bbox 2115 5473 2281 5527; x_wconf 88' lang='lat' dir='ltr'><strong>etiam</strong></span> <span class='ocrx_word' id='word_1_948' title='bbox 2328 5489 2436 5528; x_wconf 92' lang='lat' dir='ltr'><strong>non</strong></span> <span class='ocrx_word' id='word_1_949' title='bbox 2486 5462 2758 5528; x_wconf 71' lang='lat' dir='ltr'><strong>intelleCta</strong></span> <span class='ocrx_word' id='word_1_950' title='bbox 2795 5487 2857 5528; x_wconf 91' lang='lat' dir='ltr'><strong>re</strong></span> <span class='ocrx_word' id='word_1_951' title='bbox 2885 5472 2953 5527; x_wconf 90' lang='lat' dir='ltr'><strong>de</strong></span> <span class='ocrx_word' id='word_1_952' title='bbox 2991 5488 3099 5543; x_wconf 86' lang='lat' dir='ltr'><strong>qua</strong></span> <span class='ocrx_word' id='word_1_953' title='bbox 3136 5469 3447 5544; x_wconf 77' lang='lat' dir='ltr'><strong>gaudebam</strong></span> 
     </span>
    </p>
   </div>
   <div class='ocr_carea' id='block_1_118' title="bbox 1845 5556 3445 5636">
    <p class='ocr_par' dir='ltr' id='par_1_118' title="bbox 1845 5556 3445 5636">
     <span class='ocr_line' id='line_1_118' title="bbox 1845 5556 3445 5636; baseline -0.001 -22"><span class='ocrx_word' id='word_1_954' title='bbox 1845 5560 1934 5633; x_wconf 91' lang='lat' dir='ltr'><strong>pia</strong></span> <span class='ocrx_word' id='word_1_955' title='bbox 1967 5556 2254 5620; x_wconf 76' lang='lat' dir='ltr'><strong>aﬂ‘ectione</strong></span> <span class='ocrx_word' id='word_1_956' title='bbox 2274 5563 2700 5636; x_wconf 82' lang='lat' dir='ltr'><strong>congaudebatis</strong></span> <span class='ocrx_word' id='word_1_957' title='bbox 2725 5563 2858 5618; x_wconf 90' lang='lat' dir='ltr'><strong>mihi</strong></span> <span class='ocrx_word' id='word_1_958' title='bbox 2886 5582 2898 5616; x_wconf 90' lang='lat'><strong>:</strong></span> <span class='ocrx_word' id='word_1_959' title='bbox 2924 5570 2978 5617; x_wconf 88' lang='lat' dir='ltr'><strong>et</strong></span> <span class='ocrx_word' id='word_1_960' title='bbox 3007 5569 3295 5632; x_wconf 79' lang='lat' dir='ltr'><strong>pmpterca</strong></span> <span class='ocrx_word' id='word_1_961' title='bbox 3315 5573 3445 5613; x_wconf 67' lang='lat' dir='ltr'><strong>conn</strong></span> 
     </span>
    </p>
   </div>
   <div class='ocr_carea' id='block_1_119' title="bbox 1847 5648 3446 5724">
    <p class='ocr_par' dir='ltr' id='par_1_119' title="bbox 1847 5648 3446 5724">
     <span class='ocr_line' id='line_1_119' title="bbox 1847 5648 3446 5724; baseline -0.003 -17"><span class='ocrx_word' id='word_1_962' title='bbox 1847 5652 1954 5708; x_wconf 75' lang='lat' dir='ltr'><strong>ﬁlo</strong></span> <span class='ocrx_word' id='word_1_963' title='bbox 1976 5654 2122 5724; x_wconf 91' lang='lat' dir='ltr'><strong>quod</strong></span> <span class='ocrx_word' id='word_1_964' title='bbox 2148 5670 2335 5711; x_wconf 89' lang='lat' dir='ltr'><strong>revera</strong></span> <span class='ocrx_word' id='word_1_965' title='bbox 2356 5656 2425 5711; x_wconf 91' lang='lat' dir='ltr'><strong>de</strong></span> <span class='ocrx_word' id='word_1_966' title='bbox 2449 5654 2605 5710; x_wconf 86' lang='lat' dir='ltr'><strong>vobis</strong></span> <span class='ocrx_word' id='word_1_967' title='bbox 2631 5654 2897 5710; x_wconf 86' lang='lat' dir='ltr'><strong>correctis</strong></span> <span class='ocrx_word' id='word_1_968' title='bbox 2919 5652 3185 5724; x_wconf 87' lang='lat' dir='ltr'><strong>gaudebo.</strong></span> <span class='ocrx_word' id='word_1_969' title='bbox 3212 5648 3307 5704; x_wconf 76' lang='lat' dir='ltr'><strong>Vel</strong></span> <span class='ocrx_word' id='word_1_970' title='bbox 3329 5649 3404 5705; x_wconf 86' lang='lat' dir='ltr'><strong>ita</strong></span> <span class='ocrx_word' id='word_1_971' title='bbox 3423 5664 3446 5703; x_wconf 68' lang='grc' dir='ltr'><strong>ε</strong></span> 
     </span>
    </p>
   </div>
   <div class='ocr_carea' id='block_1_120' title="bbox 1847 5743 3445 5816">
    <p class='ocr_par' dir='ltr' id='par_1_120' title="bbox 1847 5743 3445 5816">
     <span class='ocr_line' id='line_1_120' title="bbox 1847 5743 3445 5816; baseline -0.001 -18"><span class='ocrx_word' id='word_1_972' title='bbox 1847 5744 2140 5801; x_wconf 76' lang='lat' dir='ltr'><strong>Confidens</strong></span> <span class='ocrx_word' id='word_1_973' title='bbox 2174 5762 2297 5801; x_wconf 84' lang='lat' dir='ltr'><strong>sum</strong></span> <span class='ocrx_word' id='word_1_974' title='bbox 2343 5747 2397 5800; x_wconf 91' lang='lat' dir='ltr'><strong>in</strong></span> <span class='ocrx_word' id='word_1_975' title='bbox 2445 5746 2623 5812; x_wconf 90' lang='lat' dir='ltr'><strong>vobis,</strong></span> <span class='ocrx_word' id='word_1_976' title='bbox 2670 5745 2801 5816; x_wconf 90' lang='lat' dir='ltr'><strong>quia</strong></span> <span class='ocrx_word' id='word_1_977' title='bbox 2840 5743 3099 5815; x_wconf 84' lang='lat' dir='ltr'><strong>gaudium</strong></span> <span class='ocrx_word' id='word_1_978' title='bbox 3139 5756 3322 5798; x_wconf 89' lang='lat' dir='ltr'><strong>meum</strong></span> <span class='ocrx_word' id='word_1_979' title='bbox 3358 5749 3445 5797; x_wconf 86' lang='lat' dir='ltr'><strong>est</strong></span> 
     </span>
    </p>
   </div>
   <div class='ocr_carea' id='block_1_121' title="bbox 1848 5817 3444 5906">
    <p class='ocr_par' dir='ltr' id='par_1_121' title="bbox 1848 5817 3444 5906">
     <span class='ocr_line' id='line_1_121' title="bbox 1848 5817 3444 5906; baseline -0.003 -16"><span class='ocrx_word' id='word_1_980' title='bbox 1848 5834 2106 5906; x_wconf 84' lang='lat' dir='ltr'><strong>gaudium</strong></span> <span class='ocrx_word' id='word_1_981' title='bbox 2155 5836 2403 5890; x_wconf 83' lang='lat' dir='ltr'><strong>omnium</strong></span> <span class='ocrx_word' id='word_1_982' title='bbox 2451 5844 2716 5903; x_wconf 86' lang='lat' dir='ltr'><strong>vestrum,</strong></span> <span class='ocrx_word' id='word_1_983' title='bbox 2760 5833 2813 5889; x_wconf 89' lang='lat' dir='ltr'><strong>id</strong></span> <span class='ocrx_word' id='word_1_984' title='bbox 2860 5840 2944 5887; x_wconf 86' lang='lat' dir='ltr'><strong>cst</strong></span> <span class='ocrx_word' id='word_1_985' title='bbox 2985 5817 3133 5904; x_wconf 77' lang='lat' dir='ltr'><strong>quod</strong></span> <span class='ocrx_word' id='word_1_986' title='bbox 3178 5831 3444 5905; x_wconf 85' lang='lat' dir='ltr'><strong>gaudium</strong></span> 
     </span>
    </p>
   </div>
  </div>
