  <div class='ocr_page' id='page_1' title='image "/cluster/home/n/w/nwhite01/storage/ocr_20150623/153/hvd.32044015473812/119.png"; bbox 0 0 3928 6450; ppageno 0'>
   <div class='ocr_carea' id='block_1_1' title="bbox 461 386 568 448">
    <p class='ocr_par' dir='ltr' id='par_1_1' title="bbox 461 386 568 448">
     <span class='ocr_line' id='line_1_1' title="bbox 461 386 568 448; baseline -0.056 0"><span class='ocrx_word' id='word_1_1' title='bbox 461 386 568 448; x_wconf 71' lang='grc'><strong>227</strong></span> 
     </span>
    </p>
   </div>
   <div class='ocr_carea' id='block_1_2' title="bbox 1019 349 3182 434">
    <p class='ocr_par' dir='ltr' id='par_1_2' title="bbox 1019 349 3182 434">
     <span class='ocr_line' id='line_1_2' title="bbox 1019 349 3182 434; baseline -0.009 0"><span class='ocrx_word' id='word_1_2' title='bbox 1019 379 1076 434; x_wconf 91' lang='lat' dir='ltr'><strong>S.</strong></span> <span class='ocrx_word' id='word_1_3' title='bbox 1115 371 1462 434; x_wconf 75' lang='lat' dir='ltr'><strong>BBUNONIS</strong></span> <span class='ocrx_word' id='word_1_4' title='bbox 1491 349 2135 429; x_wconf 72' lang='lat' dir='ltr'><strong>CARTHUSIANORUM</strong></span> <span class='ocrx_word' id='word_1_5' title='bbox 2173 357 2662 416; x_wconf 74' lang='lat' dir='ltr'><strong>INSTITUTORIS</strong></span> <span class='ocrx_word' id='word_1_6' title='bbox 2699 355 2854 415; x_wconf 81' lang='lat' dir='ltr'><strong>OPP.</strong></span> <span class='ocrx_word' id='word_1_7' title='bbox 2894 355 3079 412; x_wconf 69' lang='lat' dir='ltr'><strong>PARS</strong></span> <span class='ocrx_word' id='word_1_8' title='bbox 3115 357 3182 414; x_wconf 87' lang='lat' dir='ltr'><strong>ll.</strong></span> 
     </span>
    </p>
   </div>
   <div class='ocr_carea' id='block_1_3' title="bbox 3651 359 3742 416">
    <p class='ocr_par' dir='ltr' id='par_1_3' title="bbox 3651 359 3742 416">
     <span class='ocr_line' id='line_1_3' title="bbox 3651 359 3742 416; baseline 0 0"><span class='ocrx_word' id='word_1_9' title='bbox 3651 359 3742 416; x_wconf 59' lang='grc' dir='ltr'>ω</span> 
     </span>
    </p>
   </div>
   <div class='ocr_carea' id='block_1_4' title="bbox 460 474 3744 574">
    <p class='ocr_par' dir='ltr' id='par_1_4' title="bbox 460 474 3744 574">
     <span class='ocr_line' id='line_1_4' title="bbox 460 474 3744 574; baseline -0.009 -15"><span class='ocrx_word' id='word_1_10' title='bbox 460 501 609 574; x_wconf 88' lang='lat' dir='ltr'><strong>quod</strong></span> <span class='ocrx_word' id='word_1_11' title='bbox 645 497 890 556; x_wconf 89' lang='lat' dir='ltr'><strong>futurum</strong></span> <span class='ocrx_word' id='word_1_12' title='bbox 921 501 1178 566; x_wconf 75' lang='lat' dir='ltr'><strong>exspecto</strong></span> <span class='ocrx_word' id='word_1_13' title='bbox 1209 494 1292 564; x_wconf 91' lang='lat' dir='ltr'><strong>(ut</strong></span> <span class='ocrx_word' id='word_1_14' title='bbox 1316 489 1466 562; x_wconf 82' lang='lat' dir='ltr'><strong>digni</strong></span> <span class='ocrx_word' id='word_1_15' title='bbox 1495 487 1618 544; x_wconf 91' lang='lat' dir='ltr'><strong>sitis</strong></span> <span class='ocrx_word' id='word_1_16' title='bbox 1648 487 1849 542; x_wconf 88' lang='lat' dir='ltr'><strong>habere</strong></span> <span class='ocrx_word' id='word_1_17' title='bbox 1875 487 2046 539; x_wconf 81' lang='lat' dir='ltr'><strong>Deum</strong></span> <span class='ocrx_word' id='word_1_18' title='bbox 2079 489 2124 544; x_wconf 71' lang='grc' dir='ltr'><strong>Α</strong></span> <span class='ocrx_word' id='word_1_19' title='bbox 2153 487 2422 574; x_wconf 79' lang='lat' dir='ltr'><strong>rigerctur</strong></span> <span class='ocrx_word' id='word_1_20' title='bbox 2463 478 2534 532; x_wconf 91' lang='lat' dir='ltr'><strong>ab</strong></span> <span class='ocrx_word' id='word_1_21' title='bbox 2573 477 2816 574; x_wconf 58' lang='lat' dir='ltr'><strong>Eicclesia</strong></span> <span class='ocrx_word' id='word_1_22' title='bbox 2857 477 3170 574; x_wconf 79' lang='lat' dir='ltr'><strong>expulistis)</strong></span> <span class='ocrx_word' id='word_1_23' title='bbox 3215 476 3486 574; x_wconf 72' lang='lat' dir='ltr'><strong>obsecro,</strong></span> <span class='ocrx_word' id='word_1_24' title='bbox 3520 474 3744 546; x_wconf 85' lang='lat' dir='ltr'><strong>inquam,</strong></span> 
     </span>
    </p>
   </div>
   <div class='ocr_carea' id='block_1_5' title="bbox 462 575 2050 666">
    <p class='ocr_par' dir='ltr' id='par_1_5' title="bbox 462 575 2050 666">
     <span class='ocr_line' id='line_1_5' title="bbox 462 575 2050 666; baseline -0.013 -15"><span class='ocrx_word' id='word_1_25' title='bbox 462 594 582 666; x_wconf 91' lang='lat' dir='ltr'><strong>oro)</strong></span> <span class='ocrx_word' id='word_1_26' title='bbox 612 599 668 648; x_wconf 88' lang='lat' dir='ltr'><strong>et</strong></span> <span class='ocrx_word' id='word_1_27' title='bbox 695 605 795 647; x_wconf 88' lang='lat' dir='ltr'><strong>vos</strong></span> <span class='ocrx_word' id='word_1_28' title='bbox 823 588 1106 644; x_wconf 88' lang='lat' dir='ltr'><strong>habituros</strong></span> <span class='ocrx_word' id='word_1_29' title='bbox 1135 584 1368 641; x_wconf 86' lang='lat' dir='ltr'><strong>confido.</strong></span> <span class='ocrx_word' id='word_1_30' title='bbox 1413 581 1539 638; x_wconf 90' lang='lat' dir='ltr'><strong>Ideo</strong></span> <span class='ocrx_word' id='word_1_31' title='bbox 1572 579 1649 634; x_wconf 91' lang='lat' dir='ltr'><strong>ait</strong></span> <span class='ocrx_word' id='word_1_32' title='bbox 1675 578 1954 634; x_wconf 87' lang='lat' dir='ltr'><strong>confidens</strong></span> <span class='ocrx_word' id='word_1_33' title='bbox 1995 575 2050 630; x_wconf 90' lang='lat' dir='ltr'><strong>in</strong></span> 
     </span>
    </p>
   </div>
   <div class='ocr_carea' id='block_1_6' title="bbox 461 667 2053 750">
    <p class='ocr_par' dir='ltr' id='par_1_6' title="bbox 461 667 2053 750">
     <span class='ocr_line' id='line_1_6' title="bbox 461 667 2053 750; baseline -0.012 -10"><span class='ocrx_word' id='word_1_34' title='bbox 461 684 740 748; x_wconf 89' lang='lat' dir='ltr'><strong>omnibus,</strong></span> <span class='ocrx_word' id='word_1_35' title='bbox 769 695 836 736; x_wconf 90' lang='lat' dir='ltr'><strong>ne</strong></span> <span class='ocrx_word' id='word_1_36' title='bbox 861 687 1148 750; x_wconf 73' lang='lat' dir='ltr'><strong>peccantes</strong></span> <span class='ocrx_word' id='word_1_37' title='bbox 1175 681 1428 747; x_wconf 90' lang='lat' dir='ltr'><strong>putarent</strong></span> <span class='ocrx_word' id='word_1_38' title='bbox 1457 671 1686 726; x_wconf 88' lang='lat' dir='ltr'><strong>Paulum</strong></span> <span class='ocrx_word' id='word_1_39' title='bbox 1719 667 1960 724; x_wconf 82' lang='lat' dir='ltr'><strong>dillidere</strong></span> <span class='ocrx_word' id='word_1_40' title='bbox 1986 667 2053 722; x_wconf 89' lang='lat' dir='ltr'><strong>de</strong></span> 
     </span>
    </p>
   </div>
   <div class='ocr_carea' id='block_1_7' title="bbox 463 761 2054 837">
    <p class='ocr_par' dir='ltr' id='par_1_7' title="bbox 463 761 2054 837">
     <span class='ocr_line' id='line_1_7' title="bbox 463 761 2054 837; baseline -0.011 -7"><span class='ocrx_word' id='word_1_41' title='bbox 463 775 765 830; x_wconf 84' lang='lat' dir='ltr'><strong>salvationc</strong></span> <span class='ocrx_word' id='word_1_42' title='bbox 795 771 901 827; x_wconf 91' lang='lat' dir='ltr'><strong>sui.</strong></span> <span class='ocrx_word' id='word_1_43' title='bbox 939 769 1078 837; x_wconf 84' lang='lat' dir='ltr'><strong>Quia</strong></span> <span class='ocrx_word' id='word_1_44' title='bbox 1116 767 1252 823; x_wconf 75' lang='lat' dir='ltr'><strong>dixit</strong></span> <span class='ocrx_word' id='word_1_45' title='bbox 1297 763 1575 819; x_wconf 82' lang='lat' dir='ltr'><strong>tristitiam</strong></span> <span class='ocrx_word' id='word_1_46' title='bbox 1623 761 1856 816; x_wconf 78' lang='lat' dir='ltr'><strong>habeam</strong></span> <span class='ocrx_word' id='word_1_47' title='bbox 1891 773 2054 829; x_wconf 81' lang='lat' dir='ltr'><strong>super</strong></span> 
     </span>
    </p>
   </div>
   <div class='ocr_carea' id='block_1_8' title="bbox 462 847 2052 930">
    <p class='ocr_par' dir='ltr' id='par_1_8' title="bbox 462 847 2052 930">
     <span class='ocr_line' id='line_1_8' title="bbox 462 847 2052 930; baseline -0.009 -9"><span class='ocrx_word' id='word_1_48' title='bbox 462 863 764 930; x_wconf 82' lang='lat' dir='ltr'><strong>tristitiam,</strong></span> <span class='ocrx_word' id='word_1_49' title='bbox 815 863 1057 918; x_wconf 77' lang='lat' dir='ltr'><strong>dicerent</strong></span> <span class='ocrx_word' id='word_1_50' title='bbox 1086 859 1163 914; x_wconf 88' lang='lat' dir='ltr'><strong>illi</strong></span> <span class='ocrx_word' id='word_1_51' title='bbox 1190 877 1202 912; x_wconf 91' lang='lat'><strong>:</strong></span> <span class='ocrx_word' id='word_1_52' title='bbox 1231 855 1552 911; x_wconf 82' lang='lat' dir='ltr'><strong>Habuistine</strong></span> <span class='ocrx_word' id='word_1_53' title='bbox 1591 851 1906 908; x_wconf 84' lang='lat' dir='ltr'><strong>tristitiam?</strong></span> <span class='ocrx_word' id='word_1_54' title='bbox 1929 847 2052 906; x_wconf 85' lang='lat' dir='ltr'><strong>Uti-</strong></span> 
     </span>
    </p>
   </div>
   <div class='ocr_carea' id='block_1_9' title="bbox 462 941 2052 1028">
    <p class='ocr_par' dir='ltr' id='par_1_9' title="bbox 462 941 2052 1028">
     <span class='ocr_line' id='line_1_9' title="bbox 462 941 2052 1028; baseline -0.013 -15"><span class='ocrx_word' id='word_1_55' title='bbox 462 957 571 1028; x_wconf 88' lang='lat' dir='ltr'><strong>que</strong></span> <span class='ocrx_word' id='word_1_56' title='bbox 599 955 785 1011; x_wconf 87' lang='lat' dir='ltr'><strong>habui.</strong></span> <span class='ocrx_word' id='word_1_57' title='bbox 831 953 974 1008; x_wconf 89' lang='lat' dir='ltr'><strong>Nam</strong></span> <span class='ocrx_word' id='word_1_58' title='bbox 999 967 1099 1023; x_wconf 89' lang='lat' dir='ltr'><strong>ego</strong></span> <span class='ocrx_word' id='word_1_59' title='bbox 1126 947 1314 1019; x_wconf 75' lang='lat' dir='ltr'><strong>scripsi</strong></span> <span class='ocrx_word' id='word_1_60' title='bbox 1349 947 1492 1001; x_wconf 81' lang='lat' dir='ltr'><strong>vobis</strong></span> <span class='ocrx_word' id='word_1_61' title='bbox 1529 960 1594 999; x_wconf 80' lang='lat' dir='ltr'><strong>ea:</strong></span> <span class='ocrx_word' id='word_1_62' title='bbox 1623 943 1791 998; x_wconf 89' lang='lat' dir='ltr'><strong>multa</strong></span> <span class='ocrx_word' id='word_1_63' title='bbox 1821 941 2052 996; x_wconf 86' lang='lat' dir='ltr'><strong>tribula-</strong></span> 
     </span>
    </p>
   </div>
   <div class='ocr_carea' id='block_1_10' title="bbox 409 1034 2082 1118">
    <p class='ocr_par' dir='ltr' id='par_1_10' title="bbox 409 1034 2082 1118">
     <span class='ocr_line' id='line_1_10' title="bbox 409 1034 2082 1118; baseline -0.01 -15"><span class='ocrx_word' id='word_1_64' title='bbox 409 1087 420 1092; x_wconf 57' lang='grc' dir='ltr'><strong>ε</strong></span> <span class='ocrx_word' id='word_1_65' title='bbox 465 1051 605 1102; x_wconf 93' lang='lat' dir='ltr'><strong>tione</strong></span> <span class='ocrx_word' id='word_1_66' title='bbox 636 1047 902 1118; x_wconf 90' lang='lat' dir='ltr'><strong>corporis,</strong></span> <span class='ocrx_word' id='word_1_67' title='bbox 931 1041 1249 1114; x_wconf 87' lang='lat' dir='ltr'><strong>jejunando,</strong></span> <span class='ocrx_word' id='word_1_68' title='bbox 1276 1037 1571 1109; x_wconf 84' lang='lat' dir='ltr'><strong>vigilando,</strong></span> <span class='ocrx_word' id='word_1_69' title='bbox 1598 1044 1660 1091; x_wconf 89' lang='lat' dir='ltr'><strong>ut</strong></span> <span class='ocrx_word' id='word_1_70' title='bbox 1689 1034 1832 1090; x_wconf 90' lang='lat' dir='ltr'><strong>Deus</strong></span> <span class='ocrx_word' id='word_1_71' title='bbox 1860 1049 2052 1104; x_wconf 86' lang='lat' dir='ltr'><strong>parce—</strong></span> <span class='ocrx_word' id='word_1_72' title='bbox 2077 1047 2082 1056; x_wconf 86' lang='lat'>&#39;</span> 
     </span>
    </p>
   </div>
   <div class='ocr_carea' id='block_1_11' title="bbox 462 1125 2054 1201">
    <p class='ocr_par' dir='ltr' id='par_1_11' title="bbox 462 1125 2054 1201">
     <span class='ocr_line' id='line_1_11' title="bbox 462 1125 2054 1201; baseline -0.009 -7"><span class='ocrx_word' id='word_1_73' title='bbox 462 1149 546 1194; x_wconf 89' lang='lat' dir='ltr'><strong>ret</strong></span> <span class='ocrx_word' id='word_1_74' title='bbox 573 1139 730 1194; x_wconf 85' lang='lat' dir='ltr'><strong>vobis</strong></span> <span class='ocrx_word' id='word_1_75' title='bbox 760 1157 774 1194; x_wconf 88' lang='lat'><strong>:</strong></span> <span class='ocrx_word' id='word_1_76' title='bbox 803 1146 854 1192; x_wconf 91' lang='lat' dir='ltr'><strong>et</strong></span> <span class='ocrx_word' id='word_1_77' title='bbox 892 1150 957 1190; x_wconf 76' lang='lat' dir='ltr'><strong>ea:</strong></span> <span class='ocrx_word' id='word_1_78' title='bbox 999 1132 1168 1187; x_wconf 87' lang='lat' dir='ltr'><strong>multa</strong></span> <span class='ocrx_word' id='word_1_79' title='bbox 1200 1131 1452 1201; x_wconf 79' lang='lat' dir='ltr'><strong>angustia</strong></span> <span class='ocrx_word' id='word_1_80' title='bbox 1481 1127 1656 1182; x_wconf 87' lang='lat' dir='ltr'><strong>cordis</strong></span> <span class='ocrx_word' id='word_1_81' title='bbox 1687 1125 1954 1182; x_wconf 89' lang='lat' dir='ltr'><strong>sollicitus</strong></span> <span class='ocrx_word' id='word_1_82' title='bbox 1987 1125 2054 1180; x_wconf 89' lang='lat' dir='ltr'><strong>de</strong></span> 
     </span>
    </p>
   </div>
   <div class='ocr_carea' id='block_1_12' title="bbox 464 1215 2053 1294">
    <p class='ocr_par' dir='ltr' id='par_1_12' title="bbox 464 1215 2053 1294">
     <span class='ocr_line' id='line_1_12' title="bbox 464 1215 2053 1294; baseline -0.011 -8"><span class='ocrx_word' id='word_1_83' title='bbox 464 1232 646 1286; x_wconf 27' lang='lat' dir='ltr'><strong>salute.</strong></span> <span class='ocrx_word' id='word_1_84' title='bbox 669 1236 846 1284; x_wconf 89' lang='lat' dir='ltr'><strong>vestra</strong></span> <span class='ocrx_word' id='word_1_85' title='bbox 875 1224 1072 1294; x_wconf 83' lang='lat' dir='ltr'><strong>scripsi</strong></span> <span class='ocrx_word' id='word_1_86' title='bbox 1101 1223 1278 1288; x_wconf 81' lang='lat' dir='ltr'><strong>vobis,</strong></span> <span class='ocrx_word' id='word_1_87' title='bbox 1303 1219 1590 1291; x_wconf 84' lang='lat' dir='ltr'><strong>aflligendo</strong></span> <span class='ocrx_word' id='word_1_88' title='bbox 1615 1233 1704 1274; x_wconf 91' lang='lat' dir='ltr'><strong>me</strong></span> <span class='ocrx_word' id='word_1_89' title='bbox 1729 1233 1826 1288; x_wconf 89' lang='lat' dir='ltr'><strong>per</strong></span> <span class='ocrx_word' id='word_1_90' title='bbox 1850 1215 2053 1271; x_wconf 86' lang='lat' dir='ltr'><strong>multas</strong></span> 
     </span>
    </p>
   </div>
   <div class='ocr_carea' id='block_1_13' title="bbox 463 1308 2054 1393">
    <p class='ocr_par' dir='ltr' id='par_1_13' title="bbox 463 1308 2054 1393">
     <span class='ocr_line' id='line_1_13' title="bbox 463 1308 2054 1393; baseline -0.007 -20"><span class='ocrx_word' id='word_1_91' title='bbox 463 1321 751 1393; x_wconf 83' lang='lat' dir='ltr'><strong>lacrymas.</strong></span> <span class='ocrx_word' id='word_1_92' title='bbox 790 1315 900 1373; x_wconf 88' lang='lat' dir='ltr'><strong>Nec</strong></span> <span class='ocrx_word' id='word_1_93' title='bbox 941 1316 1064 1371; x_wconf 90' lang='lat' dir='ltr'><strong>ideo</strong></span> <span class='ocrx_word' id='word_1_94' title='bbox 1106 1329 1196 1370; x_wconf 90' lang='lat' dir='ltr'><strong>me</strong></span> <span class='ocrx_word' id='word_1_95' title='bbox 1231 1311 1551 1368; x_wconf 89' lang='lat' dir='ltr'><strong>tribulatum</strong></span> <span class='ocrx_word' id='word_1_96' title='bbox 1589 1319 1644 1365; x_wconf 90' lang='lat' dir='ltr'><strong>et</strong></span> <span class='ocrx_word' id='word_1_97' title='bbox 1677 1308 2054 1381; x_wconf 82' lang='lat' dir='ltr'><strong>angustiatum</strong></span> 
     </span>
    </p>
   </div>
   <div class='ocr_carea' id='block_1_14' title="bbox 463 1402 2053 1478">
    <p class='ocr_par' dir='ltr' id='par_1_14' title="bbox 463 1402 2053 1478">
     <span class='ocr_line' id='line_1_14' title="bbox 463 1402 2053 1478; baseline -0.009 -9"><span class='ocrx_word' id='word_1_98' title='bbox 463 1430 588 1470; x_wconf 89' lang='lat' dir='ltr'><strong>esse</strong></span> <span class='ocrx_word' id='word_1_99' title='bbox 619 1427 883 1478; x_wconf 86' lang='lat' dir='ltr'><strong>memoro,</strong></span> <span class='ocrx_word' id='word_1_100' title='bbox 925 1418 985 1464; x_wconf 87' lang='lat' dir='ltr'><strong>ut</strong></span> <span class='ocrx_word' id='word_1_101' title='bbox 1020 1423 1119 1464; x_wconf 89' lang='lat' dir='ltr'><strong>vos</strong></span> <span class='ocrx_word' id='word_1_102' title='bbox 1147 1421 1366 1462; x_wconf 83' lang='lat' dir='ltr'><strong>mecum</strong></span> <span class='ocrx_word' id='word_1_103' title='bbox 1395 1402 1794 1460; x_wconf 87' lang='lat' dir='ltr'><strong>eontristemini</strong></span> <span class='ocrx_word' id='word_1_104' title='bbox 1827 1402 1957 1456; x_wconf 87' lang='lat' dir='ltr'><strong>:sed</strong></span> <span class='ocrx_word' id='word_1_105' title='bbox 1995 1409 2053 1454; x_wconf 90' lang='lat' dir='ltr'><strong>ut</strong></span> 
     </span>
    </p>
   </div>
   <div class='ocr_carea' id='block_1_15' title="bbox 463 1493 2057 1575">
    <p class='ocr_par' dir='ltr' id='par_1_15' title="bbox 463 1493 2057 1575">
     <span class='ocr_line' id='line_1_15' title="bbox 463 1493 2057 1575; baseline -0.006 -17"><span class='ocrx_word' id='word_1_106' title='bbox 463 1506 646 1560; x_wconf 76' lang='lat' dir='ltr'><strong>sciatis</strong></span> <span class='ocrx_word' id='word_1_107' title='bbox 668 1512 926 1575; x_wconf 90' lang='lat' dir='ltr'><strong>quantam</strong></span> <span class='ocrx_word' id='word_1_108' title='bbox 949 1501 1264 1556; x_wconf 83' lang='lat' dir='ltr'><strong>charitatem</strong></span> <span class='ocrx_word' id='word_1_109' title='bbox 1289 1498 1508 1552; x_wconf 85' lang='lat' dir='ltr'><strong>habeam</strong></span> <span class='ocrx_word' id='word_1_110' title='bbox 1531 1496 1602 1550; x_wconf 86' lang='lat' dir='ltr'><strong>ad</strong></span> <span class='ocrx_word' id='word_1_111' title='bbox 1634 1511 1830 1550; x_wconf 89' lang='lat' dir='ltr'><strong>omnes.</strong></span> <span class='ocrx_word' id='word_1_112' title='bbox 1867 1493 2057 1549; x_wconf 87' lang='lat' dir='ltr'><strong>Chari-</strong></span> 
     </span>
    </p>
   </div>
   <div class='ocr_carea' id='block_1_16' title="bbox 469 1587 2054 1656">
    <p class='ocr_par' dir='ltr' id='par_1_16' title="bbox 469 1587 2054 1656">
     <span class='ocr_line' id='line_1_16' title="bbox 469 1587 2054 1656; baseline -0.004 -7"><span class='ocrx_word' id='word_1_113' title='bbox 469 1604 638 1652; x_wconf 87' lang='lat' dir='ltr'><strong>tatem</strong></span> <span class='ocrx_word' id='word_1_114' title='bbox 673 1595 796 1650; x_wconf 89' lang='lat' dir='ltr'><strong>dico</strong></span> <span class='ocrx_word' id='word_1_115' title='bbox 835 1591 1202 1656; x_wconf 80' lang='lat' dir='ltr'><strong>abundantius</strong></span> <span class='ocrx_word' id='word_1_116' title='bbox 1235 1590 1288 1643; x_wconf 85' lang='lat' dir='ltr'><strong>in</strong></span> <span class='ocrx_word' id='word_1_117' title='bbox 1338 1588 1478 1644; x_wconf 81' lang='lat' dir='ltr'><strong>vobis</strong></span> <span class='ocrx_word' id='word_1_118' title='bbox 1531 1596 1807 1644; x_wconf 86' lang='lat' dir='ltr'><strong>ostensam</strong></span> <span class='ocrx_word' id='word_1_119' title='bbox 1855 1605 1869 1642; x_wconf 88' lang='lat'><strong>:</strong></span> <span class='ocrx_word' id='word_1_120' title='bbox 1911 1587 2054 1656; x_wconf 88' lang='lat' dir='ltr'><strong>apud</strong></span> 
     </span>
    </p>
   </div>
   <div class='ocr_carea' id='block_1_17' title="bbox 468 1680 2051 1758">
    <p class='ocr_par' dir='ltr' id='par_1_17' title="bbox 468 1680 2051 1758">
     <span class='ocr_line' id='line_1_17' title="bbox 468 1680 2051 1758; baseline -0.004 -16"><span class='ocrx_word' id='word_1_121' title='bbox 468 1701 611 1758; x_wconf 87' lang='lat' dir='ltr'><strong>quos</strong></span> <span class='ocrx_word' id='word_1_122' title='bbox 649 1694 705 1741; x_wconf 89' lang='lat' dir='ltr'><strong>et</strong></span> <span class='ocrx_word' id='word_1_123' title='bbox 737 1684 944 1740; x_wconf 88' lang='lat' dir='ltr'><strong>diutius</strong></span> <span class='ocrx_word' id='word_1_124' title='bbox 985 1682 1200 1738; x_wconf 90' lang='lat' dir='ltr'><strong>mansi:</strong></span> <span class='ocrx_word' id='word_1_125' title='bbox 1225 1690 1280 1737; x_wconf 88' lang='lat' dir='ltr'><strong>et</strong></span> <span class='ocrx_word' id='word_1_126' title='bbox 1312 1681 1449 1736; x_wconf 87' lang='lat' dir='ltr'><strong>nihil</strong></span> <span class='ocrx_word' id='word_1_127' title='bbox 1492 1695 1524 1735; x_wconf 92' lang='lat' dir='ltr'><strong>a</strong></span> <span class='ocrx_word' id='word_1_128' title='bbox 1561 1681 1718 1737; x_wconf 85' lang='lat' dir='ltr'><strong>vobis</strong></span> <span class='ocrx_word' id='word_1_129' title='bbox 1763 1680 2051 1750; x_wconf 85' lang='lat' dir='ltr'><strong>recipiens,</strong></span> 
     </span>
    </p>
   </div>
   <div class='ocr_carea' id='block_1_18' title="bbox 468 1772 2052 1843">
    <p class='ocr_par' dir='ltr' id='par_1_18' title="bbox 468 1772 2052 1843">
     <span class='ocr_line' id='line_1_18' title="bbox 468 1772 2052 1843; baseline -0.002 -12"><span class='ocrx_word' id='word_1_130' title='bbox 468 1779 536 1831; x_wconf 89' lang='lat' dir='ltr'><strong>de</strong></span> <span class='ocrx_word' id='word_1_131' title='bbox 565 1778 752 1832; x_wconf 90' lang='lat' dir='ltr'><strong>labore</strong></span> <span class='ocrx_word' id='word_1_132' title='bbox 783 1790 1050 1830; x_wconf 90' lang='lat' dir='ltr'><strong>manuum</strong></span> <span class='ocrx_word' id='word_1_133' title='bbox 1089 1773 1221 1830; x_wconf 79' lang='lat' dir='ltr'><strong>vixi.</strong></span> <span class='ocrx_word' id='word_1_134' title='bbox 1265 1773 1498 1830; x_wconf 89' lang='lat' dir='ltr'><strong>Ostensa</strong></span> <span class='ocrx_word' id='word_1_135' title='bbox 1541 1787 1732 1840; x_wconf 89' lang='lat' dir='ltr'><strong>causa,</strong></span> <span class='ocrx_word' id='word_1_136' title='bbox 1777 1787 1949 1843; x_wconf 87' lang='lat' dir='ltr'><strong>quare</strong></span> <span class='ocrx_word' id='word_1_137' title='bbox 1985 1772 2052 1828; x_wconf 90' lang='lat' dir='ltr'><strong>ad</strong></span> 
     </span>
    </p>
   </div>
   <div class='ocr_carea' id='block_1_19' title="bbox 462 1865 2054 1937">
    <p class='ocr_par' dir='ltr' id='par_1_19' title="bbox 462 1865 2054 1937">
     <span class='ocr_line' id='line_1_19' title="bbox 462 1865 2054 1937; baseline -0.003 -13"><span class='ocrx_word' id='word_1_138' title='bbox 462 1885 560 1924; x_wconf 91' lang='lat' dir='ltr'><strong>eos</strong></span> <span class='ocrx_word' id='word_1_139' title='bbox 589 1884 700 1928; x_wconf 86' lang='lat' dir='ltr'><strong>non</strong></span> <span class='ocrx_word' id='word_1_140' title='bbox 720 1868 950 1935; x_wconf 87' lang='lat' dir='ltr'><strong>venerit,</strong></span> <span class='ocrx_word' id='word_1_141' title='bbox 979 1882 1101 1937; x_wconf 82' lang='lat' dir='ltr'><strong>quae</strong></span> <span class='ocrx_word' id='word_1_142' title='bbox 1120 1881 1284 1922; x_wconf 90' lang='lat' dir='ltr'><strong>causa</strong></span> <span class='ocrx_word' id='word_1_143' title='bbox 1316 1866 1383 1922; x_wconf 90' lang='lat' dir='ltr'><strong>ad</strong></span> <span class='ocrx_word' id='word_1_144' title='bbox 1413 1865 1726 1922; x_wconf 86' lang='lat' dir='ltr'><strong>suasionem</strong></span> <span class='ocrx_word' id='word_1_145' title='bbox 1757 1866 2054 1921; x_wconf 89' lang='lat' dir='ltr'><strong>correctio-</strong></span> 
     </span>
    </p>
   </div>
   <div class='ocr_carea' id='block_1_20' title="bbox 465 1956 2053 2028">
    <p class='ocr_par' dir='ltr' id='par_1_20' title="bbox 465 1956 2053 2028">
     <span class='ocr_line' id='line_1_20' title="bbox 465 1956 2053 2028; baseline -0.003 -12"><span class='ocrx_word' id='word_1_146' title='bbox 465 1962 553 2016; x_wconf 89' lang='lat' dir='ltr'><strong>nis</strong></span> <span class='ocrx_word' id='word_1_147' title='bbox 580 1961 776 2016; x_wconf 84' lang='lat' dir='ltr'><strong>idonea</strong></span> <span class='ocrx_word' id='word_1_148' title='bbox 805 1959 926 2027; x_wconf 89' lang='lat' dir='ltr'><strong>fuit,</strong></span> <span class='ocrx_word' id='word_1_149' title='bbox 961 1959 1144 2015; x_wconf 89' lang='lat' dir='ltr'><strong>subdit</strong></span> <span class='ocrx_word' id='word_1_150' title='bbox 1174 1959 1240 2014; x_wconf 90' lang='lat' dir='ltr'><strong>de</strong></span> <span class='ocrx_word' id='word_1_151' title='bbox 1273 1959 1368 2013; x_wconf 90' lang='lat' dir='ltr'><strong>illo</strong></span> <span class='ocrx_word' id='word_1_152' title='bbox 1401 1973 1562 2028; x_wconf 84' lang='lat' dir='ltr'><strong>quem</strong></span> <span class='ocrx_word' id='word_1_153' title='bbox 1596 1958 1665 2012; x_wconf 88' lang='lat' dir='ltr'><strong>ab</strong></span> <span class='ocrx_word' id='word_1_154' title='bbox 1693 1956 1938 2014; x_wconf 88' lang='lat' dir='ltr'><strong>Ecclesia</strong></span> <span class='ocrx_word' id='word_1_155' title='bbox 1967 1972 2053 2012; x_wconf 85' lang='lat' dir='ltr'><strong>se—</strong></span> 
     </span>
    </p>
   </div>
   <div class='ocr_carea' id='block_1_21' title="bbox 435 2047 2054 2122">
    <p class='ocr_par' dir='ltr' id='par_1_21' title="bbox 435 2047 2054 2122">
     <span class='ocr_line' id='line_1_21' title="bbox 435 2047 2054 2122; baseline -0.001 -15"><span class='ocrx_word' id='word_1_156' title='bbox 435 2047 646 2122; x_wconf 68' lang='lat' dir='ltr'><strong>&#39;parari</strong></span> <span class='ocrx_word' id='word_1_157' title='bbox 679 2052 922 2122; x_wconf 88' lang='lat' dir='ltr'><strong>jusscrat</strong></span> <span class='ocrx_word' id='word_1_158' title='bbox 958 2051 1014 2105; x_wconf 87' lang='lat' dir='ltr'><strong>in</strong></span> <span class='ocrx_word' id='word_1_159' title='bbox 1040 2051 1148 2105; x_wconf 88' lang='lat' dir='ltr'><strong>alia</strong></span> <span class='ocrx_word' id='word_1_160' title='bbox 1177 2049 1419 2120; x_wconf 88' lang='lat' dir='ltr'><strong>Epistola</strong></span> <span class='ocrx_word' id='word_1_161' title='bbox 1442 2065 1456 2104; x_wconf 89' lang='lat'><strong>:</strong></span> <span class='ocrx_word' id='word_1_162' title='bbox 1483 2049 1611 2120; x_wconf 89' lang='lat' dir='ltr'><strong>quia</strong></span> <span class='ocrx_word' id='word_1_163' title='bbox 1643 2048 1876 2106; x_wconf 79' lang='lat' dir='ltr'><strong>duxerat</strong></span> <span class='ocrx_word' id='word_1_164' title='bbox 1914 2064 2054 2105; x_wconf 81' lang='lat' dir='ltr'><strong>uxo-</strong></span> 
     </span>
    </p>
   </div>
   <div class='ocr_carea' id='block_1_22' title="bbox 461 2138 2054 2213">
    <p class='ocr_par' dir='ltr' id='par_1_22' title="bbox 461 2138 2054 2213">
     <span class='ocr_line' id='line_1_22' title="bbox 461 2138 2054 2213; baseline -0.001 -17"><span class='ocrx_word' id='word_1_165' title='bbox 461 2159 574 2198; x_wconf 88' lang='lat' dir='ltr'><strong>rem</strong></span> <span class='ocrx_word' id='word_1_166' title='bbox 605 2143 779 2213; x_wconf 87' lang='lat' dir='ltr'><strong>patris</strong></span> <span class='ocrx_word' id='word_1_167' title='bbox 807 2161 818 2197; x_wconf 95' lang='lat'>:</span> <span class='ocrx_word' id='word_1_168' title='bbox 845 2141 1006 2212; x_wconf 88' lang='lat' dir='ltr'><strong>cujus</strong></span> <span class='ocrx_word' id='word_1_169' title='bbox 1033 2140 1409 2212; x_wconf 64' lang='lat' dir='ltr'><strong>paenitentiam</strong></span> <span class='ocrx_word' id='word_1_170' title='bbox 1441 2139 1593 2212; x_wconf 88' lang='lat' dir='ltr'><strong>(quia</strong></span> <span class='ocrx_word' id='word_1_171' title='bbox 1629 2140 1837 2196; x_wconf 86' lang='lat' dir='ltr'><strong>audivit</strong></span> <span class='ocrx_word' id='word_1_172' title='bbox 1872 2138 2054 2194; x_wconf 89' lang='lat' dir='ltr'><strong>indul-</strong></span> 
     </span>
    </p>
   </div>
   <div class='ocr_carea' id='block_1_23' title="bbox 460 2231 2055 2305">
    <p class='ocr_par' dir='ltr' id='par_1_23' title="bbox 460 2231 2055 2305">
     <span class='ocr_line' id='line_1_23' title="bbox 460 2231 2055 2305; baseline -0.001 -16"><span class='ocrx_word' id='word_1_173' title='bbox 460 2235 641 2304; x_wconf 82' lang='lat' dir='ltr'><strong>gentia</strong></span> <span class='ocrx_word' id='word_1_174' title='bbox 671 2235 928 2305; x_wconf 84' lang='lat' dir='ltr'><strong>dignam)</strong></span> <span class='ocrx_word' id='word_1_175' title='bbox 979 2233 1172 2290; x_wconf 88' lang='lat' dir='ltr'><strong>scribit</strong></span> <span class='ocrx_word' id='word_1_176' title='bbox 1211 2232 1471 2290; x_wconf 82' lang='lat' dir='ltr'><strong>Eeelesiae</strong></span> <span class='ocrx_word' id='word_1_177' title='bbox 1510 2231 1944 2298; x_wconf 88' lang='lat' dir='ltr'><strong>Corinthiorum,</strong></span> <span class='ocrx_word' id='word_1_178' title='bbox 1993 2240 2055 2288; x_wconf 91' lang='lat' dir='ltr'><strong>ut</strong></span> 
     </span>
    </p>
   </div>
   <div class='ocr_carea' id='block_1_24' title="bbox 459 2319 2054 2392">
    <p class='ocr_par' dir='ltr' id='par_1_24' title="bbox 459 2319 2054 2392">
     <span class='ocr_line' id='line_1_24' title="bbox 459 2319 2054 2392; baseline -0.001 -16"><span class='ocrx_word' id='word_1_179' title='bbox 459 2339 586 2377; x_wconf 91' lang='lat' dir='ltr'><strong>eum</strong></span> <span class='ocrx_word' id='word_1_180' title='bbox 621 2323 884 2392; x_wconf 88' lang='lat' dir='ltr'><strong>recipiant</strong></span> <span class='ocrx_word' id='word_1_181' title='bbox 910 2341 924 2376; x_wconf 90' lang='lat'>:</span> <span class='ocrx_word' id='word_1_182' title='bbox 953 2321 1192 2377; x_wconf 85' lang='lat' dir='ltr'><strong>scientes</strong></span> <span class='ocrx_word' id='word_1_183' title='bbox 1219 2320 1450 2376; x_wconf 87' lang='lat' dir='ltr'><strong>Paulum</strong></span> <span class='ocrx_word' id='word_1_184' title='bbox 1479 2320 1776 2376; x_wconf 86' lang='lat' dir='ltr'><strong>indulsisse</strong></span> <span class='ocrx_word' id='word_1_185' title='bbox 1809 2319 1907 2375; x_wconf 90' lang='lat' dir='ltr'><strong>illi.</strong></span> <span class='ocrx_word' id='word_1_186' title='bbox 1935 2319 2054 2375; x_wconf 85' lang='lat' dir='ltr'><strong>Lit-</strong></span> 
     </span>
    </p>
   </div>
   <div class='ocr_carea' id='block_1_25' title="bbox 463 2409 2055 2482">
    <p class='ocr_par' dir='ltr' id='par_1_25' title="bbox 463 2409 2055 2482">
     <span class='ocr_line' id='line_1_25' title="bbox 463 2409 2055 2482; baseline -0.001 -14"><span class='ocrx_word' id='word_1_187' title='bbox 463 2423 576 2468; x_wconf 87' lang='lat' dir='ltr'><strong>tera</strong></span> <span class='ocrx_word' id='word_1_188' title='bbox 607 2413 688 2467; x_wconf 90' lang='lat' dir='ltr'><strong>sic</strong></span> <span class='ocrx_word' id='word_1_189' title='bbox 716 2412 964 2482; x_wconf 81' lang='lat' dir='ltr'><strong>jungitur</strong></span> <span class='ocrx_word' id='word_1_190' title='bbox 993 2431 1007 2466; x_wconf 87' lang='lat'><strong>:</strong></span> <span class='ocrx_word' id='word_1_191' title='bbox 1034 2410 1171 2467; x_wconf 83' lang='lat' dir='ltr'><strong>Nolo</strong></span> <span class='ocrx_word' id='word_1_192' title='bbox 1205 2419 1264 2466; x_wconf 93' lang='lat' dir='ltr'><strong>ut</strong></span> <span class='ocrx_word' id='word_1_193' title='bbox 1289 2425 1388 2466; x_wconf 92' lang='lat' dir='ltr'><strong>vos</strong></span> <span class='ocrx_word' id='word_1_194' title='bbox 1419 2409 1849 2477; x_wconf 89' lang='lat' dir='ltr'><strong>contristemini;</strong></span> <span class='ocrx_word' id='word_1_195' title='bbox 1883 2409 1980 2465; x_wconf 91' lang='lat' dir='ltr'><strong>sed</strong></span> <span class='ocrx_word' id='word_1_196' title='bbox 2007 2409 2055 2466; x_wconf 88' lang='lat' dir='ltr'><strong>si</strong></span> 
     </span>
    </p>
   </div>
   <div class='ocr_carea' id='block_1_26' title="bbox 463 2499 2054 2574">
    <p class='ocr_par' dir='ltr' id='par_1_26' title="bbox 463 2499 2054 2574">
     <span class='ocr_line' id='line_1_26' title="bbox 463 2499 2054 2574; baseline -0.001 -18"><span class='ocrx_word' id='word_1_197' title='bbox 463 2503 588 2573; x_wconf 85' lang='lat' dir='ltr'><strong>quis</strong></span> <span class='ocrx_word' id='word_1_198' title='bbox 611 2502 954 2558; x_wconf 84' lang='lat' dir='ltr'><strong>oontristavit</strong></span> <span class='ocrx_word' id='word_1_199' title='bbox 979 2517 1068 2558; x_wconf 90' lang='lat' dir='ltr'><strong>me</strong></span> <span class='ocrx_word' id='word_1_200' title='bbox 1091 2503 1174 2574; x_wconf 92' lang='lat' dir='ltr'><strong>(ut</strong></span> <span class='ocrx_word' id='word_1_201' title='bbox 1199 2502 1290 2556; x_wconf 85' lang='lat' dir='ltr'><strong>ille</strong></span> <span class='ocrx_word' id='word_1_202' title='bbox 1309 2502 1406 2573; x_wconf 90' lang='lat' dir='ltr'><strong>qui</strong></span> <span class='ocrx_word' id='word_1_203' title='bbox 1428 2517 1655 2556; x_wconf 74' lang='lat' dir='ltr'><strong>uxorem</strong></span> <span class='ocrx_word' id='word_1_204' title='bbox 1675 2501 1848 2572; x_wconf 89' lang='lat' dir='ltr'><strong>patris</strong></span> <span class='ocrx_word' id='word_1_205' title='bbox 1875 2499 2054 2572; x_wconf 75' lang='lat' dir='ltr'><strong>duxit)</strong></span> 
     </span>
    </p>
   </div>
   <div class='ocr_carea' id='block_1_27' title="bbox 463 2593 2052 2660">
    <p class='ocr_par' dir='ltr' id='par_1_27' title="bbox 463 2593 2052 2660">
     <span class='ocr_line' id='line_1_27' title="bbox 463 2593 2052 2660; baseline 0 -12"><span class='ocrx_word' id='word_1_206' title='bbox 463 2609 574 2648; x_wconf 90' lang='lat' dir='ltr'><strong>non</strong></span> <span class='ocrx_word' id='word_1_207' title='bbox 622 2608 710 2648; x_wconf 86' lang='lat' dir='ltr'><strong>me</strong></span> <span class='ocrx_word' id='word_1_208' title='bbox 755 2601 965 2648; x_wconf 90' lang='lat' dir='ltr'><strong>tantum</strong></span> <span class='ocrx_word' id='word_1_209' title='bbox 1017 2593 1378 2660; x_wconf 87' lang='lat' dir='ltr'><strong>eontristavit,</strong></span> <span class='ocrx_word' id='word_1_210' title='bbox 1427 2593 1524 2650; x_wconf 89' lang='lat' dir='ltr'><strong>sed</strong></span> <span class='ocrx_word' id='word_1_211' title='bbox 1566 2607 1664 2648; x_wconf 88' lang='lat' dir='ltr'><strong>vos</strong></span> <span class='ocrx_word' id='word_1_212' title='bbox 1693 2611 1706 2648; x_wconf 89' lang='lat'><strong>:</strong></span> <span class='ocrx_word' id='word_1_213' title='bbox 1733 2601 1788 2648; x_wconf 91' lang='lat' dir='ltr'><strong>et</strong></span> <span class='ocrx_word' id='word_1_214' title='bbox 1832 2593 1940 2648; x_wconf 89' lang='lat' dir='ltr'><strong>hoc</strong></span> <span class='ocrx_word' id='word_1_215' title='bbox 1985 2609 2052 2648; x_wconf 79' lang='lat' dir='ltr'><strong>ex</strong></span> 
     </span>
    </p>
   </div>
   <div class='ocr_carea' id='block_1_28' title="bbox 461 2683 2054 2756">
    <p class='ocr_par' dir='ltr' id='par_1_28' title="bbox 461 2683 2054 2756">
     <span class='ocr_line' id='line_1_28' title="bbox 461 2683 2054 2756; baseline 0.003 -17"><span class='ocrx_word' id='word_1_216' title='bbox 461 2697 652 2754; x_wconf 90' lang='lat' dir='ltr'><strong>parte:</strong></span> <span class='ocrx_word' id='word_1_217' title='bbox 685 2699 794 2739; x_wconf 92' lang='lat' dir='ltr'><strong>non</strong></span> <span class='ocrx_word' id='word_1_218' title='bbox 836 2684 982 2740; x_wconf 88' lang='lat' dir='ltr'><strong>enim</strong></span> <span class='ocrx_word' id='word_1_219' title='bbox 1013 2699 1206 2740; x_wconf 88' lang='lat' dir='ltr'><strong>omnes</strong></span> <span class='ocrx_word' id='word_1_220' title='bbox 1243 2684 1549 2746; x_wconf 72' lang='lat' dir='ltr'><strong>contristati</strong></span> <span class='ocrx_word' id='word_1_221' title='bbox 1586 2684 1744 2756; x_wconf 88' lang='lat' dir='ltr'><strong>estis,</strong></span> <span class='ocrx_word' id='word_1_222' title='bbox 1787 2683 1883 2746; x_wconf 88' lang='lat' dir='ltr'><strong>sed</strong></span> <span class='ocrx_word' id='word_1_223' title='bbox 1925 2683 2054 2745; x_wconf 86' lang='lat' dir='ltr'><strong>boni</strong></span> 
     </span>
    </p>
   </div>
   <div class='ocr_carea' id='block_1_29' title="bbox 463 2772 2055 2849">
    <p class='ocr_par' dir='ltr' id='par_1_29' title="bbox 463 2772 2055 2849">
     <span class='ocr_line' id='line_1_29' title="bbox 463 2772 2055 2849; baseline 0.006 -22"><span class='ocrx_word' id='word_1_224' title='bbox 463 2781 675 2830; x_wconf 88' lang='lat' dir='ltr'><strong>tantum</strong></span> <span class='ocrx_word' id='word_1_225' title='bbox 717 2773 1048 2831; x_wconf 87' lang='lat' dir='ltr'><strong>condoluere</strong></span> <span class='ocrx_word' id='word_1_226' title='bbox 1089 2772 1250 2836; x_wconf 74' lang='lat' dir='ltr'><strong>fratri</strong></span> <span class='ocrx_word' id='word_1_227' title='bbox 1294 2779 1562 2849; x_wconf 83' lang='lat' dir='ltr'><strong>peecanti.</strong></span> <span class='ocrx_word' id='word_1_228' title='bbox 1611 2778 1692 2834; x_wconf 79' lang='lat' dir='ltr'><strong>Ex</strong></span> <span class='ocrx_word' id='word_1_229' title='bbox 1729 2788 1884 2849; x_wconf 89' lang='lat' dir='ltr'><strong>parte</strong></span> <span class='ocrx_word' id='word_1_230' title='bbox 1931 2779 2055 2836; x_wconf 90' lang='lat' dir='ltr'><strong>ideo</strong></span> 
     </span>
    </p>
   </div>
   <div class='ocr_carea' id='block_1_30' title="bbox 462 2865 2058 2944">
    <p class='ocr_par' dir='ltr' id='par_1_30' title="bbox 462 2865 2058 2944">
     <span class='ocr_line' id='line_1_30' title="bbox 462 2865 2058 2944; baseline 0.004 -22"><span class='ocrx_word' id='word_1_231' title='bbox 462 2865 588 2920; x_wconf 90' lang='lat' dir='ltr'><strong>dico</strong></span> <span class='ocrx_word' id='word_1_232' title='bbox 614 2883 628 2920; x_wconf 92' lang='lat'>:</span> <span class='ocrx_word' id='word_1_233' title='bbox 654 2873 714 2919; x_wconf 87' lang='lat' dir='ltr'><strong>ut</strong></span> <span class='ocrx_word' id='word_1_234' title='bbox 745 2882 849 2925; x_wconf 81' lang='lat' dir='ltr'><strong>non</strong></span> <span class='ocrx_word' id='word_1_235' title='bbox 881 2886 1088 2926; x_wconf 84' lang='lat' dir='ltr'><strong>onerem</strong></span> <span class='ocrx_word' id='word_1_236' title='bbox 1115 2887 1292 2927; x_wconf 81' lang='lat' dir='ltr'><strong>omnes</strong></span> <span class='ocrx_word' id='word_1_237' title='bbox 1319 2888 1435 2940; x_wconf 79' lang='lat' dir='ltr'><strong>sos,</strong></span> <span class='ocrx_word' id='word_1_238' title='bbox 1469 2871 1632 2928; x_wconf 82' lang='lat' dir='ltr'><strong>idest</strong></span> <span class='ocrx_word' id='word_1_239' title='bbox 1661 2871 1946 2944; x_wconf 88' lang='lat' dir='ltr'><strong>indignum</strong></span> <span class='ocrx_word' id='word_1_240' title='bbox 1973 2881 2058 2930; x_wconf 92' lang='lat' dir='ltr'><strong>est</strong></span> 
     </span>
    </p>
   </div>
   <div class='ocr_carea' id='block_1_31' title="bbox 463 2957 2056 3032">
    <p class='ocr_par' dir='ltr' id='par_1_31' title="bbox 463 2957 2056 3032">
     <span class='ocr_line' id='line_1_31' title="bbox 463 2957 2056 3032; baseline 0.004 -19"><span class='ocrx_word' id='word_1_241' title='bbox 463 2957 571 3014; x_wconf 87' lang='lat' dir='ltr'><strong>hoc</strong></span> <span class='ocrx_word' id='word_1_242' title='bbox 613 2975 752 3017; x_wconf 90' lang='lat' dir='ltr'><strong>onus</strong></span> <span class='ocrx_word' id='word_1_243' title='bbox 792 2961 1072 3032; x_wconf 88' lang='lat' dir='ltr'><strong>imponere</strong></span> <span class='ocrx_word' id='word_1_244' title='bbox 1109 2964 1266 3020; x_wconf 79' lang='lat' dir='ltr'><strong>vobis</strong></span> <span class='ocrx_word' id='word_1_245' title='bbox 1317 2963 1602 3030; x_wconf 84' lang='lat' dir='ltr'><strong>omnibus,</strong></span> <span class='ocrx_word' id='word_1_246' title='bbox 1647 2972 1710 3020; x_wconf 90' lang='lat' dir='ltr'><strong>ut</strong></span> <span class='ocrx_word' id='word_1_247' title='bbox 1743 2961 1898 3018; x_wconf 81' lang='lat' dir='ltr'><strong>fratri</strong></span> <span class='ocrx_word' id='word_1_248' title='bbox 1943 2979 2056 3020; x_wconf 92' lang='lat' dir='ltr'><strong>non</strong></span> 
     </span>
    </p>
   </div>
   <div class='ocr_carea' id='block_1_32' title="bbox 470 3053 2056 3124">
    <p class='ocr_par' dir='ltr' id='par_1_32' title="bbox 470 3053 2056 3124">
     <span class='ocr_line' id='line_1_32' title="bbox 470 3053 2056 3124; baseline 0.002 -17"><span class='ocrx_word' id='word_1_249' title='bbox 470 3053 902 3123; x_wconf 87' lang='lat' dir='ltr'><strong>eompatiamini.</strong></span> <span class='ocrx_word' id='word_1_250' title='bbox 949 3053 1064 3110; x_wconf 84' lang='lat' dir='ltr'><strong>Hoc</strong></span> <span class='ocrx_word' id='word_1_251' title='bbox 1099 3063 1284 3110; x_wconf 90' lang='lat' dir='ltr'><strong>autem</strong></span> <span class='ocrx_word' id='word_1_252' title='bbox 1313 3054 1523 3112; x_wconf 90' lang='lat' dir='ltr'><strong>ironice</strong></span> <span class='ocrx_word' id='word_1_253' title='bbox 1545 3053 1679 3111; x_wconf 87' lang='lat' dir='ltr'><strong>dicit</strong></span> <span class='ocrx_word' id='word_1_254' title='bbox 1713 3063 1933 3124; x_wconf 88' lang='lat' dir='ltr'><strong>propter</strong></span> <span class='ocrx_word' id='word_1_255' title='bbox 1959 3068 2056 3110; x_wconf 87' lang='lat' dir='ltr'><strong>eos</strong></span> 
     </span>
    </p>
   </div>
   <div class='ocr_carea' id='block_1_33' title="bbox 465 3142 2053 3216">
    <p class='ocr_par' dir='ltr' id='par_1_33' title="bbox 465 3142 2053 3216">
     <span class='ocr_line' id='line_1_33' title="bbox 465 3142 2053 3216; baseline 0.002 -20"><span class='ocrx_word' id='word_1_256' title='bbox 465 3142 558 3212; x_wconf 86' lang='lat' dir='ltr'><strong>qui</strong></span> <span class='ocrx_word' id='word_1_257' title='bbox 591 3143 976 3214; x_wconf 87' lang='lat' dir='ltr'><strong>superbierunt</strong></span> <span class='ocrx_word' id='word_1_258' title='bbox 1003 3144 1072 3200; x_wconf 89' lang='lat' dir='ltr'><strong>de</strong></span> <span class='ocrx_word' id='word_1_259' title='bbox 1097 3144 1254 3216; x_wconf 89' lang='lat' dir='ltr'><strong>lapsu</strong></span> <span class='ocrx_word' id='word_1_260' title='bbox 1285 3142 1494 3212; x_wconf 79' lang='lat' dir='ltr'><strong>fratris,</strong></span> <span class='ocrx_word' id='word_1_261' title='bbox 1527 3142 1618 3200; x_wconf 90' lang='lat' dir='ltr'><strong>cui</strong></span> <span class='ocrx_word' id='word_1_262' title='bbox 1643 3143 1934 3200; x_wconf 89' lang='lat' dir='ltr'><strong>condolere</strong></span> <span class='ocrx_word' id='word_1_263' title='bbox 1955 3143 2053 3199; x_wconf 86' lang='lat' dir='ltr'><strong>de-</strong></span> 
     </span>
    </p>
   </div>
   <div class='ocr_carea' id='block_1_34' title="bbox 463 3233 2055 3304">
    <p class='ocr_par' dir='ltr' id='par_1_34' title="bbox 463 3233 2055 3304">
     <span class='ocr_line' id='line_1_34' title="bbox 463 3233 2055 3304; baseline 0.003 -16"><span class='ocrx_word' id='word_1_264' title='bbox 463 3233 722 3304; x_wconf 87' lang='lat' dir='ltr'><strong>buerant;</strong></span> <span class='ocrx_word' id='word_1_265' title='bbox 763 3237 850 3292; x_wconf 89' lang='lat' dir='ltr'><strong>vel</strong></span> <span class='ocrx_word' id='word_1_266' title='bbox 884 3236 958 3291; x_wconf 88' lang='lat' dir='ltr'><strong>ita</strong></span> <span class='ocrx_word' id='word_1_267' title='bbox 983 3255 995 3290; x_wconf 92' lang='lat'><strong>:</strong></span> <span class='ocrx_word' id='word_1_268' title='bbox 1018 3234 1138 3292; x_wconf 87' lang='lat' dir='ltr'><strong>Non</strong></span> <span class='ocrx_word' id='word_1_269' title='bbox 1166 3251 1256 3292; x_wconf 88' lang='lat' dir='ltr'><strong>me</strong></span> <span class='ocrx_word' id='word_1_270' title='bbox 1283 3236 1631 3292; x_wconf 86' lang='lat' dir='ltr'><strong>contristavit</strong></span> <span class='ocrx_word' id='word_1_271' title='bbox 1666 3243 1912 3303; x_wconf 87' lang='lat' dir='ltr'><strong>tantum;</strong></span> <span class='ocrx_word' id='word_1_272' title='bbox 1959 3234 2055 3292; x_wconf 83' lang='lat' dir='ltr'><strong>sed</strong></span> 
     </span>
    </p>
   </div>
   <div class='ocr_carea' id='block_1_35' title="bbox 465 3325 2057 3396">
    <p class='ocr_par' dir='ltr' id='par_1_35' title="bbox 465 3325 2057 3396">
     <span class='ocr_line' id='line_1_35' title="bbox 465 3325 2057 3396; baseline 0.001 -18"><span class='ocrx_word' id='word_1_273' title='bbox 465 3339 564 3380; x_wconf 87' lang='lat' dir='ltr'><strong>vos</strong></span> <span class='ocrx_word' id='word_1_274' title='bbox 587 3341 654 3380; x_wconf 74' lang='lat' dir='ltr'><strong>ex</strong></span> <span class='ocrx_word' id='word_1_275' title='bbox 681 3333 856 3394; x_wconf 87' lang='lat' dir='ltr'><strong>parte,</strong></span> <span class='ocrx_word' id='word_1_276' title='bbox 884 3325 937 3380; x_wconf 92' lang='lat' dir='ltr'><strong>id</strong></span> <span class='ocrx_word' id='word_1_277' title='bbox 970 3334 1057 3382; x_wconf 89' lang='lat' dir='ltr'><strong>est</strong></span> <span class='ocrx_word' id='word_1_278' title='bbox 1082 3326 1385 3382; x_wconf 89' lang='lat' dir='ltr'><strong>secundum</strong></span> <span class='ocrx_word' id='word_1_279' title='bbox 1415 3335 1624 3396; x_wconf 91' lang='lat' dir='ltr'><strong>partem</strong></span> <span class='ocrx_word' id='word_1_280' title='bbox 1657 3325 1929 3381; x_wconf 89' lang='lat' dir='ltr'><strong>bonorum</strong></span> <span class='ocrx_word' id='word_1_281' title='bbox 1958 3344 1972 3380; x_wconf 92' lang='lat'><strong>:</strong></span> <span class='ocrx_word' id='word_1_282' title='bbox 2000 3331 2057 3380; x_wconf 91' lang='lat' dir='ltr'><strong>et</strong></span> 
     </span>
    </p>
   </div>
   <div class='ocr_carea' id='block_1_36' title="bbox 467 3415 2056 3486">
    <p class='ocr_par' dir='ltr' id='par_1_36' title="bbox 467 3415 2056 3486">
     <span class='ocr_line' id='line_1_36' title="bbox 467 3415 2056 3486; baseline 0.002 -17"><span class='ocrx_word' id='word_1_283' title='bbox 467 3415 610 3470; x_wconf 85' lang='lat' dir='ltr'><strong>hanc</strong></span> <span class='ocrx_word' id='word_1_284' title='bbox 639 3423 850 3484; x_wconf 88' lang='lat' dir='ltr'><strong>partem</strong></span> <span class='ocrx_word' id='word_1_285' title='bbox 877 3417 1110 3486; x_wconf 79' lang='lat' dir='ltr'><strong>excipio,</strong></span> <span class='ocrx_word' id='word_1_286' title='bbox 1145 3426 1207 3472; x_wconf 90' lang='lat' dir='ltr'><strong>ut</strong></span> <span class='ocrx_word' id='word_1_287' title='bbox 1235 3432 1346 3472; x_wconf 90' lang='lat' dir='ltr'><strong>non</strong></span> <span class='ocrx_word' id='word_1_288' title='bbox 1377 3431 1601 3472; x_wconf 88' lang='lat' dir='ltr'><strong>onerem</strong></span> <span class='ocrx_word' id='word_1_289' title='bbox 1629 3431 1824 3472; x_wconf 89' lang='lat' dir='ltr'><strong>omnes</strong></span> <span class='ocrx_word' id='word_1_290' title='bbox 1855 3431 1954 3472; x_wconf 89' lang='lat' dir='ltr'><strong>vos</strong></span> <span class='ocrx_word' id='word_1_291' title='bbox 1987 3416 2056 3472; x_wconf 88' lang='lat' dir='ltr'><strong>de</strong></span> 
     </span>
    </p>
   </div>
   <div class='ocr_carea' id='block_1_37' title="bbox 466 3506 2054 3578">
    <p class='ocr_par' dir='ltr' id='par_1_37' title="bbox 466 3506 2054 3578">
     <span class='ocr_line' id='line_1_37' title="bbox 466 3506 2054 3578; baseline 0.001 -18"><span class='ocrx_word' id='word_1_292' title='bbox 466 3513 782 3575; x_wconf 87' lang='lat' dir='ltr'><strong>contemptu</strong></span> <span class='ocrx_word' id='word_1_293' title='bbox 809 3507 1088 3578; x_wconf 90' lang='lat' dir='ltr'><strong>peccantis</strong></span> <span class='ocrx_word' id='word_1_294' title='bbox 1113 3506 1300 3564; x_wconf 82' lang='lat' dir='ltr'><strong>fratris</strong></span> <span class='ocrx_word' id='word_1_295' title='bbox 1325 3526 1338 3561; x_wconf 92' lang='lat'><strong>:</strong></span> <span class='ocrx_word' id='word_1_296' title='bbox 1365 3507 1588 3578; x_wconf 88' lang='lat' dir='ltr'><strong>quidam</strong></span> <span class='ocrx_word' id='word_1_297' title='bbox 1625 3507 1773 3562; x_wconf 90' lang='lat' dir='ltr'><strong>enim</strong></span> <span class='ocrx_word' id='word_1_298' title='bbox 1811 3516 2054 3563; x_wconf 87' lang='lat' dir='ltr'><strong>vestrum</strong></span> 
     </span>
    </p>
   </div>
   <div class='ocr_carea' id='block_1_38' title="bbox 467 3595 2057 3669">
    <p class='ocr_par' dir='ltr' id='par_1_38' title="bbox 467 3595 2057 3669">
     <span class='ocr_line' id='line_1_38' title="bbox 467 3595 2057 3669; baseline -0.001 -17"><span class='ocrx_word' id='word_1_299' title='bbox 467 3595 635 3665; x_wconf 85' lang='lat' dir='ltr'><strong>(sicut</strong></span> <span class='ocrx_word' id='word_1_300' title='bbox 654 3595 864 3666; x_wconf 89' lang='lat' dir='ltr'><strong>justum</strong></span> <span class='ocrx_word' id='word_1_301' title='bbox 894 3597 1033 3669; x_wconf 88' lang='lat' dir='ltr'><strong>erat)</strong></span> <span class='ocrx_word' id='word_1_302' title='bbox 1061 3598 1479 3654; x_wconf 88' lang='lat' dir='ltr'><strong>condolucrunt.</strong></span> <span class='ocrx_word' id='word_1_303' title='bbox 1511 3596 1587 3652; x_wconf 91' lang='lat' dir='ltr'><strong>De</strong></span> <span class='ocrx_word' id='word_1_304' title='bbox 1616 3597 1709 3652; x_wconf 90' lang='lat' dir='ltr'><strong>illo</strong></span> <span class='ocrx_word' id='word_1_305' title='bbox 1735 3607 1920 3653; x_wconf 89' lang='lat' dir='ltr'><strong>autem</strong></span> <span class='ocrx_word' id='word_1_306' title='bbox 1961 3597 2057 3668; x_wconf 92' lang='lat' dir='ltr'><strong>qui</strong></span> 
     </span>
    </p>
   </div>
   <div class='ocr_carea' id='block_1_39' title="bbox 466 3688 2056 3759">
    <p class='ocr_par' dir='ltr' id='par_1_39' title="bbox 466 3688 2056 3759">
     <span class='ocr_line' id='line_1_39' title="bbox 466 3688 2056 3759; baseline 0.002 -18"><span class='ocrx_word' id='word_1_307' title='bbox 466 3702 556 3742; x_wconf 89' lang='lat' dir='ltr'><strong>me</strong></span> <span class='ocrx_word' id='word_1_308' title='bbox 581 3694 636 3741; x_wconf 91' lang='lat' dir='ltr'><strong>et</strong></span> <span class='ocrx_word' id='word_1_309' title='bbox 677 3701 776 3743; x_wconf 90' lang='lat' dir='ltr'><strong>vos</strong></span> <span class='ocrx_word' id='word_1_310' title='bbox 821 3688 1183 3756; x_wconf 88' lang='lat' dir='ltr'><strong>contristavit,</strong></span> <span class='ocrx_word' id='word_1_311' title='bbox 1228 3688 1422 3745; x_wconf 88' lang='lat' dir='ltr'><strong>scitote</strong></span> <span class='ocrx_word' id='word_1_312' title='bbox 1449 3688 1709 3759; x_wconf 88' lang='lat' dir='ltr'><strong>quoniam</strong></span> <span class='ocrx_word' id='word_1_313' title='bbox 1739 3689 1928 3758; x_wconf 72' lang='lat' dir='ltr'><strong>suﬁicit</strong></span> <span class='ocrx_word' id='word_1_314' title='bbox 1973 3688 2056 3744; x_wconf 87' lang='lat' dir='ltr'><strong>illi</strong></span> 
     </span>
    </p>
   </div>
   <div class='ocr_carea' id='block_1_40' title="bbox 466 3778 2056 3853">
    <p class='ocr_par' dir='ltr' id='par_1_40' title="bbox 466 3778 2056 3853">
     <span class='ocr_line' id='line_1_40' title="bbox 466 3778 2056 3853; baseline 0.004 -23"><span class='ocrx_word' id='word_1_315' title='bbox 466 3779 557 3848; x_wconf 87' lang='lat' dir='ltr'><strong>qui</strong></span> <span class='ocrx_word' id='word_1_316' title='bbox 585 3787 665 3833; x_wconf 88' lang='lat' dir='ltr'><strong>est</strong></span> <span class='ocrx_word' id='word_1_317' title='bbox 693 3778 973 3849; x_wconf 80' lang='lat' dir='ltr'><strong>ejusmodi,</strong></span> <span class='ocrx_word' id='word_1_318' title='bbox 1007 3780 1058 3835; x_wconf 91' lang='lat' dir='ltr'><strong>id</strong></span> <span class='ocrx_word' id='word_1_319' title='bbox 1092 3789 1183 3836; x_wconf 89' lang='lat' dir='ltr'><strong>est</strong></span> <span class='ocrx_word' id='word_1_320' title='bbox 1213 3788 1377 3838; x_wconf 63' lang='lat' dir='ltr'><strong>tantre</strong></span> <span class='ocrx_word' id='word_1_321' title='bbox 1417 3778 1726 3852; x_wconf 80' lang='lat' dir='ltr'><strong>fragilitatis</strong></span> <span class='ocrx_word' id='word_1_322' title='bbox 1754 3800 1766 3836; x_wconf 94' lang='lat'>:</span> <span class='ocrx_word' id='word_1_323' title='bbox 1793 3781 1941 3852; x_wconf 89' lang='lat' dir='ltr'><strong>quod</strong></span> <span class='ocrx_word' id='word_1_324' title='bbox 1986 3781 2056 3853; x_wconf 90' lang='lat' dir='ltr'><strong>(si</strong></span> 
     </span>
    </p>
   </div>
   <div class='ocr_carea' id='block_1_41' title="bbox 469 3868 2054 3942">
    <p class='ocr_par' dir='ltr' id='par_1_41' title="bbox 469 3868 2054 3942">
     <span class='ocr_line' id='line_1_41' title="bbox 469 3868 2054 3942; baseline 0.001 -18"><span class='ocrx_word' id='word_1_325' title='bbox 469 3868 639 3924; x_wconf 89' lang='lat' dir='ltr'><strong>nimia</strong></span> <span class='ocrx_word' id='word_1_326' title='bbox 673 3869 1012 3926; x_wconf 90' lang='lat' dir='ltr'><strong>districtione</strong></span> <span class='ocrx_word' id='word_1_327' title='bbox 1039 3869 1285 3940; x_wconf 81' lang='lat' dir='ltr'><strong>vexetur)</strong></span> <span class='ocrx_word' id='word_1_328' title='bbox 1314 3869 1642 3942; x_wconf 89' lang='lat' dir='ltr'><strong>desperabit.</strong></span> <span class='ocrx_word' id='word_1_329' title='bbox 1673 3869 1776 3938; x_wconf 86' lang='lat' dir='ltr'><strong>Illi,</strong></span> <span class='ocrx_word' id='word_1_330' title='bbox 1807 3870 2054 3942; x_wconf 89' lang='lat' dir='ltr'><strong>inquam,</strong></span> 
     </span>
    </p>
   </div>
   <div class='ocr_carea' id='block_1_42' title="bbox 467 3960 2060 4034">
    <p class='ocr_par' dir='ltr' id='par_1_42' title="bbox 467 3960 2060 4034">
     <span class='ocr_line' id='line_1_42' title="bbox 467 3960 2060 4034; baseline 0.001 -18"><span class='ocrx_word' id='word_1_331' title='bbox 467 3960 666 4016; x_wconf 77' lang='lat' dir='ltr'><strong>sufﬁcit</strong></span> <span class='ocrx_word' id='word_1_332' title='bbox 691 3961 806 4017; x_wconf 70' lang='lat' dir='ltr'><strong>haec</strong></span> <span class='ocrx_word' id='word_1_333' title='bbox 829 3961 1151 4032; x_wconf 85' lang='lat' dir='ltr'><strong>objurgatio,</strong></span> <span class='ocrx_word' id='word_1_334' title='bbox 1181 3979 1290 4033; x_wconf 88' lang='lat' dir='ltr'><strong>qua</strong></span> <span class='ocrx_word' id='word_1_335' title='bbox 1316 3979 1441 4018; x_wconf 88' lang='lat' dir='ltr'><strong>eum</strong></span> <span class='ocrx_word' id='word_1_336' title='bbox 1473 3962 1746 4034; x_wconf 85' lang='lat' dir='ltr'><strong>objurgati</strong></span> <span class='ocrx_word' id='word_1_337' title='bbox 1772 3963 1926 4030; x_wconf 87' lang='lat' dir='ltr'><strong>estis,</strong></span> <span class='ocrx_word' id='word_1_338' title='bbox 1952 3963 2060 4034; x_wconf 87' lang='lat' dir='ltr'><strong>pel-</strong></span> 
     </span>
    </p>
   </div>
   <div class='ocr_carea' id='block_1_43' title="bbox 467 4051 2058 4126">
    <p class='ocr_par' dir='ltr' id='par_1_43' title="bbox 467 4051 2058 4126">
     <span class='ocr_line' id='line_1_43' title="bbox 467 4051 2058 4126; baseline 0.001 -18"><span class='ocrx_word' id='word_1_339' title='bbox 467 4052 630 4108; x_wconf 91' lang='lat' dir='ltr'><strong>lendo</strong></span> <span class='ocrx_word' id='word_1_340' title='bbox 653 4053 726 4116; x_wconf 83' lang='lat' dir='ltr'><strong>ab</strong></span> <span class='ocrx_word' id='word_1_341' title='bbox 749 4051 992 4110; x_wconf 86' lang='lat' dir='ltr'><strong>Ecclesia</strong></span> <span class='ocrx_word' id='word_1_342' title='bbox 1017 4067 1116 4123; x_wconf 91' lang='lat' dir='ltr'><strong>pro</strong></span> <span class='ocrx_word' id='word_1_343' title='bbox 1142 4061 1386 4124; x_wconf 90' lang='lat' dir='ltr'><strong>peccato.</strong></span> <span class='ocrx_word' id='word_1_344' title='bbox 1415 4052 1734 4126; x_wconf 73' lang='lat' dir='ltr'><strong>Obiurgatio</strong></span> <span class='ocrx_word' id='word_1_345' title='bbox 1769 4055 1911 4122; x_wconf 87' lang='lat' dir='ltr'><strong>dico,</strong></span> <span class='ocrx_word' id='word_1_346' title='bbox 1939 4071 2058 4126; x_wconf 72' lang='lat' dir='ltr'><strong>qua:</strong></span> 
     </span>
    </p>
   </div>
   <div class='ocr_carea' id='block_1_44' title="bbox 469 4143 2058 4216">
    <p class='ocr_par' dir='ltr' id='par_1_44' title="bbox 469 4143 2058 4216">
     <span class='ocr_line' id='line_1_44' title="bbox 469 4143 2058 4216; baseline 0.005 -19"><span class='ocrx_word' id='word_1_347' title='bbox 469 4146 532 4216; x_wconf 78' lang='lat' dir='ltr'><strong>ﬁt</strong></span> <span class='ocrx_word' id='word_1_348' title='bbox 563 4143 648 4198; x_wconf 89' lang='lat' dir='ltr'><strong>illi</strong></span> <span class='ocrx_word' id='word_1_349' title='bbox 683 4162 715 4200; x_wconf 91' lang='lat' dir='ltr'><strong>a</strong></span> <span class='ocrx_word' id='word_1_350' title='bbox 743 4144 984 4216; x_wconf 79' lang='lat' dir='ltr'><strong>pluribus</strong></span> <span class='ocrx_word' id='word_1_351' title='bbox 1011 4145 1259 4216; x_wconf 87' lang='lat' dir='ltr'><strong>peccanti</strong></span> <span class='ocrx_word' id='word_1_352' title='bbox 1287 4145 1441 4202; x_wconf 85' lang='lat' dir='ltr'><strong>fratri</strong></span> <span class='ocrx_word' id='word_1_353' title='bbox 1467 4145 1616 4216; x_wconf 75' lang='lat' dir='ltr'><strong>iuste</strong></span> <span class='ocrx_word' id='word_1_354' title='bbox 1641 4147 2058 4205; x_wconf 87' lang='lat' dir='ltr'><strong>condolentibus</strong></span> 
     </span>
    </p>
   </div>
   <div class='ocr_carea' id='block_1_45' title="bbox 470 4232 2058 4305">
    <p class='ocr_par' dir='ltr' id='par_1_45' title="bbox 470 4232 2058 4305">
     <span class='ocr_line' id='line_1_45' title="bbox 470 4232 2058 4305; baseline 0.002 -16"><span class='ocrx_word' id='word_1_355' title='bbox 470 4232 668 4289; x_wconf 67' lang='lat' dir='ltr'><strong>sufficit</strong></span> <span class='ocrx_word' id='word_1_356' title='bbox 697 4251 710 4287; x_wconf 89' lang='lat'><strong>:</strong></span> <span class='ocrx_word' id='word_1_357' title='bbox 736 4233 812 4289; x_wconf 90' lang='lat' dir='ltr'><strong>ita</strong></span> <span class='ocrx_word' id='word_1_358' title='bbox 846 4241 908 4289; x_wconf 91' lang='lat' dir='ltr'><strong>ut</strong></span> <span class='ocrx_word' id='word_1_359' title='bbox 932 4250 1031 4290; x_wconf 90' lang='lat' dir='ltr'><strong>vos</strong></span> <span class='ocrx_word' id='word_1_360' title='bbox 1059 4249 1090 4290; x_wconf 90' lang='lat' dir='ltr'><strong>e</strong></span> <span class='ocrx_word' id='word_1_361' title='bbox 1117 4234 1393 4290; x_wconf 90' lang='lat' dir='ltr'><strong>contrario</strong></span> <span class='ocrx_word' id='word_1_362' title='bbox 1425 4241 1682 4305; x_wconf 75' lang='lat' dir='ltr'><strong>agentes,</strong></span> <span class='ocrx_word' id='word_1_363' title='bbox 1720 4243 1782 4290; x_wconf 92' lang='lat' dir='ltr'><strong>ut</strong></span> <span class='ocrx_word' id='word_1_364' title='bbox 1811 4235 1956 4292; x_wconf 88' lang='lat' dir='ltr'><strong>sicut</strong></span> <span class='ocrx_word' id='word_1_365' title='bbox 1987 4237 2058 4292; x_wconf 91' lang='lat' dir='ltr'><strong>ab</strong></span> 
     </span>
    </p>
   </div>
   <div class='ocr_carea' id='block_1_46' title="bbox 470 4323 2058 4396">
    <p class='ocr_par' dir='ltr' id='par_1_46' title="bbox 470 4323 2058 4396">
     <span class='ocr_line' id='line_1_46' title="bbox 470 4323 2058 4396; baseline 0.004 -18"><span class='ocrx_word' id='word_1_366' title='bbox 470 4323 714 4379; x_wconf 89' lang='lat' dir='ltr'><strong>Ecclesia</strong></span> <span class='ocrx_word' id='word_1_367' title='bbox 741 4323 894 4394; x_wconf 89' lang='lat' dir='ltr'><strong>prius</strong></span> <span class='ocrx_word' id='word_1_368' title='bbox 917 4326 1238 4396; x_wconf 88' lang='lat' dir='ltr'><strong>separastis,</strong></span> <span class='ocrx_word' id='word_1_369' title='bbox 1262 4341 1410 4382; x_wconf 89' lang='lat' dir='ltr'><strong>nunc</strong></span> <span class='ocrx_word' id='word_1_370' title='bbox 1434 4341 1466 4380; x_wconf 91' lang='lat' dir='ltr'><strong>e</strong></span> <span class='ocrx_word' id='word_1_371' title='bbox 1501 4325 1778 4382; x_wconf 85' lang='lat' dir='ltr'><strong>contrario</strong></span> <span class='ocrx_word' id='word_1_372' title='bbox 1799 4324 2058 4385; x_wconf 66' lang='lat' dir='ltr'><strong>Ecclesiae</strong></span> 
     </span>
    </p>
   </div>
   <div class='ocr_carea' id='block_1_47' title="bbox 469 4414 2056 4488">
    <p class='ocr_par' dir='ltr' id='par_1_47' title="bbox 469 4414 2056 4488">
     <span class='ocr_line' id='line_1_47' title="bbox 469 4414 2056 4488; baseline 0.003 -18"><span class='ocrx_word' id='word_1_373' title='bbox 469 4430 598 4470; x_wconf 88' lang='lat' dir='ltr'><strong>eum</strong></span> <span class='ocrx_word' id='word_1_374' title='bbox 623 4414 943 4472; x_wconf 87' lang='lat' dir='ltr'><strong>restituatis.</strong></span> <span class='ocrx_word' id='word_1_375' title='bbox 971 4415 1020 4469; x_wconf 90' lang='lat' dir='ltr'><em>E</em></span> <span class='ocrx_word' id='word_1_376' title='bbox 1044 4417 1336 4484; x_wconf 85' lang='lat' dir='ltr'><strong>contrario,</strong></span> <span class='ocrx_word' id='word_1_377' title='bbox 1371 4414 1620 4485; x_wconf 90' lang='lat' dir='ltr'><strong>inquam,</strong></span> <span class='ocrx_word' id='word_1_378' title='bbox 1647 4416 1790 4472; x_wconf 90' lang='lat' dir='ltr'><strong>sicut</strong></span> <span class='ocrx_word' id='word_1_379' title='bbox 1820 4419 2056 4488; x_wconf 89' lang='lat' dir='ltr'><strong>amplius</strong></span> 
     </span>
    </p>
   </div>
   <div class='ocr_carea' id='block_1_48' title="bbox 2155 567 3746 640">
    <p class='ocr_par' dir='ltr' id='par_1_48' title="bbox 2155 567 3746 640">
     <span class='ocr_line' id='line_1_48' title="bbox 2155 567 3746 640; baseline -0.004 -12"><span class='ocrx_word' id='word_1_380' title='bbox 2155 577 2215 628; x_wconf 76' lang='lat' dir='ltr'><strong>ut</strong></span> <span class='ocrx_word' id='word_1_381' title='bbox 2241 571 2560 626; x_wconf 81' lang='lat' dir='ltr'><strong>charitatem</strong></span> <span class='ocrx_word' id='word_1_382' title='bbox 2587 570 2724 624; x_wconf 75' lang='lat' dir='ltr'><strong>Itane</strong></span> <span class='ocrx_word' id='word_1_383' title='bbox 2749 570 3094 640; x_wconf 75' lang='lat' dir='ltr'><strong>conﬁrmatis,</strong></span> <span class='ocrx_word' id='word_1_384' title='bbox 3119 570 3174 624; x_wconf 89' lang='lat' dir='ltr'><strong>id</strong></span> <span class='ocrx_word' id='word_1_385' title='bbox 3197 577 3282 624; x_wconf 88' lang='lat' dir='ltr'><strong>est</strong></span> <span class='ocrx_word' id='word_1_386' title='bbox 3313 567 3542 622; x_wconf 83' lang='lat' dir='ltr'><strong>ﬁrmam</strong></span> <span class='ocrx_word' id='word_1_387' title='bbox 3565 578 3618 622; x_wconf 90' lang='lat' dir='ltr'><strong>ct</strong></span> <span class='ocrx_word' id='word_1_388' title='bbox 3641 585 3746 638; x_wconf 81' lang='lat' dir='ltr'><strong>per-</strong></span> 
     </span>
    </p>
   </div>
   <div class='ocr_carea' id='block_1_49' title="bbox 2155 658 3746 732">
    <p class='ocr_par' dir='ltr' id='par_1_49' title="bbox 2155 658 3746 732">
     <span class='ocr_line' id='line_1_49' title="bbox 2155 658 3746 732; baseline -0.001 -16"><span class='ocrx_word' id='word_1_389' title='bbox 2155 661 2350 718; x_wconf 89' lang='lat' dir='ltr'><strong>fectam</strong></span> <span class='ocrx_word' id='word_1_390' title='bbox 2379 661 2685 718; x_wconf 88' lang='lat' dir='ltr'><strong>ostendatis</strong></span> <span class='ocrx_word' id='word_1_391' title='bbox 2711 662 2770 716; x_wconf 82' lang='lat' dir='ltr'><strong>in</strong></span> <span class='ocrx_word' id='word_1_392' title='bbox 2797 661 2976 727; x_wconf 87' lang='lat' dir='ltr'><strong>illum,</strong></span> <span class='ocrx_word' id='word_1_393' title='bbox 3013 661 3378 732; x_wconf 86' lang='lat' dir='ltr'><strong>indulgendo,</strong></span> <span class='ocrx_word' id='word_1_394' title='bbox 3411 667 3472 714; x_wconf 89' lang='lat' dir='ltr'><strong>ct</strong></span> <span class='ocrx_word' id='word_1_395' title='bbox 3499 659 3556 712; x_wconf 90' lang='lat' dir='ltr'><strong>in</strong></span> <span class='ocrx_word' id='word_1_396' title='bbox 3581 658 3746 714; x_wconf 74' lang='lat' dir='ltr'><strong>Eccle-</strong></span> 
     </span>
    </p>
   </div>
   <div class='ocr_carea' id='block_1_50' title="bbox 2154 751 3744 824">
    <p class='ocr_par' dir='ltr' id='par_1_50' title="bbox 2154 751 3744 824">
     <span class='ocr_line' id='line_1_50' title="bbox 2154 751 3744 824; baseline -0.002 -15"><span class='ocrx_word' id='word_1_397' title='bbox 2154 754 2295 810; x_wconf 85' lang='lat' dir='ltr'><strong>siam</strong></span> <span class='ocrx_word' id='word_1_398' title='bbox 2323 753 2657 824; x_wconf 82' lang='lat' dir='ltr'><strong>recipiendo,</strong></span> <span class='ocrx_word' id='word_1_399' title='bbox 2709 769 2880 823; x_wconf 90' lang='lat' dir='ltr'><strong>quam</strong></span> <span class='ocrx_word' id='word_1_400' title='bbox 2917 753 3240 809; x_wconf 87' lang='lat' dir='ltr'><strong>charitatem</strong></span> <span class='ocrx_word' id='word_1_401' title='bbox 3275 751 3598 821; x_wconf 63' lang='lat' dir='ltr'><strong>incepistis</strong></span> <span class='ocrx_word' id='word_1_402' title='bbox 3635 767 3744 806; x_wconf 87' lang='lat' dir='ltr'><strong>eum</strong></span> 
     </span>
    </p>
   </div>
   <div class='ocr_carea' id='block_1_51' title="bbox 2153 843 3744 918">
    <p class='ocr_par' dir='ltr' id='par_1_51' title="bbox 2153 843 3744 918">
     <span class='ocr_line' id='line_1_51' title="bbox 2153 843 3744 918; baseline -0.003 -18"><span class='ocrx_word' id='word_1_403' title='bbox 2153 845 2480 916; x_wconf 86' lang='lat' dir='ltr'><strong>abjiciendo.</strong></span> <span class='ocrx_word' id='word_1_404' title='bbox 2516 844 2736 900; x_wconf 87' lang='lat' dir='ltr'><strong>Debetis</strong></span> <span class='ocrx_word' id='word_1_405' title='bbox 2761 844 3046 918; x_wconf 86' lang='lat' dir='ltr'><strong>indulgere</strong></span> <span class='ocrx_word' id='word_1_406' title='bbox 3089 843 3142 898; x_wconf 90' lang='lat' dir='ltr'><strong>ei</strong></span> <span class='ocrx_word' id='word_1_407' title='bbox 3169 864 3181 899; x_wconf 91' lang='lat'><strong>:</strong></span> <span class='ocrx_word' id='word_1_408' title='bbox 3207 861 3336 898; x_wconf 86' lang='lat' dir='ltr'><strong>nam</strong></span> <span class='ocrx_word' id='word_1_409' title='bbox 3383 844 3511 897; x_wconf 87' lang='lat' dir='ltr'><strong>ideo</strong></span> <span class='ocrx_word' id='word_1_410' title='bbox 3555 843 3744 911; x_wconf 79' lang='lat' dir='ltr'><strong>scripsi,</strong></span> 
     </span>
    </p>
   </div>
   <div class='ocr_carea' id='block_1_52' title="bbox 2154 935 3748 1007">
    <p class='ocr_par' dir='ltr' id='par_1_52' title="bbox 2154 935 3748 1007">
     <span class='ocr_line' id='line_1_52' title="bbox 2154 935 3748 1007; baseline -0.003 -16"><span class='ocrx_word' id='word_1_411' title='bbox 2154 945 2216 991; x_wconf 88' lang='lat' dir='ltr'><strong>ut</strong></span> <span class='ocrx_word' id='word_1_412' title='bbox 2251 944 2485 1007; x_wconf 72' lang='lat' dir='ltr'><strong>emptam</strong></span> <span class='ocrx_word' id='word_1_413' title='bbox 2523 935 2847 992; x_wconf 86' lang='lat' dir='ltr'><strong>charitatem</strong></span> <span class='ocrx_word' id='word_1_414' title='bbox 2894 936 3288 992; x_wconf 88' lang='lat' dir='ltr'><strong>eonsummetis</strong></span> <span class='ocrx_word' id='word_1_415' title='bbox 3317 953 3333 990; x_wconf 88' lang='lat'>:</span> <span class='ocrx_word' id='word_1_416' title='bbox 3364 943 3426 990; x_wconf 85' lang='lat' dir='ltr'><strong>et</strong></span> <span class='ocrx_word' id='word_1_417' title='bbox 3471 943 3530 988; x_wconf 84' lang='lat' dir='ltr'><strong>ut</strong></span> <span class='ocrx_word' id='word_1_418' title='bbox 3579 951 3748 1004; x_wconf 78' lang='lat' dir='ltr'><strong>cogno-</strong></span> 
     </span>
    </p>
   </div>
   <div class='ocr_carea' id='block_1_53' title="bbox 2153 1029 3746 1098">
    <p class='ocr_par' dir='ltr' id='par_1_53' title="bbox 2153 1029 3746 1098">
     <span class='ocr_line' id='line_1_53' title="bbox 2153 1029 3746 1098; baseline -0.001 -17"><span class='ocrx_word' id='word_1_419' title='bbox 2153 1043 2300 1082; x_wconf 89' lang='lat' dir='ltr'><strong>scam</strong></span> <span class='ocrx_word' id='word_1_420' title='bbox 2320 1029 2734 1098; x_wconf 68' lang='lat' dir='ltr'><strong>experimentum</strong></span> <span class='ocrx_word' id='word_1_421' title='bbox 2749 1037 3001 1095; x_wconf 84' lang='lat' dir='ltr'><strong>vestrum,</strong></span> <span class='ocrx_word' id='word_1_422' title='bbox 3033 1029 3086 1084; x_wconf 89' lang='lat' dir='ltr'><strong>id</strong></span> <span class='ocrx_word' id='word_1_423' title='bbox 3109 1037 3196 1084; x_wconf 86' lang='lat' dir='ltr'><strong>est</strong></span> <span class='ocrx_word' id='word_1_424' title='bbox 3217 1043 3320 1084; x_wconf 89' lang='lat' dir='ltr'><strong>vos</strong></span> <span class='ocrx_word' id='word_1_425' title='bbox 3345 1034 3612 1096; x_wconf 70' lang='lat' dir='ltr'><strong>expertos</strong></span> <span class='ocrx_word' id='word_1_426' title='bbox 3639 1042 3746 1080; x_wconf 86' lang='lat' dir='ltr'><strong>cum</strong></span> 
     </span>
    </p>
   </div>
   <div class='ocr_carea' id='block_1_54' title="bbox 2153 1115 3746 1191">
    <p class='ocr_par' dir='ltr' id='par_1_54' title="bbox 2153 1115 3746 1191">
     <span class='ocr_line' id='line_1_54' title="bbox 2153 1115 3746 1191; baseline -0.001 -19"><span class='ocrx_word' id='word_1_427' title='bbox 2153 1132 2282 1172; x_wconf 90' lang='lat' dir='ltr'><strong>cum</strong></span> <span class='ocrx_word' id='word_1_428' title='bbox 2307 1118 2376 1173; x_wconf 90' lang='lat' dir='ltr'><strong>ab</strong></span> <span class='ocrx_word' id='word_1_429' title='bbox 2403 1117 2648 1174; x_wconf 85' lang='lat' dir='ltr'><strong>Ecclesia</strong></span> <span class='ocrx_word' id='word_1_430' title='bbox 2675 1134 2740 1174; x_wconf 80' lang='lat' dir='ltr'><strong>ex</strong></span> <span class='ocrx_word' id='word_1_431' title='bbox 2776 1118 2932 1191; x_wconf 75' lang='lat'><strong>163</strong></span> <span class='ocrx_word' id='word_1_432' title='bbox 2961 1117 3270 1174; x_wconf 88' lang='lat' dir='ltr'><strong>obedientia</strong></span> <span class='ocrx_word' id='word_1_433' title='bbox 3301 1115 3644 1187; x_wconf 75' lang='lat' dir='ltr'><strong>separastis,</strong></span> <span class='ocrx_word' id='word_1_434' title='bbox 3669 1131 3746 1170; x_wconf 86' lang='lat' dir='ltr'><strong>oo-</strong></span> 
     </span>
    </p>
   </div>
   <div class='ocr_carea' id='block_1_55' title="bbox 2155 1211 3749 1282">
    <p class='ocr_par' dir='ltr' id='par_1_55' title="bbox 2155 1211 3749 1282">
     <span class='ocr_line' id='line_1_55' title="bbox 2155 1211 3749 1282; baseline -0.001 -17"><span class='ocrx_word' id='word_1_435' title='bbox 2155 1225 2437 1282; x_wconf 85' lang='lat' dir='ltr'><strong>gnoscam,</strong></span> <span class='ocrx_word' id='word_1_436' title='bbox 2469 1211 2613 1280; x_wconf 88' lang='lat' dir='ltr'><strong>dico,</strong></span> <span class='ocrx_word' id='word_1_437' title='bbox 2665 1230 2735 1266; x_wconf 86' lang='lat' dir='ltr'><strong>an</strong></span> <span class='ocrx_word' id='word_1_438' title='bbox 2773 1211 3070 1268; x_wconf 86' lang='lat' dir='ltr'><strong>obedientes</strong></span> <span class='ocrx_word' id='word_1_439' title='bbox 3115 1213 3238 1266; x_wconf 87' lang='lat' dir='ltr'><strong>sitis</strong></span> <span class='ocrx_word' id='word_1_440' title='bbox 3285 1213 3350 1265; x_wconf 82' lang='lat' dir='ltr'><strong>in</strong></span> <span class='ocrx_word' id='word_1_441' title='bbox 3381 1211 3654 1276; x_wconf 84' lang='lat' dir='ltr'><strong>omnibus,</strong></span> <span class='ocrx_word' id='word_1_442' title='bbox 3697 1219 3749 1266; x_wconf 74' lang='grc' dir='ltr'><strong>ιι</strong></span> 
     </span>
    </p>
   </div>
   <div class='ocr_carea' id='block_1_56' title="bbox 2155 1301 3746 1373">
    <p class='ocr_par' dir='ltr' id='par_1_56' title="bbox 2155 1301 3746 1373">
     <span class='ocr_line' id='line_1_56' title="bbox 2155 1301 3746 1373; baseline -0.001 -16"><span class='ocrx_word' id='word_1_443' title='bbox 2155 1301 2300 1357; x_wconf 90' lang='lat' dir='ltr'><strong>sicut</strong></span> <span class='ocrx_word' id='word_1_444' title='bbox 2325 1303 2480 1373; x_wconf 85' lang='lat' dir='ltr'><strong>prius</strong></span> <span class='ocrx_word' id='word_1_445' title='bbox 2506 1303 2772 1359; x_wconf 76' lang='lat' dir='ltr'><strong>obediStis</strong></span> <span class='ocrx_word' id='word_1_446' title='bbox 2797 1318 2924 1358; x_wconf 89' lang='lat' dir='ltr'><strong>eum</strong></span> <span class='ocrx_word' id='word_1_447' title='bbox 2951 1301 3284 1359; x_wconf 89' lang='lat' dir='ltr'><strong>removendo</strong></span> <span class='ocrx_word' id='word_1_448' title='bbox 3301 1345 3318 1369; x_wconf 96' lang='lat'><strong>,</strong></span> <span class='ocrx_word' id='word_1_449' title='bbox 3355 1303 3442 1358; x_wconf 90' lang='lat' dir='ltr'><strong>sic</strong></span> <span class='ocrx_word' id='word_1_450' title='bbox 3465 1317 3616 1357; x_wconf 87' lang='lat' dir='ltr'><strong>nunc</strong></span> <span class='ocrx_word' id='word_1_451' title='bbox 3635 1302 3746 1356; x_wconf 84' lang='lat' dir='ltr'><strong>obe-</strong></span> 
     </span>
    </p>
   </div>
   <div class='ocr_carea' id='block_1_57' title="bbox 2153 1393 3748 1466">
    <p class='ocr_par' dir='ltr' id='par_1_57' title="bbox 2153 1393 3748 1466">
     <span class='ocr_line' id='line_1_57' title="bbox 2153 1393 3748 1466; baseline 0 -18"><span class='ocrx_word' id='word_1_452' title='bbox 2153 1394 2319 1450; x_wconf 91' lang='lat' dir='ltr'><strong>diatis</strong></span> <span class='ocrx_word' id='word_1_453' title='bbox 2353 1394 2683 1466; x_wconf 79' lang='lat' dir='ltr'><strong>indulgendo</strong></span> <span class='ocrx_word' id='word_1_454' title='bbox 2713 1395 2838 1466; x_wconf 90' lang='lat' dir='ltr'><strong>ipsi.</strong></span> <span class='ocrx_word' id='word_1_455' title='bbox 2890 1394 2976 1462; x_wconf 87' lang='lat' dir='ltr'><strong>Et,</strong></span> <span class='ocrx_word' id='word_1_456' title='bbox 3009 1395 3153 1450; x_wconf 87' lang='lat' dir='ltr'><strong>sicut</strong></span> <span class='ocrx_word' id='word_1_457' title='bbox 3183 1409 3412 1459; x_wconf 87' lang='lat' dir='ltr'><strong>moneo,</strong></span> <span class='ocrx_word' id='word_1_458' title='bbox 3443 1393 3652 1450; x_wconf 89' lang='lat' dir='ltr'><strong>debetis</strong></span> <span class='ocrx_word' id='word_1_459' title='bbox 3677 1393 3748 1448; x_wconf 82' lang='lat' dir='ltr'><strong>in-</strong></span> 
     </span>
    </p>
   </div>
   <div class='ocr_carea' id='block_1_58' title="bbox 2154 1485 3747 1558">
    <p class='ocr_par' dir='ltr' id='par_1_58' title="bbox 2154 1485 3747 1558">
     <span class='ocr_line' id='line_1_58' title="bbox 2154 1485 3747 1558; baseline -0.001 -16"><span class='ocrx_word' id='word_1_460' title='bbox 2154 1485 2376 1558; x_wconf 89' lang='lat' dir='ltr'><strong>dulgere</strong></span> <span class='ocrx_word' id='word_1_461' title='bbox 2400 1506 2414 1541; x_wconf 90' lang='lat'><strong>:</strong></span> <span class='ocrx_word' id='word_1_462' title='bbox 2439 1488 2566 1558; x_wconf 86' lang='lat' dir='ltr'><strong>quia</strong></span> <span class='ocrx_word' id='word_1_463' title='bbox 2589 1488 2638 1542; x_wconf 91' lang='lat' dir='ltr'><strong>si</strong></span> <span class='ocrx_word' id='word_1_464' title='bbox 2659 1505 2748 1543; x_wconf 80' lang='lat' dir='ltr'><strong>vos</strong></span> <span class='ocrx_word' id='word_1_465' title='bbox 2774 1489 2937 1544; x_wconf 85' lang='lat' dir='ltr'><strong>alicui</strong></span> <span class='ocrx_word' id='word_1_466' title='bbox 2961 1489 3304 1542; x_wconf 81' lang='lat' dir='ltr'><strong>condonastis</strong></span> <span class='ocrx_word' id='word_1_467' title='bbox 3333 1485 3575 1558; x_wconf 79' lang='lat' dir='ltr'><strong>aliquid,</strong></span> <span class='ocrx_word' id='word_1_468' title='bbox 3603 1495 3654 1540; x_wconf 84' lang='lat' dir='ltr'><strong>et</strong></span> <span class='ocrx_word' id='word_1_469' title='bbox 3669 1503 3747 1557; x_wconf 82' lang='lat' dir='ltr'><strong>ego</strong></span> 
     </span>
    </p>
   </div>
   <div class='ocr_carea' id='block_1_59' title="bbox 2153 1579 2668 1636">
    <p class='ocr_par' dir='ltr' id='par_1_59' title="bbox 2153 1579 2668 1636">
     <span class='ocr_line' id='line_1_59' title="bbox 2153 1579 2668 1636; baseline -0.002 -1"><span class='ocrx_word' id='word_1_470' title='bbox 2153 1579 2436 1635; x_wconf 84' lang='lat' dir='ltr'><strong>vobiscum</strong></span> <span class='ocrx_word' id='word_1_471' title='bbox 2467 1580 2668 1636; x_wconf 84' lang='lat' dir='ltr'><strong>indulsi</strong></span> 
     </span>
    </p>
   </div>
   <div class='ocr_carea' id='block_1_60' title="bbox 2195 1669 3748 1742">
    <p class='ocr_par' dir='ltr' id='par_1_60' title="bbox 2195 1669 3748 1742">
     <span class='ocr_line' id='line_1_60' title="bbox 2195 1669 3748 1742; baseline 0.001 -20"><span class='ocrx_word' id='word_1_472' title='bbox 2195 1703 2198 1706; x_wconf 56' lang='grc' dir='ltr'><strong><em>ι</em></strong></span> <span class='ocrx_word' id='word_1_473' title='bbox 2227 1669 2486 1726; x_wconf 80' lang='lat' dir='ltr'><strong>Dicerem</strong></span> <span class='ocrx_word' id='word_1_474' title='bbox 2517 1670 2627 1726; x_wconf 91' lang='lat' dir='ltr'><strong>illi:</strong></span> <span class='ocrx_word' id='word_1_475' title='bbox 2663 1671 2889 1728; x_wconf 90' lang='lat' dir='ltr'><strong>Donasti</strong></span> <span class='ocrx_word' id='word_1_476' title='bbox 2943 1671 3200 1740; x_wconf 84' lang='lat' dir='ltr'><strong>fortasse,</strong></span> <span class='ocrx_word' id='word_1_477' title='bbox 3244 1673 3343 1728; x_wconf 90' lang='lat' dir='ltr'><strong>sed</strong></span> <span class='ocrx_word' id='word_1_478' title='bbox 3403 1687 3520 1728; x_wconf 89' lang='lat' dir='ltr'><strong>non</strong></span> <span class='ocrx_word' id='word_1_479' title='bbox 3547 1679 3748 1742; x_wconf 81' lang='lat' dir='ltr'><strong>propter</strong></span> 
     </span>
    </p>
   </div>
   <div class='ocr_carea' id='block_1_61' title="bbox 2157 1761 3746 1836">
    <p class='ocr_par' dir='ltr' id='par_1_61' title="bbox 2157 1761 3746 1836">
     <span class='ocr_line' id='line_1_61' title="bbox 2157 1761 3746 1836; baseline -0.001 -20"><span class='ocrx_word' id='word_1_480' title='bbox 2157 1777 2280 1817; x_wconf 89' lang='lat' dir='ltr'><strong>nos.</strong></span> <span class='ocrx_word' id='word_1_481' title='bbox 2306 1761 2406 1830; x_wconf 84' lang='lat' dir='ltr'><strong>Ita,</strong></span> <span class='ocrx_word' id='word_1_482' title='bbox 2430 1763 2656 1834; x_wconf 85' lang='lat' dir='ltr'><strong>inquam</strong></span> <span class='ocrx_word' id='word_1_483' title='bbox 2685 1782 2697 1818; x_wconf 90' lang='lat'><strong>:</strong></span> <span class='ocrx_word' id='word_1_484' title='bbox 2731 1781 2856 1834; x_wconf 81' lang='lat' dir='ltr'><strong>nam</strong></span> <span class='ocrx_word' id='word_1_485' title='bbox 2881 1764 3020 1836; x_wconf 84' lang='lat' dir='ltr'><strong>quod</strong></span> <span class='ocrx_word' id='word_1_486' title='bbox 3041 1781 3135 1835; x_wconf 85' lang='lat' dir='ltr'><strong>ego</strong></span> <span class='ocrx_word' id='word_1_487' title='bbox 3151 1763 3372 1831; x_wconf 79' lang='lat' dir='ltr'><strong>donavi,</strong></span> <span class='ocrx_word' id='word_1_488' title='bbox 3395 1765 3446 1818; x_wconf 89' lang='lat' dir='ltr'><strong>si</strong></span> <span class='ocrx_word' id='word_1_489' title='bbox 3474 1762 3746 1832; x_wconf 71' lang='lat' dir='ltr'><strong>aliquando</strong></span> 
     </span>
    </p>
   </div>
   <div class='ocr_carea' id='block_1_62' title="bbox 2155 1853 3744 1927">
    <p class='ocr_par' dir='ltr' id='par_1_62' title="bbox 2155 1853 3744 1927">
     <span class='ocr_line' id='line_1_62' title="bbox 2155 1853 3744 1927; baseline -0.001 -19"><span class='ocrx_word' id='word_1_490' title='bbox 2155 1855 2349 1908; x_wconf 79' lang='lat' dir='ltr'><strong>donavi</strong></span> <span class='ocrx_word' id='word_1_491' title='bbox 2399 1855 2606 1926; x_wconf 82' lang='lat' dir='ltr'><strong>aliquid</strong></span> <span class='ocrx_word' id='word_1_492' title='bbox 2619 1898 2634 1924; x_wconf 89' lang='lat'><strong>,</strong></span> <span class='ocrx_word' id='word_1_493' title='bbox 2685 1857 2793 1911; x_wconf 90' lang='lat' dir='ltr'><strong>hoc</strong></span> <span class='ocrx_word' id='word_1_494' title='bbox 2845 1865 3059 1927; x_wconf 83' lang='lat' dir='ltr'><strong>propter</strong></span> <span class='ocrx_word' id='word_1_495' title='bbox 3119 1871 3209 1910; x_wconf 82' lang='lat' dir='ltr'><strong>uos</strong></span> <span class='ocrx_word' id='word_1_496' title='bbox 3257 1855 3488 1910; x_wconf 77' lang='lat' dir='ltr'><strong>donavi.</strong></span> <span class='ocrx_word' id='word_1_497' title='bbox 3542 1853 3643 1910; x_wconf 88' lang='lat' dir='ltr'><strong>Ubi</strong></span> <span class='ocrx_word' id='word_1_498' title='bbox 3681 1853 3744 1907; x_wconf 86' lang='lat' dir='ltr'><strong>ita</strong></span> 
     </span>
    </p>
   </div>
   <div class='ocr_carea' id='block_1_63' title="bbox 2155 1945 3746 2019">
    <p class='ocr_par' dir='ltr' id='par_1_63' title="bbox 2155 1945 3746 2019">
     <span class='ocr_line' id='line_1_63' title="bbox 2155 1945 3746 2019; baseline -0.003 -17"><span class='ocrx_word' id='word_1_499' title='bbox 2155 1946 2364 2002; x_wconf 88' lang='lat' dir='ltr'><strong>dictum</strong></span> <span class='ocrx_word' id='word_1_500' title='bbox 2391 1963 2555 2004; x_wconf 90' lang='lat' dir='ltr'><strong>suum</strong></span> <span class='ocrx_word' id='word_1_501' title='bbox 2585 1947 2875 2018; x_wconf 88' lang='lat' dir='ltr'><strong>reprimit:</strong></span> <span class='ocrx_word' id='word_1_502' title='bbox 2909 1947 2968 2002; x_wconf 89' lang='lat' dir='ltr'><strong>Si</strong></span> <span class='ocrx_word' id='word_1_503' title='bbox 2997 1947 3131 2019; x_wconf 89' lang='lat' dir='ltr'><strong>quid</strong></span> <span class='ocrx_word' id='word_1_504' title='bbox 3161 1947 3390 2004; x_wconf 87' lang='lat' dir='ltr'><strong>donavi.</strong></span> <span class='ocrx_word' id='word_1_505' title='bbox 3426 1945 3668 2002; x_wconf 88' lang='lat' dir='ltr'><strong>ostendit</strong></span> <span class='ocrx_word' id='word_1_506' title='bbox 3695 1959 3746 1998; x_wconf 86' lang='lat' dir='ltr'><strong>se</strong></span> 
     </span>
    </p>
   </div>
   <div class='ocr_carea' id='block_1_64' title="bbox 2153 2037 3746 2114">
    <p class='ocr_par' dir='ltr' id='par_1_64' title="bbox 2153 2037 3746 2114">
     <span class='ocr_line' id='line_1_64' title="bbox 2153 2037 3746 2114; baseline -0.002 -23"><span class='ocrx_word' id='word_1_507' title='bbox 2153 2037 2344 2114; x_wconf 84' lang='lat' dir='ltr'><strong>paucis</strong></span> <span class='ocrx_word' id='word_1_508' title='bbox 2373 2037 2670 2094; x_wconf 88' lang='lat' dir='ltr'><strong>indulsisse</strong></span> <span class='ocrx_word' id='word_1_509' title='bbox 2697 2053 2798 2108; x_wconf 90' lang='lat' dir='ltr'><strong>pro</strong></span> <span class='ocrx_word' id='word_1_510' title='bbox 2821 2037 2952 2107; x_wconf 84' lang='lat' dir='ltr'><strong>alio,</strong></span> <span class='ocrx_word' id='word_1_511' title='bbox 2983 2047 3044 2094; x_wconf 90' lang='lat' dir='ltr'><strong>ut</strong></span> <span class='ocrx_word' id='word_1_512' title='bbox 3069 2053 3172 2094; x_wconf 90' lang='lat' dir='ltr'><strong>nos</strong></span> <span class='ocrx_word' id='word_1_513' title='bbox 3197 2037 3506 2094; x_wconf 87' lang='lat' dir='ltr'><strong>admoneat</strong></span> <span class='ocrx_word' id='word_1_514' title='bbox 3533 2049 3639 2092; x_wconf 88' lang='lat' dir='ltr'><strong>non</strong></span> <span class='ocrx_word' id='word_1_515' title='bbox 3661 2047 3746 2104; x_wconf 88' lang='lat' dir='ltr'><strong>pro</strong></span> 
     </span>
    </p>
   </div>
   <div class='ocr_carea' id='block_1_65' title="bbox 2153 2119 3744 2206">
    <p class='ocr_par' dir='ltr' id='par_1_65' title="bbox 2153 2119 3744 2206">
     <span class='ocr_line' id='line_1_65' title="bbox 2153 2119 3744 2206; baseline -0.004 -18"><span class='ocrx_word' id='word_1_516' title='bbox 2153 2119 2362 2188; x_wconf 87' lang='lat' dir='ltr'><strong>carnali</strong></span> <span class='ocrx_word' id='word_1_517' title='bbox 2395 2133 2704 2202; x_wconf 89' lang='lat' dir='ltr'><strong>dilectione,</strong></span> <span class='ocrx_word' id='word_1_518' title='bbox 2732 2133 2828 2190; x_wconf 90' lang='lat' dir='ltr'><strong>sed</strong></span> <span class='ocrx_word' id='word_1_519' title='bbox 2865 2133 3040 2206; x_wconf 87' lang='lat' dir='ltr'><strong>magis</strong></span> <span class='ocrx_word' id='word_1_520' title='bbox 3073 2147 3174 2203; x_wconf 90' lang='lat' dir='ltr'><strong>pro</strong></span> <span class='ocrx_word' id='word_1_521' title='bbox 3201 2131 3398 2188; x_wconf 83' lang='lat' dir='ltr'><strong>fructu</strong></span> <span class='ocrx_word' id='word_1_522' title='bbox 3425 2129 3744 2202; x_wconf 64' lang='lat' dir='ltr'><strong>poenitentiae</strong></span> 
     </span>
    </p>
   </div>
   <div class='ocr_carea' id='block_1_66' title="bbox 2154 2224 3743 2298">
    <p class='ocr_par' dir='ltr' id='par_1_66' title="bbox 2154 2224 3743 2298">
     <span class='ocr_line' id='line_1_66' title="bbox 2154 2224 3743 2298; baseline -0.003 -17"><span class='ocrx_word' id='word_1_523' title='bbox 2154 2225 2478 2282; x_wconf 83' lang='lat' dir='ltr'><strong>dimittenda</strong></span> <span class='ocrx_word' id='word_1_524' title='bbox 2505 2243 2628 2283; x_wconf 90' lang='lat' dir='ltr'><strong>esse</strong></span> <span class='ocrx_word' id='word_1_525' title='bbox 2647 2235 2894 2298; x_wconf 87' lang='lat' dir='ltr'><strong>peccata.</strong></span> <span class='ocrx_word' id='word_1_526' title='bbox 2918 2227 3122 2284; x_wconf 89' lang='lat' dir='ltr'><strong>lterum</strong></span> <span class='ocrx_word' id='word_1_527' title='bbox 3153 2227 3262 2283; x_wconf 91' lang='lat' dir='ltr'><strong>ille.</strong></span> <span class='ocrx_word' id='word_1_528' title='bbox 3289 2225 3444 2295; x_wconf 82' lang='lat' dir='ltr'><strong>Quid</strong></span> <span class='ocrx_word' id='word_1_529' title='bbox 3469 2225 3598 2281; x_wconf 88' lang='lat' dir='ltr'><strong>inde</strong></span> <span class='ocrx_word' id='word_1_530' title='bbox 3619 2224 3662 2280; x_wconf 89' lang='lat' dir='ltr'><strong>si</strong></span> <span class='ocrx_word' id='word_1_531' title='bbox 3695 2233 3743 2277; x_wconf 86' lang='lat' dir='ltr'><strong>tu</strong></span> 
     </span>
    </p>
   </div>
   <div class='ocr_carea' id='block_1_67' title="bbox 2156 2318 3742 2392">
    <p class='ocr_par' dir='ltr' id='par_1_67' title="bbox 2156 2318 3742 2392">
     <span class='ocr_line' id='line_1_67' title="bbox 2156 2318 3742 2392; baseline -0.004 -18"><span class='ocrx_word' id='word_1_532' title='bbox 2156 2320 2514 2376; x_wconf 86' lang='lat' dir='ltr'><strong>condonasti?</strong></span> <span class='ocrx_word' id='word_1_533' title='bbox 2543 2319 2774 2376; x_wconf 86' lang='lat' dir='ltr'><strong>Multum</strong></span> <span class='ocrx_word' id='word_1_534' title='bbox 2809 2321 3003 2391; x_wconf 89' lang='lat' dir='ltr'><strong>utique</strong></span> <span class='ocrx_word' id='word_1_535' title='bbox 3029 2321 3160 2392; x_wconf 87' lang='lat' dir='ltr'><strong>quia</strong></span> <span class='ocrx_word' id='word_1_536' title='bbox 3189 2322 3298 2376; x_wconf 86' lang='lat' dir='ltr'><strong>hoc</strong></span> <span class='ocrx_word' id='word_1_537' title='bbox 3323 2320 3530 2376; x_wconf 82' lang='lat' dir='ltr'><strong>donaui</strong></span> <span class='ocrx_word' id='word_1_538' title='bbox 3563 2318 3616 2372; x_wconf 86' lang='lat' dir='ltr'><strong>in</strong></span> <span class='ocrx_word' id='word_1_539' title='bbox 3641 2331 3742 2386; x_wconf 80' lang='lat' dir='ltr'><strong>per-</strong></span> 
     </span>
    </p>
   </div>
   <div class='ocr_carea' id='block_1_68' title="bbox 2157 2404 3742 2478">
    <p class='ocr_par' dir='ltr' id='par_1_68' title="bbox 2157 2404 3742 2478">
     <span class='ocr_line' id='line_1_68' title="bbox 2157 2404 3742 2478; baseline -0.002 -16"><span class='ocrx_word' id='word_1_540' title='bbox 2157 2423 2288 2462; x_wconf 89' lang='lat' dir='ltr'><strong>sona</strong></span> <span class='ocrx_word' id='word_1_541' title='bbox 2313 2407 2538 2478; x_wconf 83' lang='lat' dir='ltr'><strong>Christi,</strong></span> <span class='ocrx_word' id='word_1_542' title='bbox 2567 2409 2710 2466; x_wconf 90' lang='lat' dir='ltr'><strong>idem</strong></span> <span class='ocrx_word' id='word_1_543' title='bbox 2741 2411 2908 2467; x_wconf 89' lang='lat' dir='ltr'><strong>valuit</strong></span> <span class='ocrx_word' id='word_1_544' title='bbox 2949 2411 3026 2466; x_wconf 89' lang='lat' dir='ltr'><strong>illi</strong></span> <span class='ocrx_word' id='word_1_545' title='bbox 3068 2410 3160 2467; x_wconf 90' lang='lat' dir='ltr'><strong>cui</strong></span> <span class='ocrx_word' id='word_1_546' title='bbox 3181 2410 3390 2466; x_wconf 83' lang='lat' dir='ltr'><strong>donavi</strong></span> <span class='ocrx_word' id='word_1_547' title='bbox 3435 2425 3506 2465; x_wconf 87' lang='lat' dir='ltr'><strong>ac</strong></span> <span class='ocrx_word' id='word_1_548' title='bbox 3523 2408 3570 2464; x_wconf 88' lang='lat' dir='ltr'><strong>si</strong></span> <span class='ocrx_word' id='word_1_549' title='bbox 3597 2404 3742 2462; x_wconf 87' lang='lat' dir='ltr'><strong>Chri-</strong></span> 
     </span>
    </p>
   </div>
   <div class='ocr_carea' id='block_1_69' title="bbox 2157 2495 3740 2572">
    <p class='ocr_par' dir='ltr' id='par_1_69' title="bbox 2157 2495 3740 2572">
     <span class='ocr_line' id='line_1_69' title="bbox 2157 2495 3740 2572; baseline -0.003 -19"><span class='ocrx_word' id='word_1_550' title='bbox 2157 2507 2278 2554; x_wconf 90' lang='lat' dir='ltr'><strong>stus</strong></span> <span class='ocrx_word' id='word_1_551' title='bbox 2307 2497 2538 2554; x_wconf 89' lang='lat' dir='ltr'><strong>donaret</strong></span> <span class='ocrx_word' id='word_1_552' title='bbox 2569 2499 2619 2556; x_wconf 86' lang='lat' dir='ltr'><strong>ei</strong></span> <span class='ocrx_word' id='word_1_553' title='bbox 2645 2499 2700 2554; x_wconf 88' lang='lat' dir='ltr'><strong>in</strong></span> <span class='ocrx_word' id='word_1_554' title='bbox 2752 2501 2972 2572; x_wconf 90' lang='lat' dir='ltr'><strong>propria</strong></span> <span class='ocrx_word' id='word_1_555' title='bbox 3005 2515 3261 2572; x_wconf 87' lang='lat' dir='ltr'><strong>persona.</strong></span> <span class='ocrx_word' id='word_1_556' title='bbox 3314 2499 3550 2572; x_wconf 81' lang='lat' dir='ltr'><strong>Oportet</strong></span> <span class='ocrx_word' id='word_1_557' title='bbox 3573 2495 3740 2566; x_wconf 86' lang='lat' dir='ltr'><strong>utique</strong></span> 
     </span>
    </p>
   </div>
   <div class='ocr_carea' id='block_1_70' title="bbox 2157 2588 3740 2664">
    <p class='ocr_par' dir='ltr' id='par_1_70' title="bbox 2157 2588 3740 2664">
     <span class='ocr_line' id='line_1_70' title="bbox 2157 2588 3740 2664; baseline -0.003 -20"><span class='ocrx_word' id='word_1_558' title='bbox 2157 2605 2258 2646; x_wconf 88' lang='lat' dir='ltr'><strong>vos</strong></span> <span class='ocrx_word' id='word_1_559' title='bbox 2281 2588 2566 2662; x_wconf 89' lang='lat' dir='ltr'><strong>indulgere</strong></span> <span class='ocrx_word' id='word_1_560' title='bbox 2591 2591 2642 2647; x_wconf 90' lang='lat' dir='ltr'><strong>ei</strong></span> <span class='ocrx_word' id='word_1_561' title='bbox 2672 2600 2789 2648; x_wconf 90' lang='lat' dir='ltr'><strong>tum</strong></span> <span class='ocrx_word' id='word_1_562' title='bbox 2816 2601 3038 2664; x_wconf 88' lang='lat' dir='ltr'><strong>propter</strong></span> <span class='ocrx_word' id='word_1_563' title='bbox 3070 2609 3160 2649; x_wconf 90' lang='lat' dir='ltr'><strong>me</strong></span> <span class='ocrx_word' id='word_1_564' title='bbox 3183 2635 3199 2661; x_wconf 97' lang='lat'><strong>,</strong></span> <span class='ocrx_word' id='word_1_565' title='bbox 3237 2603 3536 2664; x_wconf 81' lang='lat' dir='ltr'><strong>propterea</strong></span> <span class='ocrx_word' id='word_1_566' title='bbox 3568 2599 3624 2644; x_wconf 88' lang='lat' dir='ltr'><strong>ut</strong></span> <span class='ocrx_word' id='word_1_567' title='bbox 3652 2603 3740 2641; x_wconf 81' lang='lat' dir='ltr'><strong>non</strong></span> 
     </span>
    </p>
   </div>
   <div class='ocr_carea' id='block_1_71' title="bbox 2157 2671 3733 2757">
    <p class='ocr_par' dir='ltr' id='par_1_71' title="bbox 2157 2671 3733 2757">
     <span class='ocr_line' id='line_1_71' title="bbox 2157 2671 3733 2757; baseline 0.001 -20"><span class='ocrx_word' id='word_1_568' title='bbox 2157 2682 2665 2754; x_wconf 72' lang='lat' dir='ltr'><strong>eiscumveniamur,</strong></span> <span class='ocrx_word' id='word_1_569' title='bbox 2707 2682 2760 2742; x_wconf 86' lang='lat' dir='ltr'><strong>id</strong></span> <span class='ocrx_word' id='word_1_570' title='bbox 2812 2671 2914 2743; x_wconf 55' lang='lat' dir='ltr'><strong>est&#39;</strong></span> <span class='ocrx_word' id='word_1_571' title='bbox 2963 2699 3032 2742; x_wconf 86' lang='lat' dir='ltr'><strong>ne</strong></span> <span class='ocrx_word' id='word_1_572' title='bbox 3077 2683 3423 2757; x_wconf 84' lang='lat' dir='ltr'><strong>decipiamur</strong></span> <span class='ocrx_word' id='word_1_573' title='bbox 3459 2701 3490 2733; x_wconf 73' lang='grc' dir='ltr'>α</span> <span class='ocrx_word' id='word_1_574' title='bbox 3527 2679 3733 2738; x_wconf 66' lang='lat' dir='ltr'><strong>Solane.</strong></span> 
     </span>
    </p>
   </div>
   <div class='ocr_carea' id='block_1_72' title="bbox 2160 2770 3736 2849">
    <p class='ocr_par' dir='ltr' id='par_1_72' title="bbox 2160 2770 3736 2849">
     <span class='ocr_line' id='line_1_72' title="bbox 2160 2770 3736 2849; baseline -0.002 -20"><span class='ocrx_word' id='word_1_575' title='bbox 2160 2773 2313 2830; x_wconf 88' lang='lat' dir='ltr'><strong>Sicut</strong></span> <span class='ocrx_word' id='word_1_576' title='bbox 2347 2775 2494 2830; x_wconf 90' lang='lat' dir='ltr'><strong>enim</strong></span> <span class='ocrx_word' id='word_1_577' title='bbox 2532 2777 2588 2831; x_wconf 93' lang='lat' dir='ltr'><strong>in</strong></span> <span class='ocrx_word' id='word_1_578' title='bbox 2613 2777 2782 2832; x_wconf 86' lang='lat' dir='ltr'><strong>nimia</strong></span> <span class='ocrx_word' id='word_1_579' title='bbox 2811 2779 3040 2834; x_wconf 84' lang='lat' dir='ltr'><strong>mollitie</strong></span> <span class='ocrx_word' id='word_1_580' title='bbox 3078 2779 3299 2849; x_wconf 89' lang='lat' dir='ltr'><strong>decipit,</strong></span> <span class='ocrx_word' id='word_1_581' title='bbox 3335 2778 3424 2834; x_wconf 90' lang='lat' dir='ltr'><strong>sic</strong></span> <span class='ocrx_word' id='word_1_582' title='bbox 3457 2777 3516 2831; x_wconf 88' lang='lat' dir='ltr'><strong>in</strong></span> <span class='ocrx_word' id='word_1_583' title='bbox 3555 2770 3736 2830; x_wconf 78' lang='lat' dir='ltr'><strong>severi-</strong></span> 
     </span>
    </p>
   </div>
   <div class='ocr_carea' id='block_1_73' title="bbox 2156 2866 3730 2939">
    <p class='ocr_par' dir='ltr' id='par_1_73' title="bbox 2156 2866 3730 2939">
     <span class='ocr_line' id='line_1_73' title="bbox 2156 2866 3730 2939; baseline -0.003 -17"><span class='ocrx_word' id='word_1_584' title='bbox 2156 2875 2269 2922; x_wconf 89' lang='lat' dir='ltr'><strong>tate</strong></span> <span class='ocrx_word' id='word_1_585' title='bbox 2289 2883 2413 2938; x_wconf 83' lang='lat' dir='ltr'><strong>quae</strong></span> <span class='ocrx_word' id='word_1_586' title='bbox 2438 2884 2605 2939; x_wconf 89' lang='lat' dir='ltr'><strong>supra</strong></span> <span class='ocrx_word' id='word_1_587' title='bbox 2633 2870 2858 2925; x_wconf 91' lang='lat' dir='ltr'><strong>modum</strong></span> <span class='ocrx_word' id='word_1_588' title='bbox 2889 2877 3001 2938; x_wconf 86' lang='lat' dir='ltr'><strong>est,</strong></span> <span class='ocrx_word' id='word_1_589' title='bbox 3049 2869 3306 2926; x_wconf 88' lang='lat' dir='ltr'><strong>diabolus</strong></span> <span class='ocrx_word' id='word_1_590' title='bbox 3323 2931 3326 2934; x_wconf 21' lang='lat'><strong>,</strong></span> <span class='ocrx_word' id='word_1_591' title='bbox 3344 2866 3694 2926; x_wconf 83' lang='lat' dir='ltr'><strong>circumvenit</strong></span> <span class='ocrx_word' id='word_1_592' title='bbox 3719 2883 3730 2918; x_wconf 94' lang='lat'><strong>:</strong></span> 
     </span>
    </p>
   </div>
   <div class='ocr_carea' id='block_1_74' title="bbox 2156 2946 3734 3030">
    <p class='ocr_par' dir='ltr' id='par_1_74' title="bbox 2156 2946 3734 3030">
     <span class='ocr_line' id='line_1_74' title="bbox 2156 2946 3734 3030; baseline -0.003 -19"><span class='ocrx_word' id='word_1_593' title='bbox 2156 2954 2280 3012; x_wconf 91' lang='lat' dir='ltr'><strong>ideo</strong></span> <span class='ocrx_word' id='word_1_594' title='bbox 2306 2946 2501 3012; x_wconf 90' lang='lat' dir='ltr'><strong>moneo</strong></span> <span class='ocrx_word' id='word_1_595' title='bbox 2533 2972 2604 3012; x_wconf 90' lang='lat' dir='ltr'><strong>ne</strong></span> <span class='ocrx_word' id='word_1_596' title='bbox 2634 2958 3138 3014; x_wconf 87' lang='lat' dir='ltr'><strong>eireumveniamini</strong></span> <span class='ocrx_word' id='word_1_597' title='bbox 3169 2973 3199 3014; x_wconf 88' lang='lat' dir='ltr'><strong>a</strong></span> <span class='ocrx_word' id='word_1_598' title='bbox 3221 2957 3432 3030; x_wconf 82' lang='lat' dir='ltr'><strong>Satana</strong></span> <span class='ocrx_word' id='word_1_599' title='bbox 3461 2977 3476 3013; x_wconf 88' lang='lat'><strong>:</strong></span> <span class='ocrx_word' id='word_1_600' title='bbox 3507 2957 3629 3029; x_wconf 81' lang='lat' dir='ltr'><strong>quia</strong></span> <span class='ocrx_word' id='word_1_601' title='bbox 3647 2967 3734 3008; x_wconf 89' lang='lat' dir='ltr'><strong>nos</strong></span> 
     </span>
    </p>
   </div>
   <div class='ocr_carea' id='block_1_75' title="bbox 2157 3048 3733 3121">
    <p class='ocr_par' dir='ltr' id='par_1_75' title="bbox 2157 3048 3733 3121">
     <span class='ocr_line' id='line_1_75' title="bbox 2157 3048 3733 3121; baseline -0.002 -19"><span class='ocrx_word' id='word_1_602' title='bbox 2157 3063 2262 3102; x_wconf 88' lang='lat' dir='ltr'><strong>non</strong></span> <span class='ocrx_word' id='word_1_603' title='bbox 2293 3048 2601 3120; x_wconf 83' lang='lat' dir='ltr'><strong>ignoramus</strong></span> <span class='ocrx_word' id='word_1_604' title='bbox 2633 3051 2980 3121; x_wconf 82' lang='lat' dir='ltr'><strong>cogitationes</strong></span> <span class='ocrx_word' id='word_1_605' title='bbox 3013 3051 3126 3121; x_wconf 85' lang='lat' dir='ltr'><strong>ejus</strong></span> <span class='ocrx_word' id='word_1_606' title='bbox 3177 3049 3422 3118; x_wconf 69' lang='lat' dir='ltr'><strong>Satante,</strong></span> <span class='ocrx_word' id='word_1_607' title='bbox 3450 3064 3614 3121; x_wconf 86' lang='lat' dir='ltr'><strong>quam</strong></span> <span class='ocrx_word' id='word_1_608' title='bbox 3637 3061 3733 3100; x_wconf 78' lang='lat' dir='ltr'><strong>ver-</strong></span> 
     </span>
    </p>
   </div>
   <div class='ocr_carea' id='block_1_76' title="bbox 2159 3136 3730 3213">
    <p class='ocr_par' dir='ltr' id='par_1_76' title="bbox 2159 3136 3730 3213">
     <span class='ocr_line' id='line_1_76' title="bbox 2159 3136 3730 3213; baseline -0.003 -18"><span class='ocrx_word' id='word_1_609' title='bbox 2159 3147 2297 3196; x_wconf 72' lang='lat' dir='ltr'><strong>suta:</strong></span> <span class='ocrx_word' id='word_1_610' title='bbox 2347 3139 2496 3194; x_wconf 89' lang='lat' dir='ltr'><strong>sint:</strong></span> <span class='ocrx_word' id='word_1_611' title='bbox 2535 3140 2629 3195; x_wconf 91' lang='lat' dir='ltr'><strong>ubi</strong></span> <span class='ocrx_word' id='word_1_612' title='bbox 2679 3141 2846 3196; x_wconf 88' lang='lat' dir='ltr'><strong>etiam</strong></span> <span class='ocrx_word' id='word_1_613' title='bbox 2888 3141 3244 3213; x_wconf 81' lang='lat' dir='ltr'><strong>intelligimus</strong></span> <span class='ocrx_word' id='word_1_614' title='bbox 3297 3143 3586 3207; x_wconf 85' lang='lat' dir='ltr'><strong>virtutem,</strong></span> <span class='ocrx_word' id='word_1_615' title='bbox 3611 3136 3730 3193; x_wconf 87' lang='lat' dir='ltr'><strong>utin</strong></span> 
     </span>
    </p>
   </div>
   <div class='ocr_carea' id='block_1_77' title="bbox 2158 3234 3727 3306">
    <p class='ocr_par' dir='ltr' id='par_1_77' title="bbox 2158 3234 3727 3306">
     <span class='ocr_line' id='line_1_77' title="bbox 2158 3234 3727 3306; baseline -0.004 -16"><span class='ocrx_word' id='word_1_616' title='bbox 2158 3234 2564 3306; x_wconf 89' lang='lat' dir='ltr'><strong>disciplinando</strong></span> <span class='ocrx_word' id='word_1_617' title='bbox 2629 3244 2918 3306; x_wconf 86' lang='lat' dir='ltr'><strong>peccatore</strong></span> <span class='ocrx_word' id='word_1_618' title='bbox 2977 3251 3134 3292; x_wconf 86' lang='lat' dir='ltr'><strong>suam</strong></span> <span class='ocrx_word' id='word_1_619' title='bbox 3195 3235 3400 3292; x_wconf 86' lang='lat' dir='ltr'><strong>inferat</strong></span> <span class='ocrx_word' id='word_1_620' title='bbox 3458 3234 3727 3291; x_wconf 87' lang='lat' dir='ltr'><strong>fallaciam.</strong></span> 
     </span>
    </p>
   </div>
   <div class='ocr_carea' id='block_1_78' title="bbox 2157 3322 3730 3397">
    <p class='ocr_par' dir='ltr' id='par_1_78' title="bbox 2157 3322 3730 3397">
     <span class='ocr_line' id='line_1_78' title="bbox 2157 3322 3730 3397; baseline -0.002 -18"><span class='ocrx_word' id='word_1_621' title='bbox 2157 3322 2409 3380; x_wconf 87' lang='lat' dir='ltr'><strong>Ostendit</strong></span> <span class='ocrx_word' id='word_1_622' title='bbox 2431 3324 2629 3380; x_wconf 90' lang='lat' dir='ltr'><strong>iterum</strong></span> <span class='ocrx_word' id='word_1_623' title='bbox 2651 3325 2876 3392; x_wconf 89' lang='lat' dir='ltr'><strong>Paulus,</strong></span> <span class='ocrx_word' id='word_1_624' title='bbox 2899 3325 3046 3396; x_wconf 90' lang='lat' dir='ltr'><strong>quod</strong></span> <span class='ocrx_word' id='word_1_625' title='bbox 3067 3326 3226 3397; x_wconf 82' lang='lat' dir='ltr'><strong>culpa</strong></span> <span class='ocrx_word' id='word_1_626' title='bbox 3249 3341 3446 3382; x_wconf 87' lang='lat' dir='ltr'><strong>eorum</strong></span> <span class='ocrx_word' id='word_1_627' title='bbox 3481 3325 3600 3390; x_wconf 90' lang='lat' dir='ltr'><strong>fuit,</strong></span> <span class='ocrx_word' id='word_1_628' title='bbox 3618 3323 3730 3378; x_wconf 89' lang='lat' dir='ltr'><strong>dum</strong></span> 
     </span>
    </p>
   </div>
   <div class='ocr_carea' id='block_1_79' title="bbox 2157 3415 3728 3489">
    <p class='ocr_par' dir='ltr' id='par_1_79' title="bbox 2157 3415 3728 3489">
     <span class='ocr_line' id='line_1_79' title="bbox 2157 3415 3728 3489; baseline -0.003 -17"><span class='ocrx_word' id='word_1_629' title='bbox 2157 3417 2500 3488; x_wconf 89' lang='lat' dir='ltr'><strong>propositum</strong></span> <span class='ocrx_word' id='word_1_630' title='bbox 2539 3417 2790 3474; x_wconf 87' lang='lat' dir='ltr'><strong>veniendi</strong></span> <span class='ocrx_word' id='word_1_631' title='bbox 2821 3417 2890 3474; x_wconf 90' lang='lat' dir='ltr'><strong>ad</strong></span> <span class='ocrx_word' id='word_1_632' title='bbox 2936 3433 3033 3474; x_wconf 89' lang='lat' dir='ltr'><strong>eos</strong></span> <span class='ocrx_word' id='word_1_633' title='bbox 3067 3419 3318 3486; x_wconf 85' lang='lat' dir='ltr'><strong>mutavit,</strong></span> <span class='ocrx_word' id='word_1_634' title='bbox 3351 3420 3487 3489; x_wconf 89' lang='lat' dir='ltr'><strong>quia</strong></span> <span class='ocrx_word' id='word_1_635' title='bbox 3527 3432 3620 3472; x_wconf 86' lang='lat' dir='ltr'><strong>eos</strong></span> <span class='ocrx_word' id='word_1_636' title='bbox 3654 3415 3728 3468; x_wconf 87' lang='lat' dir='ltr'><strong>in-</strong></span> 
     </span>
    </p>
   </div>
   <div class='ocr_carea' id='block_1_80' title="bbox 2158 3501 3728 3574">
    <p class='ocr_par' dir='ltr' id='par_1_80' title="bbox 2158 3501 3728 3574">
     <span class='ocr_line' id='line_1_80' title="bbox 2158 3501 3728 3574; baseline -0.002 -11"><span class='ocrx_word' id='word_1_637' title='bbox 2158 3516 2436 3564; x_wconf 90' lang='lat' dir='ltr'><strong>correctos</strong></span> <span class='ocrx_word' id='word_1_638' title='bbox 2482 3507 2708 3564; x_wconf 86' lang='lat' dir='ltr'><strong>audivit.</strong></span> <span class='ocrx_word' id='word_1_639' title='bbox 2743 3507 2864 3564; x_wconf 80' lang='lat' dir='ltr'><strong>Non</strong></span> <span class='ocrx_word' id='word_1_640' title='bbox 2906 3509 3048 3564; x_wconf 89' lang='lat' dir='ltr'><strong>ultra</strong></span> <span class='ocrx_word' id='word_1_641' title='bbox 3095 3511 3218 3564; x_wconf 88' lang='lat' dir='ltr'><strong>veni</strong></span> <span class='ocrx_word' id='word_1_642' title='bbox 3245 3505 3596 3574; x_wconf 83' lang='lat' dir='ltr'><strong>Corinthum,</strong></span> <span class='ocrx_word' id='word_1_643' title='bbox 3647 3501 3728 3560; x_wconf 82' lang='lat' dir='ltr'><strong>sed</strong></span> 
     </span>
    </p>
   </div>
   <div class='ocr_carea' id='block_1_81' title="bbox 2157 3598 3726 3672">
    <p class='ocr_par' dir='ltr' id='par_1_81' title="bbox 2157 3598 3726 3672">
     <span class='ocr_line' id='line_1_81' title="bbox 2157 3598 3726 3672; baseline -0.004 -17"><span class='ocrx_word' id='word_1_644' title='bbox 2157 3601 2279 3656; x_wconf 90' lang='lat' dir='ltr'><strong>veni</strong></span> <span class='ocrx_word' id='word_1_645' title='bbox 2312 3615 2488 3672; x_wconf 90' lang='lat' dir='ltr'><strong>usque</strong></span> <span class='ocrx_word' id='word_1_646' title='bbox 2509 3601 2802 3657; x_wconf 91' lang='lat' dir='ltr'><strong>Troadem.</strong></span> <span class='ocrx_word' id='word_1_647' title='bbox 2837 3600 2972 3657; x_wconf 89' lang='lat' dir='ltr'><strong>Cum</strong></span> <span class='ocrx_word' id='word_1_648' title='bbox 2999 3611 3182 3658; x_wconf 90' lang='lat' dir='ltr'><strong>autem</strong></span> <span class='ocrx_word' id='word_1_649' title='bbox 3207 3603 3468 3658; x_wconf 79' lang='lat' dir='ltr'><strong>venissem</strong></span> <span class='ocrx_word' id='word_1_650' title='bbox 3494 3598 3726 3656; x_wconf 78' lang='lat' dir='ltr'><strong>Troadem</strong></span> 
     </span>
    </p>
   </div>
   <div class='ocr_carea' id='block_1_82' title="bbox 2157 3692 3728 3766">
    <p class='ocr_par' dir='ltr' id='par_1_82' title="bbox 2157 3692 3728 3766">
     <span class='ocr_line' id='line_1_82' title="bbox 2157 3692 3728 3766; baseline -0.004 -16"><span class='ocrx_word' id='word_1_651' title='bbox 2157 3705 2370 3766; x_wconf 83' lang='lat' dir='ltr'><strong>propter</strong></span> <span class='ocrx_word' id='word_1_652' title='bbox 2417 3693 2766 3766; x_wconf 82' lang='lat' dir='ltr'><strong>Evangelium</strong></span> <span class='ocrx_word' id='word_1_653' title='bbox 2789 3694 2992 3750; x_wconf 86' lang='lat' dir='ltr'><strong>Christi</strong></span> <span class='ocrx_word' id='word_1_654' title='bbox 3031 3696 3442 3765; x_wconf 57' lang='lat' dir='ltr'><strong>praedicandum</strong></span> <span class='ocrx_word' id='word_1_655' title='bbox 3475 3692 3728 3766; x_wconf 83' lang='lat' dir='ltr'><strong>:(ubique</strong></span> 
     </span>
    </p>
   </div>
   <div class='ocr_carea' id='block_1_83' title="bbox 2157 3780 3725 3856">
    <p class='ocr_par' dir='ltr' id='par_1_83' title="bbox 2157 3780 3725 3856">
     <span class='ocr_line' id='line_1_83' title="bbox 2157 3780 3725 3856; baseline -0.006 -13"><span class='ocrx_word' id='word_1_656' title='bbox 2157 3786 2305 3844; x_wconf 87' lang='lat' dir='ltr'><strong>enim</strong></span> <span class='ocrx_word' id='word_1_657' title='bbox 2339 3787 2744 3856; x_wconf 82' lang='lat' dir='ltr'><strong>praedicabant)</strong></span> <span class='ocrx_word' id='word_1_658' title='bbox 2775 3795 2827 3840; x_wconf 91' lang='lat' dir='ltr'><strong>et</strong></span> <span class='ocrx_word' id='word_1_659' title='bbox 2875 3801 3001 3842; x_wconf 89' lang='lat' dir='ltr'><strong>cum</strong></span> <span class='ocrx_word' id='word_1_660' title='bbox 3031 3785 3128 3854; x_wconf 83' lang='lat' dir='ltr'><strong>ibi,</strong></span> <span class='ocrx_word' id='word_1_661' title='bbox 3174 3785 3412 3854; x_wconf 89' lang='lat' dir='ltr'><strong>Troade,</strong></span> <span class='ocrx_word' id='word_1_662' title='bbox 3445 3793 3578 3841; x_wconf 83' lang='lat' dir='ltr'><strong>esset</strong></span> <span class='ocrx_word' id='word_1_663' title='bbox 3616 3780 3725 3834; x_wconf 81' lang='lat' dir='ltr'><strong>mihi</strong></span> 
     </span>
    </p>
   </div>
   <div class='ocr_carea' id='block_1_84' title="bbox 2159 3877 3726 3949">
    <p class='ocr_par' dir='ltr' id='par_1_84' title="bbox 2159 3877 3726 3949">
     <span class='ocr_line' id='line_1_84' title="bbox 2159 3877 3726 3949; baseline -0.006 -18"><span class='ocrx_word' id='word_1_664' title='bbox 2159 3885 2397 3948; x_wconf 84' lang='lat' dir='ltr'><strong>apertum</strong></span> <span class='ocrx_word' id='word_1_665' title='bbox 2427 3878 2641 3944; x_wconf 82' lang='lat' dir='ltr'><strong>ostium,</strong></span> <span class='ocrx_word' id='word_1_666' title='bbox 2668 3877 2722 3932; x_wconf 90' lang='lat' dir='ltr'><strong>id</strong></span> <span class='ocrx_word' id='word_1_667' title='bbox 2742 3885 2845 3944; x_wconf 91' lang='lat' dir='ltr'><strong>est,</strong></span> <span class='ocrx_word' id='word_1_668' title='bbox 2877 3885 3089 3932; x_wconf 89' lang='lat' dir='ltr'><strong>mentes</strong></span> <span class='ocrx_word' id='word_1_669' title='bbox 3113 3892 3306 3932; x_wconf 87' lang='lat' dir='ltr'><strong>eorum</strong></span> <span class='ocrx_word' id='word_1_670' title='bbox 3332 3886 3540 3949; x_wconf 68' lang='lat' dir='ltr'><strong>paratae</strong></span> <span class='ocrx_word' id='word_1_671' title='bbox 3565 3877 3726 3930; x_wconf 84' lang='lat' dir='ltr'><strong>essent</strong></span> 
     </span>
    </p>
   </div>
   <div class='ocr_carea' id='block_1_85' title="bbox 2158 3963 3724 4039">
    <p class='ocr_par' dir='ltr' id='par_1_85' title="bbox 2158 3963 3724 4039">
     <span class='ocr_line' id='line_1_85' title="bbox 2158 3963 3724 4039; baseline -0.006 -17"><span class='ocrx_word' id='word_1_672' title='bbox 2158 3969 2226 4023; x_wconf 88' lang='lat' dir='ltr'><strong>ad</strong></span> <span class='ocrx_word' id='word_1_673' title='bbox 2250 3968 2624 4039; x_wconf 89' lang='lat' dir='ltr'><strong>recipiendum</strong></span> <span class='ocrx_word' id='word_1_674' title='bbox 2651 3969 2878 4024; x_wconf 89' lang='lat' dir='ltr'><strong>verbum</strong></span> <span class='ocrx_word' id='word_1_675' title='bbox 2928 3967 3137 4024; x_wconf 86' lang='lat' dir='ltr'><strong>Christi</strong></span> <span class='ocrx_word' id='word_1_676' title='bbox 3159 4009 3174 4037; x_wconf 87' lang='lat'><strong>,</strong></span> <span class='ocrx_word' id='word_1_677' title='bbox 3214 3970 3402 4026; x_wconf 90' lang='lat' dir='ltr'><strong>ethoc</strong></span> <span class='ocrx_word' id='word_1_678' title='bbox 3438 3971 3496 4024; x_wconf 86' lang='lat' dir='ltr'><strong>in</strong></span> <span class='ocrx_word' id='word_1_679' title='bbox 3523 3963 3724 4022; x_wconf 82' lang='lat' dir='ltr'><strong>Domino</strong></span> 
     </span>
    </p>
   </div>
   <div class='ocr_carea' id='block_1_86' title="bbox 2161 4059 3724 4132">
    <p class='ocr_par' dir='ltr' id='par_1_86' title="bbox 2161 4059 3724 4132">
     <span class='ocr_line' id='line_1_86' title="bbox 2161 4059 3724 4132; baseline -0.001 -20"><span class='ocrx_word' id='word_1_680' title='bbox 2161 4059 2452 4132; x_wconf 88' lang='lat' dir='ltr'><strong>(Dominus</strong></span> <span class='ocrx_word' id='word_1_681' title='bbox 2477 4059 2624 4114; x_wconf 89' lang='lat' dir='ltr'><strong>enim</strong></span> <span class='ocrx_word' id='word_1_682' title='bbox 2647 4060 2813 4116; x_wconf 90' lang='lat' dir='ltr'><strong>corda</strong></span> <span class='ocrx_word' id='word_1_683' title='bbox 2843 4075 3034 4115; x_wconf 91' lang='lat' dir='ltr'><strong>eorum</strong></span> <span class='ocrx_word' id='word_1_684' title='bbox 3067 4059 3368 4132; x_wconf 88' lang='lat' dir='ltr'><strong>aperiebat)</strong></span> <span class='ocrx_word' id='word_1_685' title='bbox 3397 4075 3523 4118; x_wconf 86' lang='lat' dir='ltr'><strong>cum</strong></span> <span class='ocrx_word' id='word_1_686' title='bbox 3551 4059 3622 4112; x_wconf 90' lang='lat' dir='ltr'><strong>ita</strong></span> <span class='ocrx_word' id='word_1_687' title='bbox 3647 4067 3724 4108; x_wconf 75' lang='lat' dir='ltr'><strong>ve-</strong></span> 
     </span>
    </p>
   </div>
   <div class='ocr_carea' id='block_1_87' title="bbox 2160 4150 3724 4222">
    <p class='ocr_par' dir='ltr' id='par_1_87' title="bbox 2160 4150 3724 4222">
     <span class='ocr_line' id='line_1_87' title="bbox 2160 4150 3724 4222; baseline -0.004 -17"><span class='ocrx_word' id='word_1_688' title='bbox 2160 4151 2387 4218; x_wconf 89' lang='lat' dir='ltr'><strong>nissem,</strong></span> <span class='ocrx_word' id='word_1_689' title='bbox 2418 4167 2522 4205; x_wconf 86' lang='lat' dir='ltr'><strong>non</strong></span> <span class='ocrx_word' id='word_1_690' title='bbox 2549 4151 2710 4206; x_wconf 87' lang='lat' dir='ltr'><strong>habui</strong></span> <span class='ocrx_word' id='word_1_691' title='bbox 2735 4152 2964 4222; x_wconf 80' lang='lat' dir='ltr'><strong>requiem</strong></span> <span class='ocrx_word' id='word_1_692' title='bbox 2989 4151 3208 4222; x_wconf 85' lang='lat' dir='ltr'><strong>spiritui</strong></span> <span class='ocrx_word' id='word_1_693' title='bbox 3231 4169 3364 4207; x_wconf 89' lang='lat' dir='ltr'><strong>meo.</strong></span> <span class='ocrx_word' id='word_1_694' title='bbox 3401 4150 3654 4222; x_wconf 84' lang='lat' dir='ltr'><strong>Requicm</strong></span> <span class='ocrx_word' id='word_1_695' title='bbox 3675 4155 3724 4198; x_wconf 84' lang='lat' dir='ltr'><strong>se</strong></span> 
     </span>
    </p>
   </div>
   <div class='ocr_carea' id='block_1_88' title="bbox 2157 4234 3722 4314">
    <p class='ocr_par' dir='ltr' id='par_1_88' title="bbox 2157 4234 3722 4314">
     <span class='ocr_line' id='line_1_88' title="bbox 2157 4234 3722 4314; baseline 0 -18"><span class='ocrx_word' id='word_1_696' title='bbox 2157 4241 2290 4297; x_wconf 91' lang='lat' dir='ltr'><strong>dicit</strong></span> <span class='ocrx_word' id='word_1_697' title='bbox 2324 4258 2432 4298; x_wconf 91' lang='lat' dir='ltr'><strong>non</strong></span> <span class='ocrx_word' id='word_1_698' title='bbox 2470 4242 2748 4311; x_wconf 86' lang='lat' dir='ltr'><strong>habuisse,</strong></span> <span class='ocrx_word' id='word_1_699' title='bbox 2779 4243 2909 4314; x_wconf 90' lang='lat' dir='ltr'><strong>quia</strong></span> <span class='ocrx_word' id='word_1_700' title='bbox 2945 4243 3001 4298; x_wconf 89' lang='lat' dir='ltr'><strong>in</strong></span> <span class='ocrx_word' id='word_1_701' title='bbox 3039 4243 3391 4314; x_wconf 78' lang='lat' dir='ltr'><strong>praedicando</strong></span> <span class='ocrx_word' id='word_1_702' title='bbox 3427 4259 3535 4300; x_wconf 89' lang='lat' dir='ltr'><strong>non</strong></span> <span class='ocrx_word' id='word_1_703' title='bbox 3569 4234 3722 4310; x_wconf 74' lang='lat' dir='ltr'><strong>potuit</strong></span> 
     </span>
    </p>
   </div>
   <div class='ocr_carea' id='block_1_89' title="bbox 2159 4325 3720 4406">
    <p class='ocr_par' dir='ltr' id='par_1_89' title="bbox 2159 4325 3720 4406">
     <span class='ocr_line' id='line_1_89' title="bbox 2159 4325 3720 4406; baseline -0.005 -19"><span class='ocrx_word' id='word_1_704' title='bbox 2159 4339 2288 4388; x_wconf 90' lang='lat' dir='ltr'><strong>tunc</strong></span> <span class='ocrx_word' id='word_1_705' title='bbox 2313 4333 2584 4391; x_wconf 84' lang='lat' dir='ltr'><strong>laborare.</strong></span> <span class='ocrx_word' id='word_1_706' title='bbox 2606 4333 2870 4405; x_wconf 81' lang='lat' dir='ltr'><strong>Requiem</strong></span> <span class='ocrx_word' id='word_1_707' title='bbox 2885 4351 2994 4390; x_wconf 90' lang='lat' dir='ltr'><strong>non</strong></span> <span class='ocrx_word' id='word_1_708' title='bbox 3017 4333 3202 4402; x_wconf 87' lang='lat' dir='ltr'><strong>habui,</strong></span> <span class='ocrx_word' id='word_1_709' title='bbox 3225 4337 3436 4406; x_wconf 87' lang='lat' dir='ltr'><strong>eoquod</strong></span> <span class='ocrx_word' id='word_1_710' title='bbox 3454 4351 3552 4390; x_wconf 89' lang='lat' dir='ltr'><strong>non</strong></span> <span class='ocrx_word' id='word_1_711' title='bbox 3573 4325 3720 4384; x_wconf 71' lang='lat' dir='ltr'><strong>inveni</strong></span> 
     </span>
    </p>
   </div>
   <div class='ocr_carea' id='block_1_90' title="bbox 2159 4421 3720 4495">
    <p class='ocr_par' dir='ltr' id='par_1_90' title="bbox 2159 4421 3720 4495">
     <span class='ocr_line' id='line_1_90' title="bbox 2159 4421 3720 4495; baseline -0.002 -18"><span class='ocrx_word' id='word_1_712' title='bbox 2159 4422 2217 4478; x_wconf 90' lang='lat' dir='ltr'><strong>in</strong></span> <span class='ocrx_word' id='word_1_713' title='bbox 2245 4421 2459 4480; x_wconf 87' lang='lat' dir='ltr'><strong>Troade</strong></span> <span class='ocrx_word' id='word_1_714' title='bbox 2494 4425 2719 4495; x_wconf 81' lang='lat' dir='ltr'><strong>fratrem</strong></span> <span class='ocrx_word' id='word_1_715' title='bbox 2757 4441 2932 4479; x_wconf 89' lang='lat' dir='ltr'><strong>meum</strong></span> <span class='ocrx_word' id='word_1_716' title='bbox 2963 4423 3162 4480; x_wconf 87' lang='lat' dir='ltr'><strong>Titum.</strong></span> <span class='ocrx_word' id='word_1_717' title='bbox 3197 4425 3304 4482; x_wconf 84' lang='lat' dir='ltr'><strong>Per</strong></span> <span class='ocrx_word' id='word_1_718' title='bbox 3329 4426 3660 4483; x_wconf 86' lang='lat' dir='ltr'><strong>Timotheum</strong></span> <span class='ocrx_word' id='word_1_719' title='bbox 3675 4425 3720 4470; x_wconf 71' lang='grc' dir='ltr'><strong>οι</strong></span> 
     </span>
    </p>
   </div>
   <div class='ocr_carea' id='block_1_91' title="bbox 470 4506 3718 4586">
    <p class='ocr_par' dir='ltr' id='par_1_91' title="bbox 470 4506 3718 4586">
     <span class='ocr_line' id='line_1_91' title="bbox 470 4506 3718 4586; baseline 0.002 -26"><span class='ocrx_word' id='word_1_720' title='bbox 470 4506 806 4577; x_wconf 82' lang='lat' dir='ltr'><strong>objurgastis</strong></span> <span class='ocrx_word' id='word_1_721' title='bbox 849 4515 904 4562; x_wconf 87' lang='lat' dir='ltr'><strong>et</strong></span> <span class='ocrx_word' id='word_1_722' title='bbox 957 4507 1046 4563; x_wconf 87' lang='lat' dir='ltr'><strong>ille</strong></span> <span class='ocrx_word' id='word_1_723' title='bbox 1073 4507 1340 4578; x_wconf 88' lang='lat' dir='ltr'><strong>patienter</strong></span> <span class='ocrx_word' id='word_1_724' title='bbox 1367 4506 1621 4576; x_wconf 89' lang='lat' dir='ltr'><strong>sustulit,</strong></span> <span class='ocrx_word' id='word_1_725' title='bbox 1653 4507 1733 4562; x_wconf 87' lang='lat' dir='ltr'><strong>ita</strong></span> <span class='ocrx_word' id='word_1_726' title='bbox 1763 4510 1932 4580; x_wconf 86' lang='lat' dir='ltr'><strong>magis</strong></span> <span class='ocrx_word' id='word_1_727' title='bbox 1959 4509 2058 4564; x_wconf 87' lang='lat' dir='ltr'><strong>do-</strong></span> <span class='ocrx_word' id='word_1_728' title='bbox 2090 4521 2136 4576; x_wconf 79' lang='grc' dir='ltr'><strong>ι)</strong></span> <span class='ocrx_word' id='word_1_729' title='bbox 2160 4513 2344 4570; x_wconf 85' lang='lat' dir='ltr'><strong>Titum</strong></span> <span class='ocrx_word' id='word_1_730' title='bbox 2369 4515 2656 4586; x_wconf 90' lang='lat' dir='ltr'><strong>epistolam</strong></span> <span class='ocrx_word' id='word_1_731' title='bbox 2685 4515 2920 4585; x_wconf 90' lang='lat' dir='ltr'><strong>primam</strong></span> <span class='ocrx_word' id='word_1_732' title='bbox 2941 4516 3245 4573; x_wconf 78' lang='lat' dir='ltr'><strong>Corinthiis</strong></span> <span class='ocrx_word' id='word_1_733' title='bbox 3267 4517 3495 4573; x_wconf 88' lang='lat' dir='ltr'><strong>miserat</strong></span> <span class='ocrx_word' id='word_1_734' title='bbox 3519 4534 3530 4570; x_wconf 93' lang='lat'><strong>:</strong></span> <span class='ocrx_word' id='word_1_735' title='bbox 3559 4511 3718 4565; x_wconf 76' lang='lat' dir='ltr'><strong>Timo-</strong></span> 
     </span>
    </p>
   </div>
   <div class='ocr_carea' id='block_1_92' title="bbox 469 4597 2060 4672">
    <p class='ocr_par' dir='ltr' id='par_1_92' title="bbox 469 4597 2060 4672">
     <span class='ocr_line' id='line_1_92' title="bbox 469 4597 2060 4672; baseline 0.003 -20"><span class='ocrx_word' id='word_1_736' title='bbox 469 4598 624 4664; x_wconf 84' lang='lat' dir='ltr'><strong>netis,</strong></span> <span class='ocrx_word' id='word_1_737' title='bbox 657 4597 712 4654; x_wconf 89' lang='lat' dir='ltr'><strong>id</strong></span> <span class='ocrx_word' id='word_1_738' title='bbox 739 4607 824 4655; x_wconf 90' lang='lat' dir='ltr'><strong>est</strong></span> <span class='ocrx_word' id='word_1_739' title='bbox 851 4599 1143 4656; x_wconf 87' lang='lat' dir='ltr'><strong>remittatis</strong></span> <span class='ocrx_word' id='word_1_740' title='bbox 1165 4599 1216 4655; x_wconf 90' lang='lat' dir='ltr'><strong>ei</strong></span> <span class='ocrx_word' id='word_1_741' title='bbox 1245 4609 1530 4670; x_wconf 88' lang='lat' dir='ltr'><strong>peceatum</strong></span> <span class='ocrx_word' id='word_1_742' title='bbox 1559 4616 1744 4670; x_wconf 89' lang='lat' dir='ltr'><strong>suum,</strong></span> <span class='ocrx_word' id='word_1_743' title='bbox 1779 4609 1834 4657; x_wconf 92' lang='lat' dir='ltr'><strong>et</strong></span> <span class='ocrx_word' id='word_1_744' title='bbox 1860 4615 1931 4656; x_wconf 89' lang='lat' dir='ltr'><strong>ne</strong></span> <span class='ocrx_word' id='word_1_745' title='bbox 1957 4617 2060 4672; x_wconf 91' lang='lat' dir='ltr'><strong>pu-</strong></span> 
     </span>
    </p>
   </div>
   <div class='ocr_carea' id='block_1_93' title="bbox 468 4690 2056 4762">
    <p class='ocr_par' dir='ltr' id='par_1_93' title="bbox 468 4690 2056 4762">
     <span class='ocr_line' id='line_1_93' title="bbox 468 4690 2056 4762; baseline 0.001 -18"><span class='ocrx_word' id='word_1_746' title='bbox 468 4699 546 4744; x_wconf 85' lang='lat' dir='ltr'><strong>tet</strong></span> <span class='ocrx_word' id='word_1_747' title='bbox 570 4690 675 4745; x_wconf 90' lang='lat' dir='ltr'><strong>hoc</strong></span> <span class='ocrx_word' id='word_1_748' title='bbox 701 4705 800 4747; x_wconf 88' lang='lat' dir='ltr'><strong>vos</strong></span> <span class='ocrx_word' id='word_1_749' title='bbox 830 4706 1010 4760; x_wconf 86' lang='lat' dir='ltr'><strong>agere,</strong></span> <span class='ocrx_word' id='word_1_750' title='bbox 1039 4691 1198 4762; x_wconf 88' lang='lat' dir='ltr'><strong>quasi</strong></span> <span class='ocrx_word' id='word_1_751' title='bbox 1229 4705 1340 4746; x_wconf 88' lang='lat' dir='ltr'><strong>non</strong></span> <span class='ocrx_word' id='word_1_752' title='bbox 1367 4701 1622 4749; x_wconf 88' lang='lat' dir='ltr'><strong>curantes</strong></span> <span class='ocrx_word' id='word_1_753' title='bbox 1651 4691 1721 4748; x_wconf 90' lang='lat' dir='ltr'><strong>de</strong></span> <span class='ocrx_word' id='word_1_754' title='bbox 1748 4707 1836 4760; x_wconf 93' lang='lat' dir='ltr'><strong>eo,</strong></span> <span class='ocrx_word' id='word_1_755' title='bbox 1867 4708 2056 4747; x_wconf 85' lang='lat' dir='ltr'><strong>conso-</strong></span> 
     </span>
    </p>
   </div>
   <div class='ocr_carea' id='block_1_94' title="bbox 470 4779 2057 4854">
    <p class='ocr_par' dir='ltr' id='par_1_94' title="bbox 470 4779 2057 4854">
     <span class='ocr_line' id='line_1_94' title="bbox 470 4779 2057 4854; baseline 0.005 -22"><span class='ocrx_word' id='word_1_756' title='bbox 470 4779 652 4834; x_wconf 87' lang='lat' dir='ltr'><strong>lemini</strong></span> <span class='ocrx_word' id='word_1_757' title='bbox 679 4797 804 4836; x_wconf 91' lang='lat' dir='ltr'><strong>eum</strong></span> <span class='ocrx_word' id='word_1_758' title='bbox 835 4781 1148 4852; x_wconf 90' lang='lat' dir='ltr'><strong>frequenter</strong></span> <span class='ocrx_word' id='word_1_759' title='bbox 1180 4798 1278 4853; x_wconf 89' lang='lat' dir='ltr'><strong>per</strong></span> <span class='ocrx_word' id='word_1_760' title='bbox 1307 4783 1713 4840; x_wconf 86' lang='lat' dir='ltr'><strong>consolationes</strong></span> <span class='ocrx_word' id='word_1_761' title='bbox 1743 4782 2057 4854; x_wconf 88' lang='lat' dir='ltr'><strong>Scriptura-</strong></span> 
     </span>
    </p>
   </div>
   <div class='ocr_carea' id='block_1_95' title="bbox 473 4869 2076 4946">
    <p class='ocr_par' dir='ltr' id='par_1_95' title="bbox 473 4869 2076 4946">
     <span class='ocr_line' id='line_1_95' title="bbox 473 4869 2076 4946; baseline 0.004 -23"><span class='ocrx_word' id='word_1_762' title='bbox 473 4887 616 4925; x_wconf 86' lang='lat' dir='ltr'><strong>rum.</strong></span> <span class='ocrx_word' id='word_1_763' title='bbox 641 4869 766 4928; x_wconf 83' lang='lat' dir='ltr'><strong>Ideo</strong></span> <span class='ocrx_word' id='word_1_764' title='bbox 784 4874 909 4929; x_wconf 89' lang='lat' dir='ltr'><strong>dico</strong></span> <span class='ocrx_word' id='word_1_765' title='bbox 925 4874 1140 4940; x_wconf 84' lang='lat' dir='ltr'><strong>donetis</strong></span> <span class='ocrx_word' id='word_1_766' title='bbox 1160 4883 1216 4930; x_wconf 86' lang='lat' dir='ltr'><strong>et</strong></span> <span class='ocrx_word' id='word_1_767' title='bbox 1241 4875 1622 4942; x_wconf 88' lang='lat' dir='ltr'><strong>consolemini,</strong></span> <span class='ocrx_word' id='word_1_768' title='bbox 1646 4893 1709 4930; x_wconf 89' lang='lat' dir='ltr'><strong>ne</strong></span> <span class='ocrx_word' id='word_1_769' title='bbox 1731 4877 1868 4946; x_wconf 77' lang='lat' dir='ltr'><strong>forte</strong></span> <span class='ocrx_word' id='word_1_770' title='bbox 1889 4876 2076 4946; x_wconf 80' lang='lat' dir='ltr'><strong>(quod-</strong></span> 
     </span>
    </p>
   </div>
   <div class='ocr_carea' id='block_1_96' title="bbox 473 4960 2058 5039">
    <p class='ocr_par' dir='ltr' id='par_1_96' title="bbox 473 4960 2058 5039">
     <span class='ocr_line' id='line_1_96' title="bbox 473 4960 2058 5039; baseline 0.006 -26"><span class='ocrx_word' id='word_1_771' title='bbox 473 4960 584 5024; x_wconf 85' lang='lat' dir='ltr'><strong>cito</strong></span> <span class='ocrx_word' id='word_1_772' title='bbox 613 4963 924 5034; x_wconf 89' lang='lat' dir='ltr'><strong>contingere</strong></span> <span class='ocrx_word' id='word_1_773' title='bbox 949 4967 1152 5038; x_wconf 89' lang='lat' dir='ltr'><strong>posset)</strong></span> <span class='ocrx_word' id='word_1_774' title='bbox 1201 4967 1290 5024; x_wconf 89' lang='lat' dir='ltr'><strong>hic</strong></span> <span class='ocrx_word' id='word_1_775' title='bbox 1321 4969 1412 5039; x_wconf 85' lang='lat' dir='ltr'><strong>qui</strong></span> <span class='ocrx_word' id='word_1_776' title='bbox 1433 4978 1514 5022; x_wconf 87' lang='lat' dir='ltr'><strong>est</strong></span> <span class='ocrx_word' id='word_1_777' title='bbox 1539 4968 1822 5039; x_wconf 85' lang='lat' dir='ltr'><strong>ejusmodi,</strong></span> <span class='ocrx_word' id='word_1_778' title='bbox 1869 4967 1923 5024; x_wconf 90' lang='lat' dir='ltr'><strong>id</strong></span> <span class='ocrx_word' id='word_1_779' title='bbox 1972 4977 2058 5026; x_wconf 91' lang='lat' dir='ltr'><strong>est</strong></span> 
     </span>
    </p>
   </div>
   <div class='ocr_carea' id='block_1_97' title="bbox 477 5052 2058 5132">
    <p class='ocr_par' dir='ltr' id='par_1_97' title="bbox 477 5052 2058 5132">
     <span class='ocr_line' id='line_1_97' title="bbox 477 5052 2058 5132; baseline 0.005 -24"><span class='ocrx_word' id='word_1_780' title='bbox 477 5053 660 5108; x_wconf 68' lang='lat' dir='ltr'><strong>multa!</strong></span> <span class='ocrx_word' id='word_1_781' title='bbox 685 5052 1012 5126; x_wconf 75' lang='lat' dir='ltr'><strong>fragilitatis,</strong></span> <span class='ocrx_word' id='word_1_782' title='bbox 1037 5059 1400 5128; x_wconf 84' lang='lat' dir='ltr'><strong>absorbeatur,</strong></span> <span class='ocrx_word' id='word_1_783' title='bbox 1431 5061 1486 5116; x_wconf 89' lang='lat' dir='ltr'><strong>id</strong></span> <span class='ocrx_word' id='word_1_784' title='bbox 1511 5071 1597 5116; x_wconf 88' lang='lat' dir='ltr'><strong>est</strong></span> <span class='ocrx_word' id='word_1_785' title='bbox 1619 5061 1918 5132; x_wconf 80' lang='lat' dir='ltr'><strong>desperans</strong></span> <span class='ocrx_word' id='word_1_786' title='bbox 1963 5061 2058 5116; x_wconf 88' lang='lat' dir='ltr'><strong>de-</strong></span> 
     </span>
    </p>
   </div>
   <div class='ocr_carea' id='block_1_98' title="bbox 475 5144 2058 5223">
    <p class='ocr_par' dir='ltr' id='par_1_98' title="bbox 475 5144 2058 5223">
     <span class='ocr_line' id='line_1_98' title="bbox 475 5144 2058 5223; baseline 0.007 -25"><span class='ocrx_word' id='word_1_787' title='bbox 475 5144 738 5216; x_wconf 84' lang='lat' dir='ltr'><strong>glutiatur</strong></span> <span class='ocrx_word' id='word_1_788' title='bbox 765 5145 1144 5204; x_wconf 82' lang='lat' dir='ltr'><strong>abundantiori</strong></span> <span class='ocrx_word' id='word_1_789' title='bbox 1173 5151 1419 5206; x_wconf 87' lang='lat' dir='ltr'><strong>tristitia.</strong></span> <span class='ocrx_word' id='word_1_790' title='bbox 1469 5151 1528 5206; x_wconf 91' lang='lat' dir='ltr'><strong>Si</strong></span> <span class='ocrx_word' id='word_1_791' title='bbox 1565 5153 1712 5208; x_wconf 90' lang='lat' dir='ltr'><strong>enim</strong></span> <span class='ocrx_word' id='word_1_792' title='bbox 1742 5168 1910 5223; x_wconf 88' lang='lat' dir='ltr'><strong>supra</strong></span> <span class='ocrx_word' id='word_1_793' title='bbox 1939 5169 2058 5210; x_wconf 87' lang='lat' dir='ltr'><strong>mo-</strong></span> 
     </span>
    </p>
   </div>
   <div class='ocr_carea' id='block_1_99' title="bbox 475 5235 2060 5310">
    <p class='ocr_par' dir='ltr' id='par_1_99' title="bbox 475 5235 2060 5310">
     <span class='ocr_line' id='line_1_99' title="bbox 475 5235 2060 5310; baseline 0.006 -19"><span class='ocrx_word' id='word_1_794' title='bbox 475 5235 606 5294; x_wconf 91' lang='lat' dir='ltr'><strong>dum</strong></span> <span class='ocrx_word' id='word_1_795' title='bbox 647 5237 945 5293; x_wconf 85' lang='lat' dir='ltr'><strong>coerceatis</strong></span> <span class='ocrx_word' id='word_1_796' title='bbox 987 5253 1136 5305; x_wconf 89' lang='lat' dir='ltr'><strong>eum,</strong></span> <span class='ocrx_word' id='word_1_797' title='bbox 1167 5240 1477 5310; x_wconf 86' lang='lat' dir='ltr'><strong>desperabit</strong></span> <span class='ocrx_word' id='word_1_798' title='bbox 1504 5243 1571 5298; x_wconf 90' lang='lat' dir='ltr'><strong>de</strong></span> <span class='ocrx_word' id='word_1_799' title='bbox 1610 5245 1786 5300; x_wconf 88' lang='lat' dir='ltr'><strong>salute</strong></span> <span class='ocrx_word' id='word_1_800' title='bbox 1813 5263 1826 5299; x_wconf 92' lang='lat'>:</span> <span class='ocrx_word' id='word_1_801' title='bbox 1850 5253 1906 5300; x_wconf 89' lang='lat' dir='ltr'><strong>et</strong></span> <span class='ocrx_word' id='word_1_802' title='bbox 1947 5244 2060 5300; x_wconf 89' lang='lat' dir='ltr'><strong>cito</strong></span> 
     </span>
    </p>
   </div>
   <div class='ocr_carea' id='block_1_100' title="bbox 475 5326 2064 5402">
    <p class='ocr_par' dir='ltr' id='par_1_100' title="bbox 475 5326 2064 5402">
     <span class='ocr_line' id='line_1_100' title="bbox 475 5326 2064 5402; baseline 0.007 -20"><span class='ocrx_word' id='word_1_803' title='bbox 475 5327 784 5382; x_wconf 84' lang='lat' dir='ltr'><strong>rcvolvetur</strong></span> <span class='ocrx_word' id='word_1_804' title='bbox 811 5326 975 5382; x_wconf 88' lang='lat' dir='ltr'><strong>etiam</strong></span> <span class='ocrx_word' id='word_1_805' title='bbox 1013 5328 1068 5383; x_wconf 90' lang='lat' dir='ltr'><strong>in</strong></span> <span class='ocrx_word' id='word_1_806' title='bbox 1113 5329 1351 5388; x_wconf 89' lang='lat' dir='ltr'><strong>deterius</strong></span> <span class='ocrx_word' id='word_1_807' title='bbox 1393 5342 1699 5402; x_wconf 88' lang='lat' dir='ltr'><strong>peccatum.</strong></span> <span class='ocrx_word' id='word_1_808' title='bbox 1743 5335 1936 5392; x_wconf 84' lang='lat' dir='ltr'><strong>Melior</strong></span> <span class='ocrx_word' id='word_1_809' title='bbox 1977 5346 2064 5393; x_wconf 90' lang='lat' dir='ltr'><strong>est</strong></span> 
     </span>
    </p>
   </div>
   <div class='ocr_carea' id='block_1_101' title="bbox 475 5415 2062 5497">
    <p class='ocr_par' dir='ltr' id='par_1_101' title="bbox 475 5415 2062 5497">
     <span class='ocr_line' id='line_1_101' title="bbox 475 5415 2062 5497; baseline 0.005 -25"><span class='ocrx_word' id='word_1_810' title='bbox 475 5416 622 5472; x_wconf 87' lang='lat' dir='ltr'><strong>enim</strong></span> <span class='ocrx_word' id='word_1_811' title='bbox 653 5415 1029 5472; x_wconf 89' lang='lat' dir='ltr'><strong>misericordia</strong></span> <span class='ocrx_word' id='word_1_812' title='bbox 1060 5419 1128 5474; x_wconf 90' lang='lat' dir='ltr'><strong>ad</strong></span> <span class='ocrx_word' id='word_1_813' title='bbox 1157 5419 1388 5476; x_wconf 79' lang='lat' dir='ltr'><strong>salutem</strong></span> <span class='ocrx_word' id='word_1_814' title='bbox 1413 5437 1578 5492; x_wconf 89' lang='lat' dir='ltr'><strong>quam</strong></span> <span class='ocrx_word' id='word_1_815' title='bbox 1613 5427 1874 5482; x_wconf 90' lang='lat' dir='ltr'><strong>severitas</strong></span> <span class='ocrx_word' id='word_1_816' title='bbox 1891 5427 2062 5497; x_wconf 75' lang='lat' dir='ltr'><strong>justi-</strong></span> 
     </span>
    </p>
   </div>
   <div class='ocr_carea' id='block_1_102' title="bbox 479 5507 2060 5586">
    <p class='ocr_par' dir='ltr' id='par_1_102' title="bbox 479 5507 2060 5586">
     <span class='ocr_line' id='line_1_102' title="bbox 479 5507 2060 5586; baseline 0.009 -26"><span class='ocrx_word' id='word_1_817' title='bbox 479 5507 566 5562; x_wconf 82' lang='lat' dir='ltr'><strong>tiae</strong></span> <span class='ocrx_word' id='word_1_818' title='bbox 601 5522 870 5578; x_wconf 78' lang='lat' dir='ltr'><strong>generatis</strong></span> <span class='ocrx_word' id='word_1_819' title='bbox 908 5507 1363 5579; x_wconf 86' lang='lat' dir='ltr'><strong>desperationem.</strong></span> <span class='ocrx_word' id='word_1_820' title='bbox 1395 5511 1626 5583; x_wconf 85' lang='lat' dir='ltr'><strong>Propter</strong></span> <span class='ocrx_word' id='word_1_821' title='bbox 1660 5517 1820 5586; x_wconf 89' lang='lat' dir='ltr'><strong>quod,</strong></span> <span class='ocrx_word' id='word_1_822' title='bbox 1865 5533 1936 5574; x_wconf 87' lang='lat' dir='ltr'><strong>ne</strong></span> <span class='ocrx_word' id='word_1_823' title='bbox 1970 5517 2060 5574; x_wconf 92' lang='lat' dir='ltr'><strong>ille</strong></span> 
     </span>
    </p>
   </div>
   <div class='ocr_carea' id='block_1_103' title="bbox 477 5599 2060 5679">
    <p class='ocr_par' dir='ltr' id='par_1_103' title="bbox 477 5599 2060 5679">
     <span class='ocr_line' id='line_1_103' title="bbox 477 5599 2060 5679; baseline 0.008 -27"><span class='ocrx_word' id='word_1_824' title='bbox 477 5599 834 5656; x_wconf 85' lang='lat' dir='ltr'><strong>absorbeatur</strong></span> <span class='ocrx_word' id='word_1_825' title='bbox 861 5615 986 5656; x_wconf 92' lang='lat' dir='ltr'><strong>cum</strong></span> <span class='ocrx_word' id='word_1_826' title='bbox 1014 5617 1234 5672; x_wconf 89' lang='lat' dir='ltr'><strong>possem</strong></span> <span class='ocrx_word' id='word_1_827' title='bbox 1269 5603 1578 5675; x_wconf 87' lang='lat' dir='ltr'><strong>imperare:</strong></span> <span class='ocrx_word' id='word_1_828' title='bbox 1611 5607 1787 5679; x_wconf 88' lang='lat' dir='ltr'><strong>magis</strong></span> <span class='ocrx_word' id='word_1_829' title='bbox 1821 5624 1888 5664; x_wconf 80' lang='lat' dir='ltr'><strong>ex</strong></span> <span class='ocrx_word' id='word_1_830' title='bbox 1923 5609 2060 5665; x_wconf 88' lang='lat' dir='ltr'><strong>cha-</strong></span> 
     </span>
    </p>
   </div>
   <div class='ocr_carea' id='block_1_104' title="bbox 478 5689 2066 5770">
    <p class='ocr_par' dir='ltr' id='par_1_104' title="bbox 478 5689 2066 5770">
     <span class='ocr_line' id='line_1_104' title="bbox 478 5689 2066 5770; baseline 0.008 -28"><span class='ocrx_word' id='word_1_831' title='bbox 478 5689 657 5756; x_wconf 83' lang='lat' dir='ltr'><strong>ritate,</strong></span> <span class='ocrx_word' id='word_1_832' title='bbox 679 5690 890 5748; x_wconf 88' lang='lat' dir='ltr'><strong>obsecro</strong></span> <span class='ocrx_word' id='word_1_833' title='bbox 919 5709 1004 5748; x_wconf 79' lang='lat' dir='ltr'><strong>vos</strong></span> <span class='ocrx_word' id='word_1_834' title='bbox 1020 5702 1078 5747; x_wconf 88' lang='lat' dir='ltr'><strong>ut</strong></span> <span class='ocrx_word' id='word_1_835' title='bbox 1106 5695 1420 5750; x_wconf 86' lang='lat' dir='ltr'><strong>charitatem</strong></span> <span class='ocrx_word' id='word_1_836' title='bbox 1443 5697 1580 5752; x_wconf 87' lang='lat' dir='ltr'><strong>bene</strong></span> <span class='ocrx_word' id='word_1_837' title='bbox 1601 5697 1890 5768; x_wconf 70' lang='lat' dir='ltr'><strong>inemptum</strong></span> <span class='ocrx_word' id='word_1_838' title='bbox 1919 5700 2066 5770; x_wconf 88' lang='lat' dir='ltr'><strong>(cha-</strong></span> 
     </span>
    </p>
   </div>
   <div class='ocr_carea' id='block_1_105' title="bbox 478 5778 2064 5862">
    <p class='ocr_par' dir='ltr' id='par_1_105' title="bbox 478 5778 2064 5862">
     <span class='ocr_line' id='line_1_105' title="bbox 478 5778 2064 5862; baseline 0.008 -31"><span class='ocrx_word' id='word_1_839' title='bbox 478 5778 612 5834; x_wconf 82' lang='lat' dir='ltr'><strong>ritas</strong></span> <span class='ocrx_word' id='word_1_840' title='bbox 640 5779 784 5834; x_wconf 84' lang='lat' dir='ltr'><strong>enim</strong></span> <span class='ocrx_word' id='word_1_841' title='bbox 811 5779 913 5836; x_wconf 88' lang='lat' dir='ltr'><strong>fuit</strong></span> <span class='ocrx_word' id='word_1_842' title='bbox 933 5783 1080 5853; x_wconf 90' lang='lat' dir='ltr'><strong>quod</strong></span> <span class='ocrx_word' id='word_1_843' title='bbox 1105 5799 1232 5840; x_wconf 89' lang='lat' dir='ltr'><strong>eum</strong></span> <span class='ocrx_word' id='word_1_844' title='bbox 1259 5801 1325 5840; x_wconf 78' lang='lat' dir='ltr'><strong>ex</strong></span> <span class='ocrx_word' id='word_1_845' title='bbox 1355 5795 1626 5862; x_wconf 72' lang='lat' dir='ltr'><strong>prmeepto</strong></span> <span class='ocrx_word' id='word_1_846' title='bbox 1667 5803 1810 5854; x_wconf 84' lang='lat' dir='ltr'><strong>meo,</strong></span> <span class='ocrx_word' id='word_1_847' title='bbox 1857 5796 1916 5843; x_wconf 92' lang='lat' dir='ltr'><strong>ut</strong></span> <span class='ocrx_word' id='word_1_848' title='bbox 1941 5803 2064 5844; x_wconf 91' lang='lat' dir='ltr'><strong>cor-</strong></span> 
     </span>
    </p>
   </div>
   <div class='ocr_carea' id='block_1_106' title="bbox 2160 4599 3716 4665">
    <p class='ocr_par' dir='ltr' id='par_1_106' title="bbox 2160 4599 3716 4665">
     <span class='ocr_line' id='line_1_106' title="bbox 2160 4599 3716 4665; baseline -0.005 -5"><span class='ocrx_word' id='word_1_849' title='bbox 2160 4605 2322 4663; x_wconf 86' lang='lat' dir='ltr'><strong>theus</strong></span> <span class='ocrx_word' id='word_1_850' title='bbox 2339 4615 2522 4662; x_wconf 87' lang='lat' dir='ltr'><strong>autem</strong></span> <span class='ocrx_word' id='word_1_851' title='bbox 2548 4599 2802 4662; x_wconf 80' lang='lat' dir='ltr'><strong>reversus</strong></span> <span class='ocrx_word' id='word_1_852' title='bbox 2823 4615 2944 4662; x_wconf 87' lang='lat' dir='ltr'><strong>erat</strong></span> <span class='ocrx_word' id='word_1_853' title='bbox 2963 4607 3034 4662; x_wconf 89' lang='lat' dir='ltr'><strong>ad</strong></span> <span class='ocrx_word' id='word_1_854' title='bbox 3049 4606 3282 4664; x_wconf 87' lang='lat' dir='ltr'><strong>Paulum</strong></span> <span class='ocrx_word' id='word_1_855' title='bbox 3308 4627 3322 4663; x_wconf 94' lang='lat'>:</span> <span class='ocrx_word' id='word_1_856' title='bbox 3353 4609 3452 4665; x_wconf 90' lang='lat' dir='ltr'><strong>sed</strong></span> <span class='ocrx_word' id='word_1_857' title='bbox 3476 4606 3620 4660; x_wconf 88' lang='lat' dir='ltr'><strong>Titus</strong></span> <span class='ocrx_word' id='word_1_858' title='bbox 3639 4599 3716 4652; x_wconf 82' lang='lat' dir='ltr'><strong>dc—</strong></span> 
     </span>
    </p>
   </div>
   <div class='ocr_carea' id='block_1_107' title="bbox 2158 4693 3716 4766">
    <p class='ocr_par' dir='ltr' id='par_1_107' title="bbox 2158 4693 3716 4766">
     <span class='ocr_line' id='line_1_107' title="bbox 2158 4693 3716 4766; baseline -0.005 -12"><span class='ocrx_word' id='word_1_859' title='bbox 2158 4698 2434 4754; x_wconf 89' lang='lat' dir='ltr'><strong>tinebatur</strong></span> <span class='ocrx_word' id='word_1_860' title='bbox 2461 4699 2642 4754; x_wconf 85' lang='lat' dir='ltr'><strong>adhuc</strong></span> <span class='ocrx_word' id='word_1_861' title='bbox 2659 4697 2935 4766; x_wconf 87' lang='lat' dir='ltr'><strong>Corinthi,</strong></span> <span class='ocrx_word' id='word_1_862' title='bbox 2965 4699 3266 4756; x_wconf 86' lang='lat' dir='ltr'><strong>laborando</strong></span> <span class='ocrx_word' id='word_1_863' title='bbox 3313 4699 3382 4755; x_wconf 91' lang='lat' dir='ltr'><strong>de</strong></span> <span class='ocrx_word' id='word_1_864' title='bbox 3409 4693 3716 4757; x_wconf 82' lang='lat' dir='ltr'><strong>correctione</strong></span> 
     </span>
    </p>
   </div>
   <div class='ocr_carea' id='block_1_108' title="bbox 2160 4777 3712 4860">
    <p class='ocr_par' dir='ltr' id='par_1_108' title="bbox 2160 4777 3712 4860">
     <span class='ocr_line' id='line_1_108' title="bbox 2160 4777 3712 4860; baseline -0.003 -16"><span class='ocrx_word' id='word_1_865' title='bbox 2160 4804 2375 4844; x_wconf 84' lang='lat' dir='ltr'><strong>eorum.</strong></span> <span class='ocrx_word' id='word_1_866' title='bbox 2414 4788 2532 4845; x_wconf 84' lang='lat' dir='ltr'><strong>Hoc</strong></span> <span class='ocrx_word' id='word_1_867' title='bbox 2577 4797 2763 4845; x_wconf 89' lang='lat' dir='ltr'><strong>autem</strong></span> <span class='ocrx_word' id='word_1_868' title='bbox 2809 4790 2956 4860; x_wconf 89' lang='lat' dir='ltr'><strong>quod</strong></span> <span class='ocrx_word' id='word_1_869' title='bbox 3009 4798 3232 4860; x_wconf 88' lang='lat' dir='ltr'><strong>propter</strong></span> <span class='ocrx_word' id='word_1_870' title='bbox 3279 4790 3574 4847; x_wconf 88' lang='lat' dir='ltr'><strong>absentiam</strong></span> <span class='ocrx_word' id='word_1_871' title='bbox 3624 4777 3712 4834; x_wconf 81' lang='grc' dir='ltr'><strong>Τίῑί</strong></span> 
     </span>
    </p>
   </div>
   <div class='ocr_carea' id='block_1_109' title="bbox 2162 4869 3714 4950">
    <p class='ocr_par' dir='ltr' id='par_1_109' title="bbox 2162 4869 3714 4950">
     <span class='ocr_line' id='line_1_109' title="bbox 2162 4869 3714 4950; baseline -0.007 -20"><span class='ocrx_word' id='word_1_872' title='bbox 2162 4875 2468 4934; x_wconf 88' lang='lat' dir='ltr'><strong>Troadibus</strong></span> <span class='ocrx_word' id='word_1_873' title='bbox 2510 4879 2809 4948; x_wconf 68' lang='lat' dir='ltr'><strong>praedicare</strong></span> <span class='ocrx_word' id='word_1_874' title='bbox 2853 4895 2962 4934; x_wconf 88' lang='lat' dir='ltr'><strong>non</strong></span> <span class='ocrx_word' id='word_1_875' title='bbox 3005 4879 3201 4948; x_wconf 89' lang='lat' dir='ltr'><strong>potuit,</strong></span> <span class='ocrx_word' id='word_1_876' title='bbox 3234 4880 3392 4950; x_wconf 91' lang='lat' dir='ltr'><strong>culpa</strong></span> <span class='ocrx_word' id='word_1_877' title='bbox 3426 4875 3524 4934; x_wconf 86' lang='lat' dir='ltr'><strong>fuit</strong></span> <span class='ocrx_word' id='word_1_878' title='bbox 3547 4869 3714 4929; x_wconf 88' lang='lat' dir='ltr'><strong>Corin-</strong></span> 
     </span>
    </p>
   </div>
   <div class='ocr_carea' id='block_1_110' title="bbox 2162 4963 3708 5039">
    <p class='ocr_par' dir='ltr' id='par_1_110' title="bbox 2162 4963 3708 5039">
     <span class='ocr_line' id='line_1_110' title="bbox 2162 4963 3708 5039; baseline -0.002 -17"><span class='ocrx_word' id='word_1_879' title='bbox 2162 4969 2426 5034; x_wconf 89' lang='lat' dir='ltr'><strong>thiorum,</strong></span> <span class='ocrx_word' id='word_1_880' title='bbox 2457 4984 2694 5039; x_wconf 88' lang='lat' dir='ltr'><strong>quorum</strong></span> <span class='ocrx_word' id='word_1_881' title='bbox 2719 4969 3045 5024; x_wconf 86' lang='lat' dir='ltr'><strong>incorrectio</strong></span> <span class='ocrx_word' id='word_1_882' title='bbox 3071 4968 3256 5025; x_wconf 86' lang='lat' dir='ltr'><strong>Titum</strong></span> <span class='ocrx_word' id='word_1_883' title='bbox 3287 4971 3572 5026; x_wconf 88' lang='lat' dir='ltr'><strong>detinebat.</strong></span> <span class='ocrx_word' id='word_1_884' title='bbox 3596 4963 3708 5016; x_wconf 74' lang='lat' dir='ltr'><strong>Pro-</strong></span> 
     </span>
    </p>
   </div>
   <div class='ocr_carea' id='block_1_111' title="bbox 2162 5049 3708 5131">
    <p class='ocr_par' dir='ltr' id='par_1_111' title="bbox 2162 5049 3708 5131">
     <span class='ocr_line' id='line_1_111' title="bbox 2162 5049 3708 5131; baseline -0.009 -14"><span class='ocrx_word' id='word_1_885' title='bbox 2162 5069 2283 5131; x_wconf 81' lang='lat' dir='ltr'><strong>pter</strong></span> <span class='ocrx_word' id='word_1_886' title='bbox 2301 5059 2486 5116; x_wconf 89' lang='lat' dir='ltr'><strong>Titum</strong></span> <span class='ocrx_word' id='word_1_887' title='bbox 2513 5061 2688 5116; x_wconf 89' lang='lat' dir='ltr'><strong>noluit</strong></span> <span class='ocrx_word' id='word_1_888' title='bbox 2710 5060 2922 5116; x_wconf 85' lang='lat' dir='ltr'><strong>Troade</strong></span> <span class='ocrx_word' id='word_1_889' title='bbox 2945 5060 3240 5130; x_wconf 63' lang='lat' dir='ltr'><strong>praedicare</strong></span> <span class='ocrx_word' id='word_1_890' title='bbox 3260 5056 3584 5118; x_wconf 54' lang='lat' dir='ltr'><strong>Paulusne-1</strong></span> <span class='ocrx_word' id='word_1_891' title='bbox 3604 5049 3708 5122; x_wconf 78' lang='lat' dir='ltr'><strong>quia</strong></span> 
     </span>
    </p>
   </div>
   <div class='ocr_carea' id='block_1_112' title="bbox 2164 5149 3707 5221">
    <p class='ocr_par' dir='ltr' id='par_1_112' title="bbox 2164 5149 3707 5221">
     <span class='ocr_line' id='line_1_112' title="bbox 2164 5149 3707 5221; baseline -0.003 -17"><span class='ocrx_word' id='word_1_892' title='bbox 2164 5150 2323 5206; x_wconf 91' lang='lat' dir='ltr'><strong>Titus</strong></span> <span class='ocrx_word' id='word_1_893' title='bbox 2351 5151 2506 5221; x_wconf 90' lang='lat' dir='ltr'><strong>prius</strong></span> <span class='ocrx_word' id='word_1_894' title='bbox 2533 5151 2615 5206; x_wconf 89' lang='lat' dir='ltr'><strong>eis</strong></span> <span class='ocrx_word' id='word_1_895' title='bbox 2643 5152 3056 5221; x_wconf 63' lang='lat' dir='ltr'><strong>praedicarent,</strong></span> <span class='ocrx_word' id='word_1_896' title='bbox 3087 5165 3156 5208; x_wconf 90' lang='lat' dir='ltr'><strong>ne</strong></span> <span class='ocrx_word' id='word_1_897' title='bbox 3178 5151 3404 5220; x_wconf 88' lang='lat' dir='ltr'><strong>Paulus,</strong></span> <span class='ocrx_word' id='word_1_898' title='bbox 3435 5167 3498 5208; x_wconf 92' lang='lat' dir='ltr'><strong>eo</strong></span> <span class='ocrx_word' id='word_1_899' title='bbox 3517 5149 3707 5205; x_wconf 72' lang='lat' dir='ltr'><strong>absente</strong></span> 
     </span>
    </p>
   </div>
   <div class='ocr_carea' id='block_1_113' title="bbox 2163 5227 3706 5314">
    <p class='ocr_par' dir='ltr' id='par_1_113' title="bbox 2163 5227 3706 5314">
     <span class='ocr_line' id='line_1_113' title="bbox 2163 5227 3706 5314; baseline -0.004 -18"><span class='ocrx_word' id='word_1_900' title='bbox 2163 5241 2487 5312; x_wconf 69' lang='lat' dir='ltr'><strong>praedicans,</strong></span> <span class='ocrx_word' id='word_1_901' title='bbox 2517 5242 2794 5298; x_wconf 87' lang='lat' dir='ltr'><strong>videretur</strong></span> <span class='ocrx_word' id='word_1_902' title='bbox 2827 5244 3076 5299; x_wconf 88' lang='lat' dir='ltr'><strong>minuere</strong></span> <span class='ocrx_word' id='word_1_903' title='bbox 3111 5252 3438 5314; x_wconf 88' lang='lat' dir='ltr'><strong>potestatem</strong></span> <span class='ocrx_word' id='word_1_904' title='bbox 3472 5239 3586 5295; x_wconf 87' lang='lat' dir='ltr'><strong>Titi.</strong></span> <span class='ocrx_word' id='word_1_905' title='bbox 3631 5227 3706 5282; x_wconf 69' lang='lat' dir='ltr'><strong>Vel</strong></span> 
     </span>
    </p>
   </div>
   <div class='ocr_carea' id='block_1_114' title="bbox 2163 5331 3702 5408">
    <p class='ocr_par' dir='ltr' id='par_1_114' title="bbox 2163 5331 3702 5408">
     <span class='ocr_line' id='line_1_114' title="bbox 2163 5331 3702 5408; baseline -0.002 -21"><span class='ocrx_word' id='word_1_906' title='bbox 2163 5331 2292 5403; x_wconf 89' lang='lat' dir='ltr'><strong>quia</strong></span> <span class='ocrx_word' id='word_1_907' title='bbox 2323 5331 2479 5389; x_wconf 90' lang='lat' dir='ltr'><strong>Titus</strong></span> <span class='ocrx_word' id='word_1_908' title='bbox 2510 5333 2780 5404; x_wconf 88' lang='lat' dir='ltr'><strong>interpres</strong></span> <span class='ocrx_word' id='word_1_909' title='bbox 2813 5343 2932 5390; x_wconf 88' lang='lat' dir='ltr'><strong>erat</strong></span> <span class='ocrx_word' id='word_1_910' title='bbox 2960 5334 3136 5398; x_wconf 88' lang='lat' dir='ltr'><strong>Pauli,</strong></span> <span class='ocrx_word' id='word_1_911' title='bbox 3187 5344 3243 5390; x_wconf 89' lang='lat' dir='ltr'><strong>et</strong></span> <span class='ocrx_word' id='word_1_912' title='bbox 3282 5336 3517 5408; x_wconf 79' lang='lat' dir='ltr'><strong>linguam</strong></span> <span class='ocrx_word' id='word_1_913' title='bbox 3545 5332 3702 5384; x_wconf 72' lang='lat' dir='ltr'><strong>eor&quot;m</strong></span> 
     </span>
    </p>
   </div>
   <div class='ocr_carea' id='block_1_115' title="bbox 2161 5408 3697 5496">
    <p class='ocr_par' dir='ltr' id='par_1_115' title="bbox 2161 5408 3697 5496">
     <span class='ocr_line' id='line_1_115' title="bbox 2161 5408 3697 5496; baseline -0.005 -17"><span class='ocrx_word' id='word_1_914' title='bbox 2161 5424 2476 5493; x_wconf 80' lang='lat' dir='ltr'><strong>expressius</strong></span> <span class='ocrx_word' id='word_1_915' title='bbox 2497 5425 2646 5494; x_wconf 87' lang='lat' dir='ltr'><strong>loqui</strong></span> <span class='ocrx_word' id='word_1_916' title='bbox 2669 5435 2902 5495; x_wconf 86' lang='lat' dir='ltr'><strong>poterat.</strong></span> <span class='ocrx_word' id='word_1_917' title='bbox 2927 5424 3046 5480; x_wconf 83' lang='lat' dir='ltr'><strong>Non</strong></span> <span class='ocrx_word' id='word_1_918' title='bbox 3071 5426 3263 5496; x_wconf 91' lang='lat' dir='ltr'><strong>utique</strong></span> <span class='ocrx_word' id='word_1_919' title='bbox 3283 5426 3520 5496; x_wconf 86' lang='lat' dir='ltr'><strong>requiem</strong></span> <span class='ocrx_word' id='word_1_920' title='bbox 3539 5408 3697 5474; x_wconf 65' lang='lat' dir='ltr'><strong>habui.</strong></span> 
     </span>
    </p>
   </div>
   <div class='ocr_carea' id='block_1_116' title="bbox 2161 5501 3698 5588">
    <p class='ocr_par' dir='ltr' id='par_1_116' title="bbox 2161 5501 3698 5588">
     <span class='ocr_line' id='line_1_116' title="bbox 2161 5501 3698 5588; baseline -0.007 -17"><span class='ocrx_word' id='word_1_921' title='bbox 2161 5516 2252 5571; x_wconf 85' lang='lat' dir='ltr'><strong>sed</strong></span> <span class='ocrx_word' id='word_1_922' title='bbox 2278 5516 2594 5586; x_wconf 79' lang='lat' dir='ltr'><strong>valefaciens</strong></span> <span class='ocrx_word' id='word_1_923' title='bbox 2614 5517 2712 5584; x_wconf 85' lang='lat' dir='ltr'><strong>eis,</strong></span> <span class='ocrx_word' id='word_1_924' title='bbox 2751 5516 3078 5584; x_wconf 85' lang='lat' dir='ltr'><strong>Troadibus,</strong></span> <span class='ocrx_word' id='word_1_925' title='bbox 3103 5518 3372 5588; x_wconf 75' lang='lat' dir='ltr'><strong>profectus</strong></span> <span class='ocrx_word' id='word_1_926' title='bbox 3402 5532 3512 5571; x_wconf 86' lang='lat' dir='ltr'><strong>sum</strong></span> <span class='ocrx_word' id='word_1_927' title='bbox 3531 5511 3578 5563; x_wconf 87' lang='lat' dir='ltr'><strong>in</strong></span> <span class='ocrx_word' id='word_1_928' title='bbox 3600 5501 3698 5558; x_wconf 62' lang='grc' dir='ltr'><strong>Μαί</strong></span> 
     </span>
    </p>
   </div>
   <div class='ocr_carea' id='block_1_117' title="bbox 2163 5604 3698 5679">
    <p class='ocr_par' dir='ltr' id='par_1_117' title="bbox 2163 5604 3698 5679">
     <span class='ocr_line' id='line_1_117' title="bbox 2163 5604 3698 5679; baseline -0.005 -17"><span class='ocrx_word' id='word_1_929' title='bbox 2163 5607 2458 5662; x_wconf 86' lang='lat' dir='ltr'><strong>cedoniam.</strong></span> <span class='ocrx_word' id='word_1_930' title='bbox 2486 5606 2552 5662; x_wconf 90' lang='lat' dir='ltr'><strong>lli</strong></span> <span class='ocrx_word' id='word_1_931' title='bbox 2588 5607 2914 5664; x_wconf 86' lang='lat' dir='ltr'><strong>Macedones</strong></span> <span class='ocrx_word' id='word_1_932' title='bbox 2964 5608 3021 5662; x_wconf 90' lang='lat' dir='ltr'><strong>in</strong></span> <span class='ocrx_word' id='word_1_933' title='bbox 3068 5624 3269 5679; x_wconf 89' lang='lat' dir='ltr'><strong>magno</strong></span> <span class='ocrx_word' id='word_1_934' title='bbox 3315 5609 3517 5664; x_wconf 86' lang='lat' dir='ltr'><strong>honore</strong></span> <span class='ocrx_word' id='word_1_935' title='bbox 3545 5604 3698 5656; x_wconf 68' lang='lat' dir='ltr'><strong>susec‘</strong></span> 
     </span>
    </p>
   </div>
   <div class='ocr_carea' id='block_1_118' title="bbox 2165 5680 3700 5769">
    <p class='ocr_par' dir='ltr' id='par_1_118' title="bbox 2165 5680 3700 5769">
     <span class='ocr_line' id='line_1_118' title="bbox 2165 5680 3700 5769; baseline 0.005 -17"><span class='ocrx_word' id='word_1_936' title='bbox 2165 5707 2364 5768; x_wconf 87' lang='lat' dir='ltr'><strong>perunt</strong></span> <span class='ocrx_word' id='word_1_937' title='bbox 2389 5699 2708 5769; x_wconf 84' lang='lat' dir='ltr'><strong>Apostolum</strong></span> <span class='ocrx_word' id='word_1_938' title='bbox 2737 5719 2752 5756; x_wconf 86' lang='lat'><strong>:</strong></span> <span class='ocrx_word' id='word_1_939' title='bbox 2793 5709 2854 5754; x_wconf 92' lang='lat' dir='ltr'><strong>ut</strong></span> <span class='ocrx_word' id='word_1_940' title='bbox 2879 5699 3044 5754; x_wconf 89' lang='lat' dir='ltr'><strong>etiam</strong></span> <span class='ocrx_word' id='word_1_941' title='bbox 3065 5701 3132 5756; x_wconf 92' lang='lat' dir='ltr'><strong>de</strong></span> <span class='ocrx_word' id='word_1_942' title='bbox 3169 5701 3332 5757; x_wconf 91' lang='lat' dir='ltr'><strong>rebus</strong></span> <span class='ocrx_word' id='word_1_943' title='bbox 3360 5710 3542 5758; x_wconf 89' lang='lat' dir='ltr'><strong>eorum</strong></span> <span class='ocrx_word' id='word_1_944' title='bbox 3570 5680 3700 5758; x_wconf 56' lang='grc' dir='ltr'><strong>(μήδ’</strong></span> 
     </span>
    </p>
   </div>
   <div class='ocr_carea' id='block_1_119' title="bbox 2167 5789 3054 5862">
    <p class='ocr_par' dir='ltr' id='par_1_119' title="bbox 2167 5789 3054 5862">
     <span class='ocr_line' id='line_1_119' title="bbox 2167 5789 3054 5862; baseline 0.003 -21"><span class='ocrx_word' id='word_1_945' title='bbox 2167 5789 2298 5858; x_wconf 88' lang='lat' dir='ltr'><strong>quid</strong></span> <span class='ocrx_word' id='word_1_946' title='bbox 2330 5791 2508 5862; x_wconf 73' lang='lat' dir='ltr'><strong>vellet,</strong></span> <span class='ocrx_word' id='word_1_947' title='bbox 2537 5791 2826 5861; x_wconf 87' lang='lat' dir='ltr'><strong>disponere</strong></span> <span class='ocrx_word' id='word_1_948' title='bbox 2853 5801 3054 5861; x_wconf 84' lang='lat' dir='ltr'><strong>posset.</strong></span> 
     </span>
    </p>
   </div>
  </div>
