3928 6408
116 365 212 422 229

706 415 707 419 η
740 361 1104 419 EKPOSITIO
1141 363 1208 418 IN
1243 363 1624 421 EPISTOLAS
1661 364 1891 422 PAULI.
1931 395 2002 407 —
2038 366 2106 432 ιΝ
2146 367 2372 426 EPIST.
2409 367 2454 425 ll
2491 369 2586 426 AD
2620 369 2779 427 COB.

3273 377 3385 433 230

179 477 274 532 llic
295 474 498 547 incipit
517 473 722 531 Paulus
743 475 1099 546 magnificare
1132 491 1213 544 se,
1241 485 1298 532 et
1325 475 1692 532 ministerium
1720 480 1772 540 Α
1803 496 1822 528 1
1864 477 2145 536 Christum
2167 480 2238 535 ad
2267 479 2440 536 Deum
2467 499 2480 535 :
2515 496 2628 536 non
2663 483 2811 554 quod
2837 483 3167 543 sufﬁcientes
3201 489 3380 551 simus

118 585 300 627 suum:
329 576 386 623 et
410 567 906 638 pseudoapostolos
951 568 1330 638 multipliciter
1365 567 1691 638 deprimere,

117 661 233 730 quia
261 659 492 729 quidam
516 658 931 714 Corinthiorum
959 659 1084 714 illos
1109 657 1472 729 praeferebant
1499 657 1670 712 Paulo

119 751 392 807 Profectus
453 766 577 806 sum
627 750 685 804 in
735 748 1152 805 Macedoniam:
1203 749 1278 804 ibi
1334 757 1516 804 autem
1570 763 1688 806 sunt

118 844 445 900 constitutus
476 843 842 912 triumphator
885 842 942 898 in
984 841 1227 910 Christo,
1254 852 1310 898 et
1337 843 1462 898 inde
1492 844 1694 914 gratias

119 951 210 1006 ago
226 935 332 990 Deo
360 936 458 1006 qui
488 951 692 1005 semper
706 934 1000 1005 triumphat
1023 951 1137 1002 nos,
1168 935 1223 990 id
1247 942 1334 990 est
1359 935 1697 1005 triumphare

121 1041 211 1080 nos
234 1023 364 1080 facit
388 1026 446 1078 in
470 1024 688 1080 Christo
701 1023 851 1092 Iesu,
874 1025 928 1080 id
950 1034 1034 1080 est
1059 1039 1157 1095 per
1173 1024 1455 1081 Christum
1483 1023 1693 1092 Jesum,

121 1116 170 1169 in
195 1129 304 1184 quo
337 1130 451 1169 non
479 1114 824 1186 triumphant
850 1115 1060 1185 pseudo
1085 1135 1098 1170 :
1129 1124 1184 1171 et
1216 1117 1314 1187 qui
1344 1117 1488 1172 Deus
1520 1116 1717 1171 mani-I

123 1206 270 1261 festat
298 1207 518 1260 odorem
557 1207 764 1262 notitia:
815 1223 948 1273 suae,
992 1207 1048 1262 id
1091 1217 1176 1264 est
1223 1207 1505 1264 Christum
1539 1227 1552 1262 :
1601 1223 1699 1278 per

125 1299 268 1368 cujus
296 1299 706 1354 humanitatem
742 1299 1040 1355 odoramus
1085 1300 1327 1356 divinam
1367 1309 1423 1355 et
1451 1299 1699 1355 indivisi-

123 1389 272 1443 bilem
317 1391 642 1444 essentiam.
681 1389 780 1445 Vel
826 1389 1143 1446 manifestat
1191 1407 1289 1462 per
1335 1405 1436 1447 nos
1471 1391 1696 1447 odorem

125 1496 226 1536 sua:
267 1481 503 1548 notitiae,
551 1483 605 1538 id
657 1491 743 1538 est
792 1483 1236 1553 praedicationem
1293 1496 1569 1556 nostram,
1603 1503 1700 1558 per

126 1589 275 1641 quam
318 1573 503 1629 virtus
557 1573 654 1629 Dei
689 1575 1073 1631 manifestatur
1124 1577 1182 1631 in
1221 1579 1370 1634 omni
1420 1579 1541 1636 loco
1587 1595 1714 1650 quo

125 1663 498 1733 praedicamus.
553 1665 864 1723 Manifestat
909 1669 1098 1738 utique
1127 1685 1224 1740 per
1271 1687 1373 1726 nos
1401 1690 1414 1726 :
1449 1673 1575 1743 quia
1605 1688 1699 1726 nos

126 1771 289 1808 sumus
337 1756 506 1810 bonus
552 1757 682 1812 odor
708 1757 930 1826 Christi,
968 1759 1020 1814 id
1050 1769 1134 1815 est
1167 1761 1368 1831 siquis
1404 1762 1696 1833 puritatem

1803 587 1821 619 σ
1866 569 2104 654 cogitare
2158 570 2370 642 aliquid
2398 587 2430 626 a
2480 572 2659 638 nobis,
2709 576 2868 644 quasi
2917 591 2986 631 ex
3037 579 3231 646 nobis;
3282 583 3378 637 sed

1801 676 1820 710 ι
1867 659 2190 716 sufﬁcientia
2266 671 2454 717 nostra
2525 678 2594 718 ex
2650 661 2763 720 Deo
2833 675 2919 722 est
2974 667 3068 738 qui
3135 677 3192 724 et
3260 671 3380 726 ido-

1801 767 1819 802 ι
1864 765 1998 806 neos
2036 766 2139 806 nos
2181 750 2312 808 fecit
2348 752 2634 810 ministros
2677 753 2812 811 Novi
2865 755 3220 827 Testamenti,
3268 776 3378 817 non

1801 861 1828 894 ι.
1861 843 2040 898 littera
2090 844 2186 899 sed
2252 844 2470 914 spiritu.
2531 844 2736 902 Littera
2791 848 2938 904 enim
2996 851 3220 917 occidit,
3261 853 3377 923 spi-

1802 949 1821 984 c
1864 933 2004 988 ritus
2033 942 2218 988 autem
2269 935 2693 1003 viviﬁcat.~Quia
2738 939 2786 993 si
2827 941 3160 996 ministratio
3188 944 3381 998 mortis

1803 1044 1822 1079 ι
1866 1026 2065 1082 litteris
2153 1026 2455 1084 deformata
2526 1029 2584 1084 in
2646 1030 2918 1100 lapidibus
2981 1031 3084 1087 fuit
3144 1032 3201 1087 in
3271 1034 3383 1103 glo-

1803 1136 1824 1170 ι
1867 1119 1972 1186 ria,
2003 1117 2077 1174 ita
2104 1126 2165 1173 ut
2192 1135 2303 1174 non
2327 1129 2554 1190 possent
2593 1122 2870 1178 intendere
2893 1123 2990 1178 filii
3016 1123 3181 1179 Israel
3206 1125 3260 1178 in
3292 1123 3375 1179 fa-

1804 1231 1823 1263 c
1867 1211 2006 1267 ciem
2033 1211 2224 1284 Moysi,
2245 1220 2468 1282 propter
2486 1213 2715 1284 gloriam
2743 1214 2927 1270 vultus
2955 1215 3076 1284 ejus
3104 1231 3228 1285 quae
3249 1230 3379 1270 cva-

1805 1323 1823 1355 c
1869 1315 2084 1371 cuatur,
2119 1305 2395 1375 quomodo
2435 1319 2545 1360 non
2571 1306 2747 1376 magis
2788 1306 3125 1361 ministratio
3151 1307 3382 1376 spiritus

1807 1415 1826 1449 ‹
1869 1397 1974 1453 erit
2006 1396 2062 1451 in
2098 1395 2304 1467 gloria?
2325 1393 2462 1450 Nam
2499 1394 2548 1451 si
2571 1395 2902 1450 ministratio
2927 1395 3295 1450 damnationis
3325 1395 3382 1450 in

1807 1507 1825 1540 ε
1870 1489 2040 1559 gloria
2075 1496 2192 1555 est,
2219 1488 2393 1543 multo
2423 1488 2599 1559 magis
2639 1488 2877 1543 abundat
2902 1488 3266 1544 ministerium
3287 1487 3383 1557 ju~

1807 1601 1826 1634 ι
1871 1583 2033 1638 stitia!
2053 1582 2111 1640 in
2153 1581 2344 1653 gloria.
2387 1579 2523 1635 Nam
2569 1595 2671 1635 nec
2707 1581 3065 1651 glorificatum
3098 1589 3201 1646 est,
3236 1579 3383 1649 quod

1807 1693 1826 1726 ι
1873 1674 2071 1730 claruit
2097 1674 2156 1728 in
2178 1673 2286 1729 hac
2317 1681 2489 1742 parte,
2513 1679 2734 1742 propter
2758 1671 3108 1726 excellentem
3131 1669 3380 1740 gloriam.

1808 1783 1827 1816 ι
1875 1763 1934 1819 Si
1963 1764 2109 1821 enim
2144 1763 2292 1833 quod
2331 1773 2630 1816 evacuatur
2672 1776 2770 1830 per
2805 1760 3032 1831 gloriam
3067 1769 3172 1826 est,
3211 1759 3387 1812 multo

127 1855 330 1901 actuum
359 1858 679 1904 nostrorum
712 1851 1044 1920 considerat,
1071 1828 1508 1923 potest—odorare
1540 1856 1699 1911 boni-
1733 1828 1774 1888 Β
1807 1875 1826 1908 ‹
1871 1855 2048 1926 magis
2085 1828 2231 1924 quod
2269 1860 2454 1908 manet
2495 1851 2549 1906 in
2584 1828 2755 1922 gloria
2785 1828 2889 1905 est.
2917 1850 3193 1904 [labentes
3223 1849 3389 1918 igitur

127 1946 277 1992 tatem
305 1938 542 2005 Christi,
574 1940 734 2011 cujus
785 1956 888 1997 nos
937 1957 1130 1998 sumus
1179 1944 1437 2001 ministri.
1483 1944 1696 2012 Bonus,

131 2029 370 2099 inquam,
405 2032 551 2086 odor
591 2048 785 2088 sumus
817 2052 830 2087 :
865 2042 920 2088 ct
943 2034 991 2090 si
1020 2049 1128 2089 non
1158 2035 1490 2106 quibusdam
1521 2037 1701 2092 incre-

131 2119 280 2185 dulis,
307 2128 498 2174 tamen
544 2120 675 2189 Deo,
701 2122 797 2192 qui
822 2123 970 2178 videt
999 2124 1260 2180 interiora
1290 2126 1471 2181 cordis
1499 2126 1696 2180 nostri.

131 2208 320 2276 Bonus,
352 2210 608 2281 inquam,
637 2213 775 2268 odor
802 2230 996 2271 sumus
1018 2225 1285 2285 quantum
1302 2217 1370 2271 ad
1403 2217 1609 2284 Deum;
1645 2225 1702 2272 et

136 2298 183 2351 in
217 2299 300 2355 his
337 2301 438 2371 qui
469 2303 608 2356 salvi
640 2304 779 2358 fiunt
803 2318 902 2374 per
945 2304 1298 2376 Evangelium
1335 2315 1584 2362 nostrum
1608 2348 1624 2374 ,
1649 2315 1704 2362 et

134 2390 181 2442 in
208 2392 283 2446 his
311 2394 405 2463 qui
441 2403 693 2463 pereunt,
723 2412 820 2466 per
848 2405 1219 2468 contemptum
1246 2398 1490 2468 ejusdem
1520 2399 1700 2454 Evan-

140 2480 269 2550 gelii,
295 2491 572 2552 quantum
609 2485 676 2540 ad
707 2484 915 2554 Deum;
952 2486 1006 2540 in
1042 2487 1291 2557 utrisque
1329 2489 1605 2545 salvandis
1649 2497 1705 2544 et

138 2571 374 2639 perituris
405 2573 589 2628 bonus
611 2574 747 2629 odor
775 2591 998 2632 sumus:
1028 2577 1122 2633 sed
1145 2586 1411 2648 quantum
1427 2579 1496 2634 ad
1526 2580 1705 2634 homi-

141 2677 242 2729 nes,
271 2663 396 2718 aliis
420 2665 635 2734 quidem
660 2681 852 2723 sumus
877 2667 1007 2722 odor
1028 2671 1232 2724 mortis.
1264 2669 1533 2726 lncreduli
1557 2673 1705 2727 enim

143 2751 408 2808 audientes
449 2769 482 2808 a
536 2754 696 2810 nobis
723 2755 882 2811 fidem
913 2755 1359 2824 Christi,‘dieunt
1394 2774 1453 2814 se
1477 2759 1708 2815 odorare

143 2858 242 2899 rem
290 2845 660 2902 mortiferam.
720 2847 880 2921 164
925 2847 1072 2904 Odor
1109 2851 1315 2918 mortis,
1348 2851 1491 2918 dico,
1522 2852 1710 2907 valens

144 2936 212 2989 eis
232 2937 281 2989 in
307 2947 557 3005 mortem,
587 2938 640 2994 id
686 2949 773 2994 est
798 2940 865 2995 ad
887 2939 1316 3007 damnationem.
1343 2942 1482 2996 Aliis
1509 2953 1706 3012 autem,

146 3025 190 3080 id
223 3039 300 3084 est
342 3030 621 3098 fidelibus,
672 3046 867 3087 sumus
913 3033 1048 3086 odor
1082 3034 1224 3088 vitm.
1254 3033 1360 3089 Per
1406 3036 1712 3092 doctrinam

1808 1965 1827 1998 ι
1871 1933 2035 2002 talem
2077 1961 2251 2016 spem,
2298 1944 2471 1998 multa
2518 1942 2714 1996 fiducia
2749 1943 2977 1996 utimur.
3007 1940 3073 1994 Et
3102 1955 3212 1994 non
3246 1939 3390 1994 sicut

1809 2053 1827 2086 ι
1872 2035 2088 2106 Moyses
2127 2052 2145 2085 ι
2187 2033 2425 2102 ponebat
2468 2030 2720 2085 velamen
2773 2045 2938 2098 super
2987 2028 3184 2083 faciem
3230 2044 3388 2083 suam

1807 2143 1828 2176 ι
1875 2124 2074 2195 (Exod.
2101 2138 2290 2189 xxxiv,
2321 2121 2436 2192 55),
2468 2139 2486 2172 ι
2520 2127 2584 2174 ut
2607 2135 2716 2174 non
2740 2120 3082 2174 intenderent
3106 2119 3200 2172 filii
3223 2119 3390 2173 Israel

1809 2233 1829 2268 ι
1874 2216 1931 2272 in
1959 2215 2155 2270 faciem
2196 2214 2336 2284 ejus,
2367 2212 2514 2282 quod
2552 2219 2867 2277 evacuatur,
2904 2211 3000 2265 sed
3039 2210 3222 2264 obtusi
3263 2217 3392 2264 sunt

1811 2328 1830 2360 α
1876 2323 2076 2363 sensus
2112 2321 2326 2361 eorum.
2362 2303 2549 2374 Usque
2590 2304 2647 2358 in
2673 2303 2998 2358 hodiernum
3035 2302 3180 2357 enim
3223 2301 3389 2364 diem,

1812 2419 1830 2451 ι
1876 2399 2114 2468 idipsum
2152 2397 2400 2452 velamen
2448 2395 2505 2449 in
2551 2395 2786 2449 lectione
2815 2392 3027 2448 Veteris
3053 2392 3391 2448 Testamenti

1812 2509 1831 2542 ι
1877 2498 2062 2545 manet
2094 2503 2203 2544 non
2248 2488 2570 2553 revelatum,
2615 2483 2760 2556 quod
2803 2484 2860 2538 in
2894 2481 3116 2539 ChriSto
3157 2499 3394 2538 evacua-

1814 2602 1832 2634 ι
1876 2591 1987 2648 tur,
2019 2581 2114 2636 sed
2155 2595 2331 2649 usque
2379 2579 2436 2633 in
2479 2577 2808 2632 hodiernum
2855 2575 3001 2630 diem
3047 2591 3174 2631 cum
3199 2576 3398 2646 legitur

1815 2692 1833 2725 ι
1875 2671 2111 2743 Moyses,
2163 2671 2409 2724 velamen
2442 2668 2681 2738 positum
2728 2675 2814 2722 est
2845 2682 3007 2736 super
3038 2681 3136 2722 cor
3178 2681 3394 2720 eorum.

1816 2783 1834 2815 ι
1880 2763 2019 2818 Cum
2044 2769 2224 2816 autem
2257 2773 2557 2815 conversus
2586 2756 2749 2812 fuerit
2775 2757 2842 2811 ad
2885 2755 3080 2823 Deum,
3116 2754 3397 2811 auferetur

1818 2873 1836 2907 σ
1882 2843 2152 2909 velamen.
2185 2871 2202 2903 ι
2227 2851 2496 2906 Dominus
2520 2858 2704 2904 autem
2739 2849 2966 2918 spiritus
2995 2858 3080 2904 est
3109 2847 3290 2918 (Joau.
3317 2864 3396 2914 iv,

1819 2964 1837 2996 ι
1882 2943 2000 3015 24).
2033 2962 2056 2995 ›
2087 2941 2193 2998 Ubi
2241 2951 2425 2997 autem
2469 2938 2696 3010 spiritus
2741 2938 2978 3004 Domini,
3027 2938 3101 2992 ibi
3153 2937 3395 2992 libertas.

1821 3054 1839 3088 ι
1881 3033 1994 3090 Nos
2045 3049 2172 3089 vero
2216 3048 2409 3088 omnes
2459 3031 2695 3085 revelata
2735 3028 2874 3084 facie
2904 3029 3132 3098 gloriam
3181 3025 3398 3081 Domini

148 3118 270 3172 enim
302 3130 552 3176 nostram
585 3121 819 3177 odorant
852 3122 1019 3178 vitam
1043 3124 1293 3195 justitim,
1327 3127 1510 3182 eundo
1547 3128 1708 3183 sicin
1739 3162 1781 3219 ο
1821 3145 1840 3179 ι
1885 3125 2250 3196 Speculantes,
2274 3123 2330 3177 in
2351 3122 2599 3178 eamdem
2624 3120 2916 3190 imaginem
2942 3117 3401 3174 transformamur

149 3208 293 3264 vitam
343 3219 632 3267 aeternam.
663 3211 809 3268 Deus
851 3228 948 3283 per
977 3229 1080 3270 nos
1133 3214 1449 3271 manifestat
1488 3217 1711 3272 odorem

145 3299 347 3366 iustitia:
396 3317 554 3358 suae:
587 3311 642 3358 et
689 3303 757 3358 ad
797 3303 915 3359 haec
967 3305 1364 3362 manifestanda
1406 3309 1524 3379 quis
1572 3308 1716 3364 inter

149 3392 334 3458 pseudo
400 3402 514 3448 tam
557 3393 791 3450 idoneus
838 3395 982 3450 sicut
1020 3411 1121 3467 ego
1154 3406 1209 3452 et
1241 3400 1542 3469 coapostoli
1573 3399 1716 3454 mei?

149 3479 298 3538 Nemo
355 3486 551 3555 utique
604 3495 713 3540 tant
763 3487 1028 3541 idoneus:
1072 3504 1194 3541 nam
1243 3505 1336 3543 nos
1383 3507 1487 3544 non
1533 3508 1714 3546 sumus

152 3573 268 3626 sicut
291 3575 554 3643 plurimi,
587 3577 795 3632 scilicet
842 3578 1074 3648 pseudo,
1110 3579 1469 3635 adulterantes
1501 3582 1716 3636 verbum

155 3663 266 3719 Dei:
291 3669 437 3724 sicut
456 3670 604 3724 enim
631 3669 845 3724 adulter
872 3685 988 3725 rem
1010 3670 1236 3727 alterius
1258 3683 1485 3744 usurpat
1507 3674 1713 3741 illicite,

156 3755 222 3810 sic
247 3757 458 3826 pseudo
482 3759 852 3816 ministerium
880 3761 1287 3830 praedicationis
1308 3778 1338 3817 a
1362 3765 1578 3820 nemine
1613 3765 1716 3820 sibi

157 3845 464 3916 injunetum.
494 3849 650 3906 Sicut
675 3850 842 3906 etiam
864 3853 1077 3908 adulter
1101 3852 1340 3910 fructum
1372 3856 1577 3911 sobolis
1607 3873 1717 3911 non

157 3941 330 4005 quaerit
356 3941 415 3994 in
453 3956 616 4011 Opere
653 3943 1012 4013 turpitudinis
1037 3959 1171 4011 suae,
1228 3945 1324 4001 sed
1372 3946 1719 4002 solummodo

159 4030 354 4100 explere
407 4032 685 4088 libidinem
720 4051 734 4086 :
779 4032 862 4089 sic
916 4033 993 4088 illi
1043 4032 1252 4104 pseudo
1283 4034 1629 4090 solummodo
1659 4044 1721 4090 ut

161 4117 347 4177 lucrari
374 4123 592 4192 possint
635 4123 978 4194 temporalia,
1009 4138 1118 4178 non
1142 4133 1338 4179 curant
1359 4123 1426 4180 de
1456 4125 1537 4180 eis
1580 4142 1721 4196 quos

163 4207 360 4276 docent,
406 4211 523 4268 sive
569 4221 814 4282 pereant,
847 4214 962 4268 sive
1006 4228 1115 4268 non
1166 4223 1410 4283 pereant.
1459 4213 1599 4281 Non,
1637 4215 1722 4269 in-

160 4314 328 4369 quam,
362 4303 738 4360 adulteramus
768 4305 1003 4360 verbum
1051 4303 1186 4361 Dei:
1221 4306 1313 4361 sed
1356 4306 1635 4377 loquimur
1658 4323 1722 4361 ea:

1821 3236 1840 3269 ι
1885 3233 1915 3271 a
1941 3216 2188 3271 claritate
2222 3215 2278 3269 in
2318 3213 2648 3279 claritatem,
2683 3220 2941 3278 tanquam
2981 3226 3012 3265 a
3034 3208 3250 3264 Domini
3282 3207 3399 3279 spi-

1823 3325 1841 3358 ι
1885 3306 2013 3361 ritu.
2052 3322 2072 3358 ι

2457 3410 2762 3451 EXPOSITIO.

1889 3489 1956 3545 Et
1977 3488 2106 3560 quia
2146 3487 2272 3543 dico
2305 3500 2469 3542 nemo
2509 3486 2577 3541 ad
2609 3486 2726 3540 haec
2774 3493 2886 3540 tam
2926 3485 3187 3550 idoneus,
3220 3483 3402 3541 dicitis

1816 3590 2104 3652 propterea
2125 3580 2271 3650 quod
2303 3579 2522 3645 iterum,
2551 3586 2615 3633 ut
2641 3578 2698 3632 in
2725 3578 2828 3632 alia
2857 3577 3099 3648 Epistola
3129 3577 3224 3631 ubi
3255 3576 3405 3632 dice-

1817 3674 1943 3728 bam
1973 3671 2228 3728 Omnibus
2255 3671 2434 3726 omnia
2460 3671 2634 3740 factus
2658 3686 2776 3724 sum
2803 3667 2858 3739 (I
2889 3667 3012 3724 Cor.
3042 3685 3119 3735 ix,
3146 3666 3239 3738 22)
3275 3676 3404 3733 ttc.,

1817 3765 2103 3835 incipimus
2141 3762 2526 3829 commodare,
2556 3761 2610 3816 id
2649 3769 2736 3817 est
2770 3760 3120 3831 magnificare
3151 3758 3406 3812 nosmeti-

1821 3873 1963 3928 psos.
2011 3855 2133 3910 Non
2175 3856 2368 3926 utique
2405 3874 2419 3909 :
2450 3854 2543 3909 sed
2575 3852 2940 3908 ministerium
2985 3850 3083 3905 Dei
3129 3850 3184 3904 in
3223 3849 3403 3903 nobis.

1819 3949 1926 4003 Aut
1960 3948 2198 4018 nunquid
2235 3961 2444 4018 egemus
2485 3945 2623 3999 sicut
2647 3944 2865 4016 quidam
2903 3942 3138 4014 (scilicet
3176 3939 3407 4010 pseudo)

1821 4038 2272 4093 commendatitiis
2297 4035 2538 4108 epistolis
2568 4035 2756 4091 missis
2785 4035 2854 4088 ab
2889 4033 3014 4088 aliis
3043 4031 3112 4086 ad
3153 4046 3276 4096 vos;
3315 4037 3412 4086 aut

1823 4146 1887 4184 ex
1916 4128 2080 4195 vobis,
2107 4128 2294 4184 missis
2314 4127 2379 4182 ad
2411 4126 2584 4181 alios?
2609 4125 2690 4178 llli
2717 4124 2863 4179 enim
2887 4122 3122 4194 pseudo,
3151 4129 3214 4176 ut
3235 4120 3412 4192 magis

1823 4227 2048 4290 possent
2072 4218 2295 4284 lucrari,
2327 4233 2453 4273 cum
2493 4216 2806 4271 transibant
2846 4214 2915 4269 dc
2953 4215 3076 4269 loco
3104 4213 3172 4268 ad
3203 4211 3411 4278 locum,

1824 4310 2192 4382 precabantur
2220 4318 2283 4364 ut
2332 4309 2410 4363 illi
2453 4323 2484 4363 a
2525 4308 2726 4377 quibus
2772 4307 2920 4362 irent
2964 4304 3416 4361 commendarent

165 4395 470 4462 sinceritate,
495 4397 547 4450 id
577 4404 662 4452 est
699 4395 998 4451 secundum
1034 4411 1228 4465 puram
1258 4395 1383 4452 fidei
1411 4397 1718 4452 veritatem.
1825 4416 1922 4458 eos
1956 4417 2052 4473 per
2071 4401 2352 4472 epistolas,
2383 4400 2492 4455 illis
2521 4399 2590 4454 ad
2624 4413 2766 4469 quos
2797 4397 3127 4452 transibant.
3161 4395 3276 4466 Ego
3300 4393 3415 4448 uti-

165 4482 265 4541 Non
292 4490 490 4544 iterum
521 4487 894 4542 adulteramus
924 4505 937 4542 :
968 4487 1064 4542 sed
1091 4486 1358 4558 loquimur
1393 4489 1450 4542 in
1489 4487 1722 4557 Christo,
1757 4493 1802 4553 D
1827 4509 1935 4564 que
1960 4508 2071 4548 non
2105 4507 2237 4561 egeo
2260 4491 2509 4561 epistolis
2539 4488 2956 4546 commendatiis
2982 4506 2995 4542 :
3023 4502 3152 4542 nam
3182 4502 3269 4540 vos
3289 4485 3416 4539 estis

169 4576 214 4631 id
260 4589 342 4636 est
391 4580 697 4636 secundum
751 4579 913 4634 ﬁdem
959 4587 1014 4634 et
1073 4579 1473 4636 institutionem
1521 4581 1729 4637 Christi
1829 4595 2012 4641 nostra
2048 4584 2294 4651 epistola,
2329 4585 2459 4655 quia
2511 4582 2854 4654 signaculum
2899 4580 3009 4636 mei
3054 4579 3415 4649 apostolatus,

171 4669 426 4740 loquimur
481 4688 546 4726 ea:
596 4670 705 4726 Deo
728 4711 744 4738 ,
789 4671 844 4726 id
896 4679 982 4726 est
1041 4672 1343 4727 secundum
1398 4673 1547 4743 quod
1584 4672 1730 4728 Deus
1830 4678 1924 4748 qui
1955 4694 2055 4732 vos
2085 4677 2140 4732 in
2163 4677 2268 4732 fide
2294 4675 2502 4740 Christi
2528 4674 2774 4730 fundavi.
2805 4672 3047 4742 Epistola
3077 4671 3201 4725 dico
3219 4671 3419 4738 scripta

165 4757 300 4830 loqui
334 4763 604 4829 insinuat;
634 4770 685 4816 et
725 4777 905 4815 coram
960 4760 1098 4829 Deo,
1143 4762 1198 4818 id
1243 4771 1328 4818 est
1364 4762 1422 4816 in
1470 4763 1729 4834 benepla-
1831 4771 1890 4824 in
1905 4769 2151 4823 cordibus
2175 4776 2395 4832 nostris,
2417 4766 2574 4820 fidem
2591 4765 2989 4820 enimvestram
3011 4775 3296 4830 nunquam
3319 4760 3420 4814 0‘.)—

172 4851 264 4906 cito
296 4853 409 4910 Dei.
819 4905 822 4911 .

765 4944 994 5001 CAPUT
1032 4945 1120 5000 Ill.

241 5057 256 5086 ι
300 5037 598 5109 lneipimus
650 5038 850 5094 iterum
899 5038 1268 5109 nosmetipsos
1321 5038 1740 5094 commendare?

182 5145 197 5177 ι
231 5129 330 5183 Αιιι
353 5129 602 5199 nunquid
630 5146 853 5201 egemus
886 5131 1052 5202 (sicut
1097 5131 1342 5200 quidam)
1385 5130 1737 5186 commcnda-

184 5235 199 5266 α
235 5220 357 5276 titiis
367 5220 616 5290 epistolis
640 5223 708 5277 ad
729 5236 848 5288 vos,
863 5230 958 5275 aut
977 5237 1044 5276 ex
1069 5221 1263 5276 vobis?
1281 5221 1522 5291 Epistola
1546 5229 1735 5277 nostra

186 5324 200 5356 ι
237 5327 324 5365 vos
348 5312 503 5379 estis,-
532 5311 735 5381 scripta
765 5313 820 5366 in
853 5312 1112 5367 cordibus
1146 5312 1372 5379 nostris,
1405 5328 1528 5383 quae
1566 5313 1738 5369 scitur

187 5415 203 5448 ι
241 5411 289 5455 et
334 5402 532 5474 legitur
573 5403 644 5457 ab
694 5403 950 5458 omnibus
1008 5401 1342 5469 hominibus,
1373 5403 1736 5470 manifestati,

188 5507 203 5539 ι
240 5495 487 5562 quoniam
515 5495 745 5565 epistola
780 5494 914 5549 estis
931 5492 1160 5560 Christi,
1191 5494 1500 5550 ministrata
1524 5511 1554 5550 a
1579 5495 1741 5551 nobis

192 5597 206 5628 ε
245 5586 532 5654 et-scripta,
563 5600 673 5639 non
720 5592 1058 5649 atramento,
1090 5585 1186 5639 sed
1219 5585 1428 5654 Spiritu
1481 5585 1576 5640 Dei
1609 5586 1738 5640 vivi.

194 5690 209 5720 ι
251 5672 355 5728 Non
401 5677 454 5731 in
493 5677 693 5731 tabulis
747 5676 1005 5746 lapideis,
1061 5676 1156 5730 sed
1192 5676 1245 5729 in
1303 5677 1505 5732 tabulis
1557 5677 1738 5733 cordis

196 5780 210 5810 ι
251 5768 572 5824 carnalibus.
610 5767 886 5826 Fiduciam
931 5777 1112 5822 autem
1140 5767 1301 5822 talem
1348 5769 1613 5825 habemus
1645 5784 1740 5838 per

1835 4861 2140 4916 liviscimur
2166 4877 2179 4914 :
2205 4860 2298 4916 sed
2319 4860 2386 4914 de
2411 4858 2586 4913 salute
2606 4865 2785 4912 vestra
2809 4855 3039 4910 sollicite
3060 4854 3230 4908 Deum
3261 4868 3422 4924 roga-

1838 4966 2002 5007 mus:
2040 4952 2196 5022 165
2229 4967 2346 5021 qua:
2371 4948 2596 5019 epistola
2627 4948 2795 5001 scitur
2817 4947 2884 5000 ab
2919 4946 3179 5000 omnibus.
3219 4943 3422 4999 Omnes

1839 5042 1985 5098 enim
2021 5042 2205 5097 sciunt
2223 5055 2322 5095 vos
2356 5056 2455 5110 per
2484 5053 2571 5094 me
2591 5039 2658 5094 ad
2684 5038 2845 5093 fidem
2875 5049 3196 5104 conversos,
3221 5043 3278 5090 et
3298 5050 3425 5106 qua:

1839 5131 2080 5203 Epistola
2105 5131 2300 5203 legitur
2335 5131 2400 5186 ab
2423 5131 2684 5186 omnibus.
2723 5130 2779 5185 Si
2824 5131 2948 5202 quis
2989 5129 3134 5185 enim
3165 5128 3295 5184 velit
3327 5144 3424 5184 co-

1841 5238 2105 5296 gnoscere
2132 5223 2312 5294 qualis
2336 5223 2439 5279 sim
2468 5223 2524 5276 in
2555 5223 2730 5294 vobis,
2755 5237 2844 5278 me
2881 5210 3010 5293 legit
3037 5229 3092 5276 et
3120 5219 3423 5292 cognoscit.

1843 5313 1953 5370 Vos
1974 5314 2098 5369 dico
2129 5315 2478 5384 manifestati,
2514 5301 2762 5385 quoniam
2785 5315 2910 5368 estis
2940 5310 3164 5383 epistola
3189 5310 3426 5367 Christi:

1843 5405 1973 5477 quia
2001 5405 2138 5461 fides
2158 5414 2338 5461 vestra
2359 5414 2413 5461 et
2441 5406 2584 5461 bona
2601 5405 2710 5460 vita
2730 5405 2965 5461 ostendit
2988 5404 3242 5458 virtutem
3265 5399 3426 5455 Chri—

1843 5498 1934 5552 sti.
1971 5495 2216 5567 Epistola
2263 5497 2469 5552 Christi
2523 5497 2668 5563 dico,
2702 5497 3006 5550 ministrata
3043 5511 3076 5547 a
3114 5492 3284 5546 nobis.
3326 5490 3430 5544 Per

1845 5588 1950 5642 hoc
1987 5588 2133 5642 enim
2156 5589 2300 5659 quod
2332 5589 2467 5644 estis
2506 5603 2626 5643 mea
2653 5588 2882 5656 epistola
2926 5587 3019 5656 qui
3046 5599 3144 5639 vos
3171 5583 3428 5646 instruxi,

1842 5694 1945 5750 ego
1973 5689 2154 5734 autem
2195 5681 2424 5751 epistola
2473 5680 2700 5747 Christi,
2731 5679 2811 5734 sic
2845 5693 2932 5732 me
2976 5677 3249 5731 mediante
3298 5677 3432 5730 estis

1846 5772 2076 5841 epistola
2106 5770 2350 5828 Christi:
2389 5785 2553 5842 quem
2579 5768 2858 5825 Christum
2901 5765 3056 5822 vobis
3095 5765 3430 5836 dispensavi.
