3904 6298
477 347 576 402 251

1041 335 1098 392 S.
1140 331 1488 390 BRUNONIS
1522 319 2162 390 CAR-THUSIANORUM
2200 319 2690 379 lNSTlTUTORlS
2728 319 2880 378 OPP.
2915 319 3099 376 PARS
3131 319 3194 376 ll.

3649 321 3746 382 232

479 458 725 529 Epistula
761 455 887 512 dico
909 451 1132 520 seriptq,
1170 465 1272 504 non
1303 451 1616 507 atramnto,
1642 438 1696 493 id
1723 447 1811 493 est
1835 433 2072 529 nonde-
2099 436 2144 493 Α
2169 433 2396 529 avidius
2413 443 2540 529 ruat
2563 435 2620 529 in
2649 434 2880 529 vetitum
2911 451 2926 487 :
2963 433 3212 488 cumulat
3251 434 3420 529 etiam
3477 448 3748 505 peccatum

479 526 732 603 lebiliter.
769 546 867 601 Vel
905 545 1239 604 atramento,
1291 535 1344 590 id
1389 541 1474 588 est
1515 531 1698 600 aliqua
1745 526 2072 597 contagione

479 645 542 692 ut
564 637 777 708 pseudo
801 649 932 693 suos
960 627 1242 699 sequaces
1267 625 1514 696 polluant
1543 663 1554 674 .
1585 619 1674 674 sed
1711 619 1911 688 scripta
1943 614 2070 708 Spi-

481 707 593 782 rat
639 727 760 789 Dei,
809 727 864 781 id
895 731 980 778 est
1025 717 1396 774 indelebiliter.
1431 711 1530 764 Dei
1575 709 1702 766 dico
1727 711 1851 776 vivi,
1896 707 1990 778 qui
2017 715 2072 761 et

481 832 582 872 vos
609 826 876 888 perpetuo
903 815 1080 868 vivere
1103 807 1262 862 faciet
1286 823 1299 858 :
1328 819 1434 857 non
1455 803 1652 857 iterum
1682 802 1882 872 scripta
1913 805 1970 853 in
1995 807 2074 854 ta-

485 908 624 962 bulis
647 909 896 978 lapideis,
949 904 1000 958 id
1038 907 1122 954 est
1171 895 1458 962 induratis,
1503 903 1560 948 et
1581 894 1808 949 verbum
1837 892 1930 948 Dei
1963 909 2070 949 non

485 999 852 1055 sentientibus
885 1015 897 1050 :
921 992 1009 1048 sed
1035 991 1236 1058 scripta
1264 988 1322 1040 in
1343 986 1538 1040 talibus
1561 985 1888 1052 carnalibus,
1914 985 1966 1039 id
1988 993 2074 1040 est

489 1088 844 1144 sensibilibus
870 1089 965 1138 :‘et
995 1079 1220 1134 verbum
1257 1076 1353 1132 Dei
1389 1077 1456 1130 ad
1489 1075 1729 1131 fructum
1759 1075 2091 1132 faciendum»

485 1177 931 1248 suscipientibus.
963 1169 1188 1224 Tabulis
1219 1168 1344 1224 dico
1367 1169 1564 1234 cordis,
1594 1168 1648 1224 id
1683 1177 1768 1222 est
1799 1165 2072 1222 interioris

485 1269 808 1330 intellectus,
847 1263 938 1318 ubi
981 1263 1096 1316 ait:
1143 1261 1204 1316 In
1240 1261 1439 1316 tabulis
1466 1259 1725 1330 lapideis,
1767 1259 1934 1316 mittit
1967 1273 2072 1313 nos

483 1359 550 1412 ad
577 1356 894 1412 memoriam
919 1353 1122 1409 veteris
1147 1355 1306 1426 legis,
1344 1367 1465 1423 qua:
1491 1353 1615 1407 data
1655 1359 1738 1406 est
1763 1351 1818 1406 in
1846 1349 2072 1420 lapideis

484 1449 685 1502 tabulis
723 1447 922 1514 (Exod.
971 1463 1158 1512 xxxw,
1189 1447 1264 1518 l),
1298 1445 1614 1516 signiﬁcans
1649 1444 1814 1499 corda
1855 1442 2074 1498 Iudaeo-

481 1555 602 1593 rum
633 1539 864 1609 lapidea.
891 1538 1031 1604 Quia
1054 1539 1198 1593 sicut
1217 1538 1356 1608 lapis
1377 1537 1714 1605 sculpturam
1741 1535 1962 1605 quidem
1985 1549 2074 1589 re-

481 1627 635 1696 cipit,
670 1629 763 1682 sed
791 1627 928 1681 nihil
971 1627 1168 1693 sentit;
1203 1627 1284 1684 sic
1327 1625 1492 1682 corda
1533 1624 1869 1692 Judzeorum,
1905 1625 2073 1680 corti-

480 1734 598 1772 cem
627 1719 848 1788 quidem
878 1719 1043 1790 legis,
1081 1718 1135 1773 id
1159 1726 1241 1774 est
1268 1717 1542 1772 carnalem
1571 1716 1904 1771 intellectum
1944 1732 2070 1772 sus-

2169 525 2657 596 praevarlcationis,
2695 525 2842 595 quod
2879 539 2990 580 non
3029 534 3146 580 erat
3186 536 3310 582 ante
3343 528 3518 598 legem
3557 530 3747 586 datam.

2173 615 2376 672 Littera
2399 617 2620 686 quidem
2641 617 2722 672 sic
2747 617 2976 672 occidit:
3001 618 3095 674 sed
3119 615 3322 687 Spiritu
3331 635 3378 686 ε,
3402 620 3458 675 id
3479 631 3565 676 est
3591 619 3750 675 Evan-

2172 707 2372 778 gelium
2397 719 2524 762 cum
2551 707 2804 777 adiutore
2843 708 3041 777 spiritu
3071 709 3281 774 datum,
3319 709 3453 766 facit
3495 711 3684 766 vivere
3707 712 3750 766 in

2167 798 2402 868 justitia.
2434 799 2830 854 Commendato
2851 797 3146 870 Evangelia
3177 815 3299 866 suo,
3329 801 3581 856 eamdem
3617 817 3739 856 com-

2171 889 2576 945 mendationem
2619 889 2862 946 refundit
2890 891 2944 944 in
2979 907 3058 957 se,
3091 891 3280 947 dicens
3307 909 3320 946 ;
3349 893 3414 946 Et
3443 893 3577 962 quia
3605 893 3750 947 mini-

2173 989 2286 1036 ster
2333 997 2454 1036 sum
2495 983 2830 1049 testamenti,
2871 981 3159 1038 cxistentis
3199 983 3252 1036 in
3304 983 3526 1053 spiritu,
3569 985 3751 1040 merito

2173 1072 2472 1142 spiritualis
2521 1071 3016 1128 administrationis
3061 1073 3276 1128 habebo
3309 1075 3470 1145 166
3509 1075 3746 1145 gloriam.

2174 1160 2314 1218 Vere
2342 1163 2674 1218 ministratio
2704 1164 2929 1232 spiritus
2967 1163 3072 1218 erit
3110 1164 3244 1218 mihi
3287 1165 3343 1218 in
3382 1166 3594 1236 gloria;
3637 1168 3749 1236 quia

2173 1255 2505 1312 ministratio
2531 1256 2726 1310 mortis
2759 1256 2862 1310 fuit
2888 1255 3060 1327 Moysi
3089 1255 3142 1311 in
3168 1255 3360 1326 gloria.
3394 1256 3512 1312 Hoc
3541 1258 3618 1312 ita
3648 1259 3746 1313 ait:

2176 1347 2316 1414 Quia
2349 1350 2396 1402 si
2421 1351 2754 1404 ministratio
2779 1351 2986 1416 mortis,
3019 1350 3072 1404 id
3102 1361 3185 1405 est
3205 1351 3405 1406 veteris
3434 1351 3574 1422 legis
3601 1371 3613 1404 :
3644 1367 3750 1421 qua

2173 1449 2228 1494 et
2271 1440 2714 1510 concupiscentia
2765 1440 2974 1509 majore
3025 1449 3081 1495 et
3124 1456 3266 1496 nova
3315 1441 3750 1511 praevaricatione

2174 1538 2408 1583 mortem
2459 1529 2766 1584 inferebat:
2827 1529 2920 1596 Si,
2965 1529 3224 1600 inquam,
3273 1531 3611 1587 ministratio
3648 1532 3750 1588 hau:

2174 1619 2371 1674 mortis
2419 1619 2616 1674 litteris
2651 1628 2865 1675 tantum
2903 1621 3136 1690 {armata
3179 1637 3290 1676 non
3338 1622 3616 1692 adjutorio
3651 1624 3750 1693 spi-

2173 1707 2316 1762 ritus
2341 1707 2584 1776 prolicua
2621 1707 2802 1764 facta:
2849 1707 3084 1762 formata
3112 1709 3236 1764 dico
3271 1710 3326 1762 in
3369 1709 3660 1780 lapidibus.
3701 1710 3748 1766 In

486 1783 749 1878 caper-unt
777 1827 790 1862 :
839 1783 1238 1864 sedvmedulam
1271 1808 1406 1878 legis
1445 1807 1803 1877 spiritualem,
1841 1807 2068 1875 scilicet,
2100 1783 2150 1843 Β
2177 1801 2377 1856 tabulis
2401 1801 2548 1856 enim
2577 1801 2806 1870 lapideis
2831 1801 2920 1856 lex
2943 1800 3116 1873 Moysi
3145 1801 3272 1856 data
3307 1801 3432 1868 fuit,
3463 1811 3528 1857 ut
3556 1803 3750 1875 signiﬁ-

481 1899 819 1955 inteliectum
864 1916 976 1954 non
1029 1908 1354 1955 senserunt:
1389 1897 1536 1953 Dixit
1575 1899 1848 1969 superius.
1899 1883 2072 1952 Nemo

483 1999 593 2045 tam
625 1991 854 2046 idoneus
886 2001 944 2045 ut
971 2007 1072 2062 ego
1101 2010 1114 2045 :
1147 1991 1348 2046 iterum
1371 2003 1474 2046 vos
1503 1991 1637 2045 estis
1667 1989 1896 2060 epistola
1923 2004 2068 2056 mea,

481 2093 537 2136 et
566 2098 665 2152 per
691 2099 778 2137 me
800 2085 933 2138 estis
959 2083 1186 2153 epistola
1213 2081 1438 2147 Christi,
1465 2091 1522 2136 et
1542 2083 1612 2136 ad
1631 2081 1749 2136 hate
1777 2080 1961 2135 subdit
1989 2089 2072 2135 ta-

484 2175 592 2228 lem
627 2175 904 2242 tiduciam,
933 2175 1160 2238 scilicet,
1185 2174 1330 2243 quod
1355 2173 1682 2232 ﬁducialiter
1705 2172 1818 2227 dixi
1843 2187 1931 2226 me
1955 2187 2072 2226 ma-

483 2265 568 2332 gis
615 2265 894 2331 idoneum,
933 2273 1036 2320 etc.
1087 2263 1240 2318 llanc
1277 2263 1436 2317 talem
1471 2263 1726 2331 ﬁduciam
1767 2277 1878 2316 non
1912 2261 2072 2317 nobis

492 2355 880 2423 prtesumimus
911 2354 1248 2410 referendam
1279 2373 1292 2409 :
1326 2355 1420 2409 sed
1464 2354 1714 2408 habemus
1757 2355 1898 2410 hanc
1933 2354 2074 2410 lidu-

487 2445 628 2498 ciam
659 2443 996 2500 referendam
1027 2445 1096 2498 ad
1123 2445 1307 2499 Deum.
1329 2444 1476 2511 Quia
1499 2446 1646 2502 enim
1673 2446 1902 2502 idoneus
1925 2461 2068 2512 sum,

483 2537 630 2606 quod
661 2552 758 2592 vos
789 2539 922 2593 estis
965 2538 1192 2608 epistola
1225 2553 1344 2593 mea
1373 2557 1386 2592 :
1421 2539 1524 2594 hoc
1555 2547 1729 2596 totum
1760 2539 1904 2594 Deus
1943 2555 2076 2610 ope-

487 2637 659 2681 ratur.
687 2627 983 2694 Habemus,
1017 2629 1262 2698 inquam,
1292 2629 1358 2682 ad
1392 2627 1584 2695 Deum,
1615 2639 1669 2684 ει
1687 2646 1780 2700 per
1800 2629 2072 2685 Christum

485 2719 812 2773 mediantem
839 2737 852 2773 :
883 2719 1136 2774 Christus
1155 2719 1300 2774 enim
1329 2719 1630 2776 secundum
1655 2721 1944 2804 imperium
1967 2717 2063 2776 Dei

483 2811 826 2865 consecravit
848 2827 936 2866 me
979 2811 1237 2866 idoneum
1269 2812 1614 2880 Apostolum.
1651 2811 1934 2869 Fiduciam
1965 2813 2072 2868 uti-

482 2915 592 2970 que
621 2901 764 2956 hanc
793 2901 1058 2957 habemus
1082 2901 1147 2956 ad
1173 2901 1342 2956 Deum
1369 2921 1384 2958 :
1421 2919 1525 2957 non
1553 2905 1627 2959 ita
1647 2905 1784 2976 quod
1811 2907 2073 2976 sufﬁciam

484 2999 559 3044 tes
581 2991 745 3044 simus
777 2993 1027 3063 cogitare,
1053 2991 1254 3047 nedum
1291 2995 1506 3064 operari
1531 2995 1736 3066 aliquid
1760 3013 1794 3050 a
1815 2996 1985 3064 nobis,
2017 2995 2070 3052 id

482 3089 566 3136 est
581 3083 866 3138 utilitatem
885 3091 1149 3138 nostram.
1169 3083 1341 3149 Quasi
1357 3085 1462 3140 hoc
1482 3086 1654 3154 possit
1675 3101 1796 3142 esse
1815 3103 1880 3140 ea:
1899 3087 2068 3152 nobis,
2095 3113 2144 3180 α

483 3169 538 3226 id
567 3179 749 3226 estex
775 3172 986 3226 viribus
1021 3171 1244 3239 nostris,
1275 3173 1396 3228 sine
1415 3184 1742 3244 cooperante
1760 3176 1932 3246 gratia
1952 3175 2070 3232 Dei.

483 3259 550 3313 Et
578 3260 704 3314 licet
727 3261 863 3314 nihil
888 3261 1222 3316 suﬂiciamus
1243 3277 1309 3317 ex
1330 3263 1509 3328 nobis,
1535 3272 1716 3319 tamen
1741 3265 2068 3334 sufﬁcimus;

483 3350 574 3404 sed
605 3351 696 3404 illa
723 3353 1034 3420 sul/ieientia
1059 3361 1239 3406 nostra
1264 3367 1373 3407 non
1397 3363 1609 3408 tantum
1633 3356 1926 3427 cogitandi,
1953 3355 2070 3424 sed,

486 3439 631 3496 sicut
663 3443 1008 3510 praemissum
1051 3451 1156 3510 est,
1190 3443 1382 3499 idonee
1411 3446 1691 3514 operandi.
1735 3443 1928 3502 Omnis
1959 3447 2074 3502 inec

487 3528 810 3584 sufﬁcientia
841 3530 1240 3602 qualiscunque
1270 3533 1361 3599 sit,
1396 3549 1461 3586 ea:
1493 3533 1602 3587 Deo
1631 3543 1729 3588 est.

557 3619 974 3676 Commendavit
1002 3637 1290 3692 personam
1323 3637 1478 3680 suam
1519 3626 1691 3681 satis:
1731 3643 1878 3683 nunc
1917 3643 2071 3684 com-

487 3707 708 3760 mendat
730 3707 1094 3764 ministerium
1129 3725 1311 3777 suum,
1342 3711 1488 3781 quod
1517 3711 1716 3766 iterum
1739 3713 2076 3784 retorquebit

487 3799 558 3854 ad
587 3800 1120 3856 commendationem
1145 3803 1252 3868 sui,
1279 3802 1506 3859 dicens:
1533 3803 1638 3868 Qui
1659 3803 1804 3860 Deus
1827 3805 1954 3875 fecit
1980 3821 2072 3860 nos

485 3891 702 3946 idoneos
755 3892 1048 3946 ministros.
1109 3891 1398 3959 Quomodo
1443 3893 1669 3950 idoneos
1717 3910 1884 3966 supra
1936 3897 2071 3954 satis

483 3981 744 4050 ostendit,
787 3984 884 4038 sed
912 3983 1072 4054 cujus
1104 3986 1182 4040 rei
1221 3986 1460 4042 ministri
1499 3986 1631 4054 sint,
1677 3988 1810 4044 illud
1845 3991 2069 4046 subdit:

485 4074 766 4128 Ministros
799 4075 922 4130 dico
967 4077 1084 4128 noui
1111 4077 1431 4132 testamenti.
1468 4076 1638 4135 Vetus
1663 4078 2074 4137 Testamentum

488 4165 794 4235 priusfuit,
837 4167 982 4235 quod
1024 4175 1078 4222 et
1116 4167 1406 4223 delendum
1449 4179 1567 4225 erat
1612 4186 1709 4241 per
1742 4169 1978 4240 Novum,
2019 4181 2074 4230 et

489 4255 740 4310 carnales
771 4257 1071 4310 secundum
1101 4259 1477 4314 carnalitatem
1513 4260 1817 4317 instruens.

564 4343 670 4398 Sed
703 4343 1055 4415 Evangelinm
1103 4355 1488 4418 testamentum
1513 4365 1716 4406 novum
1743 4357 1846 4418 εει,
1871 4351 2074 4409 docens

2172 1901 2322 1948 caret
2343 1891 2554 1961 lapidea
2577 1893 2742 1947 corda
2767 1891 3104 1948 Judaaorum.
3133 1892 3213 1960 Si,
3237 1894 3485 1964 inquam,
3519 1894 3634 1950 haec
3653 1895 3750 1950 mi-

2173 1980 2430 2035 nistratio
2473 1981 2577 2049 fuit
2619 1979 2791 2052 Moysi
2817 1981 3016 2050 .valens
3055 1981 3114 2035 in
3149 1982 3402 2037 habenda
3441 1983 3653 2054 gloria:
3683 1984 3750 2039 ita

2171 2072 2298 2128 dico
2327 2071 2380 2126 in
2411 2072 2604 2142 gloria,
2633 2081 2693 2126 ut
2713 2072 2816 2142 ﬁlii
2847 2071 3022 2126 Israel
3050 2088 3156 2126 non
3183 2083 3391 2143 possent
3417 2075 3682 2130 intendere
3701 2077 3748 2128 in

2175 2165 2366 2235 facient
2391 2165 2565 2235 Moysi
2587 2175 2800 2236 propter
2827 2165 3056 2235 gloriam
3082 2166 3256 2220 vultus
3277 2168 3412 2237 ejus,
3445 2185 3562 2239 qua:
3588 2170 3748 2240 gloria

2171 2266 2480 2312 evacuatur.
2520 2256 2674 2312 Hanc
2718 2257 2866 2312 enim
2911 2258 3140 2328 gloriam
3177 2260 3363 2316 vultus
3408 2262 3616 2316 scimus
3651 2263 3750 2318 cito

2172 2348 2414 2417 elapsam
2465 2364 2498 2403 a
2532 2348 2738 2420 Moyse.
2787 2347 2867 2415 Si,
2903 2349 3150 2420 inquam,
3191 2351 3526 2407 ministratio
3567 2355 3752 2410 mortis

2173 2437 2278 2492 fuit
2315 2437 2491 2510 Moysi
2516 2440 2572 2494 in
2596 2448 2748 2494 tanta
2773 2440 2946 2512 gloria
2974 2459 2988 2494 :
3015 2443 3274 2512 quomodo
3301 2444 3631 2498 ministratio
3657 2447 3750 2514 spi-

2174 2528 2330 2594 ritus,
2379 2528 2432 2582 id
2473 2537 2557 2584 est
2589 2528 2868 2599 Evangelii
2912 2545 3038 2585 cum
3083 2547 3195 2602 quo
3235 2548 3332 2604 per
3367 2548 3569 2588 manus
3609 2550 3750 2591 meas

2175 2619 2412 2690 Spiritus
2455 2629 2679 2678 sanctus
2718 2622 3169 2690 administratur;
3207 2625 3484 2694 quomodo
3520 2625 3624 2682 hoc
3657 2645 3750 2682 non

2171 2713 2274 2766 erit
2325 2713 2462 2766 mihi
2511 2715 2680 2784 magis
2731 2714 2921 2770 valens
2961 2716 3018 2768 in
3069 2715 3318 2771 habenda
3371 2716 3545 2788 gloria
3595 2735 3748 2788 quam

2173 2801 2380 2874 Moysi?
2405 2801 2525 2858 Non
2567 2803 2672 2860 hoc
2693 2804 2826 2860 dicit
2857 2813 2920 2859 ut
2957 2821 3018 2861 se
3045 2807 3242 2861 merito
3283 2807 3540 2878 praeferat
3567 2808 3748 2882 Moysi,

2174 2893 2268 2950 sed
2297 2895 2414 2950 sola
2437 2895 2704 2966 dignitate
2727 2896 3040 2952 ministerii.
3071 2897 3176 2953 Per
3195 2915 3394 2955 manus
3412 2900 3558 2954 enim
3587 2900 3748 2974 Moysi

2173 2996 2440 3056 prmeepta
2487 2986 2604 3041 sola
2633 2987 2926 3055 dabantur,
2967 2989 3116 3043 nulla
3146 2990 3322 3060 gratia
3349 3009 3363 3045 :
3403 2992 3498 3046 sed
3529 3007 3560 3046 a
3589 2991 3750 3048 Paulo

2174 3086 2228 3130 et
2260 3085 2526 3146 praecepta
2555 3095 2568 3132 :
2600 3085 2654 3132 et
2681 3093 2780 3148 per
2803 3078 3208 3148 impositionem
3239 3095 3437 3136 manus
3464 3081 3606 3151 ejus,
3637 3099 3748 3153 gra-

2177 3168 2248 3222 tia
2288 3167 2526 3239 Spiritus
2549 3171 2722 3226 sancti
2743 3171 3030 3240 adjuvans,
3055 3180 3115 3226 ut
3139 3187 3262 3242 qua:
3283 3173 3746 3244 praecipiebantur,

2173 3269 2358 3329 posset
2383 3260 2549 3316 homo
2575 3260 2810 3330 operari.
2841 3260 2980 3327 Quia
3009 3261 3088 3316 ait
3125 3262 3184 3316 in
3226 3260 3422 3318 faciem
3446 3263 3620 3335 Moysi
3649 3279 3748 3319 non

2173 3365 2334 3420 posse
2355 3351 2636 3408 intendere
2660 3351 2900 3420 Judaeos,
2939 3353 3156 3425 signum
3181 3363 3300 3409 erat
3320 3355 3466 3424 quod
3498 3356 3748 3425 spiritua-

2173 3442 2280 3497 lem
2315 3443 2652 3500 intellectum
2699 3444 2834 3515 legis
2865 3459 3062 3514 capere
3101 3459 3212 3500 non
3257 3455 3549 3516 poterant:
3596 3461 3746 3518 quem

2173 3531 2362 3600 facies,
2395 3533 2450 3589 id
2483 3543 2569 3590 est
2601 3535 2909 3590 intellectus
2951 3533 3125 3606 Moysi
3159 3536 3340 3591 lucide
3373 3538 3744 3608 cognoscebat.

2173 3620 2374 3677 lterum
2399 3623 2548 3693 quod
2587 3623 2758 3694 gloria
2785 3623 2970 3678 vultus
2993 3624 3116 3694 ejus
3143 3635 3406 3680 evacuata
3427 3635 3513 3682 est
3541 3645 3554 3681 :
3585 3627 3746 3698 signi-

2173 3713 2317 3769 cavit
2341 3715 2432 3770 illa
2461 3730 2586 3785 qua:
2605 3714 2954 3770 ministrabat
2973 3717 3298 3786 temporalia
3323 3734 3470 3786 esse,
3501 3735 3610 3774 non
3635 3735 3747 3790 per-
3791 3779 3802 3794 ι

2175 3805 2472 3872 manentia,
2501 3819 2602 3875 pro
2632 3804 2836 3875 quibus
2865 3807 3220 3876 temporalem
3249 3807 3486 3863 habebat
3507 3809 3743 3880 gloriam.

2175 3894 2314 3951 Vere
2351 3896 2685 3954 ministratio
2715 3895 2942 3965 spiritus
2975 3897 3082 3951 erit
3121 3898 3261 3953 mihi
3301 3899 3356 3954 in
3386 3900 3590 3971 gloria;
3629 3915 3744 3956 nam

2173 3987 2556 4042 administrare
2591 3986 2866 4057 spiritum,
2903 3999 2989 4042 est
3030 3988 3418 4046 administrare
3459 3991 3742 4062 justitiam.

2173 4076 2538 4133 Ministerium
2583 4088 2764 4134 autem
2805 4079 3034 4148 justitite
3071 4089 3154 4135 est
3193 4081 3382 4138 valens
3423 4083 3480 4136 in
3511 4083 3744 4138 habenda

2175 4169 2367 4240 gloria.
2401 4169 2546 4224 Nam
2571 4171 2618 4224 si
2643 4171 2968 4224 ministratio
3011 4171 3394 4242 damnationis,
3438 4175 3492 4230 id
3529 4185 3612 4231 est
3656 4191 3744 4230 ve-

2175 4259 2308 4315 teris
2333 4261 2486 4332 legis,
2513 4277 2636 4332 quae
2657 4271 2712 4318 et
2731 4271 3014 4333 peccatum
3037 4272 3092 4320 et
3113 4267 3612 4335 praevaricationem
3634 4282 3746 4338 pec-

2176 4350 2284 4405 cati
2313 4349 2468 4418 l'ecit;
2503 4353 2572 4420 si,
2607 4353 2854 4422 inquam,
2894 4354 3010 4410 haec
3035 4355 3368 4410 ministratio
3395 4355 3568 4429 Moysi
3589 4367 3664 4411 est
3689 4355 3742 4410 in

487 4442 544 4487 et
577 4433 846 4488 innovans
874 4433 1128 4502 spiritum
1173 4437 1434 4503 hominis,
1465 4453 1567 4494 nec
1600 4440 1708 4494 alio
1747 4449 2075 4498 testamento
2103 4447 2152 4508 D
2177 4443 2369 4514 gloria,
2393 4445 2560 4500 multo
2587 4448 2757 4518 ntagis
2781 4447 3154 4515 ministerium,
3179 4449 3232 4504 id
3253 4459 3339 4504 est
3357 4449 3746 4506 administratio

489 4524 910 4592 immutandum.
951 4525 1232 4582 Minislros
1263 4529 1384 4584 dico
1421 4527 1560 4584 Novi
1586 4528 1918 4588 Testamenti
1955 4533 2071 4588 exi-

487 4617 684 4672 stentis
711 4635 726 4669 :
761 4631 864 4670 non
897 4617 954 4671 in
983 4617 1163 4678 littera
1191 4628 1416 4688 tantum,
1445 4630 1506 4676 ut
1532 4620 1704 4678 Vetus
1731 4640 1744 4676 :
1772 4625 1862 4678 sed
1891 4624 1945 4680 in
1968 4626 2076 4696 spi—

489 4709 602 4762 ritu
641 4717 696 4762 et
739 4709 938 4762 littera.
997 4709 1164 4766 Vetus
1209 4713 1356 4768 enim
1407 4714 1492 4769 lex
1545 4715 1801 4772 litteralia
1855 4716 2074 4785 quidem

490 4809 760 4870 praecepta
791 4801 976 4867 dabat,
1003 4803 1094 4858 sed
1125 4804 1253 4873 quia
1293 4806 1522 4876 gratiam
1560 4805 1800 4875 Spiritus
1835 4817 1944 4864 nan
1975 4811 2075 4864 ha-

489 4891 674 4956 bebat,
701 4891 822 4946 ideo
847 4893 1022 4963 magis
1043 4895 1272 4954 nocebat
1297 4911 1462 4965 quam
1485 4897 1784 4966 adjuvaret.
1811 4899 1935 4954 Ideo
1955 4901 2076 4956 dico

493 4995 698 5032 novum
728 4987 1112 5036 testamentum
1143 4997 1266 5036 esse
1307 4983 1362 5035 in
1397 4984 1624 5054 spiritu;
1653 4987 1782 5056 quia
1821 4987 1868 5042 si
1898 4987 1952 5042 in
1975 4989 2076 5044 lit—

493 5077 610 5124 tera
651 5077 866 5136 tantum
897 5080 1062 5136 esset,
1105 5071 1396 5128 occideret.
1437 5074 1642 5130 Littera
1689 5078 1826 5132 enim
1857 5079 2075 5147 occidit,

492 5161 584 5214 sed
607 5162 828 5230 spiritus
849 5161 1100 5230 civi—ﬁetu.
1127 5159 1238 5216 Lex
1263 5173 1420 5220 vetus
1441 5182 1562 5236 qua:
1583 5168 1638 5222 in
1660 5169 1838 5226 littera
1861 5181 2074 5227 tantum

492 5252 780 5317 existebat,
808 5253 1057 5308 occidere
1082 5248 1281 5306 dicitur
1307 5273 1321 5308 :
1353 5273 1460 5312 non
1486 5259 1612 5328 quia
1645 5258 1788 5316 Deus
1814 5261 1972 5318 dator
1995 5264 2075 5318 Ie-

495 5341 601 5411 gis,
626 5341 709 5394 vel
731 5340 947 5412 Moyses
969 5339 1222 5395 minister
1245 5341 1381 5413 legis
1399 5345 1504 5402 hoc
1527 5345 1728 5406 faceret
1753 5369 1766 5404 :
1792 5352 1886 5408 sed
1909 5345 2073 5423 impia

497 5432 795 5488 carnalitas
823 5432 1128 5498 hominum,
1159 5448 1280 5501 quae
1311 5451 1420 5490 non
1447 5439 1746 5507 promeruit
1771 5450 1830 5496 ut
1852 5443 2076 5499 haberet

499 5521 834 5590 adjutricem.
870 5520 1104 5592 gratiam
1145 5538 1272 5577 cum
1313 5525 1512 5582 littera.
1557 5528 1688 5596 Qua:
1737 5532 1915 5588 littera
1953 5533 2075 5588 ideo

499 5611 717 5678 occidit,
757 5613 886 5682 quia
928 5620 1090 5681 auget
1133 5617 1628 5685 concupiscentiam
1674 5623 1904 5693 peccati,
1943 5623 2075 5678 dum

501 5702 792 5771 prohibet:
839 5713 1036 5760 natura
1082 5713 1168 5762 est
1211 5707 1356 5764 enim
1398 5721 1598 5774 nostrae
1642 5713 1968 5786 fragilitatis,
2019 5725 2075 5776 υ

2171 4534 2400 4604 justitiaa
2431 4533 2664 4590 abundat
2703 4537 2836 4592 mihi
2874 4539 2928 4591 in
2957 4538 3148 4608 gloria.
3177 4539 3433 4595 Abundat
3453 4541 3592 4608 ideo,
3619 4539 3742 4610 quia

2177 4626 2350 4696 gloria
2393 4643 2515 4684 mea
2544 4643 2893 4698 permanens,
2929 4631 3022 4685 illa
3061 4633 3404 4688 transitoria.
3442 4631 3546 4688 Ubi
3588 4647 3742 4703 supra

2177 4713 2254 4768 ait
2281 4733 2294 4768 :
2321 4713 2648 4786 Ministratio
2677 4719 2893 4785 mortis,
2923 4730 3154 4774 mortem
3183 4731 3464 4792 peccatum
3488 4722 3742 4793 intelligit.

2179 4801 2280 4858 Hic
2301 4813 2482 4860 autem
2518 4822 2615 4875 per
2648 4807 3079 4878 damnationem,
3125 4827 3344 4882 poenam
3374 4813 3578 4883 peccati
3605 4811 3743 4869 acc!"h

2178 4895 2275 4964 pit.
2307 4895 2445 4951 Vere
2479 4897 2806 4954 ministratio
2835 4916 2954 4956 mea
2987 4901 3228 4958 abundat
3272 4903 3328 4958 in
3371 4906 3544 4975 gloria
3583 4905 3742 4960 multo

2178 4987 2384 5058 magis;
2415 5005 2541 5042 nam
2575 5007 2666 5044 nec
2705 4992 3068 5062 gloriﬁcatum
3109 5005 3210 5062 est,
3247 4995 3300 5050 id
3337 5007 3424 5052 est
3451 5015 3557 5053 non
3595 4997 3744 5052 debet

2175 5077 2284 5133 dici
2315 5079 2676 5150 gloriﬁcatum
2719 5082 2822 5138 hoc
2849 5085 2988 5154 quod
3024 5084 3222 5140 claruit
3259 5087 3316 5140 in
3353 5088 3455 5142 hac
3497 5097 3656 5161 parte,
3691 5086 3740 5140 id

2176 5177 2261 5224 est
2287 5169 2344 5224 in
2369 5168 2505 5226 facie
2525 5169 2695 5242 Moysi
2718 5183 2931 5242 propter
2950 5175 3288 5231 excellentem
3313 5177 3562 5248 gloriam,
3589 5179 3636 5232 id
3665 5186 3742 5230 est

2177 5259 2246 5314 ad
2261 5261 2726 5330 comparationem
2745 5264 2928 5334 gloriae
2947 5281 3082 5322 mem
3105 5268 3526 5324 excellentioris.
3542 5267 3630 5322 Vel
3643 5268 3738 5320 ita:

2177 5349 2298 5406 Non
2339 5351 2498 5407 debet
2539 5353 2648 5408 dici
2693 5353 3054 5425 gloriﬁcatum
3090 5357 3225 5414 illud
3268 5360 3416 5430 quod
3460 5359 3648 5416 claruit
3685 5356 3736 5410 in

2181 5441 2364 5513 Moyse
2398 5443 2453 5498 in
2481 5443 2584 5499 hac
2609 5455 2784 5515 parte,
2815 5446 2870 5502 id
2896 5458 2982 5502 est
3003 5459 3252 5519 respectu
3279 5451 3446 5521 hujus
3471 5466 3598 5506 mea:
3619 5463 3738 5520 par-

2178 5533 2288 5588 tis:
2328 5543 2550 5604 propter
2585 5537 2938 5592 excellentem
2977 5541 3228 5610 gloriam,
3263 5559 3390 5614 qua:
3417 5543 3582 5616 partis
3613 5551 3734 5594 mete

2180 5633 2284 5692 cst,
2309 5634 2362 5680 et
2388 5641 2498 5682 non
2527 5627 2702 5696 partis
2729 5627 2922 5699 Moysi.
2953 5629 3093 5688 Vere
3113 5633 3286 5702 gloria
3321 5649 3444 5690 mea
3467 5647 3622 5703 super
3647 5643 3704 5682 ex

2180 5718 2384 5776 cellens
2415 5728 2520 5788 est,
2547 5732 2676 5774 nam
2701 5733 2822 5774 mea
2849 5733 3130 5791 permanet
3155 5742 3168 5779 :
3201 5725 3290 5780 illa
3325 5735 3506 5781 autem
3529 5717 3728 5781 transit.
