3928 6440
124 369 240 429 233

738 361 1104 420 EXPOSITIO
1140 361 1206 418 IN
1242 364 1621 422 EPISTOLAS
1654 364 1882 421 PAULI.
1921 396 1992 406 —
2026 363 2093 445 IN
2134 364 2350 423 EPIST.
2394 367 2438 421 ιι
2476 368 2567 422 AD
2604 368 2760 424 COR.
2850 352 2853 354 i

3278 374 3385 429 25$

118 485 193 538 Et
218 497 351 538 vere
373 478 503 535 illud
522 476 667 549 quod
696 487 878 532 manet
898 477 981 532 est
1010 477 1063 530 in
1087 477 1256 547 gloria
1284 476 1440 544 mihi,
1471 472 1518 531 si
1545 475 1709 532 Vetus
1736 483 1780 539 Α
1811 474 1913 531 Ubi
1937 485 2019 531 est
2061 477 2286 548 spiritus
2325 477 2562 548 Domini,
2590 480 2665 535 ibi
2711 487 2793 535 est
2826 480 3066 537 libertas.
3105 483 3215 540 Nos
3256 501 3387 545 vero

123 575 547 648 Testamentum
570 570 709 640 quod
735 557 1023 624 evacuatur
1046 569 1218 640 Moysi
1237 578 1315 623 est
1338 586 1430 640 per
1448 569 1674 641 gloriam
1691 586 1709 622 :

127 668 281 722 idem
307 664 452 719 valet
481 662 627 733 quod
656 662 712 717 in
735 661 905 733 gloria
933 680 945 715 :
978 661 1143 715 multo
1168 663 1338 732 magis
1363 660 1711 733 Evangelium

124 773 319 813 meum
340 754 481 826 quod
500 762 768 825 permanet
796 763 872 808 est
898 753 1032 809 mihi
1056 751 1329 809 suﬁiciens
1365 755 1424 808 in
1466 754 1712 809 habenda

124 850 325 920 gloria.

192 939 517 995 Notandum
541 946 628 994 est
645 937 794 1009 quod
821 938 976 1008 prius
1010 937 1087 992 ait
1110 952 1170 993 se
1207 938 1520 993 ministrare
1548 937 1713 1008 spiri—

122 1043 273 1097 tum,
300 1047 400 1102 per
426 1030 683 1101 Spiritum
706 1044 839 1085 vero
871 1029 1163 1100 juStitiam,
1190 1030 1386 1085 deinde
1418 1031 1564 1100 quod
1591 1045 1716 1100 per-

131 1134 354 1191 manet;
398 1124 611 1194 Meyses
652 1136 785 1177 vero
829 1122 1161 1177 ministravit
1230 1122 1465 1177 littera'm
1523 1130 1715 1177 contra

131 1218 428 1289 spiritum;
452 1214 856 1271 damnationem
883 1223 1076 1269 contra
1114 1214 1403 1285 justitiam.
1438 1212 1549 1269 Hoc
1570 1215 1716 1283 quod

134 1320 453 1375 evacuatur,
476 1317 663 1364 contra
689 1308 795 1362 hoc
815 1307 962 1377 quod
984 1315 1283 1377 permanet.
1310 1305 1377 1360 Et
1398 1307 1540 1361 sicut
1561 1307 1716 1361 dam-

141 1403 284 1458 natio
303 1401 538 1457 eﬁ‘ectus
567 1408 651 1456 est
681 1398 909 1470 peccati,
937 1398 1019 1454 sic
1057 1397 1269 1469 justitia
1295 1396 1523 1453 effectus
1549 1397 1713 1468 spiri-

150 1504 245 1549 tus.
271 1490 575 1561 Hucusque
598 1488 963 1545 ministerium
990 1504 1152 1544 suum
1185 1486 1491 1543 ministerio
1518 1486 1716 1543 veteris

141 1585 267 1656 legis
295 1583 558 1655 pratulit,
591 1581 794 1651 ubique
821 1579 1132 1650 deprimens
1171 1577 1401 1649 pseudo,
1444 1578 1541 1648 qui
1568 1586 1718 1633 vete-

134 1693 245 1732 rem
290 1678 469 1748 legem
508 1673 868 1743 reducebant.
909 1670 968 1725 Si
1008 1670 1157 1727 enim
1208 1669 1420 1742 Moyses
1468 1669 1717 1724 minister

133 1768 328 1822 mortis
375 1775 460 1823 est
491 1777 547 1822 et
589 1764 989 1831 damnationis,
1035 1771 1242 1834 quanto
1294 1763 1465 1834 magis
1511 1762 1569 1817 hi
1619 1762 1716 1833 qui

1809 568 2075 625 habemus
2109 571 2359 639 spiritum
2397 570 2655 626 Domini:
2708 570 2977 629 Habemus
3007 576 3211 646 utique.
3250 577 3387 635 Nam

1811 679 1904 717 nos
1933 663 2185 734 discipuli
2207 662 2413 719 Christi
2440 664 2667 718 revelata
2690 665 2846 735 facie,
2872 664 2930 720 id
2958 676 3042 723 est
3084 668 3385 726 illuminata

1817 762 2013 819 mente,
2040 753 2370 822 speculantes
2417 754 2484 809 de
2525 754 2634 809 alto
2678 754 2940 810 virtutum
2980 756 3037 810 in
3077 772 3189 827 quo
3223 760 3388 829 positi

1812 858 2024 899 sumus.
2055 841 2151 898 Vel
2185 843 2534 913 speculantes,
2558 844 2613 899 id
2655 852 2758 911 est,
2807 860 2905 915 per
2933 848 3217 916 speculum
3246 865 3389 905 non—-

1811 936 1940 990 dum
1966 932 2201 1004 perfecte
2222 935 2512 990 intuentes.
2554 934 2651 989 Vel
2686 935 2791 990 hoc
2823 937 2909 991 vel
2944 937 3037 992 illo
3067 938 3232 993 modo
3263 956 3389 1010 spe-

1812 1028 2057 1083 culantes
2089 1026 2313 1097 gloriam
2345 1026 2576 1094 Domini,
2602 1028 2657 1081 id
2688 1037 2772 1084 est
2795 1031 3089 1085 essentiam
3120 1025 3345 1089 Deitatis
3377 1053 3390 1088 :

1815 1118 2258 1188 transformamur
2295 1120 2353 1171 in
2395 1119 2632 1173 eamdem
2688 1120 2971 1190 imaginem
2994 1137 3012 1174 :
3052 1122 3181 1191 quia
3224 1140 3390 1193 quam

1813 1212 2082 1267 subtiliter
2092 1210 2344 1281 Christus
2365 1214 2664 1283 scripturas
2677 1213 2946 1286 intelligit,
2964 1215 3104 1273 idem
3120 1231 3217 1287 per
3230 1218 3392 1287 spiri-

1811 1312 1928 1358 tum
1948 1318 2048 1358 nos
2061 1302 2260 1360 docuit.
2281 1304 2814 1360 Transformabimur
2836 1307 3048 1376 plenius
3064 1311 3393 1364 resumendo

1812 1395 2303 1466 impassibilitatem
2328 1397 2575 1457 eamdem
2602 1407 2656 1453 et
2679 1399 3158 1455 immortalitatem.
3190 1399 3399 1456 Trans-

1810 1485 2117 1569 formamur
2137 1487 2260 1544 dico
2279 1506 2313 1543 a
2337 1489 2585 1544 claritate
2599 1491 2839 1557 virtutis,
2853 1492 3034 1547 eundo
3058 1494 3114 1547 in
3128 1493 3396 1564 majorem

1812 1577 2130 1633 claritatem.
2151 1579 2245 1635 Vel
2274 1597 2303 1635 a
2325 1581 2572 1637 claritate
2606 1583 2728 1637 fidei
2757 1592 2811 1638 et
2833 1585 2968 1654 spei,
2991 1601 3113 1655 qua:
3126 1602 3270 1642 nunc
3287 1597 3394 1655 est,

1819 1672 2067 1727 translati
2094 1672 2149 1726 in
2185 1674 2487 1729 claritatem
2507 1675 2608 1739 rei,
2636 1682 2697 1728 ut
2719 1676 2997 1732 videamus
3030 1676 3202 1733 Deum
3233 1679 3395 1734 siculi

1812 1775 1914 1820 est.
1942 1765 2442 1834 Transformamur,
2475 1767 2719 1837 inquam,
2750 1783 2780 1822 a
2815 1768 3064 1824 claritate
3092 1770 3147 1824 in
3177 1771 3398 1825 clarita-

131 1871 283 1918 tanta
312 1859 640 1931 indignitate
668 1857 955 1913 inferiores
985 1864 1114 1911 sunt
1137 1854 1354 1927 Moyse?
1377 1855 1517 1921 Quia
1538 1855 1717 1910 excel-
1746 1828 1791 1883 Β
1818 1868 1924 1915 tem
1948 1870 2198 1931 tanquam
2222 1878 2252 1914 a
2277 1862 2474 1931 spiritu
2500 1828 2734 1928 Domini,
2755 1862 2806 1917 id
2834 1872 3158 1933 est,quanto
3180 1864 3398 1936 dignius

128 1954 332 2010 lentem
383 1950 611 2022 gloriam
652 1956 1080 2018 exspectamus:
1127 1946 1293 2016 igitur
1336 1959 1437 2000 nos
1470 1944 1714 1998 habentes

127 2045 294 2100 talem
345 2059 491 2114 spem
545 2041 787 2110 (scilicet
836 2037 1208 2109 permanentis
1255 2036 1469 2106 glorise)
1516 2036 1717 2089 utimur

126 2137 304 2193 multa
355 2135 553 2206 fiducia
577 2149 596 2187 :
649 2147 761 2187 non
804 2130 1164 2201 reprimentes
1197 2127 1424 2182 verbum
1462 2125 1558 2181 Dei
1606 2126 1714 2181 for-

123 2231 351 2287 midine
428 2228 806 2298 cujuscunque
881 2220 1235 2277 difﬁcultatis.
1306 2218 1520 2274 Utimur
1593 2218 1717 2289 qui-

121 2324 255 2379 detn
311 2320 552 2377 ﬁducia:
596 2328 647 2373 et
697 2333 801 2371 non
852 2314 1087 2370 facimus
1135 2314 1275 2367 sicut
1331 2310 1568 2382 Moyses,
1623 2310 1718 2380 qui

123 2415 363 2487 ponebat
406 2412 639 2468 uelamen
673 2425 832 2480 super
865 2408 1060 2478 faciem
1098 2421 1252 2460 suam
1292 2401 1490 2475 (Exod.
1530 2417 1716 2468 xxxiv,

136 2510 257 2579 33);
311 2507 477 2572 ideo,
528 2512 588 2558 ut
633 2519 738 2557 non
784 2500 1112 2555 intenderent
1163 2497 1267 2567 ﬁlii
1318 2494 1491 2551 Israel
1532 2495 1603 2548 in
1630 2494 1718 2564 fa-

131 2604 261 2656 ciem
315 2599 436 2669 ejus
462 2613 482 2651 :
534 2595 675 2667 quod
728 2594 976 2649 velamen
1025 2589 1190 2646 modo
1228 2603 1324 2659 per
1368 2586 1718 2658 Evangelium

133 2702 385 2747 nostrum
431 2697 739 2744 evacuatur.
810 2685 873 2740 In
919 2682 1214 2754 Evangelio
1285 2680 1431 2737 enim
1481 2678 1722 2749 aperitur

142 2781 401 2852 quidquid
441 2780 504 2834 in
525 2778 722 2851 figuris
759 2775 960 2832 veteris
987 2774 1123 2844 legis
1163 2771 1536 2828 claudebatur.
1560 2767 1720 2823 Dice-

142 2883 225 2928 ret
252 2873 403 2945 16⁷
426 2873 549 2928 ille:
579 2870 761 2937 Quare
784 2867 922 2924 dicis
945 2866 1189 2920 velamen
1212 2863 1345 2934 legis
1374 2869 1718 2924 evacuatum,

136 2980 256 3036 qua!
283 2966 429 3021 sicut
450 2964 606 3034 prius
630 2962 704 3017 ita
729 2970 783 3016 et
825 2973 975 3014 nunc
1004 2954 1365 3012 obscuratur?
1385 2952 1590 3008 Contra
1617 2952 1723 3006 hoc

141 3056 372 3111 Paulus:
408 3053 747 3109 Evacuatum
776 3059 861 3107 est
889 3048 1110 3121 quidem
1159 3046 1407 3101 velamen
1444 3044 1599 3115 legis,
1629 3044 1720 3097 sed

144 3163 312 3200 unus
347 3145 647 3215 impiorum
672 3149 896 3213 peccato
924 3137 1257 3195 inﬁdelitatis
1286 3144 1409 3191 sunt
1437 3135 1630 3189 obtusi.
1656 3132 1722 3188 Et

146 3255 255 3295 vere
275 3239 472 3295 obtusi
497 3256 512 3290 :
539 3251 666 3292 nam
690 3251 722 3290 a
750 3243 993 3305 tempore
1011 3233 1153 3287 data:
1181 3231 1315 3302 legis
1337 3247 1498 3301 usque
1533 3231 1593 3287 in
1620 3229 1719 3282 lto-

136 3333 382 3387 diernurtt
407 3330 550 3384 diem
575 3343 781 3395 meum,
818 3327 872 3381 id
894 3325 1126 3380 uelamen
1165 3323 1344 3393 ipsum
1378 3321 1538 3392 quale
1567 3321 1720 3390 prius

132 3433 274 3490 erat,
299 3431 481 3477 manet
502 3421 559 3476 in
586 3420 820 3476 lectione
841 3417 1054 3479 Veteris
1082 3414 1417 3470 Testamenti
1441 3429 1547 3467 non
1576 3428 1719 3467 reve-

130 3517 338 3569 latum.
369 3512 499 3569 Cum
534 3513 680 3568 enim
709 3509 1018 3566 inﬁdelibus
1043 3514 1393 3577 exponuntur
1417 3506 1605 3577 ﬁgurat
1629 3519 1721 3560 ve-

132 3608 272 3666 teris
297 3606 454 3678 legis,
484 3604 774 3661 inﬁdelitas
799 3602 1004 3658 claudit
1028 3599 1196 3656 corda
1217 3614 1429 3663 eorum,
1452 3606 1508 3653 et
1531 3598 1611 3653 sic
1630 3613 1722 3653 ve-

135 3700 319 3757 lamen
350 3699 487 3771 legis
513 3713 622 3753 non
646 3685 732 3753 est
757 3696 864 3751 illis
890 3693 1211 3749 revelatum.
1240 3689 1357 3746 Non
1382 3690 1511 3761 quia
1541 3689 1720 3744 Evan-

138 3795 341 3864 geliutn
370 3801 619 3847 nostrum
652 3791 757 3845 hoc
793 3788 1161 3843 velamentum
1200 3799 1310 3839 non
1355 3781 1587 3849 auferat,
1627 3781 1721 3837 sed

142 3886 390 3955 quoniam
416 3897 529 3937 non
551 3881 818 3937 accedunt
838 3880 906 3934 ad
925 3877 1206 3933 Christum
1232 3896 1246 3931 :
1277 3877 1334 3929 in
1354 3890 1464 3945 quo
1487 3875 1721 3940 Christo,

149 3978 199 4031 id
220 3986 303 4033 est
339 3976 398 4030 in
428 3973 536 4029 ﬁde
575 3973 757 4043 cujus,
793 3979 1085 4026 evacuatur
1124 3968 1230 4024 hoc
1259 3968 1525 4023 velamen.
1560 3964 1723 4020 Vela-

156 4064 516 4137 meequidem
543 4072 627 4120 est
671 4060 851 4116 Veteri
878 4058 1244 4124 Testamento,
1272 4072 1383 4112 non
1427 4056 1550 4111 ideo
1591 4053 1724 4125 quin

160 4156 305 4213 Vetus
350 4156 770 4212 Testamentum
808 4167 905 4222 per
942 4149 1298 4221 Evangelium
1337 4156 1586 4217 apertum
1632 4146 1722 4213 sit,

144 4252 229 4304 sed
252 4251 387 4322 quia
414 4264 579 4320 usque
600 4248 657 4301 in
677 4246 986 4299 hodiernum
1006 4242 1167 4308 diem,
1191 4255 1310 4295 cum
1329 4239 1523 4310 legitur
1544 4246 1599 4295 et
1629 4254 1728 4293 ex-

146 4344 364 4411 ponitur
389 4342 474 4397 eis
500 4359 513 4394 :
551 4338 775 4409 Moyses,
796 4335 1031 4391 velamen
1051 4332 1381 4388 inﬁdelitatis
1402 4340 1480 4386 est
1495 4331 1726 4401 positum

144 4451 296 4505 super
353 4430 706 4502 impmnitens
733 4445 825 4482 cor
871 4442 1075 4493 eorum,
1112 4425 1260 4495 quod
1315 4424 1559 4479 velamen
1600 4438 1725 4477 eva-

1815 1959 1869 2006 et
1898 1952 2073 2023 magis
2096 1952 2310 2024 egregie
2358 1952 2584 2022 spiritus
2612 1952 2826 2007 Domini
2857 1956 2996 2010 valet
3032 1956 3137 2010 hoc
3166 1956 3398 2013 efﬁcere.

2424 2044 2658 2100 CAPUT
2694 2044 2762 2099 IV

1893 2155 1912 2187 ‹
1960 2135 2085 2192 Ideo
2144 2137 2405 2192 habentes
2454 2137 2597 2192 hanc
2645 2138 3195 2205 administrationem,
3242 2141 3400 2211 juxta

1824 2248 1843 2278 ι
1887 2228 2033 2299 quod
2081 2229 2515 2285 misericordiam
2543 2228 2689 2302 [Dei]
2729 2231 3008 2287 consecuti
3035 2244 3248 2299 sumus,
3291 2248 3401 2288 non

1824 2333 1843 2365 ι
1888 2314 2191 2381 deﬁcimus,
2217 2316 2313 2371 sed
2350 2316 2671 2372 abdicamus
2714 2319 2928 2373 occulta
2967 2318 3267 2386 dedecoris,
3290 2336 3398 2375 nou

1826 2428 1842 2459 ι
1886 2407 2228 2462 ambulantes
2257 2407 2312 2462 in
2334 2408 2555 2474 astutia,
2582 2425 2758 2480 neque
2780 2409 3149 2467 adulterantes
3174 2413 3399 2466 verbum

1825 2520 1843 2549 ι
1888 2498 1980 2555 Dei
2008 2519 2020 2554 :
2056 2500 2149 2556 sed
2174 2500 2229 2554 in
2259 2499 2699 2556 manifestatione
2717 2502 2982 2569 veritatis,
3010 2504 3401 2559 commendau-

1826 2610 1843 2641 ι
1887 2600 1968 2648 tes
1990 2592 2356 2662 nosmetipsos
2371 2591 2436 2647 ad
2457 2607 2676 2646 omnem
2699 2593 3089 2648 conscientiam
3114 2595 3401 2650 hominum

1826 2702 1843 2733 ί
1888 2697 2074 2737 coram
2097 2680 2228 2738 Deo.
2254 2681 2391 2749 Quia
2419 2683 2467 2737 si
2490 2682 2654 2737 etiam
2676 2691 2923 2753 opertum
2945 2692 3030 2738 est
3049 2682 3399 2754 Evangelium

1827 2795 1844 2825 ε
1890 2783 2138 2830 nostrum
2155 2818 2169 2841 ,
2203 2774 2258 2829 in
2282 2776 2372 2830 his
2395 2775 2488 2845 qui
2510 2785 2757 2844 pereunt,
2781 2785 2866 2830 est
2889 2785 3139 2845 opertum
3167 2794 3179 2829 :
3205 2776 3258 2829 in
3282 2777 3404 2846 qui-

1827 2886 1843 2916 ι
1893 2867 1993 2921 bus
2015 2864 2161 2922 Deus
2192 2866 2357 2936 hujus
2393 2867 2579 2921 seculi
2610 2867 2909 2921 exesaeavit
2947 2877 3159 2921 mentes
3202 2865 3398 2921 inlide-

1828 2977 1844 3007 ι
1892 2957 2047 3024 lium,
2079 2967 2272 3013 utnon
2309 2956 2512 3029 fulgeat
2551 2957 2880 3012 illuminatio
2918 2942 3193 3027 Evangelii
3217 2958 3403 3028 glorite

1828 3069 1846 3099 ι
1885 3041 2110 3115 Christi,
2138 3050 2233 3120 qui
2274 3058 2359 3105 est
2406 3050 2584 3120 imago
2603 3047 2939 3119 [invisibilis]
2962 3047 3076 3103 Dei.
3104 3047 3224 3103 Non
3254 3048 3401 3104 enim

1831 3162 1847 3192 ε
1892 3142 2259 3210 nosmetipsos
2312 3140 2696 3211 prmdicamus,
2738 3140 2831 3195 sed
2879 3138 3065 3195 Jesuni
3123 3140 3402 3195 Christum

1828 3254 1844 3281 ι
1889 3231 2181 3287 Dominum
2212 3240 2480 3286 nostrum.
2515 3229 2627 3285 Nos
2661 3239 2842 3285 autem
2866 3246 3053 3285 servos
3076 3240 3287 3288 vestros
3309 3249 3404 3303 per

1828 3345 1846 3375 ‹
1888 3323 2098 3390 Iesum,
2123 3323 2385 3394 quoniam
2419 3322 2563 3378 Deus
2610 3323 2706 3393 qui
2745 3322 2883 3378 dixit
2931 3323 3000 3379 de
3031 3322 3277 3380 tenebris
3315 3325 3404 3380 lu-

1829 3437 1847 3469 (
1893 3433 2016 3473 men
2047 3417 2445 3488 splendescere,
2471 3416 2587 3487 ipse
2615 3416 2793 3472 illuxit
2823 3417 2879 3470 in
2916 3417 3173 3474 cordibus
3201 3421 3406 3475 nostris

1829 3530 1847 3558 ο
1890 3509 1958 3563 ad
1983 3507 2442 3563 illuminationem
2480 3508 2720 3564 scientia:
2745 3508 3013 3565 claritatis
3050 3508 3146 3565 Dei
3180 3510 3234 3565 in
3267 3510 3406 3567 facie

1830 3619 1847 3649 ι
1892 3598 2023 3655 Jesu
2066 3598 2292 3654 Christi.
2345 3596 2622 3653 Habemus
2659 3608 2840 3653 autem
2881 3600 3200 3654 thesaurum
3241 3599 3405 3656 istum

1830 3712 1847 3743 ι
1895 3692 1948 3747 in
1979 3691 2126 3747 vasis
2157 3691 2412 3746 ﬁctilibus
2437 3708 2451 3757 ;
2494 3699 2555 3745 ut
2585 3690 2893 3746 sublimitas
2940 3691 3013 3746 sit
3043 3691 3263 3750 virtutis
3287 3692 3405 3760 Dei,

1830 3805 1849 3836 ι
1894 3792 1950 3838 et
1969 3799 2080 3839 non
2105 3799 2173 3838 ex
2203 3784 2380 3839 nobis.
2427 3782 2487 3836 In
2532 3783 2790 3838 omnibus
2827 3783 3234 3840 tribulationem
3262 3786 3405 3856 pati-

1831 3897 1847 3923 ι
1896 3892 2039 3944 mur,
2072 3876 2164 3932 sed
2193 3891 2303 3930 non
2344 3876 2741 3947 angustiamur.
2788 3874 3137 3946 Aporiamur,
3168 3878 3264 3933 sed
3295 3893 3405 3933 nou

1831 3991 1849 4021 ι
1894 3971 2259 4043 destituimur.
2296 3968 2740 4026 Persecutionem
2767 3972 3024 4041 patimur,
3056 3971 3151 4027 sed
3173 3986 3283 4027 non
3309 3973 3405 4027 de-

1833 4083 1850 4112 ε
1894 4062 2276 4132 relinquimur.
2306 4059 2691 4130 Humiliamur,
2715 4064 2810 4119 sed
2843 4078 2955 4118 non
2997 4062 3401 4120 confundimur.

1832 4170 1850 4202 ι
1897 4150 2210 4221 Dejicimur,
2242 4152 2336 4206 sed
2382 4168 2491 4207 non
2532 4152 2798 4222 perimus.
2846 4152 3071 4225 Semper
3113 4153 3408 4213 mortiﬁca-

1831 4264 1850 4295 ι
1895 4245 2097 4299 tionem
2124 4242 2253 4300 Jesu
2274 4244 2478 4300 Christi
2514 4245 2567 4299 in
2608 4261 2838 4316 corpore
2882 4255 3073 4302 nostro
3114 4245 3406 4307 circumfe-

1832 4354 1851 4386 ι
1896 4344 2116 4391 rentes:
2151 4344 2212 4389 ut
2245 4335 2405 4407 168
2431 4345 2485 4390 et
2510 4337 2621 4391 vita
2663 4335 2790 4393 Jesu
2850 4337 2905 4391 in
2954 4338 3275 4408 corporibus
3307 4354 3408 4393 no-

1833 4447 1851 4480 ‹
1896 4427 2427 4484 strismanifestetur.
2470 4428 2696 4500 Semper
2724 4430 2868 4484 enim
2894 4445 2994 4485 nos
3018 4430 3112 4500 qui
3146 4430 3404 4497 vivimus,

138 4536 368 4585 enatum
394 4525 566 4581 estin
590 4522 832 4587 Christo,
862 4520 931 4575 ad
955 4534 1120 4589 quem
1161 4517 1404 4573 converti
1425 4516 1637 4570 nolunt.
1662 4513 1727 4568 Et
1758 4532 1801 4588 ι)
1832 4539 1850 4570 ι
1899 4519 1953 4573 in
1994 4527 2224 4573 mortem
2266 4520 2533 4573 tradimur
2574 4530 2795 4590 propter
2834 4520 3021 4576 Jesum
3049 4540 3061 4574 :
3111 4528 3172 4575 ut
3211 4530 3264 4575 et
3296 4521 3404 4576 vita

145 4619 297 4689 quod
328 4619 404 4673 ita
433 4615 726 4673 dicendum
768 4614 860 4681 sit,
891 4626 1130 4681 sequens
1169 4610 1345 4664 littera
1377 4608 1591 4663 innuit:
1618 4606 1724 4661 Ve-

148 4709 336 4769 lamen
363 4724 520 4779 super
539 4721 636 4762 cor
657 4720 868 4771 eorum,
885 4704 1013 4775 quia
1050 4714 1161 4756 non
1192 4700 1458 4756 accedunt
1477 4700 1544 4754 ad
1566 4699 1727 4753 Chri-

139 4810 297 4859 stum
326 4820 341 4855 :
370 4801 461 4855 sed
480 4815 604 4855 cum
633 4798 864 4853 conversi
907 4795 1106 4866 fuerint
1129 4793 1197 4846 ad
1218 4791 1522 4856 Dominum,
1547 4790 1727 4844 ablato

136 4894 299 4963 prius
320 4893 591 4948 velamine
614 4889 795 4946 cordis
814 4904 878 4945 ex
903 4902 1015 4958 quo
1034 4884 1281 4941 animum
1307 4881 1603 4952 ptenitendi
1629 4881 1727 4934 ha—

136 4986 421 5051 buerunt;
467 4984 739 5054 auferetur
761 4980 955 5037 deinde
996 4977 1231 5033 velamen
1266 4973 1648 5043 intelligentiae,
1671 4981 1729 5028 et

134 5088 329 5150 aperte
353 5082 693 5147 cognoscent
729 5072 986 5144 mysteria
1029 5070 1183 5140 legis.
1237 5066 1397 5132 Vere,
1422 5065 1551 5136 quia
1596 5080 1728 5120 con—

136 5178 427 5228 vertentur
466 5169 537 5224 ad
579 5166 893 5231 Dominum,
946 5163 1224 5220 auferetur
1270 5160 1534 5215 velamen.
1583 5157 1729 5212 Nam

133 5263 408 5319 Dominus
433 5269 512 5314 est
543 5260 762 5329 spiritus
787 5272 805 5310 :
828 5256 919 5311 ubi
941 5264 1120 5309 autem
1143 5253 1363 5323 spiritus
1384 5259 1470 5306 est
1488 5249 1727 5315 Domini,

131 5357 185 5411 id
224 5363 345 5418 est,
397 5353 623 5422 spiritus
665 5349 931 5405 Dominus
952 5346 1297 5404 intransitive
1334 5344 1582 5409 dictum;
1620 5342 1724 5408 vel,

129 5448 380 5517 spiritus
405 5443 621 5498 Domini
646 5441 949 5508 transitive,
988 5439 1134 5495 Deus
1161 5437 1309 5493 enim
1334 5436 1577 5506 seipsum
1600 5434 1725 5490 dat:

132 5540 229 5595 uni
267 5545 464 5593 autem
490 5545 575 5592 est
611 5535 839 5605 spiritus
866 5532 1104 5598 Domini,
1129 5530 1203 5584 ibi
1230 5538 1442 5586 remoto
1460 5528 1731 5584 velamine

127 5640 219 5687 est
251 5629 485 5684 libertas
512 5626 897 5698 intelligentiae.
932 5625 1090 5692 Quod
1119 5624 1164 5679 si
1209 5623 1472 5678 Dominus
1493 5629 1579 5677 est
1618 5621 1729 5690 spi-

129 5723 307 5787 ritus,
334 5719 559 5788 spiritus
585 5727 769 5774 autem
796 5716 977 5774 aufert
998 5716 1265 5781 velamen,
1293 5715 1421 5786 quia
1451 5721 1537 5769 est
1560 5714 1727 5768 liber-

128 5824 242 5880 tas,
270 5812 444 5883 igitur
463 5811 740 5869 conversis
760 5811 829 5866 ad
849 5809 1142 5865 Dominum
1159 5807 1438 5864 auferetur
1457 5806 1723 5863 velamen.

468 5906 740 5966 Parum“
775 5904 982 5966 CLIII.

1838 4630 1856 4660 ι
1901 4608 2029 4663 Jesu
2059 4608 2435 4665 manifestetur
2468 4611 2523 4664 in
2557 4627 2722 4666 carne
2766 4619 2953 4667 nostra
2992 4612 3229 4666 mortali.
3265 4611 3407 4682 Ergo

1838 4720 1857 4752 ι
1899 4715 2049 4755 mors
2076 4701 2129 4754 in
2160 4702 2319 4757 nobis
2348 4710 2621 4772 operatur,
2645 4704 2755 4757 vita
2786 4714 2966 4758 autem
3001 4703 3058 4757 in
3095 4702 3270 4758 vobis.
3300 4701 3408 4757 Ha-

1838 4812 1856 4843 ‹
1900 4793 2091 4848 bentes
2116 4802 2295 4847 autem
2327 4794 2578 4848 eumdem
2607 4795 2859 4864 spiritum
2892 4795 3037 4859 ﬁdei,
3078 4795 3221 4850 sicut
3273 4795 3410 4851 scri-

1838 4905 1856 4935 ‹
1902 4895 2056 4955 ptum
2098 4895 2222 4941 est:
2277 4907 2295 4937 ε
2340 4885 2558 4942 Credidi
2612 4896 2830 4957 propter
2861 4887 3248 4957 qu'odlocutus
3286 4903 3406 4943 sum

1837 4996 1857 5028 ι
1901 4977 2075 5048 (Psal.
2100 4995 2224 5044 cxv,
2248 4978 2323 5047 l),
2356 4998 2374 5028 ι
2394 4987 2449 5034 et
2488 4994 2588 5034 nos
2616 4979 3146 5050 credimus,propter
3181 4980 3326 5050 quod
3356 4988 3412 5035 et

1835 5090 1854 5121 ‹
1894 5071 2196 5141 loquimur:
2223 5072 2479 5139 scientes,
2503 5072 2759 5143 quoniam
2780 5073 2875 5143 qui
2894 5072 3177 5129 suscitavit
3197 5071 3406 5137 Jesum,

1834 5181 1853 5213 ‹
1894 5171 1950 5217 et
1976 5178 2078 5218 nos
2098 5179 2222 5219 cum
2236 5163 2364 5225 Iesu
2396 5164 2698 5233 suscitabit,
2716 5172 2769 5220 et
2788 5165 3081 5220 constituet
3101 5165 3405 5222 vobiscum.

1835 5273 1853 5305 ι
1898 5252 2094 5309 Omnia
2120 5255 2268 5311 enim
2304 5264 2525 5326 propter
2547 5271 2675 5325 vos;
2701 5265 2761 5312 ut
2781 5257 2953 5330 gratia
2984 5257 3288 5323 abundans,
3315 5270 3413 5327 per

1838 5364 1857 5396 ι
1901 5347 2103 5401 multos
2127 5346 2180 5399 in
2203 5348 2501 5418 gratiarum
2538 5349 2771 5415 actione,
2798 5348 3038 5405 abundet
3078 5349 3132 5404 in
3179 5348 3410 5422 gloriam

1836 5455 1855 5486 «
1898 5435 2011 5491 Dei.
2038 5434 2265 5506 Propter
2285 5438 2431 5507 quod
2462 5453 2571 5494 non
2599 5438 2881 5495 deﬁcimus
2908 5456 2923 5494 :
2964 5440 3059 5495 sed
3088 5439 3215 5496 licet
3235 5439 3282 5494 is
3311 5437 3408 5508 qui

1836 5548 1855 5580 ε
1900 5529 2034 5585 foris
2053 5538 2136 5585 est
2165 5539 2353 5587 noster
2394 5531 2561 5587 homo
2581 5541 2984 5602 corrumpatur,
3010 5541 3211 5593 tamen.
3239 5531 3287 5585 is
3313 5529 3409 5601 qui

1836 5640 1855 5672 ‹
1902 5622 2049 5677 intus
2069 5631 2171 5689 est,
2199 5633 2493 5679 renovatur
2517 5625 2584 5680 de
2613 5623 2700 5679 die
2726 5625 2781 5678 in
2807 5624 2970 5679 diem.
3008 5622 3063 5679 Id
3086 5623 3231 5677 enim
3261 5623 3409 5691 quod

1837 5734 1855 5765 ε
1900 5714 1955 5768 in
1979 5716 2231 5785 praesenti
2257 5725 2341 5771 est
2364 5725 2804 5772 momentaneum
2829 5725 2886 5769 et
2907 5716 3020 5769 leve
3044 5712 3410 5769 tribulationis

1836 5825 1855 5858 ‹
1899 5815 2119 5874 nostrae,
2175 5824 2338 5878 supra
2382 5809 2600 5863 modum
2655 5808 2709 5861 in
2761 5806 3092 5861 sublimitate
3143 5814 3407 5862 aeternum

3050 5903 3089 5963 8
3130 5986 3137 5994 .
