3928 6418
519 319 624 374 25ἷί

1063 313 1100 368 S
1161 311 1506 368 BRUNONlS
1545 304 2184 364 CARTHUSIANORUM
2225 301 2701 360 lNSTlTUTORlS
2741 300 2888 358 OPP.
2930 300 3108 358 PARS
3147 301 3210 356 ll.

3691 299 3806 354 236

515 453 532 476 σ
579 429 768 503 gloria:
805 429 1017 500 pondus
1063 437 1318 498 operatur
1357 428 1412 480 in
1446 425 1602 480 nobis
1652 441 1664 474 :
1693 438 1801 476 non
1847 429 2088 476 contem-
2117 423 2162 478 Α
2187 417 2300 470 lum
2321 415 2580 482 Jesu,sed
2595 414 2758 470 etiam
2784 413 3486 482 vestros,perlesum,idest
3511 421 3583 466 ut
3605 411 3806 466 cinno

514 545 531 576 ‹
579 524 853 600 ριτιῐιῑῌιυς
875 522 1034 576 nobis
1055 537 1176 591 quae
1197 519 1463 582 videntur,
1490 516 1584 572 sed
1609 530 1730 585 qua:
1752 529 1864 568 non
1898 513 2086 566 viden-

514 637 530 666 ε
581 628 687 671 tur.
733 615 864 682 Quae
903 615 1047 669 enim
1083 613 1355 676 videntur,
1402 607 1720 679 temporalia
1764 614 1920 673 sunt,
1965 619 2088 675 quae

515 729 531 760 ‹
579 717 762 764 autem
785 722 894 762 non
917 707 1185 770 videntur,
1219 713 1415 758 aeterna
1439 712 1584 758 sunt.
1627 720 1644 751 ι

1045 861 1048 864 ,
1153 809 1448 848 exrosrno.

581 891 647 946 Et
673 892 789 944 ideo
823 889 952 959 quia
985 887 1330 957 speculamur
1369 884 1598 955 gloriam
1633 882 1869 946 Domini,
1905 880 2084 936 eundo

506 996 538 1034 a
569 979 812 1034 claritate
833 976 888 1030 in
909 976 1226 1031 claritatem.
1251 972 1360 1028 Nos
1377 982 1658 1042 propterea
1679 971 1921 1024 habentes
1944 970 2085 1024 hanc

505 1069 942 1124 ministrationem
983 1066 1278 1136 Evangelii,
1323 1079 1430 1119 non
1458 1071 1672 1133 propler
1703 1061 1953 1115 meritum
1981 1076 2084 1115 n0-

506 1172 678 1218 strum
709 1159 867 1214 nobis
891 1159 1171 1224 traditam,
1222 1157 1316 1213 sed
1336 1156 1499 1224 juxta
1528 1153 1666 1224 quod
1697 1153 1961 1206 consecuti
1994 1169 2085 1204 su-

505 1271 620 1307 mus
662 1249 1081 1305 misericordiam
1105 1266 1137 1302 a
1163 1247 1292 1313 Deo,
1330 1261 1432 1298 non
1467 1243 1740 1314 deﬁcimus
1779 1243 1836 1296 in
1865 1241 1969 1296 hac
1990 1241 2084 1294 ad-

503 1343 925 1406 ministratione,
944 1353 1284 1412 qutecunque
1299 1337 1524 1390 adversa
1549 1350 1606 1390 se
1628 1334 1784 1389 nobis
1807 1333 2080 1404 inger-ant:

500 1434 590 1487 sed
617 1434 927 1488 abdicamus
953 1447 1066 1486 non
1090 1431 1266 1485 solum
1300 1434 1507 1496 aperta,
1543 1425 1636 1480 sed
1671 1425 1834 1478 etiam
1874 1425 2082 1478 occulta

500 1527 791 1592 dedecoris,
822 1526 875 1580 id
911 1533 996 1579 est
1019 1521 1226 1592 peccati
1256 1519 1532 1574 hominem
1553 1517 1948 1571 dedecorantis.
1974 1515 2084 1570 Nos

502 1623 626 1677 dico
673 1638 776 1676 non
806 1619 1137 1674 ambulantes
1179 1618 1236 1670 in
1270 1616 1472 1669 astutia
1511 1612 1895 1682 extorquendae
1927 1627 2086 1681 pecu-

503 1714 626 1778 nia),
665 1720 724 1766 ut
772 1709 979 1781 pseudo
1005 1726 1034 1763 a
1057 1708 1321 1763 subditis:
1377 1722 1536 1775 neque
1574 1703 1934 1758 adulterantes
1970 1719 2084 1757 ver-

505 1777 626 1857 bum
667 1777 790 1866 Dei,
820 1812 880 1856 ut
899 1798 1134 1872 pseudo;
1162 1801 1272 1865 sed,
1295 1798 1639 1870 praedicando
1677 1799 1732 1850 in
1769 1796 2082 1866 manifesta-
2109 1777 2155 1835 Β

505 1897 644 1950 tione
668 1911 817 1968 purae
841 1895 1110 1948 veritatis:
1139 1908 1244 1948 non
1276 1892 1420 1946 enim
1445 1899 1505 1944 ut
1533 1891 1608 1945 illi
1631 1905 1889 1946 curamus
1916 1904 2081 1958 appo-

502 1990 605 2044 site
641 1988 792 2058 loqui
820 1987 887 2042 ad
919 1985 1378 2056 persuadendum,
1405 1983 1498 2038 sed
1530 1981 1949 2036 commendantes
1977 1995 2079 2049 pu—

499 2081 656 2134 ritate
693 2077 961 2134 sermonis
982 2085 1036 2131 et
1061 2076 1185 2130 vitae
1213 2075 1574 2144 nosmetipsos,
1605 2088 1717 2128 non
1745 2072 1814 2128 ad
1837 2072 2078 2139 oculum,

499 2182 562 2227 ut
590 2172 698 2238 illi,
732 2173 826 2228 sed
858 2172 926 2226 ad
963 2187 1168 2224 omnem
1195 2169 1572 2222 conscientiam
1613 2165 1901 2220 hominum.
1931 2165 2082 2222 Licet

499 2265 645 2319 enim
685 2266 850 2319 verbo
892 2279 994 2319 nos
1043 2264 1423 2332 insequantur,
1453 2269 1636 2314 tamen
1669 2258 1813 2328 apud
1872 2273 1932 2312 se
1958 2258 2079 2312 lau-

501 2355 954 2424 dant-puritatem
985 2363 1248 2409 nostram.
1278 2351 1734 2406 Commendantes
1753 2350 1876 2404 dico
1903 2366 2082 2403 coram

504 2448 632 2513 Deo,
671 2447 724 2502 id
753 2457 837 2502 est
869 2447 924 2500 in
951 2444 1288 2515 beneplacito
1317 2443 1448 2499 Dei:
1504 2443 1592 2498 cui
1627 2441 1840 2512 placere
1873 2441 2081 2511 pseudo

501 2554 716 2610 parum,
748 2546 843 2593 aut
873 2537 1010 2592 nihil
1030 2545 1239 2592 curent.
1277 2532 1372 2589 Vel
1395 2535 1469 2589 ita
1505 2554 1517 2588 :
1544 2533 1684 2601 Quia
1708 2535 1780 2588 ita
1803 2534 1874 2588 sit
1893 2534 1960 2589 de
1983 2549 2082 2588 no-

501 2632 608 2698 bis,
633 2631 738 2686 hoc
771 2629 895 2684 dico
921 2643 1104 2684 coram
1133 2626 1266 2696 Deo,
1285 2634 1346 2680 ut
1374 2626 1488 2696 ipse
1517 2625 1675 2680 nobis
1701 2625 1858 2680 testis
1875 2626 1966 2692 sit,
1989 2624 2081 2695 qui

501 2723 654 2778 solus
683 2721 895 2777 occulta
913 2728 1096 2775 nostra
1127 2718 1295 2773 novit.

572 2809 711 2877 Quia
738 2810 875 2865 dixit
911 2808 984 2863 ibi
1022 2809 1078 2862 in
1117 2805 1555 2862 manifestatione
1581 2805 1847 2871 veritatis,
1878 2806 2082 2876 objice—

499 2911 580 2956 ret
606 2902 692 2955 ille
706 2899 1036 2971 quibusdam
1048 2898 1380 2954 occultatum
1395 2912 1517 2953 esse
1541 2895 1914 2968 Evangelium.
1933 2895 2078 2952 Con-

499 3001 582 3049 tra
607 2993 752 3064 quod
781 2993 890 3046 ait:
921 2989 1120 3062 Utique
1145 3005 1247 3046 nos
1282 2989 1800 3062 evangelizamusqin
1849 2988 2080 3043 manife-

499 3083 923 3156 stationezquod
950 3084 1137 3150 etiam,
1181 3083 1229 3136 si
1252 3091 1490 3152 opertum
1511 3090 1588 3136 est
1621 3079 1968 3151 Evangelium
1993 3097 2082 3134 no-
2107 3114 2155 3176 Ω

499 3189 690 3244 stram,
713 3177 905 3232 scitote
923 3174 1071 3246 quod
1095 3183 1333 3244 opertum
1357 3181 1434 3228 est
1459 3173 1516 3226 in
1545 3173 1648 3239 his,
1675 3172 1730 3226 id
1753 3180 1838 3228 est
1862 3172 1918 3226 in
1955 3187 2083 3242 pee-

486 3279 622 3327 -cato
645 3283 856 3334 eorum,
886 3268 976 3337 qui
1004 3281 1098 3337 per
1129 3266 1500 3322 inﬁdelitatem
1525 3273 1782 3336 pereunt:
1811 3265 1868 3318 in
1893 3264 2082 3336 quibus

491 3357 875 3429 pereuntibus,
917 3355 1198 3409 exctecavit
1241 3365 1438 3408 mentes
1487 3369 1711 3409 eorum:
1735 3353 1864 3424 quia
1905 3353 2086 3409 adhuc

485 3446 796 3517 «inﬁdelium
819 3445 960 3498 Deus
999 3442 1156 3514 hujus
1179 3445 1384 3512 steculi,
1401 3444 1456 3498 id
1478 3453 1562 3500 est
1583 3445 1853 3512 diabolus,
1879 3445 1975 3515 qui
1997 3443 2084 3500 his

485 3539 596 3609 .qui
622 3539 688 3592 de
715 3536 921 3590 mundo
950 3544 1079 3590 sunt
1105 3535 1450 3602 dominatur;
1475 3535 1634 3605 juxta
1669 3535 1804 3590 illud
1830 3554 1843 3590 :
1879 3555 1897 3588 ι
1925 3533 2084 3590 Prin-

491 3647 628 3701 .ccps
650 3628 836 3684 mundi
864 3627 1028 3698 hujus
1057 3627 1306 3698 ejicietur
1337 3626 1518 3699 (Joan.
1556 3643 1653 3696 xu,
1677 3626 1788 3698 5i).
1827 3645 1846 3680 ι
1877 3625 1976 3682 Vel
1999 3628 2084 3683 di-

481 3737 722 3776 .ramus:
761 3719 902 3774 Deus
943 3718 1099 3788 hujus
1133 3716 1336 3786 seaculi,
1381 3717 1438 3772 id
1473 3726 1558 3772 est
1597 3717 1692 3788 qui
1725 3732 1837 3772 non
1871 3725 2080 3774 tantum

483 3813 762 3878 .etelestia,
781 3811 874 3869 sed
895 3811 1058 3867 etiam
1081 3819 1294 3866 terrena
1319 3809 1603 3882 gubernat.
1627 3809 1913 3864 Fuitenim
1927 3824 2082 3866 error

483 3906 884 3976 quorumdam,
915 3905 1086 3959 Deum
1117 3903 1358 3960 coelestia
1386 3903 1690 3975 gubernare
1710 3909 1944 3969 tantum,
1971 3911 2081 3958 ter-

499 4014 626 4050 rena
659 3998 774 4052 solo
795 4013 928 4053 casu
957 3995 1189 4051 fortuna:
1212 3996 1444 4050 volvere.
1473 3993 1571 4050 Vel
1599 3996 1708 4050 ita:
1737 3994 1878 4049 Deus
1921 3995 2078 4065 hujus

501 4089 702 4143 surculi.
735 4089 994 4145 Homines
1021 4088 1165 4144 enim
1194 4087 1262 4142 de
1301 4087 1508 4142 mundo
1533 4087 1778 4143 diversos
1819 4087 1923 4142 sibi
1947 4087 2080 4144 deos

501 4183 727 4237 faciunt.
770 4181 869 4236 Hic
909 4181 1191 4236 avaritiam
1230 4180 1378 4249 colit,
1415 4181 1506 4235 ille
1537 4181 1889 4252 voluptatem,
1920 4190 1975 4237 et
2010 4183 2080 4238 ab

502 4273 816 4343 hujusmodi
845 4274 948 4329 deo
970 4280 1331 4329 exctecantur.
1363 4271 1669 4328 Excaecavit
1697 4275 1774 4328 ita
1800 4283 1858 4327 ut
1883 4274 2081 4329 illumi-

501 4367 648 4420 natio
677 4365 973 4438 Evangelii,
998 4365 1050 4420 id
1071 4373 1156 4420 est
1188 4365 1554 4420 illuminatum
1593 4364 1946 4438 Evangelium
1975 4383 2079 4422 non

2190 517 2350 561 tatem
2365 505 2496 560 Jesu
2512 506 2568 559 in
2582 504 2736 559 vobis
2747 505 3095 559 aediﬁcamus.
3115 503 3180 558 Et
3201 505 3394 558 merito
3424 519 3530 572 per
3551 500 3768 556 Jesum
3791 521 3806 556 :

2184 600 2434 668 quoniam
2445 597 2586 651 Deus
2599 597 2780 650 illuxit
2791 598 2846 649 in
2858 597 3102 650 cordibus
3115 597 3327 662 nostris,
3343 595 3620 666 aperiens
3631 595 3808 649 nobis

2187 690 2444 761 mysteria
2483 705 2614 743 sua:
2639 696 2700 742 ut
2725 689 2872 742 docti
2898 688 3072 742 simus
3091 687 3462 756 evangelizare
3487 685 3704 740 vobis.
3735 683 3806 738 ll-

2186 783 2328 836 luxit
2354 781 2498 835 Deus
2525 781 2614 850 qui
2631 781 2789 846 dixit,
2813 780 2864 834 id
2895 779 3088 849 estqui
3113 780 3230 834 solo
3252 778 3398 833 dicto
3424 778 3594 843 fecit,
3623 777 3804 846 splen-

2183 874 2390 926 descere
2407 871 2567 942 169
2585 871 2754 924 lucem
2783 871 2846 924 de
2870 871 3113 944 tenebris.
3155 869 3290 926 Cum
3311 871 3460 924 enim
3481 869 3552 922 in
3579 869 3806 939 princi-

2185 971 2275 1039 pio
2316 979 2499 1026 massa
2536 969 2702 1023 totius
2746 977 3012 1023 creaturae
3071 968 3357 1024 tenebrosa
3411 975 3604 1030 esset,
3647 965 3804 1018 nulla

2183 1060 2486 1116 formarum
2512 1061 2772 1116 varietate
2793 1061 3071 1126 distincta,
3091 1061 3229 1115 dixit
3255 1079 3268 1112 :
3293 1079 3310 1110 ι
3339 1059 3464 1114 Fiat
3483 1060 3603 1112 lux
3633 1057 3800 1124 (Gen.

2185 1171 2225 1220 ι,
2257 1155 2312 1226 3)
2345 1175 2390 1220 ι,
2413 1163 2468 1209 et
2497 1155 2553 1208 in
2583 1155 2690 1209 hoc
2725 1153 2870 1208 dicto
2902 1154 3156 1208 tenebras
3182 1153 3410 1222 expulit,
3444 1161 3504 1207 et.
3542 1151 3696 1206 fecit
3721 1151 3805 1204 lu-

2186 1264 2310 1304 cete
2339 1249 2486 1304 illam
2525 1264 2788 1312 massam,
2815 1263 2936 1317 quae
2971 1247 3027 1300 in
3054 1263 3222 1300 unum
3247 1245 3476 1301 confusa
3497 1254 3673 1311 erat,
3697 1245 3804 1298 dis-

2186 1342 2460 1396 cernendo
2487 1356 2583 1410 per
2607 1341 2784 1396 varias
2831 1339 3056 1394 formas.
3098 1337 3217 1405 Hic,
3245 1339 3492 1408 inquam,
3535 1337 3708 1392 Deus
3735 1337 3800 1392 il-

2187 1432 2391 1486 luxitin
2413 1431 2672 1486 cordibus
2701 1431 3011 1496 nostris,ad
3033 1429 3482 1484 illuminationem
3507 1429 3788 1496 scientia,

2187 1524 2238 1578 id
2263 1533 2346 1579 est
2372 1531 2434 1578 ut
2459 1537 2560 1578 nos
2589 1523 2923 1577 illuminaret
2961 1522 3028 1577 de
3068 1521 3296 1576 scientia
3331 1521 3642 1575 claritatis
3683 1521 3772 1586 Dei,

2187 1614 2243 1668 id
2267 1623 2352 1670 est
2373 1615 2574 1670 divinae
2603 1615 2855 1670 essentite
2881 1633 2893 1668 :
2920 1613 2988 1669 de
3030 1629 3139 1684 qua
3179 1629 3281 1669 nos
3307 1614 3662 1670 illuminare
3693 1631 3782 1669 nua

2186 1707 2380 1778 potuit,
2417 1707 2522 1762 nisi
2557 1708 2614 1760 in
2658 1707 2816 1777 facie,
2863 1707 2920 1761 id
2962 1715 3068 1772 est,
3113 1706 3167 1760 in
3209 1707 3534 1778 cognitione
3595 1717 3664 1762 et
3701 1708 3790 1762 ﬁde

2185 1799 2385 1856 Christi
2414 1798 2563 1854 Iesu.
2594 1798 2710 1854 Nisi
2739 1799 2887 1855 enim
2924 1799 3178 1855 Christus
3217 1815 3278 1855 se
3305 1799 3467 1854 nobis
3497 1799 3790 1854 visibilem

2183 1892 2512 1959 ostenderet,
2543 1891 2598 1946 in
2641 1907 2751 1962 quo
2799 1900 2910 1947 tota
2951 1891 3155 1960 Deitas,
3197 1907 3570 1962 nequaquam
3619 1893 3794 1946 scien-

2182 1985 2315 2039 tiam
2355 1984 2621 2040 claritatis
2663 1982 2760 2040 Dei
2807 1983 3107 2055 intelligere
3150 1983 3560 2040 sulliceremus.
3633 1983 3796 2039 Com--

2181 2077 2460 2133 mendavit
2485 2093 2545 2133 se
2573 2078 2708 2133 satis
2731 2077 3032 2134 secundum
3055 2077 3329 2148 spiritum,
3361 2093 3514 2132 nunc
3555 2093 3636 2133 se
3657 2080 3794 2134 mul-

2182 2178 2296 2224 tum
2326 2170 2551 2226 viliﬁcat
2576 2169 2876 2226 secundum
2906 2185 3126 2240 corpus,
3151 2178 3205 2225 et
3235 2157 3336 2240 per
3365 2170 3510 2226 banc
3543 2171 3792 2226 viliﬁca-

2181 2261 2382 2317 tionem
2415 2263 2806 2318 commendans
2831 2262 3183 2335 Evangelium
3214 2263 3318 2317 sibi
3337 2263 3662 2319 traditum.
3691 2263 3788 2320 Nisi

2181 2353 2326 2407 enim
2369 2353 2596 2422 gloriam
2623 2351 2900 2422 Evangelii
2941 2353 3026 2407 sui
3074 2351 3378 2406 mirabilem
3419 2353 3778 2425 intelligent,

2182 2457 2526 2514 nequaquam
2551 2457 2651 2512 pro
2681 2457 2746 2497 eo
2769 2450 2846 2498 tot
2867 2451 2921 2498 et
2953 2451 3102 2497 tanta
3126 2441 3237 2512 pati
3275 2442 3451 2497 vellet.
3495 2442 3786 2499 “lumina-

2180 2535 2258 2589 vit
2287 2550 2386 2590 nos
2417 2533 2561 2589 Deus
2583 2535 2650 2590 de
2678 2534 2904 2590 scientia
2931 2535 3130 2590 divinae
3163 2534 3446 2601 claritatis,
3485 2552 3641 2606 qua:
3681 2539 3788 2592 licet

2182 2626 2316 2680 adeo
2342 2625 2506 2697 digna
2529 2625 2619 2692 sit,
2657 2634 2836 2680 tamen
2859 2628 3020 2680 istum
3047 2627 3350 2680 thesaurum
3379 2627 3688 2684 claritatis
3709 2629 3790 2682 Dei

2181 2719 2430 2772 habemus
2459 2733 2560 2774 nos
2585 2719 2642 2771 in
2681 2719 2821 2772 vasis
2864 2717 3140 2788 ﬁctilibus,
3167 2718 3219 2772 id
3241 2726 3326 2772 est
3349 2717 3403 2771 in
3439 2721 3792 2788 corporibus

2183 2808 2405 2863 nostris.
2454 2808 2796 2863 Thesaurum
2849 2809 2988 2863 bene
3029 2817 3207 2863 vocat.
3253 2805 3592 2864 Thesaurus
3651 2811 3790 2866 enim

2182 2911 2286 2966 est,
2317 2902 2463 2971 quod
2493 2901 2736 2972 diligitur
2761 2911 2815 2956 et
2843 2911 3116 2974 erOgatur.
3157 2899 3298 2956 Vasa
3339 2900 3584 2970 spiritus
3635 2913 3790 2956 vocat

2183 3009 2446 3063 corpora:
2477 2993 2606 3063 quia
2632 2994 2856 3063 spiritus
2879 2993 3017 3047 nihil
3043 3001 3380 3063 operaretur,
3410 2992 3522 3048 nisi
3557 3009 3686 3063 per
3705 2995 3792 3048 ad-

2185 3085 2638 3140 ministrationem
2677 3085 3065 3140 membrorum.
3123 3083 3285 3138 Manu
3332 3084 3480 3138 enim
3529 3085 3788 3156 porrigi-

2188 3191 2311 3232 mus
2347 3175 2593 3246 pauperi,
2635 3184 2691 3230 et
2735 3175 2815 3230 sic
2860 3175 2916 3230 in
2963 3175 3192 3231 caeteris.
3249 3175 3458 3231 Fictilia
3505 3175 3792 3232 dicuntur

2185 3276 2406 3338 propter
2432 3265 2798 3339 fragilitatem,
2842 3268 2988 3337 quod
3029 3269 3177 3322 omni
3208 3267 3544 3337 corruptioni
3591 3271 3792 3340 subja—

2185 3369 2346 3416 ceant
2365 3375 2592 3430 corpora
2622 3369 2831 3414 nostra.
2857 3359 2982 3416 Ideo
3012 3360 3336 3416 thesaurum
3381 3360 3548 3416 istum
3607 3362 3788 3418 hahe-

2185 3469 2309 3508 mus
2341 3455 2397 3508 in
2417 3453 2566 3509 vasis
2595 3453 2870 3520 ﬁctilibus,
2898 3461 2958 3506 ut
2985 3453 3057 3506 sit
3081 3452 3380 3507 sublimitas
3407 3454 3640 3509 virtutis
3665 3456 3782 3520 Dei,

2183 3543 2238 3598 id
2271 3551 2356 3598 est
2385 3551 2448 3598 ut
2483 3543 2538 3597 in
2583 3544 2840 3599 omnibus
2875 3543 2970 3613 qui
3009 3543 3148 3598 bene
3199 3551 3496 3614 operantur
3545 3547 3778 3602 virtutis

2183 3634 2280 3690 Dei
2301 3635 2418 3690 sola
2439 3635 2784 3703 sublimetur,
2823 3644 2878 3691 et
2909 3635 3234 3691 extollatur:
3267 3645 3320 3691 et
3347 3647 3608 3706 appareat
3633 3640 3780 3693 nihil

2182 3741 2304 3782 esse
2345 3741 2413 3782 ex
2459 3727 2620 3783 nobis
2653 3727 2910 3783 fictilibus
2954 3745 2966 3781 :
3019 3727 3140 3782 ideo
3191 3736 3506 3798 competens
3547 3727 3662 3782 fuit
3705 3739 3772 3782 ut

2181 3819 2475 3875 thesaurus
2511 3819 2607 3874 Dei
2653 3820 2710 3874 in
2743 3819 2924 3892 fragili
2963 3835 3094 3876 vase
3135 3821 3537 3886 reconderetur,
3579 3835 3664 3876 ne
3717 3823 3770 3877 si

2179 3912 2346 3965 virtus
2385 3911 2623 3966 hominis
2663 3911 2849 3982 aliqua
2888 3921 3052 3979 esset,
3085 3912 3301 3968 incaute
3331 3913 3433 3968 sibi
3473 3925 3780 3984 usurparet

2179 4003 2325 4074 quod
2350 4004 2633 4074 proprium
2655 4003 2756 4058 Dei
2787 4013 2889 4060 est.
2921 4002 3060 4059 Vere
3097 4012 3151 4060 et
3175 4019 3277 4060 nos
3311 4005 3500 4060 ﬁctiles
3543 4023 3777 4076 sumus,

2178 4106 2232 4152 et
2257 4097 2432 4153 virtus
2449 4097 2544 4154 Dei
2563 4106 2650 4154 est
2677 4099 2732 4152 in
2755 4097 2914 4153 nobis
2937 4096 3240 4169 fragilibus.
3273 4096 3408 4152 Nam
3431 4099 3488 4152 in
3517 4103 3778 4155 erunibus

2179 4198 2233 4244 et
2271 4190 2406 4246 locis
2443 4197 2499 4244 et
2545 4191 2708 4245 rebus
2749 4191 2986 4260 patimur
3029 4189 3422 4245 tribulationem
3461 4193 3776 4262 corporis:

2179 4282 2268 4336 sed
2300 4291 2484 4338 tamen
2515 4298 2618 4336 non
2645 4283 3017 4353 angustiamur
3046 4282 3265 4352 spiritu,
3294 4284 3407 4337 imo
3439 4283 3776 4340 dilatamur.

2179 4375 2521 4444 Aporiamur,
2553 4374 2606 4429 id
2641 4383 2724 4430 est
2748 4389 3112 4444 pauperamur
3132 4376 3393 4440 exterius,
3421 4375 3512 4429 sed
3545 4393 3660 4431 non
3683 4381 3778 4432 de-

503 4465 721 4535 fulgeat,
750 4463 844 4520 sed
879 4469 1131 4534 opertum
1159 4461 1232 4517 sit
1253 4461 1386 4516 illis.
1427 4460 1704 4532 Evangelii
1735 4461 1858 4518 dico
1893 4461 2079 4533 gloriae
2109 4483 2154 4540 ι)
2179 4467 2452 4521 stituimur
2478 4483 2509 4520 a
2535 4466 2648 4522 Deo
2677 4467 2924 4522 interius.
2954 4467 3166 4536 Aporos
3189 4465 3392 4530 Graece,
3417 4481 3636 4536 pauper
3669 4467 3776 4522 La-

503 4556 722 4624 Christi,
747 4555 801 4610 id
824 4564 908 4612 est
931 4555 986 4609 in
1011 4570 1120 4624 quo
1140 4553 1390 4609 Christus
1419 4553 1689 4624 gloriosus
1715 4554 2074 4624 approbatur:

499 4651 588 4721 qui
610 4649 860 4704 Christus
879 4657 956 4702 est
985 4648 1160 4718 imago
1183 4645 1301 4714 Dei,
1334 4645 1388 4700 id
1420 4654 1508 4701 est
1549 4655 1942 4716 repraesentans
1975 4662 2076 4702 n0-

499 4741 583 4796 bis
607 4740 798 4796 Deum.
823 4738 941 4795 Non
966 4738 1046 4795 sic
1081 4739 1280 4810 imago,
1310 4748 1371 4791 ut
1398 4737 1543 4792 ﬁlius
1570 4736 1712 4793 alius
1741 4737 1811 4792 sit
1855 4753 1885 4790 a
1917 4735 2078 4792 Patre

499 4834 552 4888 in
584 4833 916 4899 substantia;
958 4831 1050 4888 sed
1104 4831 1224 4886 ideo
1267 4831 1474 4902 imago;
1502 4829 1630 4900 quia
1673 4830 1768 4899 qui
1801 4828 1946 4884 videt
1981 4828 2072 4882 Fi-

497 4925 654 4992 i'um,
689 4927 834 4980 videt
879 4934 931 4980 et
973 4923 1211 4990 Patrem,
1267 4923 1448 4994 imago
1503 4921 1598 4976 Dei
1647 4921 1973 4978 invisibilis:
2023 4931 2079 4977 et

500 5015 628 5068 auia
663 5013 804 5071 Deus
828 5017 882 5068 in
918 5025 1114 5070 natura
1145 5014 1372 5070 Deitatis
1413 5013 1721 5080 invisibilis,
1755 5013 1876 5070 ideo
1911 5029 2075 5084 opor-

502 5107 604 5160 tuit
629 5115 688 5160 ut
707 5122 803 5176 per
831 5105 1108 5161 Christum
1155 5107 1306 5160 ﬁeret
1329 5105 1558 5178 visibile,
1594 5105 1741 5176 quod
1786 5106 1841 5159 in
1879 5114 2076 5160 natura

501 5211 600 5252 sua
644 5207 727 5251 est
783 5197 1072 5252 invisibile.
1142 5197 1280 5252 Vere
1345 5199 1782 5268 evangelizamus
1845 5199 2073 5270 gloriam

501 5289 720 5344 Christi.
760 5287 904 5342 Nam
948 5306 1050 5342 non
1069 5287 1418 5359 praedicamus
1453 5292 1811 5360 nosmetipsos.
1867 5289 1962 5344 Vel
2001 5290 2076 5344 ibi

501 5397 662 5452 supra
684 5381 962 5453 jungitur:
998 5379 1126 5436 Vere
1164 5396 1274 5435 non
1297 5381 1638 5438 ambulamus
1673 5383 1726 5437 in
1755 5382 1974 5448 astutia,
2013 5392 2074 5438 ut

501 5473 724 5543 pseudo.
763 5471 898 5528 Nam
931 5489 1039 5528 non
1084 5472 1460 5542 praedicamus,
1503 5473 1555 5527 id
1599 5481 1682 5528 est
1726 5473 2072 5543 praedicando

500 5564 945 5620 commendamus
971 5563 1353 5632 nosmetipsos,
1384 5563 1436 5616 id
1462 5572 1544 5618 est
1583 5565 1684 5618 hoc
1713 5564 1857 5633 quod
1883 5579 1946 5618 ex
1969 5579 2070 5618 no-

501 5659 582 5714 bis
604 5660 736 5729 ipsis
747 5662 840 5714 est
866 5677 880 5714 :
903 5657 992 5712 sed
1016 5655 1372 5728 przedicamus
1395 5655 1576 5728 Jesuqt
1596 5655 1864 5710 Christum
1891 5655 2072 5708 Domi-

499 5766 623 5804 num
659 5763 912 5807 nostrum.
934 5749 1045 5806 Nos
1061 5757 1234 5804 autem
1258 5748 1620 5819 pradicamus
1643 5763 1836 5816 servos,
1855 5763 1962 5802 non
1985 5764 2072 5804 so-

2180 4560 2311 4614 tine.
2361 4559 2785 4613 Persecutionem
2823 4560 3057 4629 patimur
3089 4557 3301 4613 deloco
3334 4559 3400 4613 ad
3429 4559 3641 4626 locum,
3681 4561 3776 4614 sed

2179 4668 2282 4706 non
2309 4651 2722 4722 derelinquimur
2741 4667 2772 4706 a
2805 4649 2934 4704 Deo.
2967 4649 3282 4719 Dejicimur,
3321 4651 3374 4705 id
3400 4659 3484 4705 est
3515 4653 3774 4707 verberi-

2177 4748 2282 4802 bus
2313 4745 2728 4817 prosternimur,
2759 4746 2840 4799 vel
2865 4745 2932 4799 de
2965 4743 3077 4798 alto
3104 4743 3532 4814 prtecipitamur,
3579 4753 3632 4797 et
3685 4755 3770 4799 ta-

2179 4853 2306 4900 men
2349 4855 2452 4892 non
2489 4837 2744 4908 perimus.
2781 4834 2850 4890 Ut
2891 4835 3051 4890 ﬁnem
3083 4835 3302 4902 faciam,
3333 4851 3536 4904 semper
3567 4851 3772 4892 sumus

2177 4934 2600 5003 circumferentes
2625 4931 2728 4986 hac
2749 4930 2873 4985 illac
2901 4930 2956 4984 in
2988 4944 3217 5000 corpore
3242 4939 3432 4985 nostro
3457 4931 3766 5000 mortiﬁca-

2181 5025 2394 5088 tionem,
2419 5023 2474 5077 id
2497 5031 2580 5077 est
2621 5021 2712 5075 illa
2757 5035 2880 5091 qua:
2906 5018 3114 5075 faciunt
3139 5028 3410 5074 mortem:
3445 5019 3764 5075 tribulatio-

2178 5129 2295 5178 nes,
2325 5113 2534 5168 scilicet
2567 5127 2691 5181 quae
2726 5119 2854 5166 sunt
2879 5125 3136 5165 accessus
3159 5110 3370 5164 mortis.
3403 5108 3469 5164 Et
3495 5110 3762 5165 debemus

2175 5208 2404 5262 libenter
2430 5207 2540 5276 pati
2566 5225 2577 5259 :
2611 5207 2740 5276 quia
2775 5205 3122 5262 mortiﬁcatio
3153 5207 3268 5262 haec
3295 5216 3380 5262 est
3411 5207 3563 5274 Iesu,
3587 5225 3754 5279 quam

2174 5301 2290 5370 ipse
2313 5299 2534 5369 pertulit
2569 5314 2668 5369 pro
2699 5299 2856 5354 nobis
2895 5317 2907 5351 :
2937 5307 2992 5353 et
3032 5314 3133 5353 nos
3162 5299 3410 5368 exemplo
3453 5301 3576 5369 ejus
3609 5301 3756 5356 hanc

2173 5391 2615 5447 circumferentes
2649 5410 2661 5445 :
2693 5399 2750 5444 ut
2791 5393 2900 5445 vita
2929 5389 3056 5444 Iesu
3083 5387 3303 5444 Christi
3347 5405 3456 5444 non
3491 5391 3659 5445 solum
3693 5391 3752 5443 in

2177 5483 2464 5538 animabus
2479 5483 2572 5539 sed
2587 5483 2750 5538 etiam
2771 5483 2828 5536 in
2842 5481 3146 5551 corporibus
3158 5481 3351 5535 nostris
3361 5482 3749 5550 manifestatur,

2173 5573 2383 5648 reddita
2426 5572 2584 5629 nobis
2633 5571 3043 5627 immortalitate
3095 5580 3148 5625 et
3189 5569 3633 5640 impassibilitate.
3683 5567 3746 5622 ln

2174 5665 2522 5734 depressione
2550 5665 2796 5735 corporis
2817 5666 2904 5720 sui
2947 5665 3124 5719 adhuc
3155 5663 3479 5718 immoratur
3505 5681 3518 5718 :
3561 5671 3744 5716 osten-

2175 5758 2309 5812 dens
2340 5773 2398 5812 se
2421 5759 2536 5813 inec
2561 5758 2744 5813 omnia
2767 5759 2875 5828 pati
2906 5757 2973 5813 ad
3011 5755 3534 5817 commendationem
3566 5753 3742 5807 Eran-

3925 597 3928 616 Ι

3925 681 3928 698 l

3925 1057 3928 1090 Ι

3925 1151 3928 1184 Ι

3925 1891 3928 1916 |

3923 1993 3928 2018 1

3923 2077 3928 2116 Ι

3925 2179 3928 2206 |

3885 2349 3900 2362 ⁸
3919 2357 3928 2390 J
