3928 6416
96 335 246 390 237
754 332 1119 391 ΕΧΡσδιτιο
1156 333 1225 389 IN
1258 333 1639 391 EPISTULAS
1674 335 1715 389 P

1817 334 1899 390 LI.
1940 367 2012 377 —
2046 335 2111 391 IN
2150 336 2369 393 EPIST.
2413 337 2455 392 ll
2493 338 2586 393 AD
2621 338 2776 396 COR.
3296 345 3398 404 238

90 449 265 519 gelii
289 447 385 503 sui
409 455 466 503 et
496 446 682 518 gloria:
711 445 939 515 Christi,
965 448 1171 504 dicens.
1204 448 1472 504 Benedico
1500 448 1729 502 circum-
1754 453 1799 506 A
1826 447 1965 515 Quia
2001 450 2279 521 loquimur
2325 452 2594 509 humiliati
2641 470 2833 513 sumus
2872 459 3214 527 verberibus,
3251 478 3397 539 quod

106 542 374 597 ferentes
406 539 869 608 mortiﬁcationem
890 552 910 590 :
936 554 1029 592 nos
1049 539 1188 592 enim
1216 555 1417 608 semper
1438 539 1720 594 tradimur.
1825 547 2006 596 tamen
2034 542 2161 598 inde
2204 546 2470 615 sequitur.
2519 546 2807 605 Credimus
2839 558 2893 604 et
2936 550 3056 606 ideo
3100 554 3396 624 loquimur,

102 632 257 688 Non
280 633 370 688 ait
395 647 628 702 semper,
654 646 720 687 eo
742 631 889 701 quod
926 632 1068 685 mori
1091 639 1277 702 posset
1308 631 1526 702 saepius,
1558 647 1724 702 quam
1826 642 2047 704 agentes
2077 635 2219 692 sicut
2243 639 2505 709 scriptum
2529 649 2614 696 est
2643 642 2699 695 in
2726 640 2894 696 David
2921 662 2932 697 :
2982 663 3000 694 ι
3030 642 3246 701 Credidi
3270 662 3391 716 pro-

104 724 311 780 semel
340 743 357 778 :
390 723 483 779 sed
505 723 635 794 quia
662 722 908 793 quotidie
928 730 1082 777 tanta
1104 722 1427 793 patiebatur,
1466 738 1589 794 quae
1614 724 1726 779 vir—
1825 733 1944 793 pter
1972 724 2140 795 quod,
2177 744 2196 778 ι
2252 727 2308 783 id
2358 738 2443 784 est
2471 729 2599 800 quia
2639 731 2865 799 credidi,
2917 733 3124 789 locutus
3153 752 3289 791 sum.
3335 736 3400 792 Et

104 826 221 872 tus
259 816 509 871 hominis
546 815 675 881 (nisi
708 814 1016 885 moriendo)
1050 830 1160 869 non
1199 815 1488 870 evaderet:
1514 816 1608 871 sed
1628 831 1725 886 per
1824 816 2094 871 credendo
2124 825 2180 873 et
2206 819 2480 890 loquendo
2505 822 2766 893 optimam
2798 824 3052 880 ﬁduciam
3088 827 3393 884 habemus:

105 912 402 967 virtutem
429 911 672 983 spiritus,
704 911 909 967 Paulus
943 912 1001 965 in
1037 911 1232 966 melius
1276 912 1718 967 restaurabatur.
1822 908 2045 963 scientes
2071 912 2322 979 quoniam
2346 911 2487 967 Deus
2507 915 2597 983 qui
2618 918 2895 970 suscitavit
2915 917 3098 972 Iesum
3119 921 3400 977 suscitabit

105 1003 615 1059 Mortiﬁcationem
655 1012 815 1061 vocat
859 1003 1254 1069 tribulationes,
1294 1003 1494 1073 quibus
1530 1002 1723 1073 paula-
1821 999 1987 1053 etiam
2012 1016 2130 1065 nos,
2157 986 2277 1055 cum
2322 1002 2452 1057 Iesu
2480 1005 2601 1061 loco
2640 1015 2695 1060 et
2738 1009 3145 1066 immortalitate
3183 986 3413 1082 ponens

100 1096 227 1150 tim
256 1095 593 1168 propinquat
618 1096 687 1151 ad
708 1095 1012 1157 interitum.
1060 1094 1287 1151 Mortem
1309 1110 1439 1150 vero
1470 1095 1623 1161 dicit,
1638 1096 1723 1149 ul-
1822 1092 1923 1147 dos
1956 1110 1970 1145 :
1997 1100 2047 1146 et
2084 1092 2157 1147 ibi
2185 1094 2498 1163 constituet,
2527 1097 2581 1151 id
2608 1107 2693 1152 est
2713 1098 2767 1153 in
2803 1108 3067 1156 aeternum
3105 1117 3399 1159 mansuros

112 1190 337 1244 timum
366 1190 533 1244 ictum
559 1189 616 1243 in
640 1204 752 1260 quo
783 1188 1115 1244 dissolvitur.
1166 1187 1301 1255 Nos,
1331 1187 1576 1258 inquam,
1605 1197 1721 1242 tra-
1821 1187 2040 1243 locabit.
2071 1186 2369 1245 Constituet
2391 1190 2514 1247 dico
2544 1193 2833 1261 uobiscum,
2862 1211 3001 1265 quos
3030 1206 3255 1266 paratus
3291 1209 3395 1265 est,

109 1282 316 1337 dimur
342 1281 401 1334 in
434 1289 654 1335 mortem
674 1296 693 1333 :
716 1280 972 1351 superius
992 1280 1130 1334 dixit
1149 1280 1399 1350 exemplo
1417 1278 1547 1335 Iesu
1580 1297 1593 1333 :
1632 1280 1723 1335 hic

130 1375 235 1440 ait,
256 1384 480 1445 propter
497 1373 702 1442 Iesum,
726 1374 782 1429 id
807 1382 893 1430 est
918 1388 1105 1429 amore
1127 1371 1278 1428 Iesu.
1313 1371 1426 1426 Nos
1461 1372 1602 1440 dico,
1625 1373 1721 1443 qui

136 1467 264 1521 licet
304 1466 386 1521 ita
429 1467 753 1532 moriamur,
797 1474 981 1521 tamen
1006 1465 1264 1532 vivimus,
1306 1465 1362 1520 id
1406 1472 1491 1520 est
1537 1465 1722 1521 vivere

124 1573 428 1627 possemus
478 1558 533 1612 in
578 1558 747 1629 gloria
793 1558 983 1613 mundi
1029 1577 1042 1612 :
1098 1558 1256 1628 longe
1312 1557 1507 1612 melius
1553 1572 1719 1627 quam

122 1650 349 1717 pseudo
370 1650 539 1706 vestri
561 1650 609 1705 si
637 1650 991 1706 reticeremus
1016 1666 1140 1721 quae
1175 1649 1431 1705 Christus
1460 1649 1714 1720 iniunxit.

121 1738 233 1794 Vel
258 1740 334 1795 ita
364 1759 378 1795 :
406 1739 519 1797 Nos
547 1742 769 1812 quidem
803 1742 1104 1797 secundum
1132 1756 1332 1811 corpus
1363 1740 1631 1795 tradimur
1660 1741 1717 1796 in

1822 1280 1870 1335 si
1895 1280 2079 1347 vultis,
2101 1282 2368 1338 suscitare
2393 1299 2516 1338 cum
2542 1283 2693 1340 Iesu.
2726 1284 2853 1343 Ideo
2877 1289 2973 1354 ait,
3003 1304 3095 1342 nos
3129 1290 3395 1345 vobiscum

1821 1373 2123 1439 constituet,
2152 1389 2222 1428 ne
2243 1382 2494 1444 putarent
2519 1376 2594 1429 illi
2624 1392 2682 1432 se
2703 1378 2850 1433 nulla
2870 1380 2993 1435 vita:
3010 1380 3223 1451 iustitia
3248 1382 3397 1455 Apo-

1821 1464 1962 1519 stolo
1994 1480 2155 1535 posse
2187 1465 2465 1536 paciﬁcari
2498 1485 2512 1522 :
2542 1483 2713 1538 quare
2736 1471 2972 1527 ostendit
2998 1464 3289 1542 quod-non
3315 1489 3399 1528 se—

1819 1556 2057 1611 cundum
2087 1556 2377 1629 dignitates
2400 1558 2798 1628 praelationum,
2823 1562 2919 1617 sed
2948 1564 3245 1619 secundum
3275 1564 3393 1617 fru-
3463 1610 3477 1627 ,

1819 1658 1941 1705 ctus
1960 1664 2185 1719 operum
2216 1650 2416 1721 singuli
2442 1654 2954 1708 remunerabuntur.
2981 1652 3081 1708 Per
3105 1654 3210 1710 hoc
3230 1655 3395 1710 etiam

1820 1741 1966 1812 quod
1988 1743 2084 1809 ait,
2112 1759 2206 1796 nos
2229 1742 2514 1810 vobiscum,
2537 1744 2770 1799 multum
2801 1759 2895 1799 eos
2924 1744 3092 1799 allicit
3121 1745 3189 1799 ad
3227 1760 3392 1814 appe-

119 1841 369 1888 mortem
398 1851 414 1887 :
449 1834 545 1904 qui
574 1843 761 1889 tamen
788 1850 887 1904 per
920 1842 1150 1889 mortem
1187 1833 1372 1889 carnis
1403 1833 1602 1889 melius
1628 1833 1714 1888 vi-
1742 1824 1790 1884 Β
1817 1832 1977 1887 titum
1996 1831 2239 1901 iustitiae.
2272 1831 2395 1889 Ideo
2434 1833 2559 1888 dico
2602 1834 2867 1887 vobiscum
2911 1835 3190 1888 constituet
3225 1850 3242 1887 :
3272 1850 3398 1888 nam

116 1923 341 1990 vimus,
368 1925 670 1981 secundum
711 1924 1159 1995 justiﬁeatiouem‘
1207 1925 1424 1979 animae.
1465 1922 1563 1979 Vel
1588 1924 1663 1980 ita
1698 1944 1712 1979 :
1746 1925 1750 1929 ’

115 2013 245 2070 Nos
265 2017 485 2086 quidem
504 2017 774 2072 tradimur
794 2018 849 2072 in
869 2026 1121 2083 mortem,
1142 2016 1440 2072 secundum
1462 2016 1717 2087 iniuriam

115 2109 350 2164 illatam
384 2111 599 2180 corpori
627 2128 640 2163 :
679 2111 774 2181 qui
810 2120 992 2165 tamen
1031 2109 1291 2175 vivimus,
1323 2124 1433 2163 non
1459 2107 1718 2163 deﬁcien-

118 2215 220 2257 tes
247 2217 350 2272 per
381 2203 629 2259 virtutem
676 2202 791 2258 Dei.
825 2202 1092 2257 Morimur
1134 2199 1582 2277 propter’Iesum
1618 2220 1630 2254 :
1658 2210 1717 2254 ut

117 2296 248 2348 vita
274 2293 409 2349 Iesu
434 2296 796 2365 manifestatur
825 2296 967 2351 sicut
992 2295 1046 2348 in
1075 2294 1278 2360 anima,
1306 2293 1381 2348 ita
1399 2302 1455 2349 et
1482 2294 1536 2347 in
1561 2309 1719 2349 carne

114 2393 340 2438 nostra.
374 2381 517 2439 Idem
578 2385 635 2438 in
684 2384 1011 2455 praecedenti
1051 2399 1215 2439 versu
1254 2383 1412 2454 170
1460 2382 1714 2439 dixerat:

119 2475 224 2536 sed
272 2476 473 2546 repetit
502 2484 566 2531 ut
593 2476 768 2532 solvat
799 2476 947 2547 quod
992 2476 1081 2531 hic
1130 2483 1317 2545 posset
1358 2474 1541 2545 objici.
1595 2474 1716 2531 Vita

120 2565 255 2622 Iesu
303 2567 410 2621 erit
436 2568 503 2636 .in
548 2584 717 2623 carne
759 2578 966 2624 nostra.
1000 2567 1139 2635 Quia
1167 2568 1215 2624 si
1246 2567 1463 2637 obiicis,
1494 2582 1714 2623 carnem

128 2668 375 2714 nostram
405 2661 693 2716 mortalem
713 2676 825 2716 non
853 2675 1013 2730 posse
1031 2659 1148 2715 ﬁeri
1163 2659 1547 2722 immortalem,
1570 2660 1718 2730 quod

133 2759 195 2805 et
224 2765 347 2806 caro
373 2749 530 2818 Iesu,
565 2753 754 2822 utique
775 2751 899 2808 dico
928 2752 1057 2822 quia
1079 2751 1134 2805 in
1160 2766 1326 2806 carne
1359 2760 1547 2807 nostra
1575 2768 1721 2807 mor-

142 2840 238 2894 tali
265 2843 351 2896 ﬁet
383 2841 499 2897 vita
540 2841 671 2899 Iesu
711 2851 766 2898 et
802 2859 901 2914 per
937 2841 1123 2899 Iesum
1161 2857 1292 2898 caro
1317 2858 1441 2913 quae
1470 2843 1719 2898 mortalis

134 2941 238 2998 est,
288 2949 389 3004 pro
433 2944 586 2990 certo
639 2935 731 3007 ﬁet
786 2935 1131 2990 immortalis.
1172 2933 1623 3005 Quandoquidem
1661 2936 1716 2989 in

132 3034 362 3081 mortem
393 3027 664 3082 tradimur
687 3045 700 3081 :
723 3043 846 3097 ergo
874 3042 1015 3080 mors
1038 3035 1288 3097 operatur
1309 3028 1365 3080 in
1380 3025 1548 3091 nobis,
1571 3027 1719 3096 quod

136 3134 288 3173 stium
308 3128 399 3175 est
421 3119 804 3175 mortiﬁcando
832 3134 1063 3190 corpora
1103 3128 1332 3187 nostra;
1390 3120 1481 3174 sed
1525 3121 1582 3173 in
1624 3136 1717 3174 vo-

1819 1938 1923 1978 nos
1949 1924 2126 1977 omnia
2147 1909 2406 1994 patimur,
2422 1933 2476 1979 et
2487 1920 2777 1994 operamur
2791 1935 3002 1995 propter
3017 1943 3103 1979 vos
3128 1927 3297 1982 instru
3305 1944 3400 1982 en-

1820 2014 1958 2070 dos:
2007 2024 2066 2069 ut
2111 2017 2289 2086 gratia
2332 2016 2606 2070 abundans
2638 2017 2692 2070 in
2722 2032 2829 2082 me,
2866 2017 3105 2072 abundet
3131 2018 3394 2074 in‘vobis.

1820 2105 2106 2173 Quomodo
2144 2108 2200 2163 in
2246 2106 2417 2164 Paulo
2454 2109 2758 2164 abundaret
2803 2111 2938 2165 satis
2984 2121 3171 2165 notum
3196 2121 3298 2166 est.
3326 2110 3399 2165 L't

1818 2200 2016 2271 gratia,
2063 2201 2309 2271 inquam,
2334 2202 2623 2257 abundans
2670 2202 2727 2256 in
2772 2217 2860 2258 me
2899 2203 3128 2257 abundet
3171 2204 3273 2258 hac
3317 2222 3395 2269 re,

1818 2292 2048 2360 scilicet,
2092 2295 2389 2363 gratiarum
2428 2296 2676 2349 actione:
2711 2310 2807 2365 per
2834 2310 2933 2351 vos
2973 2297 3143 2351 multa
3172 2295 3313 2352 facta
3343 2301 3399 2352 in

1818 2380 2045 2452 gloriam
2067 2382 2185 2438 Dei.
2223 2383 2329 2452 Qui
2366 2386 2562 2441 merito
2617 2386 2778 2441 debet
2816 2385 3106 2456 gloriﬁcari
3140 2404 3173 2443 a
3214 2389 3395 2456 nobis,

1816 2475 1911 2546 qui
1938 2476 2095 2532 nobis
2128 2477 2494 2533 abundantem
2539 2479 2768 2549 gratiam
2803 2479 2987 2535 dedit:
3024 2479 3140 2550 ipse
3175 2482 3396 2552 quidem

1817 2582 1924 2620 non
1950 2567 2045 2634 ait,
2071 2567 2308 2624 abundet
2334 2570 2505 2640 gratia
2530 2571 2584 2624 in
2621 2572 2775 2626 vobis
2801 2590 2815 2625 :
2854 2572 2949 2627 sed
2977 2587 3075 2643 per
3109 2572 3214 2628 hoc
3246 2575 3391 2643 quod

1817 2658 1885 2713 ad
1915 2660 2185 2730 agendum
2215 2662 2419 2732 gratias
2452 2663 2639 2735 gloriae
2666 2659 2760 2718 Dei
2794 2664 3070 2731 admonet,
3118 2666 3255 2721 satis
3292 2667 3396 2721 hoc

1817 2751 2015 2806 innuit.
2047 2750 2275 2808 Frustra
2297 2754 2445 2810 enim
2476 2764 2699 2827 agerent
2734 2757 2934 2826 gratias
2973 2756 3105 2823 Deo,
3150 2758 3255 2813 nisi
3296 2760 3395 2814 ab-

1818 2845 2088 2901 undarent
2122 2847 2297 2917 gratia
2339 2846 2455 2902 Dei.
2497 2846 2649 2904 Sicut
2681 2848 2797 2904 lucc
2825 2849 3009 2904 omnia
3039 2864 3097 2927 se
3122 2851 3232 2919 pati
3261 2851 3398 2905 dixit

1819 2937 1887 2992 ad
1912 2937 2140 3008 gloriam
2167 2938 2282 3005 Dei,
2315 2940 2395 2995 sic
2414 2939 2579 2995 modo
2604 2948 2775 2995 totum
2801 2948 3078 3011 retorquet
3099 2942 3167 2997 ad
3192 2942 3398 2997 utilita-

1818 3036 1927 3083 tem
1957 3028 2396 3097 Corinthiorum,
2448 3031 2636 3087 dicens
2677 3050 2688 3084 :
2741 3031 2971 3101 Propter
3013 3035 3172 3103 quod,
3208 3034 3263 3088 id
3310 3046 3397 3090 est

1821 3119 1950 3189 quia
1978 3121 2161 3176 omnia
2193 3121 2433 3190 patimur
2457 3130 2680 3191 propter
2709 3136 2825 3187 vos,
2854 3130 2914 3176 ut
2938 3122 3101 3177 modo
3129 3122 3196 3179 de
3221 3124 3395 3195 gloria

137 3210 210 3265 bis
242 3212 341 3281 qui
370 3220 554 3282 spreta
584 3212 887 3267 imitatione
912 3170 1099 3268 urostra
1142 3211 1428 3267 adhaeretis
1484 3211 1709 3280 pseudo.
1743 3170 1788 3229 C
1818 3170 1913 3292 Dei
1931 3179 2132 3268 'sileam
2167 3170 2384 3268 :retiam
2412 3170 2512 3283 prro
2538 3170 2651 3267 sola
2675 3213 2908 3268 utilitate
2932 3222 3114 3270 vestra
3144 3170 3252 3270 nor:
3266 3216 3398 3287 deﬁ—

132 3301 188 3358 ln
222 3303 382 3360 vobis
411 3305 605 3376 utique
648 3314 732 3360 est
769 3306 899 3372 vita,
937 3304 992 3360 id
1014 3314 1100 3361 est
1120 3319 1220 3360 vos
1267 3305 1404 3359 nihil
1441 3305 1713 3376 patimini,

1815 3304 1984 3356 cimus
2019 3317 2360 3373 quaecunque
2399 3301 2703 3357 inferantur
2741 3303 3143 3360 tribulationes.
3182 3304 3396 3362 Diceret

131 3397 230 3453 sed
256 3398 404 3454 malo
432 3408 639 3457 vestro.
666 3397 764 3454 Vel
783 3398 859 3454 ita
880 3416 893 3452 :
918 3398 1059 3465 Quia
1083 3398 1198 3453 vita
1229 3396 1359 3454 Iesu
1393 3397 1713 3454 manifesta-
1812 3397 2014 3468 aliquis
2042 3417 2055 3452 :
2088 3397 2285 3453 Mirum
2314 3406 2399 3454 est
2420 3399 2566 3469 quod
2591 3406 2645 3454 te
2670 3399 2809 3456 dicis
2835 3415 2945 3455 non
2968 3400 3215 3469 deﬁcere,
3233 3420 3393 3474 quem

134 3489 294 3545 bitur
313 3488 369 3544 in
392 3491 547 3547 vobis
568 3490 932 3559 mortiﬁcatis,
955 3505 1087 3562 ergo
1112 3504 1264 3546 mors
1300 3490 1406 3545 ista
1435 3497 1712 3560 operatur,

135 3585 191 3638 it
222 3593 309 3639 est
338 3585 464 3639 utile
491 3599 633 3656 opus
663 3584 794 3639 facit
819 3584 875 3639 in
908 3583 1084 3649 vobis,
1105 3567 1338 3647 scilicet,
1363 3582 1530 3638 vitam
1559 3580 1710 3638 Iesu.

132 3676 275 3743 Quia
318 3675 367 3731 si
412 3690 564 3730 mors
592 3676 763 3732 vitam
806 3673 936 3730 Iesu
979 3675 1036 3728 in
1061 3673 1218 3729 vobis
1245 3682 1503 3744 operatur
1537 3693 1551 3728 ε
1584 3683 1717 3730 tunc

135 3771 240 3824 vita
270 3783 516 3839 praesens
544 3783 712 3839 quam
743 3767 971 3841 diligitis
997 3777 1255 3839 operatur
1290 3769 1344 3822 in
1385 3767 1539 3823 vobis
1578 3783 1712 3823 con-

138 3860 364 3916 trarium
392 3859 520 3915 vita:
541 3858 692 3925 Iesu,
720 3859 945 3925 scilicet,
989 3859 1418 3914 damnationem.
1465 3857 1557 3914 Vel
1594 3858 1669 3913 ita
1699 3878 1712 3912 :

141 3953 268 4020 Quia
294 3969 397 4024 per
423 3959 680 4018 mortem,
702 3952 871 4007 vitam
905 3950 1035 4007 Iesu
1069 3951 1306 4006 habituri
1338 3966 1551 4015 sumus,
1586 3966 1716 4021 ergo

150 4061 279 4102 mors
322 4053 589 4117 operatur
635 4044 692 4098 in
733 4044 893 4100 nobis
932 4044 1081 4114 quod
1128 4043 1333 4098 bonum
1380 4051 1483 4108 est,
1525 4051 1581 4096 et
1620 4058 1717 4113 per

151 4147 364 4193 mortem
384 4144 637 4192 nostram
659 4136 771 4190 vita
790 4145 1050 4206 operatur
1073 4135 1128 4189 in
1151 4134 1340 4190 vobis:
1365 4134 1495 4204 quia
1520 4134 1716 4189 merito

146 4232 326 4286 mortis
345 4237 557 4285 nostrae
580 4228 637 4283 in
662 4227 766 4284 ﬁde
793 4235 849 4283 et
876 4228 1089 4298 iustitia
1123 4226 1324 4282 vivitis.
1378 4225 1591 4283 Diceret
1616 4227 1716 4282 ali-

141 4324 294 4393 quis:
322 4320 451 4377 Non
492 4329 768 4392 oporteret
795 4330 847 4375 te
886 4336 919 4375 a
955 4319 1066 4375 Deo
1103 4319 1441 4383 mortiﬁcari,
1478 4319 1525 4374 si
1549 4319 1706 4389 justi-

141 4416 264 4471 tiam
312 4424 468 4469 tuam
517 4412 760 4484 quietam
801 4411 1052 4479 haberes,
1082 4427 1182 4467 nec
1212 4412 1372 4466 ﬁdem
1415 4409 1619 4466 Christi
1659 4411 1714 4464 in

1815 3489 2149 3560 quotidianis
2202 3490 2647 3547 tribulationibus
2687 3491 2935 3548 videmus
2975 3495 3271 3565 corrumpi.
3314 3496 3395 3549 Ad

1816 3584 1921 3638 hoc
1969 3582 2044 3638 ait
2085 3601 2099 3637 :
2147 3580 2347 3654 Utique
2387 3599 2497 3638 non
2541 3584 2846 3651 deﬁcimus,
2899 3586 2993 3641 sed
3042 3602 3391 3642 renovamur.

1815 3677 1985 3744 Licet,
2012 3679 2059 3732 is
2081 3664 2135 3733 id
2160 3687 2244 3733 est
2272 3686 2382 3733 tam
2396 3677 2519 3732 vilis
2543 3686 2718 3732 noster
2737 3678 2980 3744 homo,id
3008 3688 3092 3735 est
3119 3695 3249 3735 caro
3275 3696 3397 3751 qua:

1816 3778 2005 3824 nostro
2034 3769 2282 3837 imperio,
2320 3768 2373 3822 id
2403 3776 2487 3823 est
2535 3768 2752 3838 Spiritui
2799 3784 3013 3839 semper
3045 3769 3266 3825 obedire
3299 3786 3397 3825 co-

1816 3863 1961 3931 gitur
1998 3880 2010 3915 :
2056 3862 2146 3931 qui
2178 3861 2342 3914 homo
2366 3860 2496 3929 foris
2539 3867 2616 3913 est
2639 3876 2657 3912 :
2689 3869 2747 3913 ut
2774 3860 3007 3929 pluvias,
3032 3869 3219 3929 aestus,
3247 3878 3397 3931 qua»

1818 3967 2032 4022 cunque
2061 3951 2287 4006 adversa
2328 3951 2568 4021 patiatur
2609 3969 2622 4004 :
2673 3951 2822 4017 licet,
2852 3951 3096 4021 inquam,
3126 3950 3173 4007 is
3213 3961 3398 4007 noster

1822 4043 1975 4113 171
2009 4042 2173 4096 homo
2201 4051 2611 4111 corrumpatur:
2636 4049 2811 4095 tamen
2838 4042 2884 4095 is
2912 4041 3077 4096 homo
3101 4041 3391 4098 laudabilis

1816 4137 1905 4208 qui
1928 4137 2070 4189 intus
2095 4144 2192 4201 est,
2219 4133 2313 4189 ubi
2347 4134 2506 4189 debet
2527 4134 2814 4190 vexatione
2841 4134 3129 4193 exterioris
3159 4135 3397 4193 hominis

1817 4226 2048 4293 muniri;
2074 4226 2142 4290 is,
2174 4227 2418 4296 inquam,
2445 4226 2540 4296 qui
2569 4226 2716 4281 intus
2744 4234 2830 4281 est
2858 4245 2870 4280 :
2902 4235 3109 4297 quanto
3137 4226 3311 4300 magis
3348 4231 3398 4284 is

1817 4320 1911 4391 qui
1942 4318 2079 4374 foris
2112 4330 2195 4373 est
2227 4317 2633 4388 corrumpitur:
2664 4327 2817 4373 tanto
2854 4319 3028 4391 magis
3059 4319 3149 4375 hic
3180 4334 3399 4373 renova-

1820 4420 1907 4466 tur
1950 4412 2013 4466 de
2054 4411 2139 4465 die
2187 4412 2244 4464 in
2285 4411 2444 4475 diem,
2484 4409 2536 4465 id
2569 4419 2653 4465 est
2688 4411 2965 4467 continue.
3005 4410 3102 4467 Vel
3134 4411 3198 4466 de
3224 4413 3309 4466 die
3342 4412 3400 4466 in

140 4513 488 4576 conspectum
516 4504 802 4560 hominum
823 4517 1119 4559 assereres.
1158 4501 1360 4557 Contra
1390 4501 1495 4556 hoc
1513 4499 1717 4556 Paulus
1752 4513 1794 4566 ι)
1818 4503 1976 4569 diem,
2002 4502 2054 4559 id
2077 4511 2160 4557 est
2178 4503 2246 4558 de
2274 4502 2472 4558 virtute
2503 4503 2684 4557 eundo
2718 4502 2774 4556 in
2801 4503 3078 4558 virtutem.
3121 4502 3254 4558 Dico
3294 4520 3400 4557 non

148 4597 223 4650 ait
243 4613 300 4652 se
322 4612 436 4653 non
478 4611 642 4668 posse
666 4597 895 4652 reticere
934 4597 1093 4652 ﬁdem
1133 4594 1369 4660 Christi;
1392 4594 1520 4664 quia
1553 4593 1716 4649 habet

153 4688 390 4757 spiritum
419 4698 514 4745 :et
546 4704 643 4760 per
671 4690 926 4759 spiritum
952 4688 1110 4744 fidem
1145 4706 1159 4741 :
1192 4695 1248 4742 et
1274 4687 1403 4757 quia
1431 4685 1587 4741 ﬁdem
1618 4686 1716 4741 ha-

151 4776 252 4845 bet,
290 4778 415 4836 ideo
443 4780 723 4851 loquitur:
755 4788 811 4835 et
849 4779 979 4851 quia
1022 4779 1285 4851 loquitur,
1335 4776 1712 4833 mortiﬁcatur.

148 4869 207 4927 Et
235 4873 379 4942 quod
410 4872 493 4928 sic
517 4880 767 4942 oporteat
790 4888 915 4926 eum
938 4870 1138 4937 facere,
1166 4870 1362 4940 probat
1388 4869 1716 4924 auctoritate

148 4961 302 5019 David
327 4964 385 5018 in
413 4979 650 5033 persona
691 4973 991 5035 martyrum
1038 4961 1248 5032 agentis
1291 4960 1479 5016 dicens
1518 4979 1533 5013 ς
1589 4959 1714 5015 Ideo

146 5056 473 5124 aporiamur,
510 5055 815 5126 dejicimur,
858 5054 1253 5110 mortiﬁcamur
1285 5072 1298 5106 :
1329 5053 1457 5124 quia
1486 5068 1587 5108 nos
1617 5052 1715 5107 ha-

148 5154 327 5210 bentes
353 5156 609 5226 spiritum
632 5155 876 5210 datorem
905 5152 1048 5221 ﬁdei,
1078 5152 1327 5207 eumdem
1357 5167 1516 5221 quem
1545 5150 1715 5206 David

147 5255 196 5300 et
221 5248 314 5301 alii
343 5248 519 5302 sancti
547 5248 855 5302 habuerunt
882 5266 893 5299 :
921 5246 1005 5300 vel
1029 5244 1278 5300 eumdem
1301 5260 1462 5315 quem
1491 5258 1590 5298 vos
1618 5243 1716 5296 ha-

151 5338 303 5404 betis,
336 5340 380 5393 si
408 5354 510 5409 pro
540 5338 759 5394 Christo
780 5339 890 5409 pati
921 5337 1120 5392 velitis.
1161 5335 1350 5390 Virtus
1378 5336 1525 5390 enim
1555 5334 1716 5405 spfri-

150 5439 234 5489 tus
253 5433 387 5486 nulli
407 5432 592 5488 deﬁcit
617 5452 629 5485 :
667 5432 769 5486 nisi
794 5431 844 5485 ei
869 5431 964 5500 qui
996 5429 1097 5485 sibi
1121 5428 1222 5498 ipsi
1245 5429 1479 5499 primum
1505 5424 1716 5482 defece~

152 5521 237 5576 rit.
270 5519 401 5588 Nos,
430 5523 678 5593 inquam,
719 5518 985 5577 habemus
1024 5520 1171 5575 hunc
1204 5519 1474 5589 spiritum,
1497 5527 1550 5573 et
1596 5517 1718 5573 ideo

157 5629 251 5669 nos
272 5616 545 5670 credimus
583 5623 805 5685 propter
844 5614 1011 5684 quod,
1043 5611 1097 5667 id
1130 5620 1213 5667 est
1250 5611 1377 5681 quia
1419 5610 1714 5665 credimus.

159 5704 447 5777 Loquimur
469 5709 635 5764 etiam
663 5708 719 5762 in
750 5715 1046 5776 conspectu
1075 5705 1358 5760 hominum
1381 5703 1524 5773 quod
1545 5702 1721 5758 credi—

159 5813 296 5854 mus.
334 5797 467 5866 Quia
510 5799 887 5856 tribulationes
930 5799 1264 5869 praemiserat
1295 5812 1403 5851 non
1446 5796 1715 5852 subdidit:

1814 4595 2087 4665 deﬁcimus
2112 4603 2205 4648 :et
2231 4594 2445 4649 merito.
2500 4592 2642 4647 Nam
2690 4593 2745 4647 id
2789 4593 3156 4650 tribulationis
3195 4604 3399 4649 nostra;

1814 4702 2154 4758 quaecunque
2183 4686 2255 4742 sit
2277 4701 2473 4758 magna
2497 4687 2582 4740 vel
2612 4701 2778 4757 parva
2807 4705 2819 4738 :
2844 4687 3003 4756 quod,
3034 4686 3262 4754 scilicet,
3297 4688 3398 4740 tri-

1816 4780 2104 4833 bulationis
2139 4780 2193 4832 in
2237 4779 2482 4849 praesenti
2526 4787 2602 4832 est
2643 4789 3082 4844 momentaneum,
3117 4779 3170 4834 id
3200 4786 3287 4834 est
3316 4788 3401 4835 est

1816 4873 2077 4929 citissime
2109 4872 2399 4936 transiens,
2429 4886 2530 4925 nec
2559 4870 2918 4936 intolerabile,
2947 4868 3043 4926 sed
3076 4869 3181 4924 leve
3208 4887 3226 4923 :
3258 4871 3396 4936 haec,

1818 4955 2063 5036 inquam,
2109 4964 2233 5019 talis
2277 4963 2555 5018 tribulatio
2597 4970 2844 5033 operatur
2886 4962 2944 5016 in
2985 4962 3135 5018 nobis
3194 4964 3399 5034 pondus

1818 5058 2006 5129 gloria:
2033 5066 2285 5112 teternum
2312 5073 2325 5107 :
2351 5056 2561 5124 pondus
2596 5063 2785 5110 contra
2812 5055 2950 5122 leve,
2982 5056 3166 5127 gloria:
3207 5067 3398 5112 contra

1817 5149 2209 5215 tribulationis,
2231 5156 2493 5203 aeternum
2524 5156 2711 5217 contra
2745 5158 3184 5210 momentaneum
3220 5170 3231 5203 :
3262 5158 3317 5204 et
3342 5149 3397 5203 in

1819 5242 2172 5306 sublimitate,
2198 5240 2251 5295 id
2279 5249 2363 5295 est
2390 5241 2443 5294 in
2479 5241 2617 5296 cmlo
2643 5249 2834 5296 contra
2876 5242 2982 5297 hoc
3029 5244 3175 5313 quod
3224 5244 3301 5299 ait
3340 5243 3397 5298 in

1817 5334 2089 5404 praesenti.
2141 5332 2364 5388 Pondus
2410 5333 2613 5389 dictum
2667 5341 2751 5389 est
2793 5334 2862 5390 ab
2903 5350 2964 5389 ea
3019 5335 3396 5401 similitudine,

1817 5428 1946 5498 quia
1975 5426 2121 5497 quod
2156 5425 2210 5480 in
2245 5426 2446 5481 trutina
2470 5427 2681 5497 pondus
2713 5426 2893 5493 habet,
2920 5428 3102 5483 carius
3135 5435 3238 5493 est,
3266 5426 3397 5492 illud

1818 5529 1998 5575 autem
2025 5518 2174 5589 quod
2209 5519 2342 5581 leve,
2374 5518 2630 5575 deterius.
2672 5517 2797 5574 Ideo
2845 5519 2964 5575 hzec
3000 5536 3122 5590 quae
3159 5508 3398 5587 patimur

1817 5612 1951 5667 levia
1986 5618 2040 5666 et
2065 5612 2222 5681 quasi
2253 5610 2400 5666 nulla
2424 5611 2734 5681 judicamus
2760 5630 2773 5664 :
2797 5612 2926 5682 quia
2962 5612 3109 5665 nobis
3140 5625 3243 5663 non
3271 5624 3398 5662 con-

1819 5703 2214 5775 templantibus,
2242 5703 2297 5759 id
2327 5714 2412 5760 est
2432 5719 2542 5758 non
2567 5702 2965 5769 affectantibus,
2992 5718 3058 5757 ea
3078 5717 3193 5772 qua:
3213 5699 3392 5754 viden.-

1820 5804 1925 5860 tur,
1953 5795 2042 5851 sed
2063 5813 2124 5850 ea
2148 5811 2264 5866 qua:
2290 5812 2392 5848 non
2414 5795 2673 5849 videntur.
2699 5793 2824 5849 Ideo
2849 5808 2971 5864 qum
2985 5793 3225 5847 videntur
3248 5804 3399 5862 sper-
