3904 6298
530 296 639 351 2ὗ9

1101 290 1157 346 S.
1197 286 1542 346 BRUNONIS
1575 277 2213 339 CARTHUSIANORUM
2246 276 2731 334 lNSTlTUTORlS
2768 274 3139 331 OPP.'i1RS
3174 276 3237 331 ll.

3633 289 3723 345 illi

530 379 715 462 nimus
758 424 769 459 :
808 406 940 480 quia
986 405 1299 475 temporalia
1343 412 1464 455 sunt
1508 413 1630 467 qua:
1677 380 1943 451 videntur.
1983 392 2109 447 ideo
2136 399 2183 458 Α
2211 393 2327 448 hmo
2371 393 2609 448 habituri
2638 408 2830 447 sumus
2871 393 3048 447 solum
3082 402 3205 464 post
3232 393 3633 468 dissolutionem,
3660 406 3728 460 di-

528 510 645 566 qua:
688 510 789 549 non
834 496 1076 550 videntur
1125 494 1517 553 desideramus,
1567 487 1696 556 quia
1741 494 1939 540 aeterna
1981 492 2103 538 sunt

526 604 651 660 quae
688 602 799 642 non
837 587 1103 643 videntur.

1152 672 1379 730 CAPUT
1420 671 1481 725 V.

605 793 623 826 ο
666 772 885 829 Scimus
905 787 1051 826 enim
1082 768 1336 839 quoniam
1377 766 1425 821 si
1472 765 1745 820 terrestris
1775 764 1972 820 domus
2001 779 2103 819 no-

534 884 552 917 t
595 874 706 921 stra
740 866 905 935 hujus
935 858 1283 917 habitationis
1310 856 1660 922 dissolvatur,
1691 857 1837 926 quod
1870 856 2105 911 aedifica-

536 977 553 1007 ι
597 957 802 1012 tionem
820 971 887 1010 ex
910 953 1018 1007 Deo
1038 946 1557 1015 habemus,domum
1583 962 1693 1002 non
1715 946 2101 1014 manufactam,

535 1069 552 1099 ι
598 1047 694 1103 sed
727 1055 983 1102 aeternam
1022 1043 1076 1097 in
1117 1039 1290 1098 cmlis.
1331 1037 1467 1094 Nam
1499 1048 1554 1094 et
1580 1039 1636 1094 in
1667 1039 1772 1094 hoc
1798 1039 2107 1111 ingemisci—

532 1158 551 1191 ι
591 1155 736 1204 mus,
759 1134 1149 1193 habitationem
1184 1139 1430 1189 nostram
1463 1146 1587 1201 qua:
1628 1129 1698 1186 de
1729 1131 1868 1186 cutio
1896 1139 1983 1186 est
2006 1147 2103 1186 su-

534 1250 552 1282 ε
599 1228 847 1302 perindui
870 1226 1150 1297 cupientes
1183 1243 1196 1279 :
1234 1224 1282 1280 si
1312 1232 1491 1279 tamen
1520 1223 1719 1289 vestiti,
1749 1230 1805 1278 et
1830 1238 1941 1279 non
1972 1224 2103 1279 nudi

532 1342 549 1374 ε
596 1321 956 1378 inveniamur.
1015 1317 1153 1373 Nam
1192 1325 1248 1373 et
1293 1316 1389 1387 qui
1426 1332 1619 1372 sumus
1654 1316 1709 1370 in
1752 1315 2103 1371 tabernaculo

529 1437 545 1466 ε
590 1416 711 1479 isto,
746 1413 1159 1485 ingemiseimus
1188 1410 1415 1482 gravati,
1442 1426 1509 1464 eo
1540 1409 1686 1480 quod
1726 1409 1982 1464 nolumus
2008 1425 2103 1463 ex-

528 1527 544 1555 ι
591 1504 837 1576 spoliari,
882 1505 978 1560 sed
1023 1502 1402 1575 supervestiri,
1452 1511 1513 1556 ut
1554 1502 1912 1557 absorbeatur
1952 1502 2101 1572 quod

527 1618 546 1649 ο
588 1598 817 1653 mortale
840 1605 947 1662 est,
972 1612 1004 1652 a
1027 1597 1158 1651 vita.
1195 1595 1299 1663 Qui
1334 1603 1517 1650 autem
1551 1594 1714 1650 edicit
1752 1610 1854 1650 nos
1898 1595 1955 1649 in
1995 1595 2105 1680 hoc

527 1708 545 1740 ι
589 1689 789 1759 ipsum,
821 1687 986 1753 Deus,
1014 1686 1108 1758 qui
1136 1685 1289 1749 dedit
1306 1685 1462 1742 nobis
1485 1685 1683 1757 pignus
1715 1684 1959 1755 spiritus.
1988 1685 2100 1740 Au-

2206 500 2337 540 eens
2361 504 2374 539 :
2401 483 2539 540 Vere
2560 500 2683 555 quae
2704 499 2813 539 non
2834 483 3089 540 videntur
3111 495 3308 541 aeterna
3330 497 3453 543 sunt
3482 508 3494 543 :
3523 507 3631 545 nam
3649 512 3734 553 nos

2206 574 2407 645 quibus
2438 574 2588 631 credi
2609 583 2842 645 oportet,
2871 576 3069 629 scimus
3104 577 3372 646 quoniam,
3402 578 3548 649 172
3583 581 3629 637 id
3664 597 3734 641 est

2206 666 2353 736 quod
2402 667 2450 719 si
2497 668 2757 721 terrestris
2796 666 2983 720 domus
3013 676 3213 733 nostra,
3250 668 3303 722 id
3336 678 3417 724 est
3443 685 3623 741 corpus
3651 690 3730 730 no-

2206 768 2403 825 strum,
2434 757 2659 814 materia
2686 765 2742 813 et
2771 758 2894 814 loco
2920 759 3275 816 habitationis
3298 768 3560 817 terrenum
3592 784 3604 818 :
3630 769 3733 836 quia

2205 859 2260 905 et
2286 850 2353 905 de
2379 859 2523 905 terra
2547 859 2651 917 est,
2682 858 2737 906 et
2765 850 2821 904 in
2847 859 2988 905 terra
3018 851 3242 906 habitat.
3278 850 3479 908 Domus
3497 852 3605 909 ideo
3629 860 3733 927 quia
3783 857 3786 860 ’

2204 943 2388 998 anima
2422 943 2476 997 in
2509 957 2577 998 eo
2613 942 2825 998 habitat
2862 941 3012 998 velut
3050 942 3251 1013 aliquis
3279 930 3336 998 in
3360 944 3536 1000 domo.
3571 944 3641 1013 Si,
3668 950 3735 1003 in-

2188 1048 2391 1102 quam,
2420 1034 2606 1088 domus
2629 1043 2809 1088 nostra
2835 1034 2995 1105 hujus
3016 1043 3129 1089 tam
3155 1034 3335 1090 brevis
3360 1042 3415 1089 et
3437 1044 3541 1090 tam
3565 1039 3737 1094 misere

2203 1122 2549 1178 habitationis
2602 1124 2950 1191 dissolvatur,
3013 1125 3286 1195 pradictis
3340 1125 3736 1186 tribulationibus

2204 1230 2302 1283 pro
2334 1214 2555 1270 Christo
2594 1215 2809 1286 passis:
2845 1216 2968 1283 hoc,
3009 1217 3255 1287 inquam,
3295 1216 3514 1282 scimus,
3541 1219 3654 1288 quia
3676 1223 3738 1277 sic

2202 1306 2530 1362 dissolvetur
2573 1326 2586 1361 :
2619 1316 2673 1362 et
2713 1308 2934 1378 quando
2975 1308 3301 1364 dissolvetur
3346 1309 3481 1379 quod
3530 1310 3737 1367 habemus

2146 1419 2159 1432 ·
2202 1410 2557 1469 purpuratam
2577 1401 2984 1470 wdiﬁcationem
3007 1418 3073 1457 ea:
3093 1401 3223 1469 Deo,
3255 1403 3309 1457 id
3337 1412 3422 1457 est
3447 1417 3630 1473 corpus
3655 1406 3738 1459 im-

2202 1492 2455 1559 mortale,
2484 1492 2643 1548 nobis
2671 1492 2998 1548 aediﬁcatum
3048 1509 3081 1548 a
3128 1492 3241 1549 Deo
3265 1512 3280 1549 :
3309 1509 3420 1549 non
3460 1496 3596 1565 quod
3624 1495 3738 1553 Deus

2201 1582 2430 1637 mortale
2474 1597 2673 1652 corpus
2711 1597 2823 1637 non
2852 1581 3081 1639 fecerit:
3113 1583 3208 1639 sed
3233 1584 3361 1655 quia
3395 1584 3521 1639 illud
3549 1601 3640 1656 per
3661 1588 3741 1641 mi-

2200 1673 2484 1729 nisterium
2517 1674 2747 1730 masculi
2767 1684 2821 1730 et
2846 1673 3065 1731 feminae
3090 1691 3442 1732 concrescere
3461 1677 3631 1747 jussit.
3654 1678 3739 1733 lm-

527 1801 546 1832 ,
589 1745 778 1837 demes
796 1781 958 1852 igitur
980 1745 1213 1850 δέωρθτ,
1235 1788 1289 1834 ει
1314 1745 1825 1848 δοίθηιθευαυοηίδω
1848 1778 1977 1834 dum
2002 1795 2100 1835 ευ-
2132 1745 2177 1805 Β
2203 1766 2430 1820 mortale
2458 1774 2641 1821 autem
2679 1782 2881 1837 corpus
2913 1767 3033 1824 sine
3065 1768 3318 1824 ministro
3347 1789 3360 1823 :
3392 1778 3447 1824 et
3486 1770 3593 1840 ipse
3627 1772 3740 1826 idem

526 1890 544 1920 ε
590 1885 715 1925 mus
743 1870 798 1924 in
822 1869 926 1924 hoc
946 1882 1195 1938 corpore,
1221 1867 1632 1939 peregrinantur
1656 1883 1688 1922 a
1718 1866 1967 1923 Domino.
1997 1867 2103 1927 Per

529 1980 546 2011 ι
590 1960 748 2016 ﬁdem
779 1961 924 2015 enim
953 1960 1318 2025 ambulamus,
1349 1969 1405 2014 et
1428 1975 1537 2014 non
1568 1974 1664 2029 per
1688 1960 1945 2029 speciem.
1984 1960 2100 2017 Au-

527 2072 545 2101 ι
590 2051 783 2107 demus
807 2060 1012 2117 autem,
1034 2062 1089 2105 et
1107 2051 1308 2106 bonam
1333 2050 1668 2106 voluntatem
1691 2050 1958 2107 habemus
1979 2068 2099 2107 ma-

524 2163 541 2193 ¢
586 2143 670 2214 gis
704 2142 1037 2214 peregrinari
1072 2157 1103 2197 a
1150 2156 1395 2212 corpore,
1445 2151 1501 2197 et
1535 2149 1829 2211 praesentes
1867 2156 1990 2198 esse
2033 2142 2102 2198 ad

521 2253 542 2283 ι
584 2232 875 2288 Dominum
911 2230 1151 2304 [Deum],
1187 2239 1241 2287 et
1265 2231 1384 2286 ideo
1415 2230 1794 2286 contendimus
1839 2231 1954 2286 sive
2004 2232 2102 2287 ab-

524 2343 543 2374 ο
591 2332 774 2379 sentes
818 2322 930 2376 sive
964 2331 1260 2392 praesentes
1305 2321 1518 2391 placere
1560 2320 1655 2374 illi.
1713 2318 1918 2375 Omnes
1951 2321 2098 2375 enim

524 2434 542 2465 ο
586 2428 688 2469 nos
716 2412 1052 2468 manifestari
1089 2420 1300 2481 oportet
1330 2420 1455 2465 ante
1496 2410 1737 2465 tribunal
1776 2410 2002 2478 Christi,
2040 2420 2103 2468 ut

521 2525 541 2555 ι
582 2502 781 2558 referat
801 2502 1180 2573 unusquisque
1206 2501 1423 2572 propria
1453 2501 1701 2570 corporis
1720 2510 1880 2571 prout
1908 2502 2099 2572 gessit,

522 2615 543 2647 ι
589 2595 704 2651 sive
732 2595 935 2650 bonum
976 2594 1091 2648 sive
1118 2593 1341 2649 malum.
1390 2588 1633 2649 Scientes
1672 2608 1803 2664 ergo
1847 2594 2097 2648 timorem

518 2704 542 2737 ι
586 2684 801 2741 Domini
826 2684 1143 2740 hominibus
1168 2683 1482 2750 suademus,
1510 2682 1621 2739 Deo
1647 2692 1830 2739 autem
1860 2683 2097 2739 manife-

522 2796 540 2828 ι
586 2777 659 2832 sti
685 2792 895 2833 sumus.
938 2774 1110 2846 Spero
1135 2782 1317 2830 autem
1355 2782 1411 2829 et
1452 2774 1509 2828 in
1532 2774 1877 2830 conseientiis
1899 2774 2099 2829 vestris

522 2889 541 2920 ι
586 2865 907 2923 manifestos
939 2881 1041 2921 nos
1073 2881 1214 2922 esse.
1268 2862 1389 2920 Non
1415 2864 1615 2920 iterum
1648 2864 2101 2920 commendamus

518 2978 537 3009 ι
583 2972 686 3012 nos
712 2956 888 3022 vobis,
930 2955 1024 3012 sed
1055 2955 1398 3012 occasionem
1425 2956 1622 3011 damus
1648 2955 1802 3011 vobis
1826 2955 2094 3027 gloriandi

2176 1857 2256 1912 'in
2288 1873 2355 1913 eo
2388 1857 2550 1915 faciet
2574 1859 3062 1915 immortalitatem.
3105 1858 3383 1916 Habemus
3404 1862 3584 1933 utique
3605 1864 3742 1919 aditi-

2200 1947 2489 2011 cationem,
2514 1946 2741 2013 scilicet,
2767 1948 3003 2016 domum,
3035 1964 3140 2002 non
3166 1965 3350 2014 manu,
3373 1950 3428 2005 id
3451 1960 3648 2007 estnon
3667 1970 3744 2023 per

2199 2035 2565 2091 ministerium
2593 2035 2819 2092 alterius
2844 2037 3067 2106 factam,
3093 2037 3191 2093 sed
3215 2047 3469 2093 (sternam
3486 2040 3539 2093 in
3559 2042 3684 2096 cwlis
3701 2054 3745 2098 et

2200 2136 2628 2197 permanentem.
2683 2127 2789 2184 Per
2836 2129 3063 2184 domum
3105 2139 3161 2186 et
3201 2145 3297 2200 per
3340 2131 3743 2199 mdiﬂcationem,

2198 2232 2397 2288 corpus
2440 2219 2748 2275 immortale
2795 2218 3088 2290 significat.
3152 2218 3292 2275 Vere
3330 2220 3643 2277 habebimus
3667 2224 3745 2278 do-

2199 2324 2349 2363 mum
2374 2318 2632 2364 azternam
2668 2310 2726 2364 in
2752 2311 2906 2366 caelis
2932 2330 2946 2367 :
2978 2327 3104 2365 nam
3131 2326 3234 2367 nos
3255 2312 3636 2382 iugemiscimus
3658 2330 3741 2367 non

2199 2408 2421 2469 propter
2442 2414 2507 2455 ea
2537 2415 2661 2471 qum
2688 2402 2947 2471 patimur,
2976 2418 3090 2458 non
3117 2404 3264 2476 quod
3291 2404 3363 2459 de
3405 2405 3638 2460 habenda
3670 2408 3745 2461 ita.

2200 2491 2534 2546 mortalitate
2578 2493 2869 2549 timeamus
2898 2513 2911 2548 :
2945 2495 3039 2550 sed
3074 2495 3484 2566 ingemiscenda
3510 2497 3747 2553 desidera-

2199 2598 2323 2638 mus
2353 2583 2407 2636 in
2437 2583 2555 2650 hoc,
2590 2583 2644 2639 id
2671 2594 2755 2640 est
2791 2585 2847 2653 in
2893 2585 3038 2642 hanc
3071 2587 3536 2644 immortalitatem
3574 2591 3746 2645 venire.

2197 2674 2634 2746 lngemiseimus,
2684 2676 2941 2747 inquam,
2994 2680 3258 2749 cupientes
3298 2683 3747 2752 superindui:nos

2193 2768 2307 2837 jam
2345 2768 2519 2831 induti
2549 2783 2744 2824 sumus
2768 2769 3215 2839 justiﬁeationem
3263 2775 3464 2830 animae
3494 2794 3507 2829 :
3537 2786 3586 2831 et
3613 2793 3749 2846 super

2199 2861 2303 2916 hoc
2356 2861 2610 2917 volumus
2651 2861 2804 2918 indui
2852 2863 3243 2921 habitationem
3285 2876 3551 2935 nostram,
3593 2871 3641 2925 id
3681 2879 3749 2925 est

2197 2954 2443 3022 corporis
2475 2954 2939 3011 immortalitatem
2963 2972 3086 3027 qua:
3110 2957 3381 3016 habitatio
3403 2968 3488 3016 est
3508 2962 3655 3018 nobis
3673 2978 3748 3017 ve-

518 3068 536 3099 ι
580 3064 681 3119 pro
716 3048 904 3113 nobis;
931 3056 992 3102 ut
1020 3046 1270 3103 habeatis
1302 3047 1372 3103 ad
1403 3061 1520 3114 eos,
1552 3046 1648 3117 qui
1696 3047 1753 3101 in
1793 3046 1934 3102 facie
1976 3046 2097 3118 glo-
2129 3108 2165 3119 Δ
2200 3046 2356 3101 niens
2375 3047 2441 3101 de
2462 3047 2621 3102 cailo.
2663 3046 3051 3105 lmmortalitas
3085 3052 3232 3107 enim
3276 3053 3441 3110 nobis
3477 3064 3751 3110 reservatur

519 3159 537 3190 ι
584 3140 817 3206 riantur,
848 3149 900 3194 et
942 3154 1050 3194 non
1079 3139 1134 3194 in
1162 3138 1343 3194 corde.
1384 3138 1510 3193 Sive
1546 3139 1692 3193 enim
1734 3148 1912 3193 mente
1940 3153 2096 3193 exee-
2124 3108 2169 3169 ε
2201 3135 2254 3190 in
2278 3136 2449 3192 caelis.
2488 3135 2603 3193 Hae
2626 3146 2809 3193 tamen
2849 3140 3162 3196 conditione
3192 3142 3316 3198 dico
3342 3144 3650 3214 superindui
3674 3162 3686 3199 :
3712 3144 3749 3199 si

519 3252 538 3283 ι
583 3233 785 3297 dimus,
822 3232 971 3288 Deo:
1004 3232 1117 3288 sive
1154 3231 1323 3288 sobrii
1360 3248 1573 3299 sumus,
1618 3232 1795 3288 vobis.
1843 3231 2097 3289 Charitas

518 3345 540 3377 ι
580 3326 725 3380 enim
751 3324 955 3379 Christi
977 3332 1133 3397 urget
1156 3339 1258 3380 nos
1284 3344 1296 3379 :
1323 3325 1654 3380 aestimantes
1680 3325 1804 3392 hoc,
1834 3326 2095 3396 quoniam

523 3438 542 3469 ι
589 3420 636 3473 si
672 3432 815 3471 unus
850 3431 949 3487 pro
996 3417 1252 3472 omnibus
1292 3426 1544 3471 mortuus
1590 3426 1693 3482 est,
1744 3432 1872 3488 ergo
1906 3433 2097 3474 omnes

520 3529 542 3561 σ
587 3509 787 3564 mortui
827 3517 974 3574 sunt,
1016 3517 1070 3563 et
1113 3522 1211 3578 pro
1249 3508 1505 3562 omnibus
1534 3518 1783 3564 mortuus
1815 3519 1901 3564 est
1936 3509 2097 3569 Chri-

519 3618 539 3650 s
583 3605 702 3653 stus
732 3616 746 3651 :
785 3607 843 3652 ut
867 3605 921 3651 et
947 3597 1042 3667 qui
1078 3598 1287 3663 vivunt,
1324 3598 1438 3668 jam
1479 3613 1587 3653 non
1618 3598 1721 3653 sibi
1748 3599 1965 3666 vivant;
2001 3602 2096 3657 sed

523 3710 541 3741 ς
587 3691 636 3745 ei
665 3690 760 3760 qui
781 3704 881 3761 pro
906 3688 1041 3760 ipsis
1062 3697 1313 3744 mortuus
1340 3698 1446 3755 est,
1473 3699 1528 3745 et
1552 3692 1871 3746 resurrexit.
1910 3690 2097 3763 itaque

520 3802 540 3834 ι
584 3797 684 3838 nos
706 3796 773 3836 ex
803 3781 908 3836 hoc
933 3780 1207 3837 neminem
1233 3781 1488 3837 novimus
1518 3783 1819 3838 secundum
1840 3799 2091 3840 carnem:

521 3897 540 3927 α
587 3885 642 3931 et
687 3876 733 3932 si
787 3877 1145 3948 cognovimus
1189 3877 1487 3933 secundum
1529 3895 1750 3936 carnem
1792 3879 2094 3949 Christum,

524 3990 538 4018 ι
584 3967 679 4023 sed
706 3984 853 4024 nunc
874 3968 987 4039 jam
1019 3984 1126 4023 nou
1153 3968 1423 4024 novimus.
1465 3967 1521 4023 Si
1547 3987 1654 4041 qua
1680 3986 1810 4043 ergo
1850 3972 1908 4027 in
1944 3972 2096 4029 Chri-

524 4078 540 4107 t
588 4066 674 4112 5ιο
705 4073 846 4112 nova
867 4064 1115 4112 creatura
1139 4066 1242 4123 est,
1276 4065 1458 4112 vetera
1493 4059 1845 4128 transierunt,
1876 4070 1931 4117 ει
1970 4077 2096 4118 CCCC

523 4170 541 4199 ι
586 4148 726 4204 facta
746 4156 875 4204 sunt
900 4148 1085 4203 omnia
1107 4163 1248 4203 nova
1277 4146 1437 4219 (Isai.
1467 4165 1621 4217 mn,
1652 4150 1756 4217 l9;
1783 4151 1947 4222 Apoc.
1977 4169 2093 4220 xxi,

523 4260 541 4290 ι
584 4241 659 4309 5).
700 4238 895 4294 Omnia
938 4247 1117 4293 autem
1156 4253 1225 4293 ex
1268 4237 1401 4305 Deo,
1446 4240 1540 4309 qui
1581 4254 1684 4295 nos
1726 4242 2097 4298 reconciliavit

524 4353 541 4384 ι
588 4332 692 4387 sibi
740 4346 835 4400 per
877 4329 1155 4385 Christum
1192 4348 1204 4384 :
1251 4338 1306 4385 et
1345 4330 1492 4385 dedit
1534 4331 1697 4388 nobis
1730 4333 2094 4390 ministerium

523 4446 539 4473 ι
586 4421 1062 4477 reconciliationis.
1122 4419 1392 4488 Quoniam
1434 4423 1653 4493 quidem
1695 4423 1838 4480 Deus
1876 4435 1994 4481 erat
2038 4426 2091 4481 in
2126 4448 2171 4505 ι)

523 4536 541 4565 ι
586 4514 804 4569 Christo
831 4511 1092 4568 mundum
1119 4514 1478 4569 reconcilians
1507 4514 1611 4570 sibi
1645 4534 1657 4569 :
1690 4531 1798 4571 non
1831 4525 2092 4587 reputans

523 4627 541 4659 ε
589 4607 693 4661 illis
724 4606 920 4660 delicta
968 4605 1233 4674 ipsorum,
1270 4615 1323 4659 et
1351 4605 1536 4675 posuit
1564 4606 1618 4659 in
1660 4606 1818 4662 nobis
1866 4608 2090 4662 verbum

523 4716 541 4748 ι
584 4696 1064 4752 reconciliationis.
1122 4693 1227 4750 Pro
1254 4695 1474 4752 Christo
1514 4712 1645 4769 ergo
1672 4697 1939 4768 legatione
1963 4697 2091 4753 fun-

524 4806 541 4838 ι
585 4789 788 4859 gimur,
828 4797 1086 4858 tanquam
1132 4785 1245 4841 Deo
1269 4788 1589 4844 exhortante
1619 4805 1714 4859 per
1754 4805 1873 4845 nos.
1923 4787 2093 4844 0bse~

524 4896 542 4928 ι
584 4894 801 4934 eramus
825 4893 925 4948 pro
947 4876 1187 4943 Christo,
1216 4878 1643 4932 reconciliamini
1671 4876 1800 4932 Deo.
1837 4876 1976 4933 Eum
1998 4879 2094 4949 qui

525 4987 545 5020 ‹
588 4984 697 5023 non
730 4977 952 5023 noverat
981 4980 1281 5039 peccatum,
1310 4987 1408 5041 pro
1437 4972 1596 5027 nobis
1623 4981 1902 5043 peceatum
1926 4972 2053 5030 fecit
2078 4994 2094 5029 :

529 5079 547 5111 ι
592 5067 652 5114 ut
685 5074 787 5114 nos
817 5058 1148 5137 elliceremur
1181 5061 1395 5131 justitia
1430 5062 1524 5118 Dei
1562 5065 1615 5118 in
1652 5065 1790 5134 ipso.
1838 5086 1858 5117 ι

1160 5169 1463 5209 EXPOSITIO.

588 5240 802 5297 Diceret
840 5242 1038 5312 aliquis
1065 5261 1077 5295 :
1111 5242 1187 5299 De
1223 5245 1522 5300 mternitate
1552 5245 1933 5318 invisibilium,
1963 5248 2096 5319 quid

520 5334 690 5390 scitur
731 5334 836 5389 nisi
874 5333 1271 5389 ostendantur?
1303 5333 1503 5405 Utique
1530 5337 1606 5391 ait
1632 5336 1855 5396 Paulus.
1905 5339 2095 5407 Quan-

520 5425 613 5480 diu
644 5425 698 5479 in
728 5436 941 5479 terrena
964 5422 1298 5479 habitatione
1321 5434 1589 5493 tenemur,
1625 5429 1808 5486 videre
1832 5446 1945 5485 non
1972 5446 2100 5501 pos-

520 5532 745 5581 sumus;
773 5514 866 5570 sed
895 5512 1145 5569 dissoluti
1180 5514 1362 5568 statim
1391 5516 1741 5584 accipiemus.
1783 5518 1849 5574 Et
1872 5535 2098 5575 causam

521 5608 694 5679 ponit,
740 5622 909 5678 quare
949 5604 1131 5658 videre
1176 5622 1283 5659 non
1326 5623 1642 5676 possumus,
1687 5611 1853 5665 idest
1889 5612 2015 5681 quia
2045 5612 2101 5667 in

523 5701 850 5756 mortalitate
870 5694 1047 5751 adhuc
1067 5704 1313 5751 tenemur
1340 5739 1357 5750 .
1375 5707 1427 5752 et
1449 5706 1661 5767 tempus
1684 5709 1857 5767 notat,
1882 5703 2100 5771 quando

2200 3242 2301 3282 nos
2329 3228 2657 3283 inveniamur
2676 3228 2735 3283 in
2761 3230 2848 3285 die
2882 3231 2977 3285 illo
3018 3234 3191 3287 vestiti
3232 3234 3618 3304 justiﬁcatione
3654 3236 3751 3289 ani-

2197 3333 2320 3383 mae,
2346 3333 2467 3387 quae
2495 3317 2549 3372 in
2578 3318 2848 3389 baptismo
2894 3323 3018 3378 data
3053 3332 3137 3378 est
3170 3325 3331 3382 nobis
3374 3328 3548 3397 prima
3588 3328 3748 3383 vestis.

2198 3407 2409 3463 Diceret
2428 3408 2516 3463 ille
2541 3429 2553 3463 :
2580 3409 2733 3466 Sicut
2751 3413 2929 3468 vestiti
2951 3414 3023 3468 ita
3046 3423 3100 3468 et
3123 3415 3255 3470 nudi
3277 3430 3474 3474 omnes
3496 3418 3752 3473 indiscrete

2197 3501 2676 3572 superinduentur.
2726 3500 2841 3559 Hoc
2889 3515 3152 3561 removet.
3197 3505 3388 3563 Vcstiti
3430 3510 3640 3580 quidem
3678 3508 3752 3562 in-

2196 3593 2434 3648 duentur
2469 3610 2484 3646 :
2524 3596 2618 3650 sed
2662 3596 2793 3651 nudi
2835 3596 3053 3666 justitia
3089 3599 3288 3656 animae
3331 3616 3446 3655 non
3485 3601 3753 3657 vestientur

2196 3686 2442 3757 corporis
2468 3686 2894 3743 immortalitate.
2936 3688 3099 3746 Notat
3128 3691 3218 3748 hic
3246 3692 3358 3747 duo
3380 3707 3577 3764 genera
3599 3693 3743 3748 bono.

2198 3796 2319 3834 rum
2347 3798 2360 3833 :
2398 3779 2864 3850 contemplativos,
2907 3781 2976 3837 de
3008 3783 3210 3853 quibus
3236 3785 3401 3841 modo
3421 3786 3751 3855 praedixitzet

2196 3886 2292 3926 eos
2326 3871 2418 3942 qui
2462 3871 2516 3925 in
2556 3871 2730 3927 activa
2782 3873 2895 3927 vita
2941 3883 3245 3941 manentes,
3284 3876 3554 3946 justitiam
3595 3887 3751 3933 tamen

2198 3962 2291 4018 Dei
2325 3964 2639 4019 custodiunt
2666 3966 2770 4021 :de
2792 3965 2995 4037 quibus
3025 3967 3207 4024 subdit
3231 3968 3422 4026 dicens
3448 3989 3462 4024 :
3496 3968 3627 4026 Vere
3650 3983 3754 4038 per-

2197 4053 2320 4109 fecti
2349 4045 2730 4126 ingemiscunt,
2752 4057 3037 4127 cupientes
3056 4060 3374 4130 superindui
3399 4060 3755 4116 immortalita-

2197 4152 2302 4198 tem
2331 4164 2344 4198 :
2374 4160 2499 4198 nam
2531 4139 2698 4200 etiam
2727 4161 2833 4201 nos
2853 4147 3039 4203 minus
3081 4148 3333 4219 perfecti,
3371 4152 3464 4220 qui
3504 4166 3674 4204 unus
3708 4149 3754 4201 in

2198 4235 2535 4301 tabernaculo
2555 4238 2657 4291 isto
2680 4254 2699 4291 :
2720 4238 2923 4308 quibus
2947 4238 3156 4294 bonum
3182 4249 3269 4295 est
3293 4256 3419 4296 esse
3452 4242 3507 4296 in
3541 4257 3692 4297 carne
3709 4251 3756 4295 et

2197 4328 2405 4383 nutrire
2432 4344 2552 4384 eam
2587 4348 2600 4383 :
2635 4345 2759 4400 qua:
2790 4346 2922 4386 caro
2952 4331 3363 4388 tabernaculum
3386 4334 3586 4390 dicitur
3607 4353 3620 4389 :
3641 4334 3753 4404 quia

2198 4420 2251 4474 in
2289 4434 2353 4472 ea
2390 4420 2623 4475 militare
2651 4420 2811 4476 debet
2845 4421 3027 4477 anima
3062 4420 3176 4477 Deo
3226 4448 3237 4477 ι
3285 4438 3393 4479 nos
3436 4423 3599 4480 etiam
3637 4423 3757 4478 tales

2196 4510 2632 4579 ingemisrimus;
2673 4512 2989 4582 superindui
3029 4513 3282 4570 similiter
3307 4515 3583 4586 cupientes
3608 4533 3621 4570 :
3648 4514 3757 4568 licet

2197 4603 2401 4669 gravati
2428 4601 2602 4657 simus
2635 4617 2701 4657 eo
2728 4618 2954 4672 corpore
2981 4622 2995 4658 :
3028 4605 3167 4675 quod
3200 4616 3383 4661 tamen
3407 4605 3650 4662 foventes
3671 4618 3755 4657 ηο-

2196 4694 2370 4747 lumus
2400 4694 2710 4764 exspoliari,
2741 4694 2795 4749 id
2825 4704 2911 4751 est
2942 4696 3013 4751 ab
3048 4697 3231 4753 anima
3261 4698 3506 4769 separari
3535 4716 3550 4753 :
3579 4697 3668 4753 sed
3693 4694 3754 4764 (si

2198 4786 2456 4855 possibile
2499 4790 2664 4859 esset)
2707 4789 2961 4845 volumus
2983 4788 3102 4846 sine
3132 4790 3282 4846 illata
3312 4799 3489 4847 morte
3515 4803 3754 4860 superve-

2200 4878 2319 4932 stiri
2367 4879 2771 4936 immortalitate
2803 4900 2819 4935 ε
2849 4881 2922 4936 ita
2959 4891 3019 4936 ut
3053 4896 3253 4953 corpus
3287 4883 3425 4953 quod
3460 4898 3605 4941 nunc
3631 4895 3757 4934 mor-

2196 4963 2301 5017 tale
2338 4974 2440 5030 est,
2470 4981 2579 5021 non
2605 4967 2874 5036 gustando
2901 4977 3156 5036 mortem,
3190 4980 3408 5040 repente
3433 4970 3758 5025 absorbeatur

2195 5070 2228 5108 a
2248 5056 2354 5108 vita
2388 5058 2801 5127 superveniente
2825 5078 2840 5112 :
2862 5066 2917 5113 et
2944 5060 3025 5115 sic
3048 5059 3145 5115 fiat
3184 5061 3510 5116 immortale.
3565 5059 3627 5114 Et
3646 5060 3757 5114 licet

2180 5146 2396 5215 odicam,
2426 5164 2527 5205 nos
2571 5149 2980 5222 ingemiscimus
3017 5161 3074 5207 et
3116 5153 3430 5223 superindui
3474 5153 3753 5223 cupimus:

2197 5250 2376 5295 tamen
2407 5256 2516 5295 non
2544 5258 2576 5296 a
2601 5242 2759 5298 nobis
2791 5242 2894 5298 hoc
2911 5254 2996 5300 est
3018 5262 3032 5299 :
3055 5245 3150 5300 sed
3172 5246 3262 5315 qui
3295 5246 3444 5315 allicit
3470 5262 3562 5299 nos
3584 5245 3636 5297 in
3664 5242 3759 5295 hoc

2195 5331 2487 5400 desiderio,
2517 5343 2571 5390 et
2599 5334 2675 5389 ita
2703 5337 2759 5389 in
2782 5336 2877 5391 hoc
2906 5344 2968 5391 ut
2999 5337 3071 5392 sit
3097 5338 3290 5408 ipsum,
3326 5338 3379 5392 id
3426 5348 3512 5393 est
3554 5348 3758 5406 perma-

2196 5437 2332 5478 nens
2363 5423 2418 5477 in
2445 5425 2606 5483 nobis
2636 5425 2741 5482 hoc
2771 5426 3102 5485 desiderium
3148 5448 3163 5485 :
3206 5430 3322 5500 qui,
3378 5430 3621 5499 inquam,
3663 5426 3754 5478 huc

2196 5514 2501 5577 desiderare
2528 5533 2629 5573 nos
2656 5517 2805 5585 facit,
2835 5518 2975 5575 Deus
3000 5531 3104 5578 est.
3150 5520 3241 5578 Vel
3273 5524 3427 5578 aliter
3460 5519 3760 5592 praecedens

2197 5621 2387 5660 vorsus
2412 5606 2607 5677 legitur
2634 5610 2714 5663 sic
2747 5628 2759 5663 :
2788 5608 3058 5667 Debemus
3101 5614 3455 5685 ingemiscere
3500 5607 3758 5668 desiderio

2200 5697 2316 5766 ejus
2346 5698 2713 5767 habitationis,
2741 5716 2862 5770 quia
2889 5711 2975 5758 est
3007 5705 3074 5760 de
3102 5707 3260 5762 οωιο.
3297 5705 3434 5761 Nam
3470 5706 3634 5759 etiam
3668 5698 3755 5754 Λθ-
