3928 6430
48 438 164 492 2-H

720 444 1084 505 EXPOSlTlO
1120 448 1189 504 IN
1226 448 1605 508 EPISTOLAS
1639 453 1869 511 PAULI.
1907 454 2048 509 —lN
2086 452 2307 512 EPIST.
2346 456 2392 510 ll
2429 457 2520 511 AD
2556 456 2710 532 COR.

3266 460 3381 515 212

52 550 291 609 siderio
360 564 722 613 terrenorum
768 559 1197 631 ingemiscimus.
1249 562 1407 631 Quod
1454 565 1529 620 ita
1575 566 1651 622 ait
1687 586 1701 622 :
1731 573 1781 632 Α
1807 583 1959 623 mum
1989 568 2094 625 hoc
2128 569 2450 626 beneﬁcium
2498 571 2835 641 promeruit:
2889 571 3127 642 gessisse
3175 574 3378 630 dicitur

56 642 179 699 Nos
221 645 343 714 qui
380 662 588 702 sumus
621 647 675 702 in
707 650 1059 708 tabernaculo
1084 642 1208 721 isto,
1255 654 1310 709 id
1347 664 1432 711 est
1456 656 1512 710 in
1539 671 1703 711 carne

56 734 175 788 ista
216 748 433 803 quam
470 737 760 803 nutrimus,
796 739 922 795 licet
954 743 1161 812 gravati
1203 743 1346 799 mole
1373 744 1539 816 hujus
1577 760 1702 801 car-

56 824 175 889 nis,
242 833 472 881 tamen
499 828 907 899 ingemiscimus
940 847 1006 888 eo
1038 835 1203 904 quod,
1226 836 1281 891 id
1300 845 1383 893 est
1406 837 1547 904 ideo,
1574 839 1703 909 quia

63 916 362 972 nolumus
399 919 699 989 exspoliari
725 924 1037 981 carnalibus
1068 926 1224 983 istis:
1258 929 1353 984 sed
1374 929 1554 986 subito
1587 931 1701 985 vel-

63 1008 260 1063 lemus
305 1013 685 1081 supervestiri
719 1014 1127 1075 immortalitate
1155 1039 1168 1075 :
1192 1029 1272 1089 ut,
1297 1023 1443 1093 quod
1474 1024 1703 1079 mortale

63 1112 176 1169 est,
204 1104 610 1161 absorbeatur
641 1123 673 1162 a
700 1108 812 1164 vita
840 1128 852 1163 :
878 1109 983 1166 hoc
1014 1126 1121 1167 non
1168 1122 1429 1169 mutatur.
1469 1114 1538 1170 Et
1578 1115 1702 1172 licet

72 1195 551 1266 ingemiscamus
584 1213 772 1255 amore
820 1209 1186 1272 terrenarum,
1231 1213 1413 1262 tamen
1447 1205 1591 1263 Deus
1617 1217 1701 1263 est

74 1289 169 1358 qui
205 1286 405 1343 eﬂlcit
456 1290 515 1344 in
555 1290 660 1347 hoc
699 1293 901 1363 ipsum,
946 1302 1010 1350 ut
1057 1296 1343 1367 cupiamus
1383 1299 1699 1369 superindui

87 1379 457 1438 habitatione
484 1398 608 1453 qua:
627 1384 694 1439 de
714 1385 854 1442 caelo
893 1395 978 1443 est
1000 1406 1013 1443 :
1041 1399 1417 1460 praeponentes
1459 1393 1698 1449 coelestia

92 1471 327 1531 terrenis
367 1491 386 1527 :
428 1472 577 1531 Deus
605 1475 728 1532 dico
753 1478 850 1548 qui
880 1493 983 1535 nos
1007 1496 1134 1536 vere
1176 1481 1372 1538 eﬁieiet
1416 1483 1699 1539 immorta—

88 1562 181 1618 les.
219 1562 409 1631 Quod
437 1572 507 1621 ex
541 1582 609 1622 eo
634 1568 779 1623 credi
813 1554 1029 1640 potest:
1060 1573 1186 1643 quia
1220 1574 1365 1628 dedit
1393 1575 1507 1646 jam
1550 1577 1697 1630 nobis

80 1657 274 1727 pignus
305 1659 576 1728 spiritus,
624 1660 680 1716 id
722 1670 807 1718 est
858 1661 1121 1734 Spiritum
1162 1675 1434 1736 sanctum,
1475 1670 1569 1739 qui
1614 1680 1699 1727 est

82 1748 248 1803 arrha
298 1758 365 1805 et
403 1751 737 1823 principium
769 1754 1212 1824 immortalitatis,
1248 1773 1415 1829 quam
1453 1760 1699 1830 perﬁciet

80 1838 137 1892 in
163 1839 364 1897 nobis.
408 1841 481 1897 Et
502 1843 634 1914 quia
660 1843 803 1901 Deus
831 1845 991 1902 efﬁcit
1016 1863 1118 1905 nos
1147 1849 1204 1904 in
1232 1850 1338 1906 hoc
1360 1850 1560 1923 ipsum,
1588 1853 1694 1925 lgi-

1804 668 2056 716 mortuus
2092 660 2242 731 quod
2281 661 2367 717 vel
2401 661 2674 732 disposuit
2723 662 2867 728 ﬁeri,
2917 663 3003 718 vel
3052 666 3375 733 promeruit.

1803 749 1944 817 Quia
1979 768 2173 809 omnes
2200 761 2326 809 ante
2356 754 2599 809 tribunal
2627 752 2833 809 Christi
2859 754 3372 813 manifestabimur:

1799 859 1923 915 ergo
1961 845 2183 899 scientes
2209 845 2509 903 timendum
2539 861 2660 902 esse
2705 845 2996 902 Dominum
3021 891 3037 915 ,
3091 850 3375 905 suademus

1800 933 2101 989 hominibus
2133 936 2373 991 timorem
2398 935 2635 1003 Domini,
2665 944 2727 991 ut
2746 936 2813 992 de
2843 946 3138 1008 conspectu
3172 939 3379 1008 judicis

1800 1023 2045 1079 referant
2083 1024 2311 1079 bonum.
2363 1023 2673 1095 Opponeret
2729 1026 2780 1080 ei
2838 1027 3036 1098 aliquis
3098 1048 3111 1083 :
3166 1028 3377 1086 Suades

1801 1115 1905 1171 hoc
1942 1131 2053 1172 non
2087 1124 2199 1170 tam
2235 1116 2305 1172 ad
2331 1117 2619 1172 utilitatem
2651 1118 2957 1186 hominum,
2998 1130 3266 1190 quantum
3308 1123 3375 1177 ad

1799 1206 2331 1263 commendationem
2376 1216 2547 1264 tuam.
2606 1208 2811 1265 Contra
2845 1211 2954 1267 hoc
3001 1213 3079 1267 ait
3115 1232 3128 1267 :
3167 1211 3376 1270 Suade-

1798 1313 1923 1353 mus
1958 1298 2038 1354 sic
2070 1299 2386 1355 hominibus
2437 1319 2449 1354 :
2506 1299 2615 1355 Deo
2650 1312 2824 1357 autem
2855 1319 3038 1358 sumus
3074 1305 3373 1375 manifesti,

1797 1404 1906 1458 qua
1950 1390 2251 1445 intentione
2299 1392 2630 1471 suademus,
2658 1408 2754 1448 seu
2795 1395 3016 1449 utilitati
3062 1396 3372 1462 hominum,

1797 1496 1893 1534 seu
1920 1482 2377 1538 commendationi
2417 1492 2637 1539 nostrae.
2697 1482 2809 1540 Nec
2836 1485 3014 1540 solum
3047 1485 3158 1565 Deo
3206 1505 3219 1541 :
3274 1487 3370 1542 sed

1795 1570 1960 1628 etiam
1990 1587 2139 1641 spero
2169 1588 2262 1626 nos
2291 1589 2402 1627 esse
2435 1574 2742 1644 manifestos
2776 1575 2834 1628 in
2879 1576 3210 1629 conscientiis
3261 1592 3374 1630 ves-

1796 1661 1894 1716 tris
1924 1678 1943 1715 :
1968 1663 2099 1733 quia
2133 1664 2237 1720 etsi
2282 1678 2378 1720 ore
2426 1664 2493 1721 de
2546 1665 2705 1721 nobis
2761 1666 3085 1722 maledicitis
3116 1708 3132 1733 ,
3182 1676 3367 1723 tamen

1794 1754 1943 1810 intus
1972 1755 2380 1826 nobismetipsis
2414 1756 2554 1812 bene
2600 1757 2835 1813 sentitis.
2873 1755 2943 1812 Et
2988 1757 3094 1813 hoc
3131 1756 3373 1814 dicentes

1795 1846 1941 1916 quod
1974 1845 2251 1902 manifesti
2277 1847 2451 1903 simus
2485 1847 2597 1903 Deo
2643 1857 2699 1903 et
2744 1849 3096 1905 conscientiis
3128 1850 3327 1905 vestris
3356 1869 3372 1905 :

83 1940 173 1986 tur
211 1934 505 1993 audentes
546 1937 832 1995 audemus.
870 1940 1147 1997 Audentes
1173 1943 1548 2000 assiduitatem
1594 1960 1687 2001 no-

1795 1954 1897 1991 nan
1930 1940 2123 1993 iterum
2152 1939 2321 2010 (sicut
2350 1939 2407 1993 in
2437 1939 2542 1994 alia
2565 1939 2799 2009 epistola
2824 1939 3185 2010 opposuistis)
3226 1956 3373 1994 com-

81 2032 203 2077 tat:
230 2027 523 2084 audemus
556 2029 612 2083 in
641 2029 831 2085 eodem
862 2040 984 2087 actu
1019 2031 1200 2089 adhuc
1236 2048 1359 2089 esse
1402 2035 1691 2107 signiﬁcat.
1714 2094 1741 2125 ὁ

84 2113 398 2184 Audentes,
431 2118 678 2191 inquam,
702 2138 904 2193 semper
931 2133 981 2178 et
1013 2124 1152 2180 bene
1182 2127 1422 2181 scientes.
1462 2126 1694 2195 Quidam

83 2205 247 2260 enim
269 2209 483 2265 audent
504 2212 652 2282 quod
673 2214 925 2270 nesciunt
948 2234 961 2270 :
991 2215 1170 2272 sciunt
1193 2218 1339 2287 quod
1365 2220 1696 2291 quandoque

92 2295 267 2369 173
307 2316 429 2357 non
468 2304 689 2359 audent.
738 2303 849 2361 Nos
875 2306 1065 2379 utique
1097 2323 1311 2379 semper
1339 2310 1599 2367 audentes
1640 2321 1696 2368 et

91 2388 633 2463 scientes,quaniam
656 2396 785 2450 dum
807 2413 988 2452 sumus
1008 2400 1066 2453 in
1086 2399 1191 2454 hoc
1214 2402 1430 2456 mortali
1457 2396 1711 2473 corpore,’

95 2482 531 2554 peregrinantur,
563 2485 619 2542 id
638 2495 726 2543 est
750 2503 1071 2559 separamur
1094 2509 1127 2545 a
1158 2491 1405 2548 Domino.
1444 2493 1691 2567 Peregri-

102 2584 202 2625 nus
224 2570 443 2628 dieitur
468 2575 565 2646 qui
602 2577 774 2633 tendit
804 2579 931 2634 illuc
951 2622 966 2647 ,
1000 2596 1110 2650 quo
1137 2584 1378 2637 nondum
1409 2587 1686 2655 pervenit:

104 2662 183 2717 sic
205 2666 386 2721 sancti
415 2667 475 2722 in
513 2668 618 2724 hoc
658 2671 865 2726 mundo
904 2672 1135 2729 tendunt
1177 2675 1243 2729 ad
1288 2675 1458 2731 Deum
1483 2719 1498 2743 ,
1532 2679 1690 2750 cujus

115 2752 291 2811 faciem
344 2759 605 2816 nondum
662 2763 1155 2833 apprehenderunt.
1196 2764 1335 2823 Vere
1376 2769 1434 2823 in
1463 2784 1689 2840 corpore

122 2858 385 2906 manentes
432 2853 852 2923 peregrinamur
875 2870 906 2910 a
932 2854 1167 2912 Domino
1196 2876 1208 2911 :
1238 2875 1361 2913 nam
1384 2860 1475 2915 hic
1502 2860 1688 2915 ambu-

120 2933 271 2992 lamus
293 2956 393 3009 per
435 2941 617 3011 ﬁdem.
662 2942 739 2998 De
764 2959 825 2999 re
853 2955 1034 3001 autem
1060 2963 1183 3017 quae
1208 2964 1318 3003 non
1361 2950 1594 3019 videtur,
1624 2950 1688 3005 ti-

118 3025 201 3081 des
221 3030 432 3087 dicitur
464 3051 478 3086 :
508 3040 560 3087 et
584 3049 689 3088 non
716 3035 1064 3093 ambulamus
1115 3055 1210 3109 per
1253 3042 1495 3111 speciem,
1526 3042 1580 3098 id
1603 3052 1688 3098 est

124 3131 203 3185 per
221 3137 414 3180 veram
447 3126 529 3180 rei
566 3128 959 3197 operationem.
992 3128 1122 3197 Nos,
1149 3132 1392 3203 inquam,
1422 3135 1685 3191 audentes

129 3208 370 3270 audemus
404 3214 578 3271 :licet
608 3215 796 3287 utique
833 3233 962 3273 caro
1000 3230 1280 3292 repugnet,
1319 3230 1500 3278 tamen
1548 3241 1683 3281 con-

122 3309 306 3359 stanter
344 3307 609 3363 audemus
631 3324 650 3362 :
673 3318 723 3364 et
749 3326 875 3365 cum
901 3282 1343 3368 audaciavbonam'
1365 3315 1686 3373 voluntatem
1712 3282 1756 3339 ς’

118 3391 373 3453 habemus.
406 3397 645 3466 Quidam
676 3401 819 3457 enim
843 3404 1048 3459 audent
1067 3405 1185 3460 sine
1207 3407 1349 3461 bona
1370 3409 1679 3464 voluntate:

123 3485 331 3554 quidam
368 3490 512 3547 bene
540 3492 753 3561 volunt,
777 3495 873 3565 qui
903 3503 1082 3552 tamen
1118 3512 1230 3552 non
1258 3498 1477 3554 audent.
1505 3499 1684 3557 Habe-

123 3590 257 3646 mus,
282 3580 528 3654 inquam,
555 3584 890 3643 voluntatem
918 3589 1087 3659 magis
1113 3591 1442 3662 peregrinari
1492 3610 1526 3646 a
1570 3610 1686 3647 cor-

124 3682 235 3732 pore
265 3686 286 3724 :
314 3673 449 3744 quia
503 3684 703 3731 natura
751 3678 936 3734 carnis
977 3688 1094 3747 est,
1142 3688 1203 3735 ut
1247 3697 1529 3753 nunquam
1557 3686 1686 3741 velit

126 3758 363 3835 dissolvi;
394 3765 523 3823 ideo
557 3768 636 3823 ait
678 3789 690 3824 :
737 3769 908 3843 Magis
937 3772 1193 3829 volumus
1239 3777 1481 3843 separari
1510 3792 1541 3832 a
1563 3792 1686 3833 cor—

130 3862 272 3931 pore,
307 3866 362 3911 et
391 3867 682 3927 prementes
723 3860 806 3916 sic
838 3878 951 3916 esse
980 3863 1049 3916 ad
1080 3862 1250 3918 Deum
1294 3881 1460 3936 quam
1506 3884 1685 3923 tema-

137 3954 238 3999 nere
267 3963 399 4003 eum
432 3963 664 4020 corpore
694 3968 707 4005 :
738 3966 841 4007 nec
862 3950 1098 4009 Domino
1127 3964 1425 4024 praesentes
1448 3957 1586 4013 ﬁeri.
1614 3959 1684 4013 Et

145 4028 230 4087 ideo
245 4047 299 4092 ut
318 4049 628 4110 praesentes
653 4041 828 4098 simus
863 4043 930 4098 ad
958 4042 1272 4112 Dominum,
1299 4049 1682 4118 contendimus,

146 4118 261 4182 idest
280 4130 626 4199 laboramus,
651 4133 859 4202 placere
890 4134 995 4201 illi,
1010 4137 1118 4190 sive
1141 4136 1273 4192 dum
1303 4139 1483 4196 adhuc
1504 4141 1560 4196 in
1583 4142 1686 4199 hac

141 4212 224 4271 illa
244 4222 484 4277 absentes
510 4238 704 4279 sumus
731 4240 762 4280 a
788 4223 920 4290 Deo,
955 4227 1063 4281 sive
1108 4243 1234 4283 cum
1259 4228 1316 4284 in
1342 4231 1514 4301 gloria
1546 4250 1686 4303 proe-

138 4320 272 4366 mucs
296 4315 513 4372 erimus
557 4315 672 4372 Deo
702 4317 1040 4387 laboramus,
1070 4330 1131 4376 ut
1165 4322 1253 4377 hic
1280 4333 1334 4377 et
1364 4324 1438 4378 ibi
1470 4330 1685 4396 placea-

138 4413 236 4458 mus
253 4407 318 4462 ei.
352 4407 424 4462 Et
450 4424 680 4465 necesse
723 4411 886 4466 nobis
928 4419 1013 4466 est
1056 4421 1117 4467 ut
1168 4414 1480 4484 placeamus
1538 4418 1613 4473 illi
1668 4439 1680 4473 :

137 4507 237 4550 nam
258 4510 481 4571 oportet,
508 4502 563 4558 id
588 4511 671 4559 est
724 4519 948 4559 necesse
975 4513 1267 4561 est-omnes
1312 4525 1404 4563 nos
1455 4513 1683 4582 manife-

1793 2030 2100 2084 ntendamus
2130 2047 2222 2084 nos
2250 2030 2394 2085 vobis
2427 2046 2447 2083 :
2471 2032 2563 2086 sed
2586 2031 2772 2113 potius
2798 2031 2988 2085 damus
3036 2032 3179 2086 vobis
3218 2049 3373 2086 occa-

1792 2120 2019 2186 sionem,
2048 2121 2103 2175 id
2133 2131 2217 2176 est
2258 2122 2720 2192 opportunitatem
2747 2121 3022 2193 gloriandi
3056 2138 3152 2192 pro
3197 2124 3369 2188 nobis,

1793 2210 2070 2280 magistris
2103 2212 2319 2268 vestris.
2349 2211 2410 2267 in
2433 2213 2752 2269 excellentia
2775 2213 2922 2269 enim
2950 2214 3197 2285 magistri
3226 2231 3366 2286 prae-

1790 2301 1987 2360 eellitis
2024 2302 2179 2357 alios.
2226 2302 2334 2357 Pro
2363 2304 2522 2360 nobis
2552 2305 2696 2371 dico,
2729 2305 2806 2360 ita
2844 2315 2902 2360 ut
2946 2298 3186 2361 habeatis
3233 2309 3368 2378 quid

1790 2392 2168 2460 respondeatis
2195 2403 2377 2448 contra
2409 2411 2495 2449 eos
2538 2396 2629 2466 qui
2665 2384 2962 2466 gloriantur
3007 2398 3065 2451 in
3114 2398 3273 2467 facie,
3316 2400 3371 2455 id

1788 2491 1872 2537 est
1896 2482 1949 2536 in
1978 2484 2153 2539 oculis
2173 2485 2458 2540 hominum
2487 2505 2500 2540 :
2535 2494 2586 2541 et
2615 2503 2719 2541 non
2752 2487 3056 2558 gloriantur
3102 2491 3159 2543 in
3207 2489 3362 2544 corde

1790 2590 1919 2641 suo;
1952 2574 2047 2630 sed
2076 2576 2218 2632 male
2242 2585 2566 2648 torquentur
2588 2578 2645 2633 in
2665 2580 2887 2649 propria
2917 2580 3276 2648 conscientia,
3307 2582 3367 2636 hi

1790 2675 1919 2720 sunt
1947 2668 2171 2737 pseudo.
2205 2668 2339 2725 Vere
2364 2671 2825 2741 opportunitatem
2860 2671 3075 2727 habetis
3096 2673 3367 2744 gloriandi

1788 2772 1889 2826 pro
1916 2759 2076 2815 nobis
2109 2779 2122 2814 :
2156 2776 2284 2815 nam
2308 2762 2577 2833 quidquid
2613 2761 2870 2831 facimus,
2901 2764 3136 2819 facimus
3181 2765 3263 2820 vel
3296 2765 3364 2819 ad

1788 2846 2019 2917 gloriam
2050 2848 2173 2917 Dei,
2204 2852 2290 2907 vel
2310 2852 2379 2907 ad
2409 2853 2699 2908 utilitatem
2716 2863 2975 2909 vestram.
2994 2855 3133 2921 Quia
3158 2857 3233 2910 ita
3256 2857 3366 2910 ait:

1794 2938 1915 2994 Sive
1943 2957 2046 2997 nos
2074 2945 2374 2999 excedimus
2406 2956 2575 3000 mente
2622 2946 2918 3002 humanam
2970 2957 3255 3013 naturam,
3310 2960 3368 3003 ut

1789 3032 2078 3089 audiamus
2104 3034 2196 3089 illa
2220 3050 2346 3105 qua:
2371 3051 2481 3091 non
2503 3036 2629 3091 licet
2657 3037 2866 3091 homini
2896 3038 3045 3107 loqui
3068 3056 3083 3105 ;
3130 3039 3237 3092 sive
3265 3054 3366 3092 nos

1787 3142 1969 3180 sumus
1997 3127 2191 3195 sobrii,
2229 3128 2286 3183 id
2321 3136 2406 3206 est
2436 3128 2757 3199 deponendo
2791 3128 3107 3185 ebrietatem
3138 3138 3367 3185 secreto-

1788 3233 1911 3273 rum
1934 3216 2031 3272 Dei
2057 3237 2070 3273 :
2103 3219 2284 3275 sobrie
2305 3220 2788 3276 condescendendo
2819 3220 3123 3276 inﬁrmitati
3149 3230 3365 3285 vestrae,

1788 3317 1852 3364 ut
1887 3311 2111 3381 quando
2139 3311 2206 3367 de
2230 3312 2486 3384 conjugio
2525 3313 2874 3383 praecipiebat
2925 3321 2979 3368 et
3025 3313 3360 3384 hujusmodi.

1792 3400 1873 3468 Si,
1900 3402 2149 3472 inquam,
2177 3403 2349 3459 sobrii
2380 3419 2595 3470 sumus,
2622 3405 2740 3459 haec
2775 3404 3046 3459 sobrietas
3075 3404 3216 3458 vobis
3254 3404 3363 3460 uti-

1788 3490 1856 3545 lis
1899 3500 2002 3546 est.
2042 3490 2111 3547 Et
2153 3492 2360 3548 bonum
2398 3501 2483 3548 est
2516 3508 2618 3550 nos
2655 3494 2730 3548 ita
2771 3493 2985 3549 sobrios
3011 3509 3135 3548 esse
3182 3512 3195 3547 :
3240 3510 3365 3547 nam

1787 3582 2024 3637 charitas
2079 3583 2283 3640 Christi
2327 3584 2517 3657 (etiam
2561 3586 2608 3641 si
2650 3586 2944 3656 nollemus)
2977 3594 3125 3656 urget
3152 3602 3276 3651 nos,
3307 3596 3368 3640 ut

1788 3680 2260 3743 contempcremus
2322 3690 2425 3729 nos
2467 3675 2641 3730 vobis.
2692 3673 2820 3733 Vult
2858 3669 3146 3729 ostendere
3193 3673 3358 3729 Chri-

1787 3773 1934 3819 stum
1970 3765 2149 3820 solum
2172 3765 2241 3821 ad
2262 3766 2711 3837 justiﬁcationem
2737 3775 2791 3821 et
2816 3767 3047 3823 salutem
3090 3766 3358 3825 sufﬁcere.

1784 3867 1839 3912 et
1858 3867 2103 3933 veterem
2119 3858 2295 3930 legem
2319 3875 2486 3929 quam
2519 3857 2678 3930 174
2704 3857 2912 3919 pseudo
2928 3858 3175 3912 nituntur
3197 3858 3360 3912 redu—

1787 3964 1931 4016 cere,
1999 3950 2077 4005 nil
2135 3951 2417 4022 prodesse,
2458 3950 2554 4006 sed
2604 3951 2837 4006 multum
2865 3966 3082 4017 nocere,
3118 3950 3307 4007 dicens
3349 3972 3360 3982 -

1785 4039 2041 4097 Charitas
2074 4042 2280 4099 Christi
2312 4052 2471 4114 urget
2491 4058 2614 4109 nos,
2666 4044 3030 4097 existimantes
3077 4042 3204 4110 hoc,
3235 4060 3366 4114 quo-

1786 4133 1932 4186 niam
1959 4133 2008 4187 si
2053 4150 2219 4201 unus,
2261 4134 2491 4200 scrlicet,
2537 4132 2794 4190 Christus
2838 4142 3077 4189 mortuus
3135 4143 3213 4188 est
3266 4151 3363 4205 pro

1786 4223 2120 4281 redimendis
2153 4226 2396 4280 omnibus
2421 4241 2439 4278 :
2464 4241 2587 4297 ergo
2611 4242 2785 4279 omnes
2816 4227 3013 4280 mortui
3052 4236 3176 4280 sunt
3198 4226 3366 4297 origi-

1787 4315 1897 4370 nali
1923 4326 2186 4386 peccato,,
2208 4333 2307 4388 per
2349 4328 2579 4372 mortem
2613 4318 2797 4372 unius.
2852 4315 2963 4372 Nec
2990 4332 3091 4389 pro
3116 4318 3223 4374 hoc
3247 4319 3365 4373 solo

1787 4415 2039 4463 mortuus
2091 4417 2178 4464 BSt
2237 4418 2298 4464 ut
2344 4418 2570 4478 peccato
2624 4424 2992 4477 moreremur;
3031 4409 3127 4466 86d
3174 4419 3236 4465 Ill
3268 4427 3366 4481 per

1786 4505 2019 4553 mortem
2059 4498 2182 4569 ejus
2208 4499 2437 4568 justitim
2461 4500 2787 4556 viveremus.
2815 4499 2972 4567 Quod
2999 4490 3079 4556 sic
3117 4501 3193 4555 ait
3230 4521 3242 4555 :
3268 4501 3365 4558 Est

140 4591 252 4689 ituri
290 4603 411 4650 ante
455 4594 694 4651 tribunal
741 4594 979 4665 Christi,
1030 4597 1083 4653 id
1113 4607 1197 4653 est
1220 4614 1406 4654 coram
1435 4600 1677 4660 Christo.

1790 4588 2041 4646 Christus
2080 4601 2332 4647 mortuus
2364 4607 2465 4663 pro
2495 4593 2751 4648 omnibus
2781 4611 2794 4646 :
2820 4590 2943 4648 ideo
2967 4600 3025 4645 ut
3045 4593 3135 4663 qui
3160 4594 3362 4647 mortui

144 4669 232 4730 Per
254 4683 502 4753 tribunal,
531 4686 679 4756 quod
715 4687 873 4742 sedes
906 4687 1109 4758 iudicis
1142 4697 1256 4756 est,
1283 4690 1553 4761 judicium
1586 4695 1683 4751 de.
1713 4669 1759 4689 ν
1784 4674 1916 4736 sunt
1942 4692 2187 4752 peccato,
2216 4692 2267 4737 et
2301 4685 2392 4754 qui
2421 4685 2598 4738 vivunt
2621 4685 2868 4754 justitize,
2897 4683 3017 4753 jam
3042 4700 3147 4736 non
3188 4684 3364 4738 vivant

140 4764 326 4837 Signat:
352 4784 408 4829 ut
430 4778 787 4849 unusquisque
821 4778 1037 4849 referat,
1061 4779 1137 4834 'id
1182 4780 1271 4836 es't
1293 4790 1531 4852 reportet
1557 4786 1683 4842 inde

138 4870 319 4932 Propria
346 4869 583 4939 corporis
607 4884 626 4922 :
657 4885 769 4925 non
800 4870 948 4941 quod
979 4871 1276 4927 commissa
1314 4874 1517 4931 animae
1572 4894 1681 4933 non

139 4949 196 5005 sit
214 4958 505 5027 relaturus,
548 4960 645 5016 sed
678 4962 900 5032 propria
923 4962 1191 5033 corporis,
1229 4963 1283 5018 id
1307 4973 1391 5020 est
1414 4980 1538 5037 quze
1559 4984 1681 5039 ope—

140 5051 263 5102 tatus
287 5060 371 5106 est
397 5052 527 5106 dum
558 5051 612 5106 in
643 5067 875 5123 corpore
894 5052 1050 5107 vixit.
1077 5051 1296 5109 Referat
1317 5053 1441 5110 dico
1460 5058 1680 5127 propria

138 5146 263 5198 Prout
294 5144 483 5212 gessit,
509 5143 558 5200 si
584 5151 765 5198 tamen
789 5152 1001 5214 tempus
1032 5144 1290 5214 operandi
1315 5146 1521 5201 habuit.
1547 5147 1681 5203 Par-

142 5227 227 5282 tuli
251 5234 413 5299 enim,
437 5235 582 5291 sicut
604 5235 866 5306 haptizati
890 5251 988 5306 per
1008 5237 1181 5291 solam
1206 5238 1433 5308 gratiam
1455 5281 1469 5302 ,
1500 5241 1679 5295 salva-

142 5311 365 5380 blntur:
410 5327 491 5383 sic
531 5328 688 5398 pueri
728 5343 845 5382 non
893 5328 1174 5398 baptizati,
1227 5339 1448 5400 propter
1499 5332 1677 5387 solum

144 5410 369 5483 originale
395 5418 822 5473 damnabuntur.
860 5416 1077 5474 Referet
1106 5421 1329 5491 propria
1353 5432 1517 5492 prout
1550 5439 1676 5494 ges-

144 5500 216 5569 sit,
244 5510 343 5563 sive
366 5509 559 5564 bonum
589 5509 728 5578 fuit,
761 5511 868 5565 sive
905 5511 1129 5579 malum,
1165 5513 1312 5582 quod
1347 5514 1536 5584 gessit.
1576 5513 1677 5570 llic

145 5589 193 5645 ﬁt
218 5602 451 5667 quaestio,
482 5612 544 5658 ut
565 5602 695 5673 quia
718 5602 1009 5673 ait,‘prout
1028 5603 1217 5675 gessit,
1246 5604 1399 5659 irrita
1426 5603 1680 5661 videntur

146 5696 244 5742 esse
266 5692 551 5762 beneﬁcia,
592 5710 717 5766 quas
759 5694 899 5750 ﬁunt
936 5711 1036 5766 pro
1060 5697 1310 5752 mortuis.
1357 5695 1460 5752 Sed
1491 5709 1680 5753 contra

151 5772 233 5834 hoc
249 5783 436 5841 dicitur
481 5807 494 5841 :
543 5786 673 5858 quia
702 5787 750 5844 si
784 5795 1036 5843 mortuus
1075 5797 1135 5842 ut
1162 5789 1265 5844 hoc
1287 5802 1387 5859 pro
1418 5803 1484 5844 eo
1509 5777 1703 5856 ﬁeret,

152 5869 218 5936 ιιίε
240 5878 526 5949 ordinavit;
554 5880 660 5950 vel,
678 5880 723 5937 si
756 5880 1074 5942 charitatlvc
1100 5896 1266 5952 agens
1292 5884 1682 5954 contra'proxi-

1786 4774 2147 4830 attribuentes
2192 4775 2296 4830 hoc
2342 4775 2491 4846 quod
2525 4776 2735 4842 vivunt,
2771 4774 2875 4828 sibi
2926 4773 3216 4845 (ut'ﬁebat
3259 4774 3367 4829 sub

1788 4867 1956 4921 veteri
1990 4866 2152 4937 lege),
2189 4868 2280 4921 sed
2315 4868 2575 4937 vivantei
2598 4910 2612 4933 ,
2662 4866 2714 4921 id
2741 4875 2824 4921 est
2850 4865 2918 4921 ad
2954 4865 3184 4937 gloriam
3216 4865 3361 4936 ejus,

1783 4959 1874 5028 qui
1922 4968 2166 5013 mortuus
2205 4967 2283 5013 est
2315 4976 2410 5029 pro
2439 4960 2568 5029 ipsis
2593 4966 2815 5029 peccato
2846 4957 3242 5013 mortiﬁcandis
3274 4978 3291 5013 :
3314 4969 3365 5013 et

1789 5050 2077 5104 resurrexit
2125 5065 2226 5121 pro
2262 5051 2491 5115 eisdem,
2523 5060 2583 5105 ut
2627 5050 2681 5104 in
2715 5049 2929 5120 justitia
2991 5061 3361 5122 resurgerem.

1788 5143 2017 5209 Quando
2034 5143 2254 5213 quidem
2284 5143 2339 5197 in
2362 5142 2752 5198 morteChristi
2780 5143 2981 5198 mortui
3012 5159 3205 5199 sumus
3233 5160 3362 5215 pec-

1787 5243 1949 5290 cato:
1995 5244 2050 5290 et
2086 5249 2153 5290 eo
2181 5243 2500 5305 resurgente
2553 5235 2957 5291 resurreximus
3002 5235 3258 5305 iustitiae,
3310 5237 3365 5292 id

1786 5333 1890 5392 est,
1924 5325 2055 5395 quia
2090 5322 2344 5379 Christus
2373 5324 2439 5379 ad
2472 5340 2688 5380 omnem
2718 5326 3163 5396 justilicationem
3219 5326 3361 5382 sufﬁ-

1786 5418 1860 5474 cit
1899 5437 1911 5471 :
1953 5418 2131 5488 itaque
2158 5433 2251 5470 nos
2276 5433 2342 5471 ea:
2367 5418 2493 5484 hoc,
2525 5428 2814 5489 postquam
2864 5417 3120 5475 Christus
3166 5435 3369 5489 passus.

1787 5517 1891 5573 est,
1915 5516 1970 5562 et
1996 5507 2295 5562 resurrexit
2327 5528 2340 5562 :
2372 5509 2644 5564 neminem
2670 5509 2927 5575 novimus,
2958 5509 3014 5563 id
3034 5518 3139 5574 est,
3164 5524 3362 5578 appro.

1787 5600 2039 5655 havimus
2070 5599 2438 5655 ambulantem
2474 5601 2758 5654 secundum
2787 5617 2996 5654 carnem
3015 5642 3030 5666 ,
3059 5600 3112 5654 id
3139 5608 3243 5662 est,
3276 5614 3361 5653 se-

1786 5693 2027 5748 cundum
2051 5694 2299 5750 carnales
2330 5693 2468 5750 ritus
2489 5694 2688 5749 veteris
2716 5693 2870 5764 legis.
2918 5689 3191 5761 Objiceret
3221 5690 3309 5745 ille
3343 5733 3359 5745 .

1784 5785 1968 5853 mare
1988 5785 2061 5841 ita
2102 5786 2380 5856 improbas
2404 5786 2600 5856 legem,
2624 5801 2791 5856 quam
2815 5784 3069 5840 Christus
3098 5784 3335 5855 approba

1787 5880 1863 5935 vit
1893 5889 1947 5937 et
1969 5879 2177 5937 tenuit?
2204 5880 2407 5935 Contra
2432 5881 2533 5935 hoc
2566 5879 2787 5934 Paulus.
2821 5874 2955 5945 Etsi,
2981 5878 3032 5935 id
3059 5891 3140 5936 est
3162 5896 3355 5951 quam-
