3928 6410
11 377 190 435 9ιὸ

737 509 1037 549 ειροειτιο.

155 584 541 640 Obsecremus
568 584 889 654 adjuvantes
913 605 926 640 ε
962 601 1063 641 nos
1090 594 1271 641 autem
1303 594 1362 641 ut
1376 585 1684 641 eiliciamini

10 677 308 746 justitia
368 675 462 730 Dei
504 677 823 746 adjuvantes
867 693 963 748 per
1001 677 1365 733 ministerium
1417 677 1682 748 praadica-

39 768 265 822 tionis
294 766 514 821 Domini
545 767 600 820 in
626 767 800 822 vobis.
853 767 950 823 Vel
1002 769 1312 838 adjuvantes
1342 783 1440 823 vos
1482 767 1684 823 instru-

37 862 282 916 ctione
327 869 386 926 et
415 861 756 916 orationibus
793 861 860 917 ad
889 861 1082 928 Deum,
1103 863 1444 916 exhortamur
1465 876 1584 926 vos,
1624 876 1686 914 ne

53 954 334 1023 gratiam
384 951 485 1006 Dei
521 953 578 1006 in
602 969 824 1006 vacuum
869 954 1137 1023 recipiatis
1164 970 1184 1008 :
1231 954 1390 1024 quasi
1429 953 1631 1008 diceret
1668 971 1682 1006 :

59 1043 214 1100 \‘os
255 1045 445 1114 utique
473 1044 702 1116 gratiam
736 1043 830 1099 Dei
864 1046 1164 1115 recepistis,
1197 1046 1292 1102 sed
1320 1045 1496 1100 videte
1527 1061 1596 1100 ne
1630 1044 1686 1098 in

55 1150 118 1186 τ
135 1149 361 1198 acuum,
393 1133 446 1187 id
472 1139 577 1199 est,
601 1149 668 1188 ne
695 1133 943 1188 inutilem
977 1135 1132 1190 vobis
1160 1135 1502 1204 receperetis.
1543 1133 1688 1190 Bene

69 1227 230 1281 dico
261 1225 492 1296 gratiam
523 1243 540 1280 :
591 1242 737 1281 nunc
757 1227 903 1282 enim
918 1235 1001 1282 est
1025 1227 1216 1298 gratia.
1248 1227 1339 1279 Ait
1368 1227 1507 1280 enim
1529 1225 1689 1280 Pater

85 1317 186 1371 ad
216 1315 494 1372 Christum
522 1319 792 1389 integrum
821 1333 945 1374 cum
973 1319 1234 1374 membris
1267 1319 1403 1385 suis,
1449 1333 1570 1387 qua:
1606 1328 1689 1373 est

109 1409 392 1464 Ecclesia:
451 1409 566 1481 Ego
615 1411 864 1464 exaudiui
910 1420 978 1476 te,
1031 1411 1085 1465 id
1131 1419 1212 1466 est
1245 1411 1509 1481 complevi
1541 1399 1688 1481 quod

105 1501 424 1570 postulabas
473 1502 798 1558 dimittendo
834 1511 1074 1573 peccata.
1112 1502 1396 1570 Emudivi,
1442 1503 1686 1573 inquam,

93 1605 170 1648 te
210 1596 263 1647 in
304 1605 533 1665 tempore
557 1604 768 1665 accepto
793 1611 811 1650 :
848 1606 902 1652 et
929 1595 1041 1651 Deo
1069 1597 1156 1651 cui
1180 1597 1234 1651 in
1261 1612 1326 1652 eo
1357 1597 1561 1667 placuit
1587 1595 1690 1650 mi—

81 1687 282 1741 sereri
322 1687 531 1742 homini
569 1705 582 1741 :
617 1697 670 1744 et
699 1697 924 1758 accepto
972 1689 1200 1755 homini,
1252 1689 1381 1758 quia
1424 1689 1481 1743 in
1526 1703 1593 1743 eo
1631 1703 1691 1744 se

81 1776 351 1831 solutum
398 1791 429 1831 a
466 1786 643 1832 morte
676 1778 882 1848 peccati
911 1779 1070 1849 176
1103 1777 1323 1848 gavisus
1359 1785 1465 1833 est.
1510 1776 1690 1832 Exau-

720 374 1084 432 EXPOSlTlO
1121 375 1187 430 IN
1228 374 1606 444 EPISTOLAS
1643 374 1871 430 PAULI.
1911 405 1980 413 ——
2022 373 2088 428 IN
2128 373 2346 429 EPIST.
2389 375 2431 428 ll
2472 375 2560 428 AD
2599 376 2752 433 COB.

3246 372 3350 428 9.36

1705 498 1755 550 Α
1787 491 1970 546 Simus
2001 491 2234 547 ministri
2264 491 2378 558 Dei,
2408 493 2462 546 in
2487 495 2734 550 castitate
2756 505 2809 550 et
2839 513 2893 550 in
2918 496 3162 559 scientia,
3199 495 3251 548 id
3270 499 3354 551 cst

1784 584 1837 636 in
1865 592 2014 638 casta
2047 584 2271 638 scientia
2298 603 2311 638 :
2348 601 2454 640 non
2477 585 2548 639 sit
2576 587 2878 658 versipellis
2898 587 3124 643 scientia
3144 596 3349 653 nostra,

1783 685 1841 730 ut
1869 675 2094 730 scientia
2138 675 2650 745 pseudodoctorum.
2705 679 2888 734 Simus
2927 680 3089 746 etiam
3120 678 3354 733 ministri

1783 767 1877 822 Dei
1907 769 1963 821 in
2000 767 2416 838 longanimitate.
2467 768 2621 837 Quod
2651 772 2696 827 si
2723 771 2966 827 differtur
2992 752 3215 837 corona,
3260 785 3358 840 pa-

1783 860 1980 913 tienter
2013 866 2194 913 tamen
2239 860 2575 915 sustinemus
2612 876 2797 916 onera.
2847 859 3031 916 Simus
3057 860 3220 915 etiam
3255 859 3356 913 mi-

1784 955 1946 1009 nistri
1989 953 2082 1009 Dei
2126 955 2182 1007 in
2211 956 2492 1023 suavitate,
2524 957 2575 1012 id
2603 967 2688 1013 est
2724 958 2779 1012 in
2804 959 2914 1012 leni
2941 957 3358 1012 mansuetudine

1786 1047 1991 1114 habita,
2028 1048 2083 1100 in
2115 1045 2322 1117 Spiritu
2363 1057 2565 1114 sancto,
2595 1064 2705 1104 non
2739 1049 3040 1105 adulatoria
3069 1049 3356 1104 suavitate.

1786 1136 2153 1194 Exhibeamus
2180 1139 2378 1194 iterum
2404 1156 2504 1196 nos
2542 1139 2637 1194 Dei
2665 1140 2966 1208 ministros,
3007 1142 3064 1194 in
3102 1139 3362 1194 charitate

1787 1246 1891 1284 non
1918 1230 2067 1300 ﬁcta,
2107 1239 2166 1295 ut
2189 1246 2315 1285 vere
2349 1231 2641 1301 diligamus
2687 1230 2856 1286 Deum
2898 1239 2952 1285 et
2993 1230 3301 1300 proximum
3341 1246 3354 1282 :

1785 1329 1840 1377 et
1865 1323 1922 1376 in
1947 1321 2099 1376 verbo
2121 1323 2380 1388 veritatis,
2411 1332 2470 1376 ut
2496 1322 2550 1376 in
2577 1337 2712 1391 pura
2736 1323 2962 1376 veritate
2984 1329 3176 1377 sonent
3196 1320 3358 1374 verba

1788 1419 1989 1467 nostrae
2009 1412 2408 1482 praedicationis
2433 1431 2444 1465 :
2474 1426 2583 1466 non
2619 1420 2680 1466 ut
2717 1411 2926 1482 pseudo
2950 1411 3044 1480 qui
3077 1411 3362 1466 intendunt

1781 1501 1976 1559 fallere
2010 1504 2364 1560 mendacibus
2408 1503 2611 1560 verbis.
2665 1501 2848 1561 Simus
2897 1503 3059 1558 etiam
3101 1503 3228 1558 boni
3261 1502 3364 1555 mi-

1789 1594 1947 1650 nistri
1974 1595 2030 1648 in
2058 1595 2250 1649 virtute
2273 1593 2391 1662 Dei,
2423 1601 2485 1649 ut
2508 1610 2604 1664 per
2631 1594 2784 1664 signa
2807 1594 3195 1648 miraculorum
3219 1607 3365 1648 com-

1788 1688 2013 1759 probem
2054 1704 2141 1744 me
2165 1703 2288 1744 esse
2309 1689 2566 1744 idoneum
2610 1689 2953 1759 magistrum.
2997 1685 3366 1742 Exhibeamus

1790 1781 1954 1836 etiam
1977 1797 2076 1836 nos
2107 1781 2392 1836 ministros
2416 1779 2514 1836 Dei
2541 1798 2633 1850 per
2653 1797 2805 1834 arma
2819 1780 3072 1850 justitia',
3105 1779 3367 1834 habentes

75 1868 223 1923 divi
253 1876 321 1936 te,
353 1868 676 1924 dimittendo
709 1880 950 1940 peccata.
979 1870 1178 1940 Adjuvi
1199 1871 1365 1926 etiam
1391 1880 1439 1924 te
1463 1868 1688 1924 confor-
1713 1854 1764 1916 Β
1785 1873 2051 1945 justitiam
2081 1875 2202 1929 loco
2239 1889 2518 1928 armorum
2565 1891 2598 1926 a
2631 1873 2832 1930 dextris
2865 1883 2914 1927 et
2945 1890 2976 1925 a
3006 1872 3258 1938 sinistris,
3315 1870 3366 1925 id

79 1971 288 2016 latum
314 1961 380 2016 ad
403 1962 546 2017 bona
573 1947 738 2032 opera
784 1963 1036 2018 similiter
1066 1964 1118 2018 in
1150 1973 1394 2034 tempore
1421 1971 1643 2034 accepto
1672 1981 1685 2018 :

75 2054 163 2104 in
199 2053 308 2118 die,
357 2053 408 2108 id
437 2063 519 2108 est
551 2054 605 2108 in
641 2054 888 2109 claritate
910 2070 1052 2110 verae
1074 2055 1402 2126 cognitionis
1428 2055 1686 2124 positum.

79 2141 244 2208 Die,
263 2142 404 2209 dico,
425 2143 632 2211 salutis,
649 2145 778 2215 quia
794 2160 887 2227 p.er
906 2161 1088 2200 veram
1106 2145 1471 2217 cognitionem
1493 2145 1594 2200 iter
1611 2153 1694 2200 est

75 2236 184 2291 ad
215 2245 474 2292 aiternam
498 2237 748 2294 salutem.
775 2237 888 2294 Hoc
915 2239 1111 2310 legitur
1136 2239 1190 2294 in
1212 2238 1354 2295 lsaia
1397 2239 1468 2311 (c.
1501 2255 1690 2304 xcvm,

83 2343 157 2379 ν-
195 2325 277 2396 8).
319 2325 477 2382 Modo
515 2326 717 2384 Paulus
752 2329 973 2399 quando
1022 2330 1128 2386 hoc
1173 2338 1384 2400 tempus
1413 2339 1694 2399 acceptum

87 2419 525 2490 intelligendum
571 2421 666 2488 sit,
717 2423 959 2492 exponit,
989 2423 1107 2478 sic:
1161 2422 1304 2478 Deus
1331 2423 1408 2478 ait
1453 2431 1698 2492 tempore

95 2521 362 2582 accepto,
415 2521 471 2567 et
497 2530 613 2567 ecce
654 2513 852 2570 fratres
900 2531 1056 2580 nunc,
1117 2515 1171 2570 id
1219 2523 1321 2581 est,
1380 2531 1411 2569 a
1444 2515 1698 2585 passione

93 2603 344 2686 Qhristi,
378 2603 434 2656 in
476 2615 754 2673 posterum
801 2615 886 2660 est
916 2605 1048 2660 illud
1098 2614 1299 2675 tempus
1329 2603 1652 2674 acceptabile
1677 2617 1697 2654 :

105 2703 177 2747 et
209 2711 318 2747 ecce
360 2711 498 2748 nunc
525 2705 603 2748 est
632 2695 721 2749 illa
752 2695 864 2748 dies
892 2695 1106 2762 salutis,
1146 2695 1202 2749 in
1238 2710 1347 2765 qua
1380 2693 1492 2749 Deo
1515 2709 1701 2764 accep-

115 2791 246 2836 tum
286 2791 363 2838 est
387 2784 650 2838 exaudire
677 2793 730 2838 et
765 2784 1042 2854 adjuvare.
1086 2783 1152 2840 Et
1185 2783 1308 2839 ideo
1336 2783 1416 2838 sic
1441 2783 1698 2836 exhorta-

117 2889 254 2927 mur
276 2889 364 2928 vos
399 2893 411 2927 :
456 2889 558 2929 nos
601 2875 797 2928 nemini
841 2874 1026 2928 dantes
1067 2874 1234 2928 ullam
1260 2874 1618 2944 o/fensionem,
1646 2872 1701 2928 id

114 2973 228 3030 est,
274 2965 355 3020 sic
395 2980 501 3020 nos
532 2965 794 3020 habentes
834 2966 1080 3020 moribus
1114 2965 1282 3019 verbo
1323 2974 1377 3019 et
1405 2964 1594 3019 habitu
1643 2971 1703 3018 ut

115 3057 255 3110 nulli
276 3072 602 3127 generemus
632 3057 1008 3126 ollensioncm,
1043 3057 1097 3110 in
1121 3056 1304 3126 aliquo
1328 3057 1544 3110 horum.
1576 3055 1702 3110 ldeo

125 3163 232 3202 non
251 3149 447 3204 dantes
475 3149 855 3216 oﬂ'ensionem,
891 3157 946 3202 ut
982 3165 1084 3202 non
1117 3150 1438 3218 vituperetur
1459 3148 1701 3202 ministe-

121 3241 259 3292 rium
288 3249 548 3306 nostrum,
585 3240 640 3294 id
666 3249 749 3295 est
793 3255 862 3296 ne
888 3240 1225 3311 apostolatus
1259 3248 1448 3294 noster
1488 3240 1701 3310 vitupe-

111 3332 312 3386 rabilis
342 3333 432 3398 sit,
472 3332 619 3402 quod
654 3333 842 3402 utique
869 3341 1034 3400 esset,
1083 3332 1129 3387 si
1155 3332 1302 3402 quod
1344 3332 1481 3386 bene
1501 3332 1700 3399 doceo,

111 3428 180 3481 in
215 3427 425 3496 meipso
449 3443 558 3482 non
589 3429 951 3484 ostenderem.
985 3425 1198 3482 Nullam
1224 3426 1422 3483 damus
1455 3427 1707 3483 oﬁ‘ensio—

115 3535 288 3585 nem;
341 3519 428 3574 sed
453 3520 776 3575 exhibemus
818 3536 920 3576 nos
967 3519 1250 3575 ministros
1288 3517 1383 3574 Dei
1417 3538 1432 3586 ;
1476 3529 1531 3574 et
1560 3530 1621 3575 ut
1650 3520 1706 3574 in

111 3629 189 3669 eo
212 3629 631 3684 permaneamus
657 3613 802 3671 Deus
826 3615 930 3670 hoc
955 3613 1242 3679 concedat,
1271 3623 1333 3668 ut
1353 3613 1708 3669 exhibeamus

117 3706 493 3776 nosmetipsos
527 3707 581 3760 in
626 3707 882 3763 omnibus
917 3723 1040 3777 qua:
1064 3707 1340 3776 loquimur
1374 3715 1428 3761 et
1471 3707 1704 3778 agimus,

119 3800 283 3865 sicut,
332 3796 386 3852 id
420 3806 525 3864 est,
560 3814 686 3854 vere
726 3800 996 3853 ministros
1025 3797 1143 3865 Dei,
1168 3807 1229 3854 ut
1260 3799 1333 3854 ibi
1359 3799 1518 3868 quasi
1547 3799 1709 3853 modo

128 3890 315 3958 geniti,
366 3889 576 3946 scilicet
619 3891 674 3944 in
699 3893 960 3961 patientia
992 3891 1182 3958 multa,
1233 3893 1287 3947 id
1321 3900 1424 3958 est,
1450 3890 1710 3960 multipli-

136 3980 260 4035 citer
287 3981 548 4052 patiendo
570 3998 798 4052 corpore
818 3993 873 4038 et
895 3985 1080 4038 animo
1103 3983 1460 4039 exhibeamus
1490 3999 1591 4038 nos
1617 3983 1711 4036 Dei

146 4071 436 4126 ministros.
485 4071 678 4127 Subdit
725 4083 905 4142 partes
937 4052 1247 4143 patientiae:
1298 4073 1354 4127 in
1405 4073 1573 4128 multa
1612 4089 1710 4143 pa-

141 4161 315 4216 tientia
344 4163 494 4228 dico,
529 4161 710 4218 habita
737 4164 794 4216 in
825 4163 1278 4229 tribulationibus,
1305 4171 1364 4218 ut
1387 4179 1714 4233 quocunque

139 4254 292 4308 modo
320 4269 528 4322 corpus
554 4263 805 4310 nostrum
835 4255 1144 4322 tribuletur,
1173 4255 1552 4326 mquaniiniter
1579 4255 1714 4310 tole-

137 4361 336 4401 remus.
383 4345 580 4400 llabita
609 4347 770 4402 etiam
809 4347 1068 4416 patientia
1104 4349 1158 4401 in
1184 4349 1600 4414 necessitatibus,
1648 4364 1715 4402 ne

137 4437 312 4509 aliqua
338 4437 635 4509 indigentia
655 4439 990 4496 deﬁciamus.
1023 4439 1214 4495 Habita
1239 4442 1432 4496 iterum
1459 4441 1715 4510 patientia

1789 1975 1892 2031 est,
1932 1981 1962 2020 a
1987 1965 2262 2036 prosperis
2299 1973 2353 2020 et
2381 1965 2450 2020 ab
2479 1964 2744 2030 adversis,
2787 1965 2932 2034 quod
2960 1980 3060 2020 nec
3093 1963 3368 2034 prosperis

1792 2056 2120 2112 seducamur
2152 2070 2253 2110 nec
2274 2069 2370 2124 per
2391 2054 2622 2108 adversa
2646 2053 2984 2123 dejiciamur.
3018 2052 3150 2119 Quae
3172 2053 3368 2107 amodo

1793 2155 2115 2217 sequuntur,
2140 2156 2324 2217 partes
2346 2154 2475 2200 sunt
2495 2145 2671 2200 dextri
2698 2145 2781 2198 vel
2825 2144 3054 2199 sinistri.
3087 2144 3132 2196 Α
3161 2145 3368 2198 dextris

1793 2239 1916 2294 dico
1950 2247 2011 2296 ut
2038 2255 2130 2310 per
2164 2237 2410 2309 gloriam,
2440 2237 2587 2307 quod
2612 2236 2657 2292 si
2699 2235 2866 2305 aliqui
2916 2235 3222 2307 gloriﬁcant
3248 2252 3366 2299 nos,

1794 2341 1856 2386 ut
1901 2330 1976 2385 ibi
2014 2329 2234 2400 quando
2275 2329 2565 2384 voluerunt
2610 2328 2661 2383 ei
2702 2325 2970 2382 aediﬁcare
3007 2343 3152 2390 aras,
3183 2327 3237 2380 in
3267 2326 3373 2380 hac

1797 2423 1967 2495 gloria
2005 2422 2361 2478 exhibeamus
2404 2436 2506 2476 nos
2540 2428 2799 2489 tanquam
2838 2417 2933 2473 Dei
2985 2418 3286 2474 ministros.
3328 2418 3374 2469 A

1798 2515 2034 2572 sinistris
2053 2515 2197 2570 sicut
2223 2530 2316 2584 per
2334 2511 2741 2583 ignobilitatem,
2771 2518 2831 2564 ut
2851 2509 3074 2579 quando
3085 2505 3375 2563 detrahunt

1798 2607 1978 2674 nobis,
2011 2607 2253 2662 dicentes
2295 2621 2397 2660 nos
2424 2604 2557 2659 falsa
2590 2604 2900 2674 praedicare.
2946 2601 3003 2656 ln
3032 2604 3135 2657 hac
3163 2601 3376 2673 ignobi-

1800 2701 1951 2756 litate
1997 2699 2351 2755 exhibeamus
2381 2713 2482 2756 nos
2510 2698 2652 2754 sicut
2696 2697 2791 2752 Dei
2823 2697 3122 2751 ministros.
3175 2695 3374 2748 lterum
3429 2711 3440 2718 ·

1800 2809 1891 2863 per
1911 2792 2193 2862 infamiam
2219 2807 2341 2862 qua:
2368 2806 2496 2861 pars
2526 2791 2763 2846 sinistrae
2791 2798 2894 2855 est,
2944 2796 3005 2843 ut
3042 2787 3261 2857 quando
3289 2786 3377 2840 di-

1802 2886 2024 2940 cabatur
2061 2885 2152 2939 ei:
2195 2903 2213 2936 ι
2247 2883 2490 2949 Insanis,
2538 2881 2705 2937 Paule
2747 2881 2886 2952 (Act.
2928 2896 3075 2944 xxvi,
3103 2879 3218 2945 24).
3257 2897 3274 2929 ι
3309 2877 3378 2931 Et

1804 2979 1998 3034 iterum
2031 2993 2124 3047 per
2153 2977 2342 3030 bonam
2369 2975 2568 3044 famam
2593 2989 2612 3028 :
2661 2982 2721 3028 ut
2748 2971 2967 3042 quando
2997 2970 3064 3025 ab
3093 2969 3216 3024 aliis
3240 2983 3378 3038 prse-

1803 3073 2005 3128 dicatio
2033 3071 2154 3141 ejus
2180 3067 2561 3133 extollebatur,
2591 3081 2687 3137 per
2710 3067 2825 3120 huic
2864 3073 3094 3132 utraque
3119 3061 3378 3118 exhibea—

1804 3179 1928 3218 mus
1980 3143 2261 3217 nos'sicut
2306 3158 2402 3214 Dei
2453 3157 2754 3212 ministros.
2799 3153 2911 3210 Nos
2955 3154 3154 3208 iterum
3212 3149 3383 3205 habiti

1807 3261 1862 3305 nt
1892 3251 2210 3316 seductores,
2260 3262 2314 3304 et
2358 3247 2427 3301 ab
2461 3245 2582 3301 aliis
2617 3244 2786 3298 habiti
2835 3252 2894 3296 ut
2930 3257 3136 3296 veraces
3163 3281 3178 3307 ,
3226 3238 3382 3293 exili--

1806 3344 2033 3398 beamus
2103 3356 2204 3396 nos
2269 3339 2414 3394 sicut
2478 3336 2576 3390 Dei
2641 3334 2942 3389 ministros.
3019 3329 3129 3386 Nos
3183 3330 3388 3384 iterum

1811 3435 1967 3505 177
2003 3431 2194 3498 habiti,
2228 3432 2366 3485 sicut
2421 3429 2510 3500 qui
2546 3427 2712 3498 ignoti
2760 3426 2866 3480 sint
2893 3423 3004 3479 Deo
3027 3464 3043 3489 ,
3094 3431 3148 3476 et
3185 3435 3384 3474 secun-

1807 3528 1937 3582 dum
1968 3524 2104 3580 alios
2151 3523 2323 3577 habiti
2359 3530 2621 3590 tanquam
2652 3517 2764 3572 Deo
2786 3516 2982 3587 cogniti
3007 3556 3022 3580 ,
3052 3515 3106 3567 in
3149 3520 3388 3580 utroque

1808 3618 2161 3674 exhibeamus
2209 3629 2310 3669 nos
2352 3613 2495 3668 sicut
2539 3609 2633 3666 Dei
2687 3609 2988 3664 ministros.
3041 3603 3151 3659 Nos
3187 3604 3385 3658 iterum

1811 3709 1980 3764 habiti
2018 3709 2155 3762 sicut
2200 3706 2498 3770 morientes,
2543 3703 2596 3757 id
2630 3711 2714 3757 est
2751 3702 2803 3754 in
2842 3697 3149 3754 criminalia
3183 3695 3384 3750 caden-

1812 3810 1892 3855 tes
1922 3798 2223 3856 secundum
2263 3795 2552 3866 quosdam,
2594 3802 2643 3846 et
2673 3808 2787 3845 ecce
2836 3788 3138 3844 secundum
3167 3787 3304 3840 alios
3331 3786 3386 3838 in

1807 3890 2022 3961 justitia
2058 3888 2316 3943 vivimus:
2361 3887 2415 3939 in
2455 3892 2686 3952 utroque
2713 3870 3068 3936 exhibéamus
3109 3893 3210 3932 nos
3247 3875 3389 3931 sicut

1814 3982 1908 4037 Dei
1954 3981 2254 4035 ministros.
2294 3976 2405 4030 Nos
2450 3976 2647 4029 iterum
2696 3972 2865 4027 habiti
2915 3979 2974 4023 ut
3009 3969 3276 4039 castigati,
3305 3982 3393 4022 se-

1815 4073 2052 4130 cundum
2078 4070 2368 4140 quosdam,
2405 4067 2496 4138 qui
2529 4075 2654 4136 post
2683 4065 2831 4118 illata
2875 4062 3032 4117 nobis
3055 4060 3278 4115 verbera
3310 4059 3394 4113 di-

1815 4177 2039 4221 cerent:
2072 4163 2210 4218 Ecce
2237 4177 2347 4217 non
2394 4159 2629 4229 amplius
2675 4157 2950 4212 audebunt
2998 4153 3146 4224 loqui
3177 4172 3190 4206 :
3228 4159 3282 4206 et
3303 4167 3393 4206 se-

1817 4259 2056 4316 cundum
2104 4257 2240 4312 alios
2290 4252 2461 4308 habiti
2507 4266 2614 4306 non
2666 4247 2913 4319 castigati
2969 4245 3064 4316 qui
3111 4244 3390 4298 dicerent:

1819 4351 2109 4421 Nunquam
2159 4357 2444 4418 propterea
2505 4341 2808 4397 reticebunt
2859 4338 2954 4393 Dei
2991 4320 3399 4404 verbum,'qtt:e

1821 4441 2108 4513 castigatio
2149 4447 2295 4494 esset
2332 4433 2716 4492 mortiﬁcatio:
2765 4439 2819 4486 et
2865 4430 2986 4484 ideo
3037 4431 3112 4483 ait
3166 4427 3395 4495 mortiﬁ-

136 4527 193 4578 in
215 4530 477 4599 angustiis
508 4531 698 4596 animi,
730 4539 782 4584 et
812 4532 868 4583 in
893 4531 1064 4602 plagis
1095 4533 1360 4601 corporis,
1405 4540 1458 4585 et
1507 4533 1560 4584 in
1595 4547 1715 4584 car-
1745 4538 1792 4596 ι)
1819 4535 1962 4588 cati:
1995 4533 2052 4587 in
2094 4539 2329 4599 utroque
2373 4526 2728 4582 exhibeamus
2776 4539 2877 4577 nos
2927 4520 3070 4576 sicut
3095 4518 3188 4572 Dei
3236 4517 3386 4570 mini-

147 4621 365 4674 ceribus.
393 4619 659 4676 Patientia
685 4621 848 4676 etiam
878 4623 931 4676 in
960 4623 1319 4678 seditionibus
1351 4637 1490 4692 quas
1520 4622 1714 4676 adver-

149 4724 272 4764 sum
301 4727 397 4767 nos
423 4713 701 4768 concitant
727 4713 988 4770 inﬁdeles.
1015 4713 1278 4769 Patientia
1308 4715 1506 4768 iterum
1537 4713 1719 4768 habita

145 4804 200 4857 in
227 4805 495 4859 laboribus
527 4821 545 4858 :
585 4805 838 4861 manibus
871 4807 1018 4861 enim
1061 4806 1265 4860 nostris
1294 4806 1627 4871 laboramus,
1656 4821 1725 4859 ne

141 4897 374 4969 aliquem
412 4914 702 4969 gravemus
744 4897 797 4968 (1
829 4897 1006 4952 Thess.
1035 4915 1094 4965 ιι,
1125 4899 1200 4969 9).
1245 4897 1508 4952 Patientia
1541 4897 1724 4951 habita

138 4992 297 5046 etiam
359 4993 420 5045 in
467 4990 684 5062 vigiliis,
735 4991 1054 5062 plerumque
1120 4991 1266 5046 enim
1315 5006 1442 5045 eum
1501 4990 1725 5061 vigilare

143 5084 385 5152 oportuit
413 5083 785 5152 disputantem
816 5083 880 5138 de
903 5083 1024 5138 fide.
1055 5081 1249 5136 Habita
1279 5065 1442 5136 etiam
1467 5081 1724 5150 patientia

143 5175 196 5227 in
219 5177 448 5246 jejuniis
475 5192 495 5230 :
545 5176 674 5246 quia
695 5176 989 5230 ’multotics
1027 5191 1151 5229 eum
1183 5174 1430 5244 jejunare
1463 5174 1724 5242 oportuit,

148 5268 308 5322 modo
339 5267 648 5333 coactione,
678 5267 840 5321 modo
867 5266 1182 5336 indigentia,
1224 5264 1386 5319 modo
1425 5264 1721 5318 voluntate.

149 5355 270 5417 Haec
296 5362 484 5415 omnia
506 5359 787 5431 praemissa
815 5369 998 5430 partes
1039 5367 1166 5414 sunt
1202 5358 1497 5428 patientiae,
1533 5365 1727 5412 caetera

150 5470 456 5526 corequaeva
481 5463 610 5511 sunt
629 5456 725 5510 illi.
760 5454 1128 5510 Exhibeamus
1173 5469 1274 5508 nos
1325 5452 1468 5508 sicut
1496 5450 1593 5505 Dei
1623 5451 1727 5505 mi—

152 5545 356 5604 nistros
382 5551 440 5604 in
473 5550 738 5614 castitate,
777 5546 923 5617 quod
943 5546 1078 5602 casti
1115 5545 1289 5601 simus
1319 5544 1504 5599 animo
1529 5553 1584 5598 et
1609 5558 1730 5598 cor-

154 5651 305 5705 pore.
335 5639 704 5696 Exhibeamus
731 5655 832 5694 nos
850 5639 1014 5694 etiam
1042 5638 1322 5693 ministros
1343 5636 1460 5705 Dei,
1487 5637 1544 5689 in
1564 5637 1732 5689 scien-

157 5729 250 5798 tia,
281 5741 346 5786 ut
369 5733 696 5790 sufﬁcienter
735 5733 802 5788 de
843 5732 1098 5788 omnibus
1130 5731 1272 5787 docti
1305 5731 1499 5785 simus.
1529 5727 1647 5796 Vel,
1676 5738 1735 5783 ut

158 5823 464 5888 castitatem
505 5838 559 5883 et
586 5823 872 5882 scientiam
910 5839 1080 5880 unum
1118 5823 1424 5880 membrum
1448 5822 1726 5878 dicamus:

1822 4639 1984 4684 stros.
2033 4624 2144 4680 Nos
2193 4623 2390 4678 iterum
2439 4619 2608 4674 habiti
2661 4617 2815 4687 quasi
2871 4614 3047 4666 tristes
3097 4609 3399 4665 secundum

1823 4720 2113 4791 quosdam,
2163 4715 2307 4786 quod
2351 4713 2741 4769 contristemur
2782 4706 3024 4762 adversis
3058 4719 3286 4772 corpore
3316 4703 3400 4755 vel

1826 4811 2041 4880 spiritu,
2082 4807 2250 4862 habiti
2296 4813 2477 4859 autem
2527 4800 2826 4857 secundum
2869 4797 3004 4851 alios
3042 4810 3242 4863 semper
3266 4809 3401 4863 gau-

1827 4905 2003 4956 dentes
2050 4914 2277 4969 corpore
2303 4905 2356 4951 et
2375 4894 2610 4965 spiritu:
2654 4892 2710 4945 in
2759 4901 2991 4960 utroque
3044 4888 3404 4944 exhibeamus

1831 5010 1931 5047 nos
1955 4994 2097 5048 sicut
2125 4991 2219 5045 Dei
2248 4988 2551 5044 ministros.
2577 4982 2687 5038 Nos
2707 4983 2870 5037 etiam
2909 4981 3210 5036 secundum
3236 4995 3404 5050 quos-

1816 5087 1953 5140 .dam
1980 5083 2149 5137 habiti
2183 5089 2406 5152 egentes,
2441 5077 2525 5132 vel
2548 5074 2817 5145 corporali
2849 5075 2994 5128 bono
3014 5073 3099 5127 vel
3134 5071 3403 5141 spirituali

1831 5176 2129 5232 secundum
2181 5173 2316 5228 alios
2369 5179 2550 5224 autem
2595 5167 2764 5222 habiti
2818 5166 2974 5236 quasi
3030 5164 3407 5234 locupletantes

1833 5267 2023 5321 multos
2036 5265 2088 5319 in
2102 5261 2472 5333 spiritualibus
2485 5259 2642 5313 bonis
2674 5277 2684 5310 :
2713 5258 2767 5311 in
2792 5266 3022 5326 utroque
3052 5255 3408 5310 exhibeamus

1833 5376 1934 5414 nos
1957 5359 2098 5414 sicut
2123 5356 2213 5410 Dei
2239 5353 2539 5408 ministros.
2582 5349 2691 5405 Nos
2726 5351 2921 5404 iterum
2957 5347 3257 5403 existimati
3287 5356 3407 5399 tan-

1833 5467 1992 5522 quam
2032 5448 2166 5502 nihil
2217 5447 2432 5517 penitus
2470 5444 2714 5498 habentes
2761 5442 2889 5496 boni
2924 5438 3259 5510 temporalis,
3313 5452 3409 5491 seu

1835 5539 2136 5612 spiritualis
2169 5535 2468 5592 secundum
2512 5534 2810 5603 quosdam:
2839 5538 2894 5584 et
2936 5528 3232 5584 secundum
3274 5525 3409 5579 alios

1835 5629 2131 5687 existimati
2160 5638 2418 5698 tanquam
2451 5626 2649 5690 omnia,
2681 5623 2733 5676 id
2758 5630 2842 5676 est
2867 5619 3036 5674 Deum
3057 5616 3409 5688 possidentes:

1838 5728 1894 5780 in
1933 5733 2164 5793 utroque
2219 5721 2571 5776 exhibeamus
2628 5730 2729 5769 nos
2785 5713 2926 5768 sicut
2963 5709 3057 5764 Dei
3108 5705 3404 5762 ministros.

1851 5817 1915 5874 Ut
1949 5815 2407 5889 pscudodoctorcs
2443 5811 2496 5864 in
2525 5814 2817 5877 conspectu
2849 5811 3028 5858 vestro
3062 5799 3359 5870 deprimam
3389 5816 3404 5855 :
