3904 6298
501 339 609 395 ΞΠ

1077 337 1136 394 S.
1169 337 1521 422 'BRUNONIS
1559 332 2196 391 CAIiTHUSIANORUM
2232 327 2714 387 INSTITUTOBIS
2767 323 2919 382 OPP.
2953 322 3130 378 PARS
3166 321 3231 376 11.
3651 319 3742 374 ἳιθ

507 465 539 503 ο
563 448 926 514 Corinthii,os
949 459 1188 504 nostrum
1219 451 1382 506 modo
1410 459 1554 520 patet
1573 449 1642 506 ad
1656 465 1742 502 vos
1767 463 1786 500 :
1819 448 1989 503 multa
2020 447 2088 502 de
2115 450 2165 509 Α
2191 443 2530 498 inambulabo
2558 443 2626 498 de
2652 443 2854 496 virtute
2899 437 3270 510 promovendo
3299 435 3355 490 in
3400 435 3663 489 virtutem.
3689 435 3743 488 Et
3797 505 3807 520 .

505 541 678 609 gloria
703 551 894 597 nostra
913 551 968 596 et
995 542 1130 596 satis
1163 541 1358 598 diffuse
1385 541 1676 612 loquendo,
1713 539 1810 610 qui
1841 539 1897 594 in
1919 539 2089 610 priori

506 630 751 702 Epistula
792 649 881 688 me
933 648 1152 690 servum
1185 633 1431 688 omnium
1477 631 1760 703 proposui.
1799 631 1866 688 Et
1897 632 2090 703 utique

503 736 570 779 os
594 732 850 780 nostrum
889 723 1054 796 digne
1087 732 1270 794 patere
1317 724 1512 794 potuit,
1557 723 1686 795 quia
1726 740 1818 779 cor
1851 733 2090 779 nostrum

501 815 794 870 dilatatam
814 824 892 870 est
915 831 934 869 :
969 830 1309 885 quaecunque
1345 815 1492 870 enim
1511 815 1579 872 de
1605 815 1776 887 gloria
1796 825 1984 872 nostra
2007 817 2092 872 lo-

503 923 667 978 quor,
700 907 886 964 omnia
928 907 985 962 in
1029 921 1118 962 me
1155 906 1529 978 circumspicit
1583 923 1707 965 esse
1754 909 2088 966 conscientia

503 1015 645 1055 mea.
687 998 756 1055 Et
781 999 909 1070 quia
934 1013 999 1054 os
1022 1007 1171 1068 patet
1197 1006 1254 1054 et
1278 1013 1374 1054 cor
1399 999 1687 1055 dilatatum
1708 1009 1815 1068 est,
1835 1001 1950 1072 jam
1971 1017 2090 1056 am-

499 1091 648 1163 plius
675 1108 781 1146 non
801 1091 1182 1162 angustiamini
1212 1092 1270 1146 in
1305 1092 1474 1147 nobis.
1508 1092 1649 1160 Quia
1695 1095 1842 1150 enim
1875 1094 2089 1166 simpli-

503 1181 641 1237 citer
664 1197 760 1238 vos
785 1181 968 1248 docui,
1003 1197 1145 1252 quos
1187 1183 1351 1238 rudes
1392 1183 1730 1253 inveneram,
1762 1186 1947 1242 dicitis
1966 1187 2086 1243 cui-

500 1287 630 1341 pam
673 1286 854 1326 meam
898 1287 1022 1328 esse
1069 1275 1220 1344 quod
1261 1274 1318 1330 in
1363 1275 1632 1332 charitate
1665 1278 1883 1350 angusti
1919 1278 2084 1336 estis:

499 1361 600 1418 sed
640 1362 828 1432 utique
875 1363 933 1419 in
981 1366 1235 1436 exemplo
1261 1373 1456 1422 nostro
1492 1367 1632 1424 bene
1668 1379 1894 1439 apparet
1941 1371 2086 1442 quod

497 1469 608 1508 non
646 1453 1042 1522 angustiamini
1095 1456 1152 1510 in
1199 1457 1400 1514 nobis:
1448 1459 1540 1514 sed
1585 1463 1967 1531 angustiamini
2031 1464 2090 1517 in

496 1544 783 1600 visceribus
829 1547 1038 1614 uestris,
1084 1547 1140 1602 id
1179 1556 1264 1604 est
1296 1548 1464 1620 hujus
1497 1550 1804 1608 tenacitatis
1830 1561 1884 1608 et
1913 1567 2088 1624 angu-

2191 535 2271 588 ita
2303 532 2584 604 apparebit
2612 533 2758 603 quod
2799 546 2902 601 ego
2945 545 3034 585 ero
3074 528 3216 583 Deus
3267 525 3507 590 illorum,
3571 532 3618 578 et
3657 525 3744 595 ipsi

2188 636 2342 682 erunt
2368 627 2498 680 mihi
2521 625 2766 696 populus.
2805 623 3131 694 Quicunque
3169 620 3316 677 enim
3349 617 3582 673 viderint
3598 617 3746 686 justi-

2190 719 2322 774 tiam
2347 733 2560 784 eorum,
2595 718 2813 774 dicent:
2845 715 2912 770 lii
2959 724 3089 771 sunt
3122 713 3354 784 populus
3384 710 3500 776 Dei,
3538 719 3592 765 et
3623 708 3748 767 Dens

2191 808 2404 864 habitat
2429 808 2484 863 in
2507 808 2634 864 illis.
2671 806 2828 864 Nunc
2860 809 2927 863 de
2954 807 3059 862 hac
3085 804 3412 860 auctoritate
3438 800 3598 856 infert
3621 801 3748 858 Pau-

2188 902 2277 958 lus
2298 902 2460 956 aliam
2489 901 2558 956 de
2583 901 2776 956 eodem
2811 898 3092 955 Ezechiele
3124 905 3420 969 sumptam.
3451 893 3554 950 Ubi
3589 895 3640 949 in
3666 911 3746 950 ca-

2190 997 2436 1068 ptivitate
2466 995 2778 1067 Babyloniae
2805 993 3009 1050 Iudaeis
3043 992 3308 1049 suadebat
3331 991 3501 1054 exire,
3536 999 3589 1044 et
3615 1004 3749 1058 sepa-

2189 1089 2300 1144 rari
2327 1089 2397 1145 ab
2429 1088 2688 1160 operibus
2726 1086 2886 1141 malis
2915 1085 3216 1158 gentilium.
3249 1081 3404 1149 Quod
3434 1080 3482 1136 si
3509 1079 3748 1145 facerent,

2188 1182 2540 1253 promittebat
2560 1180 2641 1236 eis
2674 1195 2708 1234 a
2733 1178 2844 1233 Deo
2871 1175 3270 1240 liberationem,
3295 1172 3520 1228 dicens:
3553 1169 3747 1240 PrOpter

2187 1277 2347 1348 quod,
2372 1276 2600 1340 scilicet,
2636 1282 2698 1328 ut
2723 1271 2845 1327 sitis
2864 1269 3100 1342 populus
3126 1266 3243 1334 Dei,
3280 1267 3346 1320 de
3389 1265 3560 1320 medio
3583 1265 3729 1334 impio

2190 1387 2308 1424 rum
2328 1371 2464 1425 exite
2483 1384 2503 1422 :
2523 1383 2633 1423 non
2648 1372 2936 1436 operantes
2957 1377 3080 1433 quae
3099 1369 3413 1430 operantur.
3443 1356 3750 1428 Separamim

2187 1463 2352 1516 etiam
2379 1461 2450 1517 ab
2475 1459 2682 1516 eisdem
2723 1445 3026 1520 voluntate,
3068 1469 3178 1508 non
3208 1462 3422 1507 tantum
3467 1467 3646 1522 opere.
3677 1451 3752 1508 Sic

2189 1564 2370 1609 autem
2399 1552 2518 1608 fieri
2537 1565 2762 1606 necesse
2782 1555 2886 1613 est,
2910 1546 3038 1617 quia
3055 1545 3172 1600 haec
3195 1543 3330 1599 dicit
3359 1543 3658 1598 Dominus:
3684 1542 3754 1600 Ne

499 1637 618 1694 stite
659 1637 838 1696 fomes
879 1649 965 1695 est
1003 1640 1060 1695 in
1100 1641 1358 1698 cordibus
1393 1642 1611 1700 vestris.
1661 1641 1759 1700 Vel
1799 1643 1958 1700 aliter
1980 1685 1996 1711 ,
2029 1653 2092 1700 ut
2189 1646 2352 1702 etiam
2407 1644 2684 1716 tetigeritis
2712 1640 3064 1704 immundum,
3107 1637 3160 1693 id
3185 1646 3270 1692 est
3300 1652 3404 1691 nec
3430 1636 3592 1691 etiam
3620 1636 3752 1692 dele-

497 1747 673 1800 pauca
695 1733 950 1802 superius
968 1742 1245 1792 mutemus
1273 1753 1287 1790 :
1311 1725 1609 1792 Hortamur
1627 1752 1746 1804 vos,
1763 1752 1832 1793 ne
1855 1739 2086 1809 gratiam
2124 1792 2164 1809 ἢ
2190 1738 2484 1794 ctationem
2515 1733 2818 1791 habueritis
2870 1731 2923 1786 in
2967 1728 3331 1784 immunditiis
3377 1742 3586 1791 eorum,
3625 1728 3752 1798 quod

502 1818 602 1874 Dei
637 1818 845 1877 frustra
893 1822 1170 1893 recipiatis
1204 1843 1217 1878 :
1249 1825 1398 1895 quod
1443 1840 1514 1880 ne
1567 1827 1662 1882 ﬁat
1704 1827 1909 1882 nemini
1969 1827 2085 1883 sitis

2195 1833 2387 1888 saltem
2417 1830 2666 1900 placeant
2696 1825 2872 1881 vobis.
2899 1822 2969 1877 Et
3003 1824 3050 1876 si
3077 1823 3183 1877 hoc
3219 1821 3480 1887 feceritis,
3512 1837 3602 1891 ego
3641 1823 3755 1875 reci—

502 1913 696 1968 dantes
727 1913 895 1968 ullam
921 1914 1283 1972 offensionem
1317 1932 1487 1987 pravo
1518 1933 1683 1988 opere
1709 1919 1795 1974 vel
1816 1920 2088 1990 exemplo,

501 2011 564 2056 ut
602 2003 972 2060 ministerium
999 2015 1272 2074 nostrum,
1297 2007 1352 2064 id
1371 2016 1456 2064 est
1473 2024 1542 2064 ne
1569 2009 1945 2081 magisterium
1985 2027 2088 2066 no-

497 2103 674 2149 strum
701 2109 798 2166 per
824 2111 926 2152 vos
954 2096 1294 2176 oti‘endentes
1321 2099 1394 2156 sit
1426 2100 1800 2172 vituperabile.
1845 2101 1924 2159 Ne
1951 2103 2090 2160 detis

495 2185 874 2255 olimsionem,
931 2190 1028 2245 sed
1075 2191 1436 2248 exhibeamus
1473 2208 1576 2250 nos
1619 2194 1674 2248 in
1713 2195 1992 2264 omnibus,
2031 2207 2092 2252 ut

495 2279 696 2336 melius
721 2294 818 2336 eos
843 2280 1049 2336 alliciat
1079 2283 1148 2338 ad
1175 2283 1404 2352 bonum,
1435 2301 1562 2341 cum
1583 2286 1790 2342 eisdem
1812 2303 1872 2344 se
1899 2289 2091 2345 inserit

497 2369 726 2428 dicens:
759 2385 860 2426 nos
887 2371 1032 2427 sicut
1058 2371 1154 2428 Dei
1186 2373 1490 2430 ministros.
1525 2375 1608 2452 .Et
1659 2379 1961 2433 secundum
1988 2379 2092 2434 hoc

499 2458 643 2516 sicut
704 2457 765 2513 in
818 2461 1036 2530 propria
1097 2462 1492 2534 signiﬁcatione
1549 2465 1672 2520 erit.
1722 2465 1919 2523 Omnia
1967 2485 2090 2538 qua:

497 2557 808 2620 sequuntur
846 2564 958 2604 non
1005 2560 1308 2618 mutantur,
1356 2553 1462 2608 nisi
1493 2555 1640 2624 quod
1687 2555 1832 2612 sicut
1854 2557 1922 2612 ad
1950 2556 2090 2612 Pau-

498 2639 639 2709 lum,
669 2641 751 2698 sic
777 2643 1026 2712 exposita
1054 2644 1122 2698 ad
1153 2660 1248 2701 eos
1273 2655 1532 2715 spectare,
1547 2647 1822 2704 dicantur.
1849 2648 1917 2704 Et
1936 2650 2085 2719 quia,

496 2747 536 2790 θ
560 2733 854 2800 Corinthii,
878 2751 1026 2792 nunc
1056 2737 1227 2792 multa
1247 2746 1303 2792 et
1325 2739 1504 2808 ampla
1529 2749 1797 2812 praecepta
1818 2741 1890 2797 do
1907 2743 2086 2810 vobis,

497 2827 668 2883 modo
708 2836 858 2898 patet
903 2846 968 2888 os
997 2838 1244 2886 nostrum
1272 2831 1342 2887 ad
1376 2847 1476 2890 vos
1500 2833 1672 2888 multa
1701 2833 2087 2906 praecipiendo,

499 2919 596 2990 qui
647 2934 737 2976 me
779 2921 934 2991 prius
981 2923 1294 2994 arguebatis
1340 2938 1442 2980 vos
1481 2926 1852 2982 commonitos
1871 2943 1995 2984 esse
2020 2928 2089 2984 de

493 3011 706 3082 paucis.
733 3010 844 3068 Nec
873 3014 1074 3069 mirum
1105 3015 1152 3070 si
1175 3015 1381 3085 patenti
1401 3031 1498 3072 ore
1517 3017 1690 3073 multa
1716 3019 1872 3074 vobis
1895 3020 2090 3090 princi-

2191 1924 2340 1994 piam
2364 1937 2451 1976 vos
2474 1936 2494 1975 :
2519 1929 2569 1975 et
2593 1919 2736 1973 vobis
2755 1915 2989 1986 receptis
3015 1930 3104 1969 ero
3130 1915 3185 1967 in
3198 1922 3426 1983 patrem,
3441 1921 3490 1966 et
3518 1929 3602 1966 vos
3622 1913 3754 1966 eritis

2194 2012 2324 2066 mihi
2345 2012 2400 2064 in
2421 2007 2674 2080 ﬁlios,vel
2693 2007 2860 2062 etiam
2891 2007 2948 2060 in
2975 2005 3120 2075 ﬁlias
3133 2020 3256 2074 qua:
3273 2003 3469 2074 majori
3496 2003 3752 2074 diligentia

2193 2111 2460 2158 ornantur
2487 2117 2518 2156 a
2547 2097 2886 2170 parentibus.
2925 2095 2988 2150 Et
3014 2097 3128 2151 haec
3153 2095 3338 2150 omnia
3369 2095 3588 2150 credere
3605 2103 3657 2149 et
3681 2094 3752 2149 fa-

2193 2209 2316 2249 cere
2337 2207 2434 2248 vos
2463 2189 2834 2263 oportet,quia
2855 2188 2971 2243 hac
2991 2187 3123 2240 dicit
3145 2185 3404 2239 Dominus
3433 2185 3751 2256 omnipotens.

2793 2278 3025 2335 CAPUT
3064 2277 3176 2332 Vli.

2270 2402 2286 2431 ι
2333 2377 2442 2434 Has
2468 2377 2636 2450 igitur
2672 2375 2938 2432 habentes
2986 2372 3403 2443 promissiones,
3445 2371 3747 2436 charissimi,

2199 2493 2217 2523 ‹
2262 2472 2586 2527 mundemus
2625 2484 2727 2524 nos
2760 2468 2830 2523 ab
2870 2466 3020 2523 omni
3057 2465 3472 2536 inquinamento
3519 2465 3688 2520 carnis
3708 2476 3752 2519 et

2199 2584 2216 2615 ι
2264 2563 2513 2634 Spiritus,
2563 2561 2908 2633 perficientes
2949 2558 3440 2614 sanctiﬁcationem
3488 2557 3544 2612 in
3582 2557 3786 2613 timores

2198 2675 2216 2706 ι
2259 2654 2374 2710 Dei.
2402 2653 2594 2725 Capite
2616 2669 2738 2709 nos.
2761 2651 3046 2708 Neminem
3068 2650 3330 2706 ltesimus.
3355 2647 3632 2704 Neminem
3649 2663 3753 2704 cor-

2198 2767 2218 2798 r
2263 2747 2532 2817 rupimus.
2560 2743 2845 2801 Neminem
2873 2741 3356 2799 circumvenimus.
3408 2739 3528 2796 Non
3555 2740 3618 2794 ad
3640 2755 3753 2794 con-

2197 2859 2217 2890 ‹
2261 2839 2663 2894 demnationem
2677 2845 2917 2892 vestram
2940 2834 3086 2891 dico.
3109 2832 3472 2889 Pmdiximus
3493 2829 3752 2904 [Praedixi]
3850 2823 3855 2833 ’

2197 2951 2216 2982 ε
2257 2931 2404 2986 enim
2439 2930 2586 3002 quod
2627 2930 2682 2984 in
2712 2927 2971 2984 cordibus
3001 2925 3207 2981 nostris
3250 2924 3388 2979 estis
3438 2923 3504 2978 ad
3529 2933 3750 2978 commo-

2197 3042 2216 3074 ε
2264 3022 2517 3078 riendum
2542 3030 2598 3076 et
2621 3019 2690 3076 ad
2714 3017 3134 3075 convivendum.
3189 3013 3358 3069 Multa
3390 3013 3524 3068 mihi
3577 3011 3752 3068 fiducia

495 3103 610 3172 pio,
640 3105 768 3175 quia
795 3121 892 3161 eor
917 3114 1167 3162 nostrum
1189 3107 1475 3163 dilatatum
1509 3117 1612 3175 est,
1640 3109 1696 3165 id
1719 3119 1805 3166 est
1821 3113 2007 3168 omnia
2029 3113 2086 3169 in
2113 3137 2156 3194 α
2197 3135 2216 3168 ‹
2255 3124 2341 3170 est
2360 3114 2505 3186 apud
2536 3127 2654 3178 vos,
2683 3111 2854 3166 multa
2881 3107 3018 3163 mihi
3051 3106 3302 3179 gloriatio
3326 3119 3426 3176 pro
3457 3104 3626 3160 vobis.
3665 3102 3752 3159 Ile-

498 3210 588 3250 me
621 3195 842 3252 invenio
880 3213 1003 3268 qua:
1043 3198 1198 3254 vobis
1237 3199 1510 3268 operanda
1557 3201 1732 3257 trado.
1766 3201 1834 3257 Et
1871 3219 1940 3260 ex
1981 3204 2087 3260 hoc

493 3284 606 3356 jam
648 3295 911 3356 apparet:
964 3287 1096 3358 quia
1139 3303 1250 3344 non
1290 3291 1680 3362 angustiamini
1731 3293 1787 3349 in
1828 3296 1995 3353 nobis
2038 3299 2086 3353 si

493 3392 675 3449 pauca
718 3379 1044 3447 operamini,
1103 3381 1198 3438 sed
1239 3382 1627 3454 angustiamini
1687 3386 1744 3441 in
1780 3387 2088 3445 visceribus

497 3469 718 3524 vestris.
744 3467 923 3526 Nolite
947 3479 1130 3526 autem
1166 3473 1488 3544 angnstiari,
1535 3477 1632 3531 sed
1660 3477 1926 3534 charitate
1946 3480 2085 3536 dila-

497 3560 689 3615 temini
715 3579 728 3615 :
761 3560 907 3617 sicut
929 3562 1050 3620 alia:
1077 3561 1334 3620 Ecclesia:
1355 3565 1431 3621 ita
1463 3576 1520 3622 et
1551 3583 1652 3624 vos
1679 3587 1693 3622 :
1729 3578 1782 3624 et
1819 3569 1928 3627 hoc
1966 3572 2088 3627 dico

496 3653 655 3710 vobis
691 3663 946 3726 tanquam
985 3655 1136 3726 ﬁliis,
1162 3673 1262 3714 vos
1297 3657 1422 3714 dico
1463 3675 1562 3732 spe
1602 3662 1823 3732 quidem
1843 3663 1960 3734 jam
1989 3665 2088 3720 Ita-

498 3747 672 3802 bentes
691 3749 929 3804 eamdem
969 3751 1444 3806 remunerationem
1484 3769 1651 3824 quam
1675 3770 1776 3811 nos
1801 3755 2084 3826 habemus,

499 3839 708 3896 scilicet
747 3841 1026 3898 scelestem
1068 3843 1317 3914 gloriam.
1362 3843 1430 3900 Et
1469 3854 1532 3901 ut
1570 3846 1626 3900 in
1666 3849 1940 3924 mandatis
1991 3849 2086 3906 Dei

497 3930 818 3986 dilatemini.
885 3932 1070 3989 Nolite
1128 3935 1318 3990 ducere
1345 3936 1540 4008 jugum
1605 3955 1726 3992 cum
1783 3941 2086 4010 inﬁdelibus

495 4021 724 4091 pseudo.
768 4021 872 4078 Per
908 4024 1104 4096 jugum
1147 4035 1382 4082 veterem
1426 4028 1700 4102 signiﬁcat
1745 4031 1939 4102 legem,
1965 4049 2088 4104 quae

497 4113 734 4183 graviter
767 4115 1110 4186 opprimebat
1137 4118 1518 4176 observatores
1542 4136 1696 4177 suos.
1732 4121 1848 4178 Non
1879 4125 2088 4182 debetis

497 4202 698 4259 ducere
716 4203 912 4276 jugum
942 4222 1073 4264 cum
1110 4209 1460 4266 inﬁdelibus:
1507 4211 1639 4282 quia
1667 4228 1766 4268 vos
1807 4214 1964 4285 justi,
2009 4218 2087 4272 illi

497 4295 677 4368 iniqui
703 4315 718 4352 :
741 4313 839 4356 vos
875 4299 991 4367 lux,
1022 4301 1101 4356 illi
1125 4304 1399 4358 tenebraaz
1447 4304 1502 4358 in
1529 4305 1682 4360 vobis
1725 4304 1999 4376 Christus,
2031 4310 2085 4365 in

371 4378 392 4392 ’
497 4391 609 4448 illis
631 4391 838 4449 Belial:
882 4411 982 4451 vos
1008 4397 1213 4462 ﬁdeles,
1261 4397 1336 4452 illi
1385 4397 1662 4459 infideles:
1697 4414 1795 4453 vos
1822 4399 2082 4468 templum

2195 3227 2214 3260 ι
2260 3209 2438 3280 pletus
2466 3221 2588 3262 sum
2621 3202 3034 3260 consolatione:
3071 3197 3458 3270 superabundo
3494 3199 3680 3267 gaudio
3705 3199 3752 3252 in

2195 3316 2214 3347 ι
2255 3296 2405 3352 omni
2454 3294 2806 3350 tribulatione
2848 3301 3055 3347 nostra.
3102 3290 3239 3346 Nam
3279 3303 3334 3346 et
3367 3307 3492 3348 cum
3525 3291 3747 3346 venisse-

2195 3409 2214 3440 r
2256 3405 2380 3446 mus
2431 3385 2826 3450 Macedoniam,
2869 3384 3074 3440 nullam
3118 3383 3364 3454 requiem
3414 3383 3601 3439 habuit
3641 3397 3750 3438 caro

2194 3503 2214 3535 ‹
2259 3491 2468 3548 nostra,
2512 3479 2607 3536 sed
2657 3493 2877 3533 omnem
2916 3476 3322 3532 tribulationem
3361 3476 3511 3546 passi
3561 3489 3748 3531 sumus.

2195 3595 2214 3626 σ
2257 3573 2416 3629 Foris
2451 3586 2666 3643 pugnae,
2699 3569 2848 3624 intus
2889 3567 3134 3623 timores.
3170 3566 3276 3622 Sed
3325 3568 3420 3638 qui
3466 3567 3746 3624 consolatur

2195 3687 2213 3716 ι
2255 3663 2511 3728 humiles,
2539 3661 2859 3718 consolatus
2883 3667 2968 3715 est
2994 3675 3096 3714 nos
3127 3657 3271 3714 Deus
3295 3658 3352 3714 in
3380 3659 3612 3714 adventu
3638 3655 3740 3710 Titi.

2195 3776 2213 3807 ι
2255 3755 2373 3811 Νοη
2402 3755 2582 3811 solum
2610 3762 2791 3808 autem
2831 3753 2884 3807 in
2908 3751 3142 3806 adventu
3173 3751 3294 3821 ejus
3321 3793 3338 3818 ,
3378 3751 3476 3806 sed
3521 3751 3668 3805 etiam
3695 3749 3740 3803 in

2195 3870 2212 3901 ι
2255 3848 2630 3905 consolatione
2673 3863 2780 3918 qua
2834 3843 2980 3918 [qui]
3027 3844 3344 3900 consolatus
3379 3853 3466 3899 est
3503 3843 3560 3898 in
3597 3840 3748 3904 vobis,

2194 3961 2212 3991 ι
2260 3939 2502 3998 referens
2542 3939 2704 3994 nobis
2739 3946 2984 3994 vestrum
3025 3935 3378 4004 desiderium,
3408 3944 3641 3991 vestrum
3665 3933 3745 3988 ﬂe-

2195 4054 2213 4085 ι
2258 4043 2395 4098 tum,
2425 4040 2664 4089 vestram
2692 4029 3096 4086 aemulationem
3133 4044 3234 4099 pro
3263 4043 3352 4084 me
3378 4046 3390 4082 :
3417 4029 3492 4082 ita
3522 4037 3579 4082 ut
3598 4024 3748 4096 magis

2195 4146 2214 4176 ι
2259 4124 2572 4198 gauderem.
2623 4121 2894 4190 Quoniam
2936 4120 3040 4176 etsi
3079 4104 3400 4174 contristavi
3453 4133 3552 4173 vos
3578 4117 3627 4171 in
3647 4115 3745 4184 epi-

2195 4237 2212 4266 ι
2257 4216 2414 4281 stola,
2463 4230 2574 4269 non
2630 4229 2718 4268 me
2768 4211 3010 4283 paenitet.
3045 4208 3114 4264 Et
3153 4209 3202 4265 si
3249 4207 3540 4279 paeniteret
3583 4206 3746 4261 videns

2196 4331 2213 4362 ι
2261 4309 2406 4379 quod
2427 4307 2655 4378 epistola
2686 4305 2798 4370 illa,
2825 4313 2878 4359 et
2900 4303 2945 4358 si
2969 4303 3038 4358 ad
3058 4303 3251 4357 horam
3279 4315 3380 4356 vos
3407 4299 3744 4360 contristavit,

2197 4421 2215 4450 ε
2263 4414 2407 4452 nmtc
2436 4397 2664 4470 gaudeo,
2695 4412 2802 4450 non
2830 4394 2958 4464 quia
2996 4391 3305 4448 contristati
3331 4391 3505 4446 estis:
3532 4389 3617 4444 sed
3637 4387 3744 4459 quia

499 4482 620 4552 Dei,
657 4485 734 4540 illi
764 4486 1056 4544 idolorum.
1082 4487 1151 4544 Et
1175 4507 1296 4560 qua:
1342 4491 1686 4561 participatio
1705 4491 1938 4560 jnstitiae
1970 4508 2090 4546 cum
2119 4479 2166 4539 Ι)
2199 4511 2218 4544 ε
2261 4490 2564 4546 contristati
2587 4489 2722 4544 estis
2752 4487 2820 4542 ad
2843 4484 3240 4558 paenitentiam.
3280 4482 3598 4539 Contristati
3621 4481 3744 4536 enim

496 4576 782 4648 iniquitate
807 4581 833 4635 .9
861 4581 970 4635 Aut
997 4599 1116 4654 quce
1147 4583 1374 4636 societas
1402 4581 1528 4636 luci'
1545 4583 1615 4636 ad
1639 4583 1915 4638 tenebras?
1933 4583 2091 4640 Nulla

497 4669 691 4742 utique
721 4672 954 4728 societas
979 4673 1140 4730 debet
1165 4689 1290 4731 esse
1327 4673 1718 4740 membrorum,
1747 4675 1840 4730 ubi
1869 4685 1956 4732 est
1987 4676 2072 4732 dif

497 4758 731 4818 ferentia
779 4764 1062 4834 capitum:
1122 4765 1220 4822 sed
1267 4764 1532 4821 Christus
1592 4775 1758 4837 caput
1797 4776 2048 4823 nostrum

503 4853 671 4910 Belial
709 4864 874 4926 caput
900 4857 1141 4912 illorum.
1171 4856 1304 4924 Qum
1345 4865 1529 4914 autem
1579 4860 1850 4914 conventio
1889 4857 2070 4916 Christ

497 4948 571 5004 ad
601 4947 825 5002 Belial?
849 4947 956 5002 Aut
1007 4965 1126 5021 quae
1169 4966 1294 5020 pars
1325 4951 1472 5021 ﬁdeli
1495 4967 1616 5005 cum
1655 4951 1908 5022 inﬁdeli}
1954 4951 2086 5018 Quis

496 5048 677 5096 autem
715 5057 996 5097 consensus
1039 5043 1204 5114 178
1224 5043 1418 5114 templo
1441 5042 1540 5102 Det
1569 5061 1688 5098 cum
1716 5045 1898 5104 idolis.
1928 5045 1982 5100 id
2005 5054 2090 5100 est

500 5146 628 5188 cum
653 5131 762 5186 illis
784 5131 990 5202 impiis,
1017 5133 1111 5202 qui
1139 5132 1286 5187 velut
1310 5132 1514 5188 idolum
1545 5134 1702 5190 sedes
1727 5143 1858 5190 sunt
1883 5135 2088 5190 daemo-

497 5223 586 5277 nis
606 5222 632 5276 ?
659 5221 814 5278 Sicut
843 5225 990 5280 enim
1029 5225 1084 5278 in
1126 5223 1292 5294 idolo,
1325 5225 1406 5280 sic
1447 5225 1502 5280 in
1535 5225 1668 5295 ipsis
1691 5242 1957 5297 responsa
1985 5228 2085 5282 da-

498 5312 593 5371 bat
618 5314 852 5370 dentom
897 5315 1042 5372 Bene
1068 5315 1192 5370 dico
1233 5315 1426 5386 templo
1466 5315 1564 5370 Dei
1589 5332 1606 5368 :
1632 5333 1758 5372 nam
1789 5334 1876 5372 eos
1901 5319 2088 5374 ﬁdeles

499 5407 625 5463 estis
649 5407 902 5477 templum
926 5407 1026 5462 Dei
1048 5408 1172 5472 vivi,
1194 5407 1325 5478 quia
1363 5407 1418 5462 in
1445 5407 1738 5477 vobisipsis
1780 5409 1932 5476 vivit,
1955 5411 2087 5466 dum

499 5513 600 5552 vos
620 5498 675 5552 in
705 5499 851 5553 bono
877 5499 1059 5553 vivere
1083 5496 1232 5553 facit.
1261 5497 1328 5553 Et
1362 5500 1466 5554 huc
1485 5498 1629 5563 dico,
1655 5499 1797 5554 sicut
1821 5500 1952 5557 dicit
1977 5501 2057 5557 Do

503 5591 688 5646 minus
725 5590 872 5647 Deus
915 5606 1012 5662 per
1041 5589 1378 5647 Ezechielem
1419 5592 1546 5648 licet
1573 5591 1696 5647 aliis
1719 5588 1917 5648 verbis.
1952 5595 2086 5660 Hoc,

503 5681 752 5754 inquam,
780 5682 914 5738 dicit
933 5681 1080 5749 Deus
1103 5699 1116 5734 ε
1142 5683 1420 5752 quoniam,
1436 5684 1487 5738 id
1516 5685 1759 5754 estquod
1782 5685 2088 5740 inhabitabo

503 5775 561 5830 in
582 5775 691 5832 illis
716 5774 967 5832 ﬁdelibus
992 5772 1344 5844 justiticando
1377 5793 1474 5832 eos
1501 5791 1595 5848 per
1632 5776 1812 5845 fidem,
1840 5786 1892 5833 rt
1921 5780 2081 5838 etiam

2199 4606 2217 4634 ι
2259 4584 2393 4639 estis
2437 4581 2737 4637 secundum
2768 4579 2958 4649 Deum,
2997 4585 3061 4632 ut
3099 4577 3154 4631 in
3195 4575 3347 4632 nullo
3388 4575 3744 4631 detrimentum

2129 4702 2145 4718 ι
2199 4698 2218 4726 ‹
2261 4675 2544 4746 patiamini
2572 4689 2640 4729 ex
2685 4671 2864 4728 nobis.
2908 4671 3042 4738 Quae
3083 4669 3229 4726 enim
3259 4669 3559 4724 secundum
3599 4664 3744 4721 Deum

2200 4787 2218 4815 ι
2265 4763 2484 4820 tristitia
2504 4771 2608 4828 est,
2630 4761 3008 4832 paenitentiam
3035 4759 3092 4814 in
3114 4759 3345 4815 salutem
3375 4757 3620 4814 stabilem
3643 4769 3731 4824 ope

2199 4881 2215 4910 ε
2264 4870 2455 4914 ratur:
2499 4856 2684 4913 saeculi
2729 4864 2910 4910 autem
2960 4853 3176 4908 tristitia
3223 4859 3458 4907 mortem
3496 4856 3750 4920 cperatur.

2198 4973 2216 5002 ι
2268 4949 2406 5006 Ecce
2429 4949 2578 5004 enim
2599 4948 2705 5002 hoc
2737 4946 2915 5016 ipsum
2947 4943 3246 5000 secundum
3268 4941 3442 4996 Deum
3461 4934 3744 4996 contristari

2199 5069 2216 5096 ς
2263 5059 2382 5110 vos,
2411 5057 2578 5113 quam
2601 5051 2712 5096 tam
2741 5039 2797 5094 in
2831 5037 2988 5094 vobis
3020 5043 3274 5108 operatur
3309 5033 3743 5090 sollicitudinem:

2199 5161 2218 5186 ο
2263 5137 2356 5192 sed
2395 5133 2788 5198 defensionem,
2833 5131 2928 5187 sed
2962 5129 3412 5202 indignationem,
3459 5127 3551 5184 sed
3601 5122 3743 5182 ti'mo-

2199 5250 2215 5278 α
2267 5243 2402 5292 rem,
2431 5225 2526 5282 sed
2553 5225 2906 5292 desiderium,
2939 5222 3036 5279 sed
3074 5221 3496 5286 aemulationem,
3525 5219 3614 5276 sed
3637 5217 3741 5272 vin-

2199 5340 2218 5369 ‹
2259 5319 2481 5373 dictam.
2515 5315 2572 5370 In
2595 5315 2850 5370 omnibus
2889 5313 3216 5371 exhibuisth
3250 5329 3348 5368 vos
3371 5311 3740 5369 incontamina—

2199 5433 2216 5461 ι
2265 5421 2350 5466 tos
2391 5424 2516 5464 esse
2554 5409 2790 5479 negotio.
2841 5407 3012 5479 Igitur
3049 5417 3106 5464 et
3129 5408 3178 5464 si
3199 5408 3394 5478 scripsi
3433 5408 3602 5471 vobis,
3648 5417 3744 5458 non

2197 5523 2214 5552 ι
2255 5509 2476 5572 propter
2521 5515 2648 5554 eum
2691 5500 2786 5570 qui
2815 5500 2943 5555 fecit
2975 5499 3251 5572 iniuriam,
3279 5517 3377 5556 nec
3399 5506 3610 5570 prepter
3631 5507 3740 5550 eum

2204 5616 2222 5644 ι
2267 5593 2360 5664 qui
2389 5607 2586 5663 passus
2610 5599 2694 5647 est
2716 5633 2730 5658 ,
2777 5592 2874 5648 sed
2915 5593 2984 5648 ad
3029 5591 3480 5648 manifestandam
3505 5587 3739 5646 sollicitu-

2199 5707 2214 5736 ι
2257 5686 2438 5739 dinem
2462 5692 2730 5748 nostram,
2773 5699 2938 5754 quam
2987 5684 3251 5740 habemus
3279 5699 3378 5754 pro
3396 5681 3546 5738 vobis
3573 5691 3744 5735 coram

2202 5800 2218 5830 ι
2263 5778 2391 5833 Deo.
2450 5776 2680 5850 ideoque
2724 5777 2990 5833 consolati
3035 5793 3246 5834 sumus.
3299 5775 3354 5833 in
3399 5771 3736 5832 consolatione
