3928 6408
115 379 254 434 249

766 373 1129 432 EXPOSITIO
1164 375 1231 430 lN
1267 374 1647 433 EPISTOLAS
1683 372 1911 431 PAULI.
1947 404 2016 415 —
2045 370 2112 428 IN
2147 370 2364 428 EPIST.
2407 371 2451 426 ll
2485 372 2576 427 AD
2611 369 2770 427 (ΞΟΠ.

3309 371 3414 427 250

135 517 158 547 ι
211 504 420 550 autem
450 505 656 556 nostra.
712 495 1077 550 abundantius
1121 495 1298 565 magis
1342 493 1514 565 gavisi
1551 507 1743 548 sumus
1769 496 1819 552 Α
1845 489 2310 555 commoriendum,
2337 488 2392 543 id
2429 497 2532 552 est,
2566 495 2626 542 ut
2658 487 2818 542 velim
2863 501 2960 541 vos
3019 498 3230 541 mecum
3271 503 3418 542 com-

138 607 159 638 ι
216 602 410 656 super
437 585 633 656 gaudio
659 585 767 642 Titi
796 605 808 640 :
841 587 969 656 quia
1009 584 1244 641 refectus
1268 595 1352 640 est
1377 584 1600 654 spiritus
1626 583 1744 653 ejus

141 701 163 729 ι
217 680 302 734 ab
325 679 588 734 omnibus
616 678 789 734 vobis.
819 678 886 733 Et
909 679 957 734 si
983 679 1115 748 quid
1148 678 1291 748 apud
1313 678 1466 732 illum
1499 677 1566 731 de
1593 675 1747 730 vobis

143 793 164 824 ε
220 772 508 844 gloriatus
529 788 673 836 sum,
704 788 813 826 non
850 787 972 828 sum
1005 770 1270 827 confusus
1298 770 1429 826 :sed
1456 769 1599 824 sicut
1622 784 1746 823 om-

147 887 169 916 ‹
223 865 328 918 nia
357 864 519 920 vobis
548 865 601 918 in
626 865 850 920 veritate
883 864 1049 919 locuti
1083 879 1295 929 sumus,
1322 862 1395 916 ita
1419 870 1475 916 et
1500 860 1748 932 gloriatio

148 978 170 1008 ι
225 966 433 1012 nostra
481 973 601 1026 qua:
643 955 746 1011 fuit
783 957 852 1012 ad
883 955 1086 1023 Titum,
1122 957 1322 1010 veritas
1353 954 1495 1009 facta
1540 960 1662 1008 est:
1695 959 1750 1005 et

152 1068 172 1098 ι
226 1048 455 1102 viscera
501 1047 619 1116 ejus
659 1046 1025 1101 abundantius
1071 1046 1126 1100 in
1172 1044 1328 1099 vobis
1372 1051 1537 1098 sunt:
1583 1041 1749 1096 remi-

153 1159 174 1189 ι
227 1137 508 1193 niseentis
535 1137 780 1191 omnium
799 1145 1040 1192 vestrum
1067 1134 1449 1198 obedientiam,
1478 1132 1749 1204 quomodo

161 1252 180 1282 ι
230 1246 370 1286 cum
396 1228 592 1284 timore
619 1245 674 1284 et
721 1238 959 1284 tremore
987 1226 1275 1296 excepistis
1319 1227 1491 1280 illum.
1527 1223 1749 1279 Gaudeo

170 1344 189 1374 ι
233 1322 392 1392 quod
420 1322 478 1376 in
505 1321 759 1376 omnibus
787 1319 1000 1375 confido
1021 1319 1076 1372 in
1096 1318 1304 1374 vobis.»

772 1453 778 1464 .
821 1425 1122 1467 EXPOSITIO.

243 1509 414 1580 179
441 1506 891 1576 Quandoquidem
931 1505 1085 1560 vobis
1117 1502 1440 1559 exeuntibus
1463 1501 1531 1556 de
1570 1500 1750 1555 medio

165 1602 475 1672 impiorum
501 1599 652 1669 (dicit
673 1596 961 1666 Dominus)
989 1595 1144 1651 eritis
1169 1595 1303 1648 mihi
1337 1593 1391 1648 in
1424 1591 1564 1646 filios
1597 1598 1650 1645 et
1682 1589 1748 1644 fi—

162 1693 278 1746 lias
295 1700 410 1746 etc.
426 1690 616 1760 Igitur,
639 1705 672 1743 ο
698 1686 1028 1751 charissimi,
1053 1701 1148 1740 vos
1175 1684 1417 1737 habentes
1445 1683 1561 1747 has,
1590 1681 1641 1736 id
1667 1688 1752 1735 est

160 1783 434 1855 prafatas
471 1781 862 1852 promissiones,
889 1788 950 1832 ut
975 1794 1068 1832 eas
1091 1774 1580 1846 apprehendamus,
1604 1788 1753 1824 mun-

159 1879 362 1931 danus
391 1892 484 1929 nos
512 1874 576 1928 ab
613 1873 755 1927 omni
778 1872 1168 1942 inquinamento
1197 1867 1394 1933 carnis,
1436 1875 1485 1919 et
1509 1866 1578 1920 ab
1599 1863 1747 1917 omni
1777 1855 1824 1912 Β

163 1969 598 2039 inquinamento
636 1966 875 2035 spiritus.
923 1961 1338 2031 lnquinamenta
1381 1957 1566 2013 carnis
1595 1963 1754 2011 vocat

161 2062 484 2126 libidinem,
527 2059 845 2115 ebrietatem
886 2064 940 2109 et
969 2045 1302 2122 huiusmodi.
1340 2049 1752 2119 lnquinamenta

163 2155 436 2225 spiritus,
454 2161 511 2207 ut
538 2152 697 2215 iram,
723 2148 1070 2213 invidiam,et
1083 2143 1417 2214 hujusmodi,
1435 2156 1557 2210 qua:
1578 2139 1753 2209 ipsam

167 2247 440 2302 inficiunt
471 2245 704 2299 animam
735 2243 855 2296 sine
885 2238 1136 2308 contagio
1181 2234 1382 2290 carnis.
1433 2232 1523 2288 Sic
1565 2247 1667 2286 nos
1681 2230 1754 2299 ,in

165 2346 422 2406 utroque
453 2333 778 2389 mandemus
815 2347 847 2386 a
884 2329 1121 2400 peccatis
1151 2346 1163 2381 :
1191 2327 1516 2396 perﬁcientes
1559 2322 1757 2378 dehinc

166 2429 684 2498 sanctiﬁcationem,
717 2425 770 2479 id
801 2431 905 2488 est,
948 2430 1005 2475 ut
1040 2421 1198 2474 malis
1231 2417 1474 2473 mundati
1499 2417 1553 2471 in
1585 2417 1757 2470 virtu-

169 2523 326 2578 tibus
351 2518 582 2590 perfecti
622 2518 815 2572 simus.
846 2513 962 2569 Hoc
1005 2522 1187 2568 autem
1216 2511 1558 2582 perficientes
1591 2511 1647 2563 in
1688 2510 1757 2562 ti-

109 2639 150 2673 .
175 2631 321 2667 more
344 2612 470 2677 Dei,
501 2611 557 2666 id
580 2619 681 2675 est,
709 2623 819 2663 non
843 2609 1038 2662 timore
1064 2604 1346 2660 hominum
1370 2613 1428 2658 ut
1449 2617 1759 2672 quaeramus

182 2721 445 2776 apparere
467 2704 603 2773 justi
628 2703 681 2756 in
711 2701 849 2755 facie
873 2709 927 2754 et
956 2713 1066 2753 non
1094 2697 1150 2752 in
1179 2696 1345 2776 corde
1368 2696 1511 2750 sicut
1531 2693 1757 2764 pseudo,

189 2798 282 2853 sed
309 2798 362 2850 in
385 2797 603 2851 timore.
629 2793 739 2848 Nec
768 2799 979 2846 tantum
1009 2803 1316 2860 pmnarum,
1339 2773 1404 2842 ut
1423 2802 1518 2856 per
1548 2787 1651 2842 hoc
1671 2799 1763 2839 so-

186 2891 295 2944 lum
327 2889 495 2945 modo
529 2901 722 2957 poenas
752 2884 1068 2948 evadamus,
1099 2882 1194 2938 sed
1216 2880 1289 2936 .in
1328 2881 1524 2934 timore
1555 2876 1672 2943 Dei,
1702 2885 1763 2931 ut

181 2983 353 3038 Deum
382 2983 680 3036 timeamus
708 2976 998 3041 oﬂendere,
1027 2975 1122 3044 qui
1160 2974 1325 3028 timor
1356 2971 1556 3026 dicitur
1583 2969 1763 3024 chari—

183 3086 284 3130 tas.
315 3074 415 3128 Vel
451 3074 610 3128 aliter
642 3072 820 3126 littera
849 3070 942 3123 illa
977 3067 1238 3124 dividitur
1265 3085 1276 3119 :
1311 3064 1636 3119 Mundemus
1663 3077 1764 3117 nos

143 3158 145 3160 ’
187 3167 250 3223 ab
277 3167 701 3237 inquinamento
749 3162 969 3218 carnis:
1012 3169 1073 3214 ut
1098 3160 1169 3214 sit
1205 3159 1278 3212 ibi
1319 3173 1532 3220 versus,
1573 3163 1627 3209 et
1659 3170 1759 3208 nos
1786 3195 1830 3257 Ε

183 3260 436 3316 mundati
484 3257 828 3328 perlieientes
875 3252 1360 3310 sanctificationem
1409 3249 1653 3318 spiritus,
1707 3247 1760 3301 id

181 3363 292 3418 est,
318 3351 624 3407 secundum
671 3348 815 3418 quod
857 3348 1014 3402 docet
1045 3345 1290 3415 spiritus,
1332 3344 1415 3398 vel
1459 3342 1551 3396 illa
1599 3340 1760 3405 ratio,

190 3445 280 3499 vel
305 3443 645 3513 perficientes
676 3438 1161 3495 sanctificationem
1197 3436 1442 3505 spiritus,
1474 3434 1528 3490 id
1557 3442 1639 3488 est
1673 3448 1765 3486 ra-

194 3533 381 3599 tionis,
418 3532 500 3587 vel
532 3530 770 3600 Spiritus
809 3527 1004 3584 sancti.
1041 3525 1320 3581 Sententia
1349 3534 1432 3580 est
1462 3523 1671 3578 eadem.
1705 3520 1765 3576 lu

190 3630 388 3684 timore
416 3626 510 3681 Dei
537 3625 804 3680 similiter.
832 3621 900 3676 Et
926 3629 987 3676 ut
1028 3619 1273 3675 mundati
1301 3616 1593 3688 perﬁciatis
1635 3631 1764 3672 sau-

187 3721 600 3785 ctiﬁcationem,
625 3718 794 3786 capite
817 3733 931 3781 nos,
955 3714 1010 3769 id
1032 3725 1136 3780 est,
1158 3712 1384 3782 accipite
1410 3711 1766 3766 imitationem

189 3819 464 3870 nostram.
491 3811 585 3866 Vel
608 3818 670 3865 ut
690 3810 762 3864 ibi
789 3824 982 3864 versus
1010 3822 1119 3862 non
1149 3807 1221 3861 sit
1251 3825 1264 3860 :
1295 3804 1404 3859 Vos
1426 3803 1768 3874 perficientes

194 3903 706 3967 sanctificationem,
747 3902 917 3969 capite
957 3915 1071 3961 nos,
1105 3897 1160 3952 id
1205 3904 1310 3961 est,
1347 3894 1636 3949 imitamini
1666 3910 1769 3948 nos

200 3999 336 4051 sicut
358 3995 569 4050 dictum
599 4000 702 4047 est.
727 3989 838 4044 Nos
870 3989 1056 4057 utique
1093 4001 1288 4055 capere
1329 3985 1558 4048 debetis,
1604 3983 1768 4037 nemi—

205 4106 306 4142 nem
328 4088 482 4142 enim
510 4092 753 4139 vestrum
775 4082 1010 4137 ltesimus
1041 4057 1476 4147 improperando,
1511 4074 1656 4144 quod
1685 4075 1770 4126 vel

199 4198 359 4236 canes
391 4179 613 4243 essetis,
657 4177 742 4230 vel
784 4171 1136 4243 hujusmodi:
1168 4185 1254 4224 me
1293 4177 1472 4223 autem
1518 4167 1768 4237 magniﬁ-

196 4275 370 4330 cando
398 4272 469 4327 de
497 4283 692 4342 genere
715 4266 967 4330 Abrahze,
998 4271 1059 4316 ut
1088 4262 1295 4317 faciunt
1325 4259 1549 4330 pseudo.
1579 4257 1768 4311 Nemi—

195 4383 312 4419 nem
355 4365 553 4418 iterum
583 4369 825 4415 vestrum
854 4355 1205 4424 corrupimus,
1232 4367 1482 4422 perverse
1505 4349 1767 4411 docendo,

197 4457 281 4510 vel
319 4469 486 4524 pravo
532 4450 778 4519 exemplo
812 4447 1180 4517 depravando,
1211 4454 1272 4500 ut
1309 4445 1502 4498 iterum
1542 4441 1765 4510 pseudo,

1844 581 1986 636 mori
2029 589 2276 651 peccato,
2338 579 2410 634 ad
2453 579 2846 645 convivendum,
2890 578 2942 633 id
2973 587 3080 644 est,
3111 586 3172 632 ut
3201 594 3414 634 mecum

1843 673 2040 728 vivatis
2063 673 2306 743 justitia.
2346 669 2444 727 Vel
2481 671 2556 726 ita
2593 679 2652 726 ut
2685 668 3100 740 perfectioribus
3125 669 3412 740 loquatur:

1847 763 1995 820 Estis
2031 765 2085 818 in
2109 764 2364 819 cordibus
2387 763 2589 818 nostris
2618 764 2684 817 ad
2707 761 3195 827 commoriendum,
3225 771 3285 816 ut
3320 777 3416 815 ve-

1847 859 1941 913 lim
1963 874 2061 913 vos
2088 873 2302 913 mecum
2331 856 2470 911 mori
2493 857 2550 910 in
2574 855 2828 926 praesenti
2858 854 3227 920 tribulatione,
3258 865 3316 909 ut
3341 853 3421 909 sic

1848 968 2062 1008 mecum
2114 950 2235 1006 sitis
2279 950 2347 1004 ad
2383 948 2780 1004 convivendum
2831 947 2888 1000 in
2931 947 3267 1002 aeternitate:
3300 945 3422 1000 ideo

1847 1043 1968 1098 dico
1990 1042 2160 1111 capite
2184 1055 2276 1093 nos
2293 1055 2312 1092 :
2338 1039 2468 1109 quia
2495 1037 2664 1092 multa
2687 1037 2888 1106 ﬁducia
2915 1037 3045 1090 mihi
3065 1045 3142 1090 est
3169 1037 3310 1106 apud
3335 1052 3422 1089 vos

1847 1134 1914 1189 de
1957 1132 2156 1188 futuris
2201 1131 2363 1186 bonis
2393 1149 2406 1183 :
2434 1137 2496 1184 ut
2540 1129 2648 1184 cito
2685 1129 2932 1183 suasioni
2963 1144 3128 1198 quam
3179 1128 3424 1183 facturus

1848 1240 1971 1281 sum
2007 1222 2388 1294 acquiescatis.
2413 1220 2588 1275 Multa
2613 1221 2775 1276 etiam
2801 1220 3051 1291 gloriatio
3075 1230 3159 1276 est
3179 1223 3308 1275 mihi
3330 1239 3424 1292 pro

1848 1319 2011 1373 vobis.
2038 1317 2203 1372 Multa
2244 1317 2392 1371 enim
2434 1315 2579 1384 apud
2625 1314 2762 1370 alias
2805 1313 3077 1368 Ecclesias
3117 1314 3322 1382 glorior
3358 1314 3426 1368 de

1849 1411 1995 1466 bono
2039 1406 2398 1465 correctionis
2439 1417 2653 1472 vestrae,
2702 1403 3038 1475 praeferendo
3085 1419 3182 1459 vos
3231 1404 3338 1460 illis
3368 1404 3425 1456 in

1848 1503 2178 1572 exemplum.
2225 1500 2514 1569 Pr0pterea
2557 1498 2728 1554 multa
2774 1496 2972 1552 fiducia
2999 1496 3133 1551 mihi
3161 1504 3246 1551 est
3280 1496 3423 1565 apud

1850 1608 1947 1648 vos
1986 1592 2054 1646 de
2081 1589 2269 1645 futuro
2297 1609 2310 1643 :
2335 1589 2450 1658 jam
2479 1588 2626 1641 enim
2664 1585 2890 1655 repletus
2920 1601 3038 1638 sum
3073 1584 3429 1638 consolatione

1852 1685 1906 1740 in
1930 1684 2081 1740 omni
2109 1681 2484 1746 tribulatione,
2513 1692 2854 1749 quaecunque
2882 1676 2955 1732 sit
2988 1691 3082 1730 seu
3109 1675 3304 1742 facilis,
3330 1691 3425 1730 seu

1852 1776 2104 1842 difficilis,
2147 1787 2254 1831 seu‘
2295 1775 2463 1837 intus,
2508 1787 2604 1826 seu
2640 1770 2775 1825 foris
2814 1788 2826 1822 :
2874 1784 2974 1823 nec
3015 1783 3238 1838 quoquo
3269 1769 3430 1822 modo

1850 1869 2106 1924 consolor
2139 1867 2206 1921 de
2235 1865 2574 1920 correctione
2594 1870 2776 1917 vestra
2804 1879 2816 1914 :
2849 1861 2942 1916 sed
2968 1861 3022 1914 in
3053 1868 3264 1914 tantum
3286 1859 3431 1929 quod

1852 1958 2218 2030 superabundo
2257 1958 2451 2027 gaudio
2474 1971 2493 2008 :
2532 1954 2706 2026 magis
2740 1954 2886 2008 enim
2927 1953 2994 2007 de
3029 1961 3205 2006 vestra
3247 1968 3432 2007 corre-

1853 2053 2034 2110 ctione
2074 2051 2304 2123 gaudeo,
2346 2064 2510 2119 quam
2555 2047 2767 2101 doleam
2807 2046 2874 2100 de
2905 2044 3054 2099 omni
3084 2044 3434 2097 tribulatione

1854 2153 2061 2200 nostra.
2087 2143 2342 2198 Dicercnt
2386 2140 2504 2195 illi:
2540 2137 2710 2193 Estne
2740 2136 2835 2191 tibi
2879 2135 3189 2189 tribulatio?
3236 2133 3435 2204 Utique

1853 2238 1992 2292 bene
2036 2235 2180 2289 dico.
2215 2232 2360 2286 Nam
2403 2231 2531 2286 alibi
2560 2239 2609 2284 et
2638 2227 2803 2284 etiam
2847 2242 2966 2301 cum
3014 2226 3330 2280 venissemus
3377 2225 3434 2276 in

1858 2325 2225 2380 Macedoniam
2247 2340 2265 2376 :
2287 2339 2412 2377 caro
2437 2330 2618 2375 nostra
2643 2337 2746 2374 non
2775 2319 2959 2372 habuit
2976 2316 3143 2371 ullam
3167 2318 3393 2386 requiem
3419 2357 3431 2369 .

1855 2424 1945 2476 sed
1966 2422 2110 2492 passi
2139 2435 2318 2474 sumus
2344 2433 2551 2471 omnem
2591 2415 2989 2469 tribulationem
3023 2427 3040 2464 :
3080 2411 3232 2480 foris,
3275 2411 3327 2464 id
3357 2418 3433 2464 est

1859 2516 1913 2570 in
1961 2529 2188 2584 corpore
2233 2518 2392 2567 erant
2433 2525 2641 2581 pugnte,
2685 2507 2817 2561 dum
2863 2500 3090 2576 flagellis
3126 2504 3435 2574 amigebant

1859 2623 1946 2662 me
1974 2625 1987 2660 :
2019 2615 2073 2660 et
2100 2605 2265 2670 intus,
2309 2602 2364 2656 id
2401 2610 2487 2656 est
2512 2601 2569 2654 in
2603 2599 2787 2654 animo
2823 2605 2982 2652 erant
3011 2597 3244 2659 timores,
3275 2609 3344 2646 ne
3374 2593 3438 2646 li-

1858 2701 2006 2754 deles
2037 2695 2389 2768 passionibus
2420 2693 2558 2749 meis
2589 2691 3110 2753 scandalizarentur,
3145 2696 3199 2740 et
3220 2685 3440 2755 judica-

1860 2799 1982 2846 rent
2009 2805 2097 2844 me
2121 2803 2232 2843 non
2275 2801 2400 2842 esse
2435 2782 2795 2855 sequendum,
2832 2782 2960 2851 quia
2997 2779 3438 2835 condemnatum.

1862 2883 1960 2939 Vel
1985 2884 2058 2938 ita
2088 2901 2100 2936 :
2142 2883 2297 2952 foris,
2329 2879 2383 2934 id
2417 2886 2503 2934 est
2530 2877 2600 2931 ab
2626 2877 2714 2930 his
2744 2874 2906 2944 180
2933 2873 3026 2942 qui
3058 2879 3211 2926 extra
3252 2869 3440 2924 Eccle—

1862 2979 2002 3033 siam
2033 2985 2206 3040 erant,
2233 2974 2471 3029 ﬁdebant
2496 2970 2631 3025 mihi
2654 2983 2869 3038 pugnae,
2907 2966 3050 3021 sicut
3076 2965 3277 3017 dictum
3317 2969 3400 3015 est
3427 2979 3439 3013 :

1863 3073 2006 3153 intus
2039 3077 2235 3132 autem,
2268 3065 2321 3120 id
2344 3073 2430 3119 est
2456 3063 2510 3116 in
2544 3060 2805 3123 Ecclesia,
2844 3065 3001 3112 erant
3035 3047 3278 3117 timores,
3317 3067 3383 3106 ne
3413 3067 3443 3105 a

1866 3145 2019 3215 falsis
2055 3159 2320 3214 fratribus
2353 3157 2744 3211 seducerentur
2773 3149 3066 3219 simplices.
3082 3146 3240 3201 Foris
3273 3154 3326 3200 et
3360 3145 3442 3197 in-

1864 3264 1952 3309 tus
1986 3253 2121 3307 adeo
2165 3250 2446 3320 patiebar:
2492 3245 2582 3300 sed
2614 3245 2755 3298 Deus
2791 3243 2880 3314 qui
2917 3239 3220 3294 consolatur
3267 3237 3444 3290 humir

1864 3345 1959 3411 les,
1986 3344 2038 3398 id
2059 3351 2142 3397 est
2163 3341 2410 3404 alllictos,
2426 3336 2729 3392 consolatus
2752 3342 2828 3388 est
2854 3349 2946 3386 nos
2971 3334 3027 3385 in
3051 3331 3275 3384 adventu
3309 3328 3439 3382 Titi.

1865 3435 2097 3491 Gavisus
2126 3447 2247 3488 sum
2270 3430 2416 3486 enim
2444 3429 2510 3483 de
2547 3427 2861 3496 receptione
2889 3423 3075 3476 fratris
3097 3419 3191 3491 qui
3218 3419 3447 3490 partici-

1865 3535 2021 3599 paret
2050 3521 2495 3581 tribulationibus
2544 3517 2764 3574 uostris.
2817 3514 2940 3568 Non
2973 3513 3147 3567 solum
3188 3521 3363 3564 autem
3392 3511 3446 3563 in

1867 3620 2090 3674 adventu
2114 3617 2228 3687 ejus
2261 3614 2575 3670 consolatus
2596 3625 2716 3666 sum
2748 3628 2760 3662 :
2793 3607 2884 3662 sed
2909 3607 3070 3661 etiam
3105 3605 3162 3657 in
3201 3601 3444 3657 consola-

1869 3713 2008 3765 tione
2046 3727 2152 3780 qua
2198 3709 2340 3762 idem
2380 3705 2536 3758 Titus
2564 3700 2864 3756 consolatus
2907 3707 2984 3752 est
3022 3698 3078 3750 in
3121 3695 3263 3749 vobis
3301 3710 3318 3747 :
3350 3709 3444 3762 per

1869 3805 1974 3858 hoc
2001 3801 2254 3857 solatium
2271 3799 2390 3868 ejus
2414 3795 2808 3852 correctionem
2831 3799 3068 3868 vestram
3095 3787 3355 3841 intellexi.
3383 3785 3444 3836 Et

1870 3896 1992 3950 ideo
2020 3909 2143 3948 cum
2166 3891 2233 3946 de
2257 3890 2429 3945 reditu
2459 3887 2579 3957 ejus
2608 3885 2899 3957 gauderem
2927 3863 3092 3936 simul
3128 3879 3444 3933 consolatus

1869 4001 2032 4042 sum:
2063 3982 2368 4053 intelligens
2405 3977 2798 4034 correctionem
2834 3981 3068 4028 vestram
3113 3971 3169 4024 in
3202 3969 3322 4039 ejus
3359 3983 3443 4023 so-

1869 4079 2022 4133 latio.
2051 4075 2380 4131 Consolatus
2422 4079 2527 4136 est,
2569 4070 2816 4139 inquam,
2859 4080 2947 4120 me
2989 4063 3164 4129 Titus,
3217 4061 3444 4130 referens

1872 4171 2018 4224 nobis
2048 4167 2371 4222 desiderium
2401 4171 2650 4226 vestrum,
2673 4167 2879 4230 quanto
2906 4165 3032 4212 voto
3063 4152 3444 4210 desideraretis

1871 4263 2161 4317 adventum
2189 4264 2460 4312 nostrum.
2495 4248 2756 4306 Referens
2780 4249 2943 4304 etiam
2968 4247 3150 4316 ﬂetum
3181 4253 3410 4298 vestrum

1873 4349 1925 4402 id
1969 4355 2054 4402 est
2089 4344 2236 4414 quod
2284 4338 2538 4411 lacrymis
2576 4344 2796 4406 peccata
2838 4331 3136 4387 dilueretis.
3190 4327 3445 4382 Rcferens

1872 4441 2038 4496 etiam
2092 4444 2318 4491 vestram
2347 4431 2758 4487 wmulationem.
2798 4426 2850 4480 id
2879 4433 2964 4480 est
3001 4421 3447 4493 indignationem.

203 4549 299 4620 qui
331 4546 464 4601 falsa
491 4543 638 4598 veris
687 4538 1059 4604 admiscendo,
1107 4544 1463 4605 corrumpunt
1492 4534 1650 4589 fidem
1678 4549 1764 4586 ve-
1800 4533 1846 4590 D
1873 4548 1980 4603 qua
2004 4519 2192 4585 contra
2219 4525 2426 4596 pseudo
2469 4539 2562 4592 pro
2609 4537 2688 4573 me
2726 4533 2889 4588 quem
2935 4515 3276 4585 improbant,
3307 4510 3446 4564 indi-

214 4647 375 4695 stram
401 4656 414 4690 :
447 4647 617 4704 pravo
641 4632 804 4686 etiam
839 4629 964 4683 vitae
990 4629 1275 4697 exemplo“
1297 4625 1576 4679 Neminem
1607 4624 1772 4677 etiam

212 4738 443 4783 vestmm
491 4723 924 4778 circumvenimus
957 4762 972 4786 ,
1027 4718 1486 4788 quemadmodum
1541 4717 1770 4784 pseudo,

205 4819 300 4890 qui
325 4833 448 4873 cum
469 4822 655 4885 aperte
680 4819 958 4882 nequeunt
985 4818 1312 4878 extorquere
1345 4824 1376 4861 a
1413 4805 1590 4869 vobis,
1621 4805 1770 4858 frau-

203 4914 423 4969 dulenta
448 4907 784 4971 seductione,
811 4904 1035 4960 eliciunt
1061 4901 1234 4970 magis
1271 4913 1434 4967 quam
1463 4897 1772 4966 impetrent.

203 5005 359 5072 Quod
381 5011 562 5059 autem
590 4997 838 5071 significo
865 5011 964 5051 vos
989 5001 1276 5062 corruptos
1301 4999 1355 5045 et
1381 4990 1634 5044 seductos
1656 5003 1776 5042 esse

204 5097 274 5151 ab
311 5094 416 5149 illis
449 5092 660 5163 pseudo
692 5108 705 5142 :
745 5089 851 5144 hoc
882 5102 983 5140 non
1025 5085 1144 5137 dico
1182 5081 1251 5134 ad
1293 5079 1774 5133 condemnationem

206 5196 452 5250 vestram,
480 5183 535 5238 id
581 5190 685 5245 est,
711 5188 771 5235 ut
799 5194 896 5248 per
939 5178 1045 5231 hoc
1090 5173 1367 5228 intendam
1411 5170 1776 5226 condemnare

207 5295 332 5342 vos,
377 5275 535 5346 quasi
571 5273 889 5343 reprobatos
927 5285 957 5323 a
994 5268 1120 5322 Deo.
1148 5265 1412 5334 Quodque
1451 5279 1560 5316 non
1594 5261 1773 5314 dicam

206 5370 276 5424 ad
318 5366 822 5424 condemnationem
864 5372 1100 5417 vestram
1143 5359 1282 5412 scire
1311 5355 1538 5425 potestis
1584 5370 1649 5408 ex
1687 5366 1773 5418 eo,

206 5459 337 5531 quia
372 5458 597 5528 pradixi
624 5457 682 5510 in
716 5457 819 5510 hac
843 5455 1030 5508 eadem
1058 5449 1324 5519 Epistola,
1353 5451 1490 5518 quod
1519 5461 1614 5501 vos
1647 5447 1774 5500 estis

204 5558 265 5608 in
310 5552 550 5606 cordibus
580 5549 796 5613 nostris,
823 5546 915 5601 ubi
945 5545 1021 5599 ait
1047 5564 1059 5596 :
1092 5542 1201 5597 Vos
1233 5542 1366 5596 estis
1399 5539 1634 5609 Epistola
1673 5553 1774 5592 uo-

205 5654 328 5701 stra
368 5643 570 5712 scripta
599 5641 655 5694 in
695 5638 952 5694 cordibus
988 5634 1209 5691 nostris.
1247 5631 1385 5698 Quia
1421 5631 1468 5686 si
1505 5646 1604 5684 vos
1643 5643 1778 5684 con-

201 5737 492 5792 demnatos
531 5731 884 5793 intenderem,
921 5741 1264 5797 nequaquam
1298 5726 1353 5778 in
1385 5721 1640 5778 cordibus
1673 5736 1774 5774 nc,-

207 5827 344 5888 stris
361 5842 462 5884 vos
491 5826 811 5891 insererem,
838 5821 932 5878 sed
960 5820 1089 5877 estis
1118 5819 1174 5873 in
1199 5816 1457 5874 cordibus
1480 5814 1683 5870 nostris
1705 5813 1772 5866 ad

1873 4602 2136 4696 gnamini.
2171 4619 2261 4672 Ita
2290 4616 2532 4671 referens
2558 4614 2674 4666 lucc
2702 4620 2760 4663 ut
2785 4609 2953 4678 magis
2981 4605 3144 4660 modo
3167 4602 3446 4674 gauderem

1874 4719 1941 4772 de
1967 4710 2283 4786 pmnitentia
2304 4717 2507 4767 vestra,
2534 4718 2699 4772 quam
2724 4700 2876 4770 prius
2899 4696 3252 4751 contristatus
3275 4705 3448 4744 essent

1875 4808 1942 4862 de
1967 4783 2403 4873 impumitentia.
2459 4793 2555 4848 Vel
2601 4791 2777 4861 magis
2827 4788 3117 4858 gauderem
3161 4783 3227 4836 de
3271 4789 3456 4834 vestra-

1874 4893 2250 4955 conversione,
2282 4903 2446 4958 quam
2472 4884 2712 4939 dolerem
2742 4880 2809 4935 de
2830 4894 2952 4932 mea
2985 4873 3356 4929 tribulatione.
3382 4870 3455 4922 Et.

1876 4989 1983 5041 hoc
2018 4997 2183 5037 nosse
2213 4979 2496 5039 debemus,
2538 4973 2666 5042 quia
2711 4986 2834 5026 cum
2881 4966 3174 5038 Apostolus
3217 4965 3460 5035 priorem—

1876 5075 2173 5146 Epistolam
2199 5086 2297 5140 per
2326 5067 2674 5122 Timotheum
2713 5062 2953 5117 misisset
2982 5058 3302 5121 Corinthiis,
3338 5073 3438 5111 tua.

1875 5168 1958 5238 gis
1977 5165 2045 5220 ad
2072 5159 2498 5231 indignationem
2538 5154 2672 5208 moti
2706 5161 2855 5216 sunt,
2892 5166 3058 5220 quam
3085 5149 3150 5203 ad
3178 5150 3440 5218 poaniten-

1877 5261 2030 5324 tiam,
2057 5253 2404 5311 temerarium
2439 5248 2749 5318 judicantes
2787 5244 2935 5314 quod
2976 5241 3266 5311 Apostolus
3302 5248 3446 5293 tanta

1877 5349 2165 5408 severitate
2208 5344 2430 5398 auderet
2461 5356 2556 5396 eos
2581 5354 2810 5409 arguere
2840 5357 2852 5390 :
2885 5349 2994 5406 quo
3022 5334 3261 5404 cognito,
3307 5330 3439 5384 Pau-

1877 5445 1962 5499 lus
2002 5457 2099 5511 per
2142 5436 2487 5491 Timotheum
2533 5429 2786 5502 ptenituit
2831 5443 2957 5481 eum
3000 5425 3288 5494 scripsisse
3317 5421 3427 5476 illis

1877 5530 1984 5590 Sed
2006 5509 2128 5582 Tito
2157 5524 2299 5595 apud
2327 5521 2642 5578 Corinthios
2681 5517 2884 5571 diutius
2926 5522 3188 5576 morante,
3230 5520 3282 5564 et
3323 5509 3417 5576 Εμί

1876 5623 2073 5678 stolam
2103 5617 2257 5672 Pauli
2282 5615 2480 5684 saepius
2511 5612 2797 5681 relegente,
2825 5607 2927 5662 sub
2943 5603 3310 5660 admonitione
3341 5600 3442 5654 Tit‘

1875 5715 2121 5770 fecerunt
2148 5690 2384 5764 fructum
2425 5705 2648 5775 dignum
2688 5697 3038 5770 pmnitentiae.
3081 5694 3200 5761 Quo
3240 5693 3429 5748 audito

1876 5809 2166 5880 Apostolus
2194 5804 2367 5872 magis
2397 5800 2614 5871 gavisus
2659 5805 2744 5852 est
2793 5794 2861 5848 de
2907 5791 3245 5857 paenitentia,
3280 5807 3444 5854 quam
