3928 6486
467 416 570 472 251

997 413 1057 470 S.
1099 412 1446 472 BRUNONIS
1473 401 2118 469 ~CARTHUSIANORUM
2156 401 2636 461 lNSTiTUTORlS
2671 401 2820 457 OPP.
2859 399 3040 454 PARS
3079 399 3142 454 ll.

3641 398 3738 456 252

469 527 624 600 prius
669 527 934 583 doluisset
977 527 1044 582 de
1073 526 1468 598 impmnitentia
1502 521 1838 579 eorumdem.
1881 517 2038 584 Quod
2067 523 2120 579 Α
2145 515 2424 572 scientiam
2453 529 2633 568 meam
2659 512 2828 566 novit.
2875 510 3012 566 Cum
3043 508 3192 564 enim
3227 505 3458 562 Paulus
3481 504 3560 561 de
3577 505 3738 562 fomi-

471 621 554 676 sic
580 620 658 674 ait
683 640 698 674 :
729 617 868 674 Vere
912 635 1010 690 per
1051 620 1368 674 relationem
1402 615 1530 682 Titi,
1561 613 1766 669 factum
1790 621 1874 668 est
1902 610 2038 664 mihi

469 721 534 767 ut
561 711 852 782 gauderem
877 713 1168 783 :quoniam
1189 695 1309 764 etsi
1337 707 1648 762 contristavi
1673 721 1764 759 vos
1814 704 1871 757 in
1902 702 2038 772 Epi-

469 805 612 858 stola
637 805 791 874 prius
819 805 1008 870 missa,
1039 821 1141 858 non
1171 813 1348 858 tamen
1387 801 1552 856 modo
1585 800 1800 870 patnitet
1825 813 1906 850 me
1938 811 2040 850 au-

471 897 584 952 dita
633 897 896 951 relatione
925 895 1050 962 Titi,
1079 896 1208 950 licet
1229 895 1382 964 prius
1405 893 1696 964 pceniteret
1733 889 1918 944 audita
1954 902 2043 941 re—

471 989 674 1044 latione
721 987 1012 1042 Timothei.
1060 987 1220 1042 Prius
1263 987 1482 1056 quidem
1523 982 1808 1055 pmnituit,
1851 981 2042 1035 videns

473 1081 620 1152 quod
653 1079 894 1149 Epistula
931 1080 1019 1134 illa
1045 1079 1198 1148 prius
1233 1079 1402 1132 missa
1451 1075 1795 1131 contristavit
1823 1088 1922 1127 vos
1973 1070 2043 1125 ad

471 1174 898 1244 indignationem
929 1191 940 1226 :
973 1173 1100 1228 licet
1143 1173 1212 1226 ad
1249 1172 1441 1226 horam
1471 1189 1483 1224 :
1520 1175 1576 1224 et
1619 1168 1740 1222 ideo
1775 1163 2043 1220 venialius

475 1279 565 1318 me
621 1263 781 1318 modo
813 1263 1038 1334 paenitet
1079 1282 1092 1317 :
1137 1279 1272 1316 nunc
1315 1262 1456 1315 enim
1503 1259 1738 1330 gaudeo,
1782 1271 1884 1310 non
1921 1254 2043 1308 ideo

473 1358 601 1426 quia
641 1358 792 1426 prius
831 1357 1132 1410 contristati
1167 1357 1328 1420 estis,
1363 1355 1451 1408 sed
1493 1354 1620 1424 quia
1658 1350 1811 1404 modo
1847 1348 2045 1402 contri-

473 1449 604 1502 stati
623 1449 748 1502 estis
773 1448 843 1502 ad
867 1449 1251 1519 paenitentiam.
1293 1445 1485 1500 Merito
1522 1445 1710 1514 utique
1743 1440 1954 1514 gaudeo
1977 1440 2045 1495 de

471 1540 629 1595 vobis
662 1539 732 1595 ad
757 1539 1136 1610 pmnitentiam
1179 1537 1516 1594 contristatis
1550 1555 1564 1590 :
1596 1552 1720 1589 nam
1760 1533 2045 1587 contrista-

473 1631 516 1684 ti
537 1632 665 1684 estis
681 1633 969 1685 secundum
991 1631 1159 1686 Deum
1182 1646 1202 1684 :
1227 1629 1526 1686 deserendo
1541 1628 1704 1694 mala,
1721 1623 2045 1680 adhaerendo

470 1722 649 1789 boni‘s,
683 1723 758 1778 ita
785 1723 1084 1779 secundum
1115 1722 1306 1788 Deum,
1333 1731 1392 1776 ut
1417 1721 1531 1792 jam
1553 1721 1608 1774 in
1639 1717 1786 1773 nullo
1815 1715 1961 1772 facto
1981 1731 2046 1770 ea:

469 1814 632 1870 nobis
645 1815 931 1885 patiamini
959 1815 1350 1882 detrimentum,
1370 1814 1500 1884 quia
1525 1821 1579 1868 et
1603 1813 1721 1881 ipsa
1745 1811 1895 1881 prior
1913 1824 2046 1864 con-

2141 616 2324 663 catore
2369 607 2462 662 illo
2507 613 2707 676 ageret,
2764 619 2874 658 non
2925 603 2992 658 ad
3031 603 3186 656 illum
3213 599 3512 672 dirigebat
3539 616 3740 656 sermo-

2141 715 2288 766 nem,
2317 699 2412 755 sed
2442 699 2510 754 ad
2535 707 2705 753 totam
2753 695 3072 761 Eoclesiam,
3102 693 3420 750 intendens
3473 707 3546 746 ne
3589 695 3740 750 unius

2131 794 2437 864 pollutione
2499 791 2656 846 multi
2699 788 3064 844 inlicerentur.
3117 785 3186 840 Et
3253 785 3400 856 quia
3441 784 3742 844 sollicitudo

2142 894 2330 941 nostra
2357 899 2457 954 pro
2484 882 2642 938 vobis
2670 881 2854 936 habita
2883 895 3030 934 nunc
3055 876 3432 933 manifestata
3461 885 3552 931 est
3578 918 3594 943 ,
3627 879 3740 947 quia

2143 977 2429 1047 completa,
2488 975 2606 1032 ideo
2631 989 2809 1027 sumus
2836 971 3113 1027 consolati.
3146 969 3220 1024 In
3245 967 3636 1023 consolatione
3657 987 3742 1024 aa-

2145 1079 2246 1124 tem
2271 1079 2452 1124 nostra
2477 1067 2648 1138 gavisi
2677 1081 2890 1132 sumus,
2921 1073 2977 1120 et
3034 1064 3102 1120 de
3149 1061 3528 1120 correctione
3551 1071 3742 1128 vestra,

2144 1163 2284 1219 etde
2305 1161 2501 1234 gaudio
2527 1160 2636 1215 Titi
2658 1159 3035 1224 abundantius,
3061 1171 3233 1227 quam
3259 1153 3588 1210 doluissem
3609 1155 3742 1224 prius

2145 1255 2212 1309 de
2240 1252 2480 1324 peccatis
2507 1251 2706 1306 vestris
2724 1291 2739 1316 ,
2775 1249 2860 1304 vel
2885 1248 2952 1304 de
2985 1245 3461 1302 tribulationibus
3487 1245 3650 1299 meis.
3689 1245 3744 1300 Et

2145 1361 2271 1400 cum
2301 1345 2368 1400 de
2397 1343 2732 1400 correctione
2757 1348 2938 1395 vestra
2965 1345 3020 1394 et
3045 1337 3252 1408 gaudio
3307 1334 3428 1390 Titi
3471 1335 3744 1390 abundan—

2147 1438 2254 1493 tius
2282 1436 2712 1500 cmisolaremur,
2761 1441 2945 1488 tamen
2991 1428 3165 1499 magis
3211 1425 3617 1482 abundantius
3661 1441 3743 1494 ga-

2145 1531 2249 1587 visi
2281 1545 2476 1585 sumus
2519 1543 2675 1598 super
2707 1525 2902 1596 gaudio
2941 1521 3070 1587 Titi,
3097 1535 3274 1591 quam
3306 1518 3384 1574 de
3417 1517 3744 1573 correctione

2144 1631 2347 1679 vestra.
2382 1619 2588 1676 Similis
2616 1617 2840 1690 positio.
2872 1613 3129 1685 Virgilius
3157 1609 3392 1666 doctior
3421 1619 3513 1664 est
3535 1606 3746 1662 Horatio

2145 1725 2199 1770 et
2225 1713 2448 1769 Lucano
2476 1731 2490 1766 :
2519 1711 2692 1783 magis
2717 1719 2898 1764 tamen
2919 1704 3131 1762 doctior
3152 1703 3427 1768 Lucano,
3453 1716 3626 1772 quam
3649 1698 3740 1753 ﬂo-

2149 1807 2308 1862 ratio.
2357 1805 2483 1860 ldeo
2511 1803 2803 1874 Apostolus
2837 1798 3010 1869 magis
3055 1797 3122 1852 de
3168 1795 3390 1867 gaudio
3421 1792 3561 1858 Titi,
3595 1807 3740 1862 quam

469 1883 709 1962 tristatio
745 1906 814 1962 de
849 1923 958 1977 qua
997 1907 1244 1974 verebar,
1285 1921 1354 1962 ne
1395 1883 1551 1960 vobis
1589 1905 1742 1958 fieret
1779 1903 1845 1957 ad
1880 1901 2048 1956 detri—
2077 1884 2121 1938 Β
2145 1897 2212 1952 de
2248 1895 2588 1952 correctione
2633 1891 3044 1949 Corinthiorum
3087 1887 3323 1960 gavisus
3375 1895 3469 1940 est
3503 1903 3518 1938 :
3551 1883 3738 1954 quia'si

469 2007 735 2065 mentum,
759 2009 1001 2054 correcta
1019 2011 1099 2054 est
1118 1998 1420 2054 secundum
1441 1997 1632 2051 Deum.
1657 1994 1794 2050 Vere
1817 1995 1871 2048 in
1895 1994 2046 2047 nullo

471 2105 540 2144 ex
581 2090 739 2146 nobis
780 2091 1030 2160 patimini
1061 2091 1445 2146 detrimentum
1482 2107 1494 2142 :
1529 2103 1652 2141 nam
1687 2085 1910 2140 tristitia
1951 2099 2043 2139 ve-

469 2189 602 2246 stra,
621 2197 738 2250 quae
758 2191 835 2234 est
857 2181 1142 2234 secundum
1167 2180 1354 2246 Deum,
1369 2187 1619 2248 operatur
1641 2177 1696 2230 in
1715 2176 1858 2230 vobis
1884 2175 2049 2244 paeni-

469 2274 714 2338 tentiam,
745 2273 1012 2328 valentem
1041 2273 1197 2326 vobis
1219 2270 1558 2334 instabilem,
1585 2269 1641 2322 id
1677 2276 1763 2323 est
1788 2275 2046 2321 aeternam

471 2360 722 2414 salutem.
769 2361 1011 2416 Tristitia
1051 2362 1353 2416 secundum
1381 2360 1554 2414 Deum
1602 2347 1858 2428 operatur
1895 2356 2050 2410 salu-

471 2457 582 2505 tem
613 2468 628 2503 :
661 2450 756 2504 sed
784 2451 1008 2502 tristitia
1050 2450 1253 2516 saeculi,
1281 2464 1406 2518 qua:
1433 2449 1613 2502 adhuc
1645 2447 1702 2500 in
1723 2445 2049 2516 quibusdam

471 2549 556 2596 est
577 2541 720 2610 apud
743 2557 862 2606 vos,
877 2541 972 2612 qui
999 2543 1194 2596 nolunt
1217 2539 1532 2596 contristari
1555 2539 1622 2593 ad
1651 2537 2068 2608 paenitentiam,

473 2631 592 2688 haec
621 2633 840 2688 tristitia
869 2642 1118 2703 operatur
1142 2643 1380 2698 mortem,
1405 2632 1460 2687 id
1488 2639 1572 2686 est
1601 2629 1849 2685 stabilem
1873 2628 2052 2698 perdi-

473 2724 700 2780 tionem.
727 2723 844 2780 Hoc
877 2741 1116 2795 congrue
1162 2725 1388 2792 inservit
1419 2724 1487 2779 ad
1521 2722 1903 2778 deterrendum
1933 2737 2048 2788 eos,

473 2815 570 2885 qui
617 2814 862 2870 nondum
903 2816 1256 2886 poenitebant.
1297 2815 1436 2870 Vere
1481 2815 1702 2870 tristitia
1751 2815 2050 2871 secundum

472 2905 646 2960 Deum
667 2917 924 2976 operatur
944 2907 1319 2977 ptenitentiam
1343 2908 1399 2962 in
1421 2908 1654 2963 salutem
1681 2926 1694 2961 :
1719 2923 1846 2962 nam
1867 2921 2054 2975 opera-

475 3005 564 3054 tur
593 2998 1036 3067 sollicitudinem,
1081 2999 1474 3067 defensionem,
1513 3007 1568 3054 ct
1595 3008 1820 3055 caeteras
1867 3008 2052 3068 partes

471 3104 616 3144 verae
644 3090 996 3159 poenitentiae.
1042 3088 1202 3156 Quod
1242 3090 1323 3146 sic
1357 3091 1471 3144 ait:
1496 3089 1634 3144 Ecce
1671 3089 1812 3143 enim
1847 3089 1904 3144 in
1933 3087 2050 3142 evi-

471 3179 620 3235 denti
647 3189 731 3236 est
757 3181 854 3235 hoc
873 3183 1045 3252 ipsum
1071 3191 1181 3236 tam
1205 3182 1463 3254 exiguum
1492 3182 1560 3238 ad
1585 3181 2050 3252 comparationem

473 3270 666 3326 salutis
714 3287 880 3341 quam
923 3280 1221 3342 Operatur:
1266 3273 1373 3328 hoc
1409 3273 1589 3343 ipsum
1644 3273 1788 3340 dico,
1843 3273 2053 3330 scilicet

474 3364 784 3416 contristari
813 3380 900 3418 vos
928 3365 1213 3418 secundum
1239 3363 1408 3418 Deum
1431 3381 1451 3418 :
1482 3380 1610 3420 ecce
1637 3373 1892 3434 quantam
1939 3363 2052 3418 sol-

472 3451 805 3506 licitudinem
838 3453 1156 3524 proﬁciendi
1181 3469 1393 3524 semper
1417 3455 1473 3509 in
1499 3457 1696 3510 melius
1717 3464 1966 3526 operatur
1997 3456 2052 3510 in

475 3543 641 3598 vobis.
666 3541 776 3600 Ista
806 3544 1011 3600 scilicet
1047 3559 1170 3614 quae
1199 3555 1504 3615 sequuntur
1542 3547 1846 3616 copulativa
1881 3556 2010 3602 sunt
2035 3589 2051 3614 ,

475 3633 715 3688 valentia
757 3627 974 3688 tantum
1014 3635 1083 3689 ad
1132 3644 1388 3692 ornatum
1451 3636 1738 3692 orationis.
1788 3634 2056 3706 Operatur

476 3724 644 3778 etiam
693 3723 750 3779 in
796 3725 950 3780 vobis
997 3726 1350 3797 defensionem
1377 3743 1395 3780 :
1427 3727 1558 3798 quia
1589 3728 1705 3799 jam
1744 3729 1922 3784 zelum
1959 3729 2055 3783 Dei

477 3815 742 3872 habentes
781 3816 1072 3874 defenditis
1109 3835 1197 3874 me
1225 3828 1417 3875 contra
1451 3821 1679 3890 pseudo,
1710 3821 1804 3891 qui
1833 3835 1922 3876 me
1952 3821 2055 3876 im-

474 3909 728 3978 probant.
775 3908 1044 3980 Operatur
1107 3911 1274 3968 etiam
1317 3913 1757 3982 indignationem,
1822 3913 2057 3985 graviter

478 4002 624 4056 enim
664 4003 1022 4074 indignemini
1063 4014 1254 4060 contra
1282 4021 1400 4073 eos,
1433 4019 1528 4076 qui
1567 4007 1904 4064 seduxerunt
1935 4022 2050 4062 vos.

480 4093 748 4164 Operatur
767 4097 934 4151 etiam
967 4099 1226 4152 timorem.
1262 4097 1462 4152 Timidi
1483 4100 1628 4152 enim
1658 4115 1872 4168 semper
1897 4100 2052 4165 estis,

479 4201 550 4239 ne
573 4185 630 4239 in
657 4186 913 4255 laqueum
935 4187 1208 4242 recidatis.
1234 4185 1502 4256 Operatur
1523 4189 1688 4243 etiam
1709 4189 2052 4242 desiderium.

480 4275 812 4333 Desideratis
843 4279 990 4333 enim
1016 4281 1315 4349 appetitum
1341 4280 1633 4344 bonorum,
1667 4289 1721 4335 et
1752 4281 2056 4336 aemulatio-

481 4377 621 4436 nem,
659 4369 714 4424 id
751 4379 836 4426 est
874 4371 1234 4426 imitationem
1257 4371 1554 4440 justorum.
1601 4369 1868 4440 Operatur
1891 4372 2057 4426 etiam

478 4459 790 4514 vindictam.
816 4459 1016 4529 Siquis
1041 4461 1186 4514 enim
1210 4462 1266 4515 in
1289 4459 1532 4516 Ecclesia
1561 4469 1741 4516 vestra
1771 4461 2054 4531 delinquit,

2147 2005 2260 2044 non
2290 1999 2434 2043 esset
2462 1986 2720 2059 gaudium
2745 1983 2876 2050 Titi,
2907 1995 3010 2034 nec
3033 1995 3128 2034 eos
3155 1984 3462 2034 correctos
3489 1991 3614 2030 esse
3636 1989 3736 2028 crc-

2147 2082 2316 2137 deret.
2365 2079 2492 2136 ideo
2517 2079 2680 2134 etiam
2712 2079 2838 2148 quia
2872 2079 2977 2134 nisi
3003 2076 3158 2130 Titus
3191 2075 3265 2130 de
3293 2075 3415 2128 hoc
3445 2068 3734 2141 gauderet,

2147 2174 2491 2228 exanimatus
2515 2189 2582 2228 ex
2613 2179 2726 2226 toto
2754 2171 3008 2226 deficeret
3041 2189 3054 2226 :
3085 2168 3232 2238 quod
3283 2181 3398 2222 nec
3427 2164 3487 2217 in
3519 2160 3734 2215 Ecclesia

2149 2265 2578 2331 Corinthiorum,
2609 2279 2712 2319 nec
2756 2263 2885 2318 alibi
2913 2263 3161 2318 laborare
3195 2260 3394 2314 vellet.
3453 2254 3614 2310 Unde
3641 2253 3736 2322 ipse

2149 2359 2232 2412 vel
2258 2373 2456 2414 causas
2503 2356 2700 2427 ponit:
2733 2356 2854 2410 ideo
2899 2354 3074 2424 magis
3125 2353 3362 2424 gavisus
3409 2365 3540 2405 sum
3593 2360 3734 2416 super

2151 2449 2350 2521 gaudio
2373 2447 2482 2502 Titi
2517 2466 2528 2501 :
2559 2448 2686 2518 quia
2710 2447 2930 2516 spiritus
2953 2444 3066 2514 ejus
3099 2443 3339 2513 refectus
3367 2449 3454 2494 est
3489 2439 3556 2492 ab
3595 2435 3734 2490 omni-

2149 2540 2244 2594 bus
2275 2541 2437 2606 vobis,
2461 2539 2623 2594 etiam
2653 2539 2721 2592 ab
2749 2536 3090 2600 incorrectis,
3124 2535 3190 2591 de
3227 2534 3448 2604 quibus
3477 2546 3627 2603 spem
3649 2531 3730 2584 bo-

2151 2646 2278 2684 nam
2308 2631 2470 2684 habet
2513 2627 2818 2698 corrigendi
2846 2643 2941 2698 per
2967 2643 3082 2694 eos,
3118 2627 3212 2694 qui
3237 2627 3364 2696 jam
3399 2627 3543 2680 bene
3567 2637 3730 2678 corre-
3769 2635 3786 2662 ο

2151 2722 2222 2776 cti
2249 2730 2376 2776 sunt
2408 2740 2420 2774 :
2454 2720 2548 2790 qui
2599 2719 2824 2798 spiritus
2872 2717 3087 2787 penitus
3134 2716 3404 2771 deficeret
3447 2715 3520 2768 ab
3551 2714 3728 2767 instru-

2152 2814 2351 2878 ctione,
2375 2812 2422 2868 si
2447 2810 2764 2866 Corinthios
2787 2809 3180 2881 incorrigibiles
3204 2807 3510 2864 inveniret.
3543 2805 3608 2859 Et
3627 2805 3728 2858 ideo

2152 2907 2316 2960 etiam
2347 2905 2521 2976 magis
2547 2905 2614 2960 de
2640 2904 2840 2976 gaudio
2872 2904 2978 2958 Titi
3014 2921 3026 2954 :
3067 2905 3194 2976 quia
3231 2905 3382 2957 sicut
3423 2901 3568 2972 apud
3593 2900 3724 2954 illum

2153 2995 2334 3052 Titum
2357 2997 2611 3067 glbriatus
2637 3013 2755 3050 sum
2777 2997 2842 3051 de
2863 2995 3027 3062 vobis,
3049 3010 3083 3050 ο
3105 2994 3389 3050 Corinthii
3416 3013 3432 3048 :
3457 3009 3582 3049 cum
3601 2990 3724 3044 enim

2151 3089 2535 3145 reformidaret
2560 3091 2748 3145 venire
2775 3089 2844 3144 ad
2889 3105 3007 3156 vos,
3054 3105 3332 3144 accusans
3372 3085 3722 3143 inhumanita-

2151 3191 2260 3238 tem
2289 3193 2546 3250 vestram,
2577 3183 2822 3238 dicebam
2865 3197 2966 3238 vos
2994 3181 3261 3254 benignos
3291 3197 3424 3237 esse
3451 3223 3467 3246 ,
3513 3191 3721 3246 eumque

2155 3273 2452 3329 honoriﬁce
2497 3281 2832 3343 recepturos.
2889 3271 2948 3326 Si
2993 3272 3146 3342 quid,
3197 3273 3458 3343 inquam,
3487 3269 3716 3341 gloriatus

2155 3381 2277 3421 sum
2305 3366 2372 3422 de
2399 3365 2576 3433 vobis,
2600 3371 2705 3420 non
2731 3382 2850 3420 sum
2883 3365 3134 3435 confusus
3164 3365 3222 3420 in
3249 3366 3360 3428 hoc
3396 3383 3409 3418 :
3444 3364 3584 3433 quid
3602 3361 3718 3416 sicut

2151 3459 2203 3513 ei
2227 3459 2474 3528 praedixi,
2504 3459 2638 3514 tales
2665 3474 2764 3514 vos
2795 3457 3060 3513 invenerit
3091 3476 3106 3524 ;
3150 3466 3206 3512 et
3255 3459 3384 3512 ideo
3415 3471 3504 3511 me
3539 3453 3712 3510 dixisse

2153 3566 2264 3606 non
2293 3551 2488 3606 erubui
2517 3569 2530 3605 :
2559 3551 2650 3604 sed
2675 3549 2928 3622 gloriatio
2962 3557 3142 3603 nostra
3180 3565 3301 3620 (μιαί
3326 3550 3434 3620 fuit
3460 3547 3630 3601 habita
3657 3543 3712 3595 ad

2157 3641 2334 3696 Titum
2353 3643 2418 3696 de
2439 3642 2602 3708 vobis,
2627 3643 2702 3697 ita
2738 3642 2883 3711 facta
2913 3649 2990 3696 est
3019 3641 3236 3706 veritas,
3269 3641 3421 3696 sicut
3445 3641 3569 3695 dum
3595 3633 3708 3705 apud

2153 3747 2251 3788 vos
2273 3748 2544 3800 essemus,
2566 3734 2750 3788 omnia
2782 3733 2950 3787 locuti
2985 3747 3176 3788 sumus
3207 3734 3370 3788 vobis
3401 3732 3458 3787 in
3497 3730 3695 3788 veritate.

2155 3826 2210 3881 id
2225 3834 2310 3881 est
2333 3826 2475 3881 sicut
2495 3841 2722 3881 manens
2745 3826 2888 3895 apud
2911 3841 3007 3880 vos
3027 3841 3153 3880 vera
3176 3825 3290 3880 dixi
3311 3823 3474 3884 vobis
3498 3823 3564 3878 de
3578 3819 3692 3874 aliis:

2156 3919 2236 3974 sic
2258 3919 2423 3974 modo
2443 3934 2570 3974 vera
2597 3919 2710 3973 dixi
2732 3917 2854 3972 Tito
2875 3918 2942 3972 de
2965 3918 3138 3973 vobis.
3165 3917 3232 3972 Et
3256 3919 3382 3974 ideo
3405 3917 3579 3972 adhuc
3613 3925 3700 3964 ma-

2155 4010 2237 4081 gis
2281 4011 2348 4065 de
2386 4010 2584 4081 gaudio
2619 4009 2727 4064 Titi
2766 4028 2780 4064 :
2817 4010 2948 4080 quia
2987 4011 3186 4064 viscera
3227 4011 3345 4080 ejus
3383 4003 3702 4063 abundantius

2157 4101 2320 4154 modo
2349 4109 2470 4154 sunt
2498 4101 2554 4153 in
2583 4101 2726 4154 vobis
2753 4099 3014 4155 correctis
3038 4141 3052 4165 ,
3089 4115 3254 4170 quam
3287 4100 3445 4170 prius
3473 4098 3526 4150 in
3557 4095 3704 4147 incoro

2156 4192 2340 4250 rectis.
2367 4191 2500 4262 Ejus
2539 4191 2646 4246 Titi
2673 4191 2796 4246 dico
2819 4192 3198 4245 reminiscentis
3225 4190 3576 4245 obedientiam
3611 4197 3704 4235 om-

2159 4285 2302 4336 nium
2333 4293 2579 4350 vestrum,
2614 4284 2666 4338 id
2698 4291 2782 4339 est
2807 4300 2973 4354 quam
3013 4284 3206 4339 devote
3237 4284 3344 4338 sibi
3375 4277 3637 4336 obedistis.
3664 4281 3706 4324 et

2159 4376 2315 4430 nobis
2346 4395 2358 4428 :
2387 4375 2784 4431 reminiscentis
2805 4376 2990 4442 etiam,
3024 4376 3284 4446 quomodo
3313 4369 3584 4442 excepistis
3610 4377 3706 4420 earn

2159 4485 2275 4520 cum
2299 4469 2484 4521 timore
2506 4467 2670 4521 animi
2689 4477 2738 4521 et
2758 4477 2978 4521 tremore
2998 4467 3264 4536 corporis,
3287 4467 3494 4522 scilicet
3515 4463 3562 4514 in
3581 4451 3706 4510 omni

480 4551 666 4607 statim
702 4567 798 4622 per
834 4551 1138 4621 injunctam
1180 4552 1556 4622 paenitentiam
1599 4552 1888 4607 vindicatis
1935 4553 2054 4607 cul—
2087 4577 2136 4637 υ
2159 4561 2480 4614 reverentia.
2509 4559 2576 4614 Et
2597 4560 2788 4614 videns
2809 4559 3081 4628 quomodo
3101 4559 3262 4629 digne
3283 4553 3704 4637 excepistiseum,

478 4659 607 4716 pam
638 4643 792 4714 181
821 4644 960 4715 ejus.
991 4643 1058 4698 Et
1077 4654 1136 4698 ut
1153 4645 1388 4700 breviter
1409 4644 1552 4699 bona
1575 4653 1752 4700 vestra
1781 4645 2051 4716 colligam,

477 4735 537 4790 in
555 4735 794 4790 omnibus
807 4735 1120 4790 exhibuistis
1136 4753 1221 4790 vos
1242 4752 1351 4790 esse
1368 4736 1810 4790 incontaminatos
1828 4739 2054 4807 negotio,

480 4826 536 4882 id
549 4838 632 4884 est
651 4828 899 4899 religioni
919 4829 1319 4886 ecclesiasticae.
1345 4827 1442 4883 Vel
1463 4828 1919 4884 incontaminatos
1939 4845 2059 4885 esse

481 4937 515 4975 a
539 4922 750 4991 negotio
763 4923 1032 4988 smculari,
1049 4923 1102 4978 id
1115 4931 1198 4977 est
1212 4938 1242 4976 a
1255 4930 1496 4992 peccato.
1511 4920 1578 4975 Et
1589 4922 1716 4992 quia
1737 4923 1793 4976 in
1805 4921 2060 4977 omnibus

481 5027 581 5068 vos
591 5013 1044 5069 incontaminatos
1055 5015 1400 5080 exhibuistis,
1419 5013 1586 5084 igitur
1601 5029 1746 5069 nunc
1755 5021 1975 5083 apparet
1987 5014 2063 5068 in-

482 5105 656 5160 tentio
681 5121 801 5160 mea
812 5123 974 5175 quam
993 5107 1156 5162 habui
1181 5108 1234 5160 in
1246 5108 1418 5176 priori
1427 5107 1673 5176 epistola,
1689 5107 1814 5177 quia
1827 5108 1926 5160 etsi
1936 5109 2070 5161 scri-.

480 5195 738 5266 psivobis,
765 5212 867 5250 non
885 5205 1068 5252 tamen
1097 5207 1308 5268 propter
1327 5215 1446 5252 eum
1469 5199 1644 5254 solum
1662 5200 1752 5270 qui
1781 5199 1908 5267 fecit
1929 5199 2064 5268 inju-

482 5289 644 5355 riam,
661 5287 908 5343 ducendo
927 5303 1152 5344 uxorem
1171 5291 1344 5360 patris
1357 5331 1374 5357 ,
1392 5307 1482 5344 nec
1509 5291 1706 5346 iterum
1724 5301 2062 5362 praptereum

483 5379 662 5438 solum
673 5381 866 5451 scripsi
875 5381 966 5451 qui
979 5397 1165 5450 passus
1173 5389 1250 5435 est
1263 5381 1336 5450 inj
1344 5381 1538 5446 uriam,
1551 5389 1758 5438 tractus
1769 5382 1837 5436 ad
1847 5381 2066 5436 saecula-

482 5493 572 5532 rcs
586 5475 828 5546 judices:
851 5474 941 5528 sed
963 5474 1156 5542 scripsi
1181 5474 1250 5526 ad
1285 5475 1729 5544 manifestandam
1751 5475 2066 5528 sollicitudi-

483 5585 598 5622 nem
611 5577 864 5632 nostram,
894 5583 1052 5638 quam
1067 5565 1486 5621 sollicitudinem
1501 5567 1748 5620 habemus
1761 5583 1855 5636 pro
1877 5566 2019 5620 vobis
2043 5582 2062 5619 :

481 5671 537 5716 et
553 5663 656 5716 hoc
681 5677 859 5715 coram
875 5660 1005 5726 Deo,
1031 5660 1084 5714 id
1099 5667 1182 5715 est
1209 5659 1264 5712 in
1290 5659 1628 5729 bencplacito
1643 5659 1737 5714 Dei
1757 5678 1770 5712 :
1789 5660 1894 5714 hoc
1914 5659 2062 5713 enim

483 5755 622 5808 bene
645 5754 818 5822 placet
843 5753 955 5808 Deo
985 5760 1046 5806 ut
1073 5753 1142 5808 de
1188 5753 1362 5807 salute
1409 5761 1588 5806 vestra
1632 5751 1896 5807 sollicitus
1931 5751 2057 5806 sim.

483 5845 582 5903 Vel
611 5848 714 5904 hoc
739 5847 862 5904 dico
893 5863 1069 5903 coram
1109 5845 1241 5919 Deo,
1285 5847 1337 5904 id
1371 5854 1454 5904 est
1481 5853 1618 5904 teste
1642 5843 1775 5914 Deo,
1801 5843 1894 5916 qui
1923 5859 2056 5900 con-

2156 4653 2356 4722 gaudeo
2377 4653 2515 4722 quod
2536 4651 2741 4720 conﬁdo
2755 4651 2982 4717 invobis,
2997 4665 3104 4704 non
3123 4650 3402 4705 tantumin
3416 4649 3514 4700 hac
3539 4655 3610 4702 re,
3627 4631 3702 4690 sed

2157 4745 2320 4799 etiam
2335 4744 2390 4796 in
2407 4743 2646 4797 omnibus
2661 4757 2998 4812 quaecunque
3012 4742 3341 4796 mandavero
3355 4726 3700 4806 exsequendis.

2753 4831 2981 4886 CAPUT
3021 4831 3151 4886 Vill.

2239 4944 2258 4980 ι
2287 4923 2481 4980 Notam
2524 4934 2704 4980 autem
2751 4924 2982 4980 facimus
3025 4925 3199 4990 vobis,
3243 4923 3454 4984 fratres,
3499 4909 3698 4986 gratiam

2172 5037 2189 5067 ι
2221 5015 2336 5082 Dei,
2360 5032 2481 5086 qua:
2499 5017 2626 5071 data
2653 5025 2737 5071 est
2763 5016 2818 5070 in
2841 5015 3096 5070 Ecclesiis
3125 5013 3448 5070 Macalonia:
3471 5028 3482 5062 ε
3505 4997 3693 5094 ιῖυοά

2169 5125 2188 5156 ι
2219 5085 2394 5161 multo
2409 5106 2782 5176 experimento
2813 5105 3178 5160 tribulationis
3196 5097 3516 5160 abundantia
3543 5085 3694 5163 gaudii

2173 5218 2191 5248 ι
2223 5199 2464 5267 ipsorum
2487 5197 2590 5251 fuit
2617 5216 2630 5251 ε
2655 5205 2710 5252 et
2743 5197 3006 5252 altissima
3037 5205 3326 5266 paupertas
3345 5203 3525 5249 eorum
3545 5181 3690 5236 abun-

2173 5311 2192 5342 ι
2209 5291 2370 5346 'davit
2411 5291 2468 5344 in
2499 5289 2719 5346 divitias
2755 5289 3116 5360 simplicitatis
3141 5303 3351 5343 eorum.
3379 5281 3508 5350 Quia
3529 5281 3692 5330 secun-

2174 5403 2193 5436 ι
2221 5384 2354 5439 dum
2393 5383 2650 5439 virtutem
2692 5383 3062 5439 testimonium
3100 5383 3208 5438 illis
3243 5380 3425 5442 reddo,
3471 5380 3520 5426 et
3553 5370 3684 5430 ευρτπ

2171 5493 2192 5523 ι
2223 5473 2478 5530 virtutem
2509 5474 2803 5528 voluntarii
2829 5472 3052 5528 fuerunt
3077 5492 3089 5526 :
3115 5487 3240 5526 cum
3277 5469 3442 5525 multa
3471 5458 3685 5548 exhorta‘

2175 5583 2194 5616 α
2222 5565 2366 5620 tione
2398 5565 2748 5621 obsecrantes
2791 5579 2890 5618 nos
2931 5564 3184 5635 gratiam,
3215 5547 3672 5618 ctcommunicatw

2176 5677 2193 5707 ι
2223 5672 2346 5710 nem
2371 5657 2678 5722 ministerii,
2723 5657 2869 5726 quod
2899 5656 2959 5710 fit
2983 5655 3039 5710 in
3081 5655 3238 5724 182
3263 5658 3486 5708 sanctos.
3510 5637 3568 5693 Et
3595 5640 3680 5726 ml“

2176 5768 2194 5799 ι
2223 5748 2366 5803 sicut
2409 5747 2767 5818 speravimus,
2811 5748 2906 5804 sed
2947 5747 3267 5816 semetipsos
3301 5733 3678 5820 dederunt._P|:"'

2176 5860 2192 5892 ι
2223 5857 2372 5898 mum
2395 5815 2626 5898 Domino
2650 5859 2664 5896 :
2690 5841 2883 5896 deinde
2910 5840 3068 5897 nobis
3106 5815 3204 5910 per
3245 5835 3545 5894 voluntatem
3565 5815 3638 5870 θεῖ
3661 5847 3674 5871 ι
