3928 6414
66 402 166 457 155
726 401 1093 459 EXPOSITIO
1121 402 1191 457 lN
1228 401 1608 459 EPISTOLAS
1646 401 1875 458 PAULI.
1917 431 1990 442 ——
2023 400 2094 457 IN
2130 401 2350 458 EPIST.
2390 402 2435 457 Ιί
2471 403 2566 458 AD
2601 403 2758 461 COR.
3256 409 3369 466 234

64 539 83 571 ι
114 519 194 573 ita
228 529 300 573 ut
324 535 679 592 rogaremus
702 519 907 588 Titum,
934 529 994 575 ut
1022 503 1481 592 quemadmodum
1505 519 1690 589 cmpit,
1724 522 1768 579 Α
1794 527 1931 584 tum,
1952 519 2087 589 quod
2110 518 2165 572 in
2188 518 2352 572 multo
2373 521 2724 590 experimento
2747 520 3103 578 tribulationis
3124 540 3148 578 :
3166 526 3374 581 multas

62 632 83 662 ι
114 613 193 665 ita
216 620 279 666 et
304 613 591 682 perﬁciat
617 612 675 666 in
701 613 880 680 vobis,
904 612 1069 667 etiam
1110 612 1341 683 gratiam
1377 611 1556 665 istam.
1588 607 1695 664 Sed
1792 609 1938 666 enim
1983 618 2037 665 et
2079 625 2232 666 acres
2270 610 2646 667 tribulationes
2673 621 2909 683 expertae
2953 624 3081 671 sunt
3112 614 3371 673 Ecclesia:

65 727 81 754 ι
115 704 271 758 sicut
319 704 391 757 in
430 704 699 760 omnibus
729 704 1020 759 abundatis
1065 703 1211 769 fide;
1242 712 1298 757 et
1341 715 1612 765 sermone,
1640 708 1696 755 et
1791 700 2263 757 Macedonum.‘ln
2285 703 2479 771 multo,
2505 702 2749 774 inquam,
2784 707 3156 775 experimento
3188 709 3355 765 tribu-

64 814 83 845 ι
113 794 401 860 scientia,
442 805 508 850 et
530 795 681 850 omni
723 778 1088 850 sollicitudine
1114 835 1129 860 ,
1174 793 1397 862 insuper
1419 802 1475 847 et
1507 792 1693 847 chari-
1791 793 2013 848 lationis
2059 792 2163 848 fuit
2216 793 2543 849 abundantia
2614 797 2796 866 gaudii
2857 800 3129 867 ipsorum,
3182 801 3237 856 id
3281 811 3373 858 est

66 907 83 935 ι
112 895 229 940 tate
268 895 494 941 vestra
524 887 580 941 in
616 902 740 952 nos,
766 894 829 940 ut
867 894 921 940 et
955 885 1011 938 in
1041 885 1144 938 hac
1176 883 1351 955 gratia
1381 881 1689 937 abundetis.
1791 882 2005 938 abunde
2029 883 2200 954 gavisi
2228 892 2357 939 sunt
2387 904 2401 938 :
2430 885 2559 957 quia
2586 901 2687 956 pro
2727 885 2949 943 Christo
2978 891 3365 945 contumeliam

68 1000 85 1029 ς
115 978 243 1033 Non
271 980 473 1049 quasi
496 979 772 1050 imperans
795 978 939 1044 dico,
967 977 1062 1034 sed
1102 992 1197 1046 per
1228 975 1462 1030 aliorum
1486 974 1692 1028 sollici-
1789 975 1901 1045 pati
1929 975 2077 1046 digni
2107 976 2275 1031 habiti
2307 987 2455 1045 sunt,
2481 986 2536 1033 et
2558 990 2848 1049 paupertas
2878 982 3142 1051 ipsorum.
3174 982 3375 1038 lnllde-

69 1091 84 1120 ι
115 1071 395 1125 tudinem
427 1071 603 1126 etiam
632 1077 828 1125 vestrae
857 1067 1141 1125 charitatis
1171 1067 1449 1138 ingenium
1487 1066 1691 1122 bonum
1790 1068 1870 1124 les
1904 1069 2051 1123 enim
2092 1071 2465 1139 pauperabant
2496 1071 2698 1127 fideles.
2742 1070 3068 1141 Paupertas,
3118 1073 3366 1144 inquam,

71 1183 89 1213 σ
116 1162 550 1232 eomprobans.
599 1160 764 1220 Scitis
795 1161 959 1216 etiam
1005 1159 1233 1231 gratiam
1268 1158 1487 1214 Domini
1520 1159 1692 1215 nostri
1788 1160 2023 1228 ipsorum
2044 1158 2329 1225 altissima,
2359 1160 2412 1214 id
2459 1170 2546 1215 est
2581 1161 2840 1215 maxima.
2872 1160 2969 1216 Vel
2995 1163 3280 1230 altissima,
3311 1164 3368 1219 id

75 1275 95 1306 ι
118 1253 247 1308 Jesu
298 1252 540 1310 Christi
567 1273 580 1308 :
604 1253 866 1324 quoniam
914 1260 1134 1323 propter
1162 1266 1262 1307 vos
1284 1266 1488 1322 egenus
1514 1248 1691 1306 factus

87 1368 107 1397 ι
130 1357 227 1409 est,
251 1361 408 1400 cum
437 1354 587 1401 esset
627 1346 777 1401 dives
805 1364 818 1399 :
846 1353 904 1398 ut
947 1344 1092 1402 illius
1136 1344 1317 1413 inopia
1361 1358 1462 1398 vos
1496 1341 1692 1397 divites

92 1454 111 1486 ι
136 1437 351 1492 essetis.
413 1436 491 1491 Et
523 1437 814 1492 consilium
848 1436 901 1490 in
930 1434 1038 1491 hoc
1064 1435 1155 1490 do.
1196 1433 1312 1491 Hoc
1351 1435 1499 1489 enim
1536 1434 1692 1489 vobis

90 1546 110 1578 ο
134 1527 257 1582 utile
288 1539 393 1583 est
435 1546 449 1582 :
485 1528 581 1599 qui
605 1544 714 1583 non
757 1527 935 1583 solum
972 1525 1172 1594 facere,
1206 1526 1300 1582 sed
1329 1534 1384 1581 et
1407 1525 1543 1581 velle
1580 1540 1693 1581 cre-

83 1638 101 1669 σ
124 1619 288 1688 pistis
316 1619 403 1673 ab
429 1635 581 1674 anno
605 1619 807 1689 priore.
838 1616 995 1673 Nunc
1018 1633 1151 1673 vero
1179 1626 1232 1671 et
1256 1616 1401 1672 facto
1426 1616 1687 1687 perficite,

84 1730 102 1761 ι
129 1719 189 1764 ut
206 1710 700 1784 quemadmodum
723 1718 1009 1780 promptus
1024 1717 1109 1764 est
1126 1708 1342 1764 animus
1363 1707 1687 1774 voluntatis;

82 1822 99 1852 ι
126 1803 201 1857 ita
233 1803 315 1858 sit
348 1813 416 1859 et
441 1802 752 1874 perﬁciendi
775 1818 842 1858 ex
874 1817 941 1857 eo
978 1801 1125 1872 quod
1165 1801 1397 1856 habetis.
1441 1799 1498 1855 Si
1543 1800 1691 1855 enim

1789 1258 1875 1303 est
1898 1246 2239 1320 dignissima.
2271 1249 2591 1319 Paupertas,
2620 1250 2864 1321 inquam,
2889 1252 3175 1307 abundavit
3197 1269 3217 1307 :
3237 1255 3367 1324 quia

1788 1348 1993 1411 quanta
2016 1340 2137 1410 plus
2163 1341 2447 1407 dederunt,
2478 1350 2630 1397 tanto
2649 1332 2999 1414 pauperiores
3019 1344 3194 1407 etl‘ecti
3216 1355 3363 1400 sunt.

1787 1431 2098 1486 Abundavit
2119 1430 2243 1487 dico
2271 1434 2327 1486 in
2350 1432 2566 1488 divitias
2589 1448 2779 1489 eorum
2812 1453 2828 1489 :
2858 1434 2987 1505 quia
3015 1435 3142 1491 licet
3164 1451 3369 1507 paupe-

1786 1535 1877 1576 res
1900 1530 2085 1577 essent
2109 1522 2163 1576 in
2192 1522 2461 1590 habendo,
2489 1523 2683 1580 divites
2714 1532 2898 1579 tamen
2925 1534 3081 1581 erant
3112 1526 3169 1580 in
3194 1526 3370 1582 admi-

1788 1613 2073 1669 nistrando
2100 1614 2523 1687 eleemosynam.
2553 1614 2611 1670 In
2638 1615 2859 1672 divitias
2885 1616 3030 1683 dico,
3050 1618 3370 1688 simplicita-

1791 1706 1858 1759 tis
1888 1722 2090 1760 eorum.
2134 1705 2194 1761 In
2227 1708 2574 1777 simplicitate
2602 1709 2748 1764 enim
2777 1708 2998 1776 dabant,
3027 1725 3138 1765 non
3167 1718 3367 1780 putau-

1788 1806 1871 1855 tes
1902 1815 1961 1854 se
1985 1809 2273 1870 propterea
2321 1800 2549 1856 liberius
2575 1816 2735 1871 posse
2780 1816 3027 1871 peccare.
3060 1800 3371 1857 Abundavit

84 1913 102 1946 ι
129 1894 413 1951 voluntas
435 1870 687 1966 prompta
708 1902 811 1960 est,
836 1870 1137 1948 secundum
1159 1892 1211 1948 id
1241 1892 1384 1964 quod
1410 1892 1573 1947 habet
1597 1907 1689 1946 ac-
1717 1870 1765 1931 Β
1790 1893 1977 1963 utique
2007 1893 2061 1946 in
2091 1893 2310 1949 divitias
2338 1911 2351 1947 :
2385 1894 2513 1964 quia
2560 1870 2797 1950 fuerunt,
2832 1894 3124 1950 voluntarii
3174 1908 3381 1950 secun—-

82 2005 99 2031 ι
129 1991 296 2052 cepta
319 1993 437 2051 est,
474 1998 583 2038 non
605 1983 905 2039 secundum
928 1982 983 2037 id
1019 1982 1166 2053 quod
1202 1996 1315 2036 non
1357 1980 1538 2036 habet.
1565 1978 1687 2034 Non

83 2091 102 2124 ι
128 2074 289 2128 enim
315 2084 392 2130 ut
422 2076 545 2131 aliis
569 2076 642 2131 sit
663 2074 939 2141 remissio,
960 2074 1115 2130 vobis
1145 2082 1327 2129 autem
1348 2071 1634 2127 tribulatio
1660 2113 1678 2139 ,

82 2181 102 2214 c
132 2164 240 2219 sed
282 2180 361 2220 ex
402 2166 708 2236 aequalitate
754 2165 811 2219 in
872 2164 1125 2234 praesenti
1166 2170 1410 2234 tempore
1434 2203 1451 2230 ,
1505 2169 1687 2217 vestra

81 2269 105 2303 ι
130 2252 491 2309 abundantia
509 2255 725 2309 illorum
748 2253 987 2323 inapiam
1009 2251 1256 2322 suppleat
1280 2271 1295 2307 :
1319 2260 1379 2306 ut
1395 2260 1449 2307 et
1470 2252 1687 2307 illorum

89 2364 107 2397 ι
136 2346 491 2402 abundantia
511 2356 704 2401 vestrae
724 2345 923 2415 inOpiae
944 2345 1016 2400 sit
1038 2345 1499 2414 supplementum,
1514 2354 1574 2399 ut
1595 2343 1690 2398 fiat
1721 2342 1725 2351 ’

91 2454 109 2486 ι
134 2438 438 2507 inqualitas
490 2439 633 2495 sicut
668 2440 935 2510 scriptum
976 2450 1060 2496 est
1098 2460 1113 2495 :
1149 2439 1254 2508 Qui
1295 2440 1547 2505 multum,
1574 2455 1686 2495 non

100 2544 117 2574 ι
143 2527 471 2594 abundavit,
513 2538 568 2584 et
588 2529 686 2600 qui
709 2530 1010 2598 modicum,
1038 2547 1145 2587 non
1167 2532 1461 2587 minoravit
1484 2531 1682 2602 (Exod.

42 2622 51 2631 '
102 2633 120 2665 ι
145 2628 235 2683 xv,
260 2619 375 2689 18).
412 2620 633 2678 Gratias
660 2630 843 2676 autem
872 2638 975 2695 ago
996 2622 1128 2689 Deo,
1152 2622 1246 2693 qui
1268 2623 1416 2678 dedit
1435 2624 1684 2679 eamdem

112 2726 130 2757 ι
156 2710 575 2768 sollicitudinem
614 2729 714 2784 pro
752 2715 908 2769 vobis
950 2714 1005 2768 in
1048 2714 1211 2770 corde
1242 2713 1346 2771 Titi
1378 2734 1392 2770 :
1421 2716 1682 2786 quoniam

116 2819 133 2850 ι
160 2802 584 2862 exhortationem
618 2806 839 2876 quidem
879 2807 1150 2876 suscepit;
1195 2807 1289 2862 sed
1325 2822 1451 2861 cum
1482 2806 1685 2863 sollici-

118 2909 138 2943 ι
165 2893 261 2948 tior
277 2906 450 2964 esset,
482 2913 583 2953 sua
607 2899 887 2953 voluntate
910 2897 1188 2969 profectus
1215 2907 1298 2955 est
1330 2898 1399 2953 ad
1426 2914 1545 2954 vos.
1577 2897 1681 2953 Mi-

119 3007 137 3038 ι
164 2991 328 3048 simus
367 2994 530 3049 etiam
567 3009 695 3049 eum
719 2994 813 3049 illo
835 2991 1059 3048 fratrem
1084 3000 1358 3057 nostrum,
1380 2992 1540 3062 cujus
1560 2991 1682 3046 laus

1787 1984 1918 2041 dum
1940 1984 2195 2039 virtutem
2225 1993 2279 2039 et
2309 2001 2473 2055 supra
2501 1985 2777 2040 virtutem.
2804 1983 3105 2040 Secundum
3125 1985 3370 2040 virtutem

1786 2075 1916 2131 dare
1940 2082 2026 2130 est
2054 2075 2211 2146 183
2237 2091 2360 2145 qua:
2404 2074 2508 2130 sibi
2557 2076 2866 2130 necessaria
2922 2084 3088 2142 sunt,
3131 2075 3370 2145 primum

1784 2167 2020 2223 retinere
2044 2207 2059 2234 ,
2099 2166 2291 2222 deinde
2347 2166 2495 2237 quod
2545 2166 2953 2236 superabundat
2997 2166 3052 2221 in
3102 2180 3370 2237 pauperes

1786 2273 2036 2331 erogare.
2087 2256 2263 2329 Supra
2294 2258 2537 2313 virtutem
2562 2258 2713 2325 dare,
2739 2266 2824 2314 est
2852 2257 2989 2313 nihil
3017 2257 3123 2313 sibi
3151 2257 3375 2327 penitus

1785 2366 2084 2408 reservare.
2144 2350 2211 2407 Et
2253 2351 2401 2422 quod
2459 2350 2760 2407 secundum
2804 2351 3062 2405 virtutem
3111 2359 3165 2405 et
3207 2365 3371 2419 supra

1784 2445 2030 2499 virtutem
2051 2444 2338 2499 voluntarii
2360 2444 2572 2514 fuerunt
2596 2485 2612 2510 ,
2656 2443 2780 2498 inde
2802 2443 2961 2497 reddo
2984 2442 3096 2496 illis
3128 2442 3373 2495 testimo-

1784 2537 1931 2591 nium
1970 2552 1989 2591 :
2019 2552 2124 2592 nec
2150 2536 2323 2591 coacti
2358 2551 2389 2590 a
2418 2534 2609 2602 nobis,
2666 2535 2763 2589 sed
2798 2535 3125 2589 obsecrantes
3166 2549 3282 2600 nos,
3314 2533 3380 2588 id

1785 2636 1870 2683 est
1897 2644 1994 2698 per
2035 2642 2378 2698 quaecunque
2423 2642 2580 2682 sacra
2638 2626 2952 2696 adjurantes
2977 2668 2993 2693 ,
3036 2643 3155 2680 cum
3200 2624 3379 2679 multa

1782 2720 2146 2775 exhortatione
2174 2761 2191 2787 ,
2236 2720 2480 2775 dicentes
2514 2737 2527 2773 :
2556 2716 2636 2773 Ne
2662 2718 2933 2791 sollicitus
2967 2719 3069 2791 sis_
3089 2719 3156 2774 de
3186 2717 3375 2784 nobis,

1784 2811 1914 2883 quia
1943 2810 2203 2866 laboriosi
2226 2826 2439 2877 sumus,
2469 2818 2523 2866 et
2547 2810 2613 2865 de
2643 2787 2831 2866 labore
2860 2787 3074 2864 nostro.
3098 2810 3290 2880 (etiam
3320 2808 3369 2864 si

1782 2903 1920 2957 nihil
1937 2902 2095 2959 nobis
2121 2901 2402 2958 residuum
2429 2901 2521 2972 sit)
2550 2901 2689 2956 bene
2718 2900 3163 2957 sustentabimur.
3202 2898 3374 2954 Obse-

1782 3004 1990 3050 crantes
2035 2995 2225 3066 utique
2255 3010 2348 3047 nos
2381 2993 2629 3062 accipere
2653 2993 2913 3063 gratiam,
2947 2991 3000 3046 id
3025 2999 3110 3045 est
3132 2991 3369 3045 eleemo-

1782 3090 1947 3158 sy'nas
1975 3129 1991 3153 ,
2037 3087 2108 3141 ab
2158 3086 2294 3156 ipsis
2318 3127 2335 3151 ,
2388 3093 2439 3138 et
2491 3082 3040 3148 communicationem,
3078 3081 3132 3136 id
3161 3089 3246 3136 est
3278 3096 3370 3136 res

1782 3194 1951 3244 suas,
2006 3193 2144 3248 quas
2191 3176 2447 3232 omnibus
2522 3173 2929 3230 communicare
2994 3172 3377 3228 intendebant-

1782 3269 2349 3325 Commuuicationem
2377 3268 2500 3323 dico
2539 3266 2824 3320 ministerii
2854 3308 2869 3333 ,
2921 3264 2975 3321 id
3023 3273 3107 3320 est
3133 3263 3379 3319 admini—

1780 3361 2064 3417 strationis
2115 3379 2128 3415 :
2177 3360 2317 3431 quod
2370 3359 2738 3415 ministerium
2791 3359 2864 3412 sit
2912 3355 3266 3413 deferendum
3307 3355 3369 3412 in

1778 3463 2008 3520 sanctos,
2039 3453 2134 3523 qui
2160 3460 2318 3507 erant
2349 3450 2760 3523 Hierosolymis.

1849 3546 1949 3602 Hic
1985 3547 2280 3601 notandum
2319 3545 2466 3616 quod
2511 3546 2580 3601 de
2608 3544 2943 3601 abundantia
2987 3552 3176 3599 nostra
3208 3542 3367 3612 prius

1778 3638 2119 3694 sustentandi
2146 3645 2274 3693 sunt
2298 3637 2505 3704 sancti;
2531 3637 2599 3692 de
2617 3652 2683 3693 eo
2707 3646 2889 3692 autem
2915 3635 3062 3707 quod
3086 3633 3365 3690 residuum

1777 3730 1960 3797 fuerit,
1977 3731 2292 3802 quicunque
2303 3739 2545 3801 egentes.
2568 3728 3005 3785 Obsecraverunt
3024 3727 3212 3798 utique
3231 3742 3363 3782 nos:

1773 3831 1824 3876 et
1848 3838 1951 3876 non
1976 3821 2222 3877 fecerunt
2246 3823 2384 3875 sicut
2412 3822 2759 3892 speravimus,
2784 3821 2838 3875 id
2862 3827 2945 3875 est
2972 3835 3078 3874 non
3112 3820 3215 3874 hoc
3242 3819 3365 3872 ani-

1775 3929 1867 3968 mo
1906 3921 1969 3968 ut
2018 3913 2151 3968 vitia
2187 3928 2381 3968 eorum
2415 3912 2587 3968 multa
2633 3920 2963 3983 pateremur,
2994 3910 3083 3965 sed
3124 3911 3362 3980 primum

1773 4005 2028 4058 dederunt
2069 4006 2369 4075 semetipsos
2414 4003 2545 4072 Deo,
2586 4002 2939 4059 emendantes
2980 4002 3132 4057 vitia.
3163 4001 3365 4056 Deinde

1773 4096 2039 4152 dederunt
2064 4112 2122 4153 se
2162 4098 2335 4165 nobis,
2368 4106 2619 4167 sumptus
2647 4096 2923 4163 offerendo
2968 4095 3230 4152 fratribus
3255 4114 3273 4151 :
3308 4104 3365 4151 et

1773 4190 1878 4244 hoc
1907 4206 1999 4260 per
2018 4190 2341 4244 uoluntatem
2369 4188 2490 4245 Dei.
2520 4189 2635 4247 Hoc
2663 4190 2808 4245 enim
2846 4190 2961 4243 vult
2984 4188 3128 4245 Deus
3159 4208 3173 4244 :
3208 4189 3369 4259 prius

1773 4282 2040 4351 seipsum,
2069 4291 2260 4351 postea
2295 4299 2397 4339 sua
2424 4284 2688 4338 devovere
2717 4301 2729 4337 :
2761 4283 2841 4336 ita
2869 4282 3135 4337 dederunt
3175 4290 3233 4334 ut
3269 4297 3361 4334 ro-

1771 4387 2014 4441 garemus
2053 4371 2229 4424 Titum
2275 4380 2352 4437 ut,
2399 4372 2841 4443 quemadmodum
2881 4370 3019 4425 bene
3061 4370 3237 4439 erepit,
3274 4370 3359 4423 ita

135 4472 150 4502 ι
174 4456 293 4527 illos,
323 4460 593 4517 ostendite
619 4462 672 4515 in
696 4459 890 4516 faciem
924 4458 1290 4515 Eeelcsiarum
1320 4459 1432 4515 Dei.
1470 4480 1489 4512 ι
1769 4459 1934 4513 etiam
1962 4459 2201 4529 perﬁciat
2226 4464 2280 4516 in
2310 4461 2453 4515 vobis
2488 4461 2624 4517 alias
2657 4462 2863 4532 gratias
2887 4478 2902 4516 :
2924 4467 2980 4515 et
2998 4460 3171 4516 etiam
3199 4461 3359 4513 istam

730 4567 1033 4607 exrosmo.
1701 4572 1745 4629 ο
1770 4552 2023 4620 gratiam,
2053 4552 2302 4623 exemplo
2342 4551 2709 4608 Ecclesiarum
2737 4551 3083 4608 Macedoniae.
3114 4548 3234 4604 Non
3262 4564 3360 4605 so-

190 4637 239 4693 ln
261 4643 352 4701 hoc
373 4646 523 4701 enim
555 4660 671 4700 uno
699 4645 976 4715 quomodo
1008 4644 1075 4698 de
1110 4643 1295 4699 futuro
1323 4643 1519 4698 facturi
1549 4643 1670 4699 sitis
1772 4642 1886 4697 lum
1926 4643 2239 4715 rogavimus
2268 4643 2450 4699 Titum
2474 4652 2535 4699 ut
2562 4644 2704 4732 hanc
2724 4643 2955 4713 gratiam
2985 4641 3267 4712 perliceret
3297 4638 3359 4693 in

132 4722 345 4806 intelligo.
373 4736 533 4792 Nunc
562 4736 629 4791 de
649 4736 890 4791 collectis
915 4736 982 4791 de
1003 4735 1203 4805 quibus
1239 4735 1294 4789 in
1321 4735 1495 4804 prima
1537 4735 1668 4807 Epi-
1768 4735 1944 4801 vobis,
1976 4735 2070 4790 sed
2099 4737 2263 4791 etiam
2284 4744 2343 4789 ut
2368 4752 2461 4806 per
2485 4752 2603 4788 eum
2638 4722 2912 4788 a'bundetis
2940 4734 2995 4786 in
3030 4732 3128 4784 hac
3152 4731 3353 4801 gratia.

130 4822 238 4878 stola
270 4828 653 4900 compendiose
677 4828 909 4893 dixerat,
936 4826 1190 4882 diffusius
1212 4826 1467 4881 admonet
1495 4846 1507 4881 :
1537 4843 1637 4882 sua
1772 4828 2031 4896 Pcrﬁcere
2052 4830 2119 4884 ad
2135 4827 2315 4883 Titum
2334 4847 2347 4881 :
2365 4828 2671 4893 Abundare,
2684 4827 2916 4896 pertinet
2931 4824 2999 4879 ad
3017 4822 3356 4879 Corinthios.

126 4913 234 4973 deus
254 4919 326 4977 eis
344 4930 401 4976 et
419 4921 671 4990 exemplo
697 4920 928 4974 aliarum
970 4918 1359 4985 Ecclesiarum,
1399 4926 1454 4973 et
1482 4919 1672 4974 multis
1772 4916 1867 4973 Vel
1894 4918 1968 4973 ita
1993 4936 2006 4971 :
2033 4916 2151 4974 Non
2178 4928 2391 4973 tantum
2418 4915 2732 4988 rogavimus
2761 4915 2943 4969 Titum
2967 4912 3228 4984 perficere
3246 4912 3359 4968 hoc

124 5002 510 5069 inductionibus.
559 5012 762 5067 Littera
799 5012 1049 5084 superius
1083 5010 1330 5083 jungitur
1360 5031 1375 5066 :
1405 5010 1542 5066 Cum
1574 5027 1667 5065 ve-
1773 5010 1827 5064 in
1848 5010 2032 5076 vobis;
2058 5010 2149 5066 sed
2179 5010 2344 5065 etiam
2366 5024 2467 5080 ego
2495 5009 2611 5078 ipse
2630 5023 2765 5078 rogo
2784 5021 2884 5063 vos
2907 5016 2987 5071 ut,
3016 5006 3157 5061 sicut
3176 5004 3353 5061 abun-

124 5096 355 5159 nissemus
399 5104 455 5158 in
499 5101 894 5171 Macedoniam,
936 5118 1066 5158 caro
1093 5110 1280 5158 nostra
1322 5117 1432 5157 non
1478 5101 1668 5156 habuit
1770 5102 1914 5157 datis
1935 5102 1990 5155 in
2020 5102 2274 5157 omnibus
2295 5102 2483 5172 gratiis
2508 5100 2736 5171 (scilicet
2754 5102 2810 5155 in
2830 5099 2956 5170 ﬁde)
2981 5115 3172 5155 sanam
3197 5099 3357 5172 enim

125 5194 327 5261 requiem
361 5215 377 5251 :
409 5196 505 5251 sed
544 5196 671 5252 licet
695 5197 750 5249 in
778 5196 970 5266 primis
992 5197 1232 5267 requiem
1278 5211 1389 5251 non
1433 5195 1663 5250 habere-
1770 5190 1952 5259 fidem,
1973 5201 2027 5246 et
2049 5191 2210 5246 bonis
2232 5170 2489 5261 operibus
2508 5189 2875 5247 abundantem
2898 5190 3139 5258 habetis,
3175 5170 3355 5247 abun-

126 5293 237 5352 mus,
253 5297 431 5344 tamen
474 5289 621 5346 Deus
647 5290 701 5344 in
739 5288 997 5345 Ecclesiis
1033 5288 1360 5345 Macedoniae
1388 5288 1534 5344 dedit
1566 5303 1664 5357 pa-
1769 5283 1913 5339 datis
1955 5283 2122 5338 etiam
2152 5284 2207 5337 in
2243 5299 2479 5337 sermone
2506 5291 2557 5338 et
2605 5284 2848 5352 scientia,
2875 5284 3003 5356 quia
3036 5283 3356 5355 expeditum

127 5385 217 5430 cem
240 5388 287 5433 et
316 5381 565 5451 gratiam.
600 5379 756 5446 Quod
778 5381 857 5436 sic
883 5381 957 5435 ait
981 5399 993 5433 :
1020 5380 1218 5434 Notam
1247 5380 1471 5449 facimus
1493 5380 1656 5447 vobis,
1769 5391 2075 5433 sermonem
2110 5375 2177 5431 ad
2199 5375 2598 5430 exhortandum
2627 5375 2862 5444 habetis,
2882 5388 2937 5433 et
2966 5377 3250 5435 scientiam
3276 5373 3351 5429 ad

128 5461 301 5537 fratres,
322 5474 553 5541 gratiam
580 5471 698 5537 Dei,
722 5489 839 5543 qme
862 5474 991 5527 data
1020 5483 1095 5527 est
1119 5475 1172 5526 in
1202 5471 1454 5526 Ecclesiis
1481 5473 1659 5527 Mace—
1763 5469 2198 5538 intelligendum;
2216 5468 2503 5522 abundatis
2522 5467 2689 5521 etiam
2712 5468 2769 5520 in
2788 5472 2927 5521 σιηηὲ
2952 5467 3306 5523 sollicitudine
3321 5479 3343 5517 :

125 5554 276 5617 άοπὶω.
308 5564 550 5620 Gratiam
580 5564 674 5619 Dei
722 5564 887 5636 digno
927 5566 1145 5621 nomine
1171 5574 1328 5619 vocat
1359 5566 1659 5637 eleemosy-
1762 5562 1911 5617 omni
1941 5561 2087 5615 enim
2110 5560 2291 5630 studio
2313 5559 2531 5615 solliciti
2561 5558 2695 5613 estis
2727 5566 2790 5612 ut
2830 5560 3024 5615 melius
3062 5567 3117 5614 et
3144 5558 3352 5613 melius

124 5653 238 5703 Ias:
272 5651 573 5723 intelligens
619 5654 883 5724 majorem
928 5669 1051 5709 esse
1091 5654 1321 5724 gratiam
1369 5653 1465 5709 Dei
1493 5655 1655 5709 mini-
1760 5651 2094 5723 operemini;
2133 5650 2420 5706 abundatis
2470 5649 2527 5703 in
2571 5648 2852 5714 alacritate,
2899 5647 2954 5702 id
2997 5654 3082 5703 est
3113 5648 3168 5702 in
3198 5647 3350 5705 dile-

124 5742 288 5795 Slrandi
313 5743 663 5815 pauperibus,
690 5760 854 5815 quam
880 5744 990 5800 sint
1029 5760 1223 5815 genera
1248 5744 1577 5816 linguarum,
1600 5756 1655 5803 et
1756 5744 1939 5801 ctione
1961 5752 2134 5800 vestra
2156 5751 2379 5799 extensa
2399 5743 2457 5797 in
2484 5758 2577 5796 nos
2607 5740 2774 5812 (sicut
2820 5739 2877 5793 in
2907 5738 2991 5794 his
3019 5739 3228 5811 gratiis)
3256 5740 3349 5799 sic

125 5828 326 5891 surdam
364 5832 483 5890 aliae
506 5833 712 5906 gratiae.
747 5831 823 5891 De
848 5833 952 5890 hac
988 5833 1163 5906 gratia
1203 5832 1344 5892 facio
1370 5835 1523 5893 vobis
1553 5851 1651 5891 nn-
1756 5854 1891 5909 rogo
1912 5847 1970 5893 ut
1991 5837 2225 5893 etiamin
2248 5835 2345 5889 hac
2366 5835 2539 5904 gratia
2553 5833 3024 5901 eleemosynarum
3041 5830 3335 5893 abundetis.

126 3099 141 3130 ι
161 3091 232 3138 est
266 3085 321 3139 in
377 3083 664 3157 Evangelio
694 3101 792 3156 per
821 3099 1013 3141 omnes
1042 3083 1335 3139 Ecclesias.
1356 3081 1474 3138 Non
1500 3084 1680 3139 solum

128 3188 145 3222 α
164 3182 361 3242 autem,
394 3177 484 3232 sed
511 3184 566 3232 et
594 3177 877 3233 ordinatus
908 3186 992 3233 est
1011 3178 1080 3232 ab
1099 3176 1361 3233 Ecclesiis
1383 3192 1565 3232 comes
1585 3191 1680 3245 pe-

125 3268 531 3336 tregrinationis
576 3281 783 3325 nostra:
823 3270 877 3324 in
917 3271 1059 3325 hanc
1087 3269 1337 3340 gratiam,
1374 3284 1496 3339 qua:
1520 3268 1681 3321 mini-

120 3371 136 3403 t
159 3365 363 3412 stratur
390 3375 419 3412 a
454 3359 613 3413 nobis
642 3359 712 3414 ad
757 3357 973 3413 Domini
998 3358 1247 3429 gloriam,
1278 3366 1331 3412 et
1353 3358 1678 3413 destinatam

123 3461 141 3490 ι
166 3446 497 3503 voluntatem
520 3458 767 3503 nostram
810 3466 822 3501 :
861 3448 1162 3504 devitantes
1190 3448 1315 3515 hoc,
1342 3463 1409 3502 ne
1430 3449 1555 3518 quis
1578 3463 1679 3503 nos

125 3552 141 3582 ε
168 3535 417 3608 vituperet
436 3541 490 3596 in
521 3541 626 3596 hac
648 3541 985 3611 plenitudine
1006 3557 1131 3612 qua:
1158 3540 1501 3596 ministratur
1520 3556 1552 3594 a
1575 3556 1676 3596 no-

124 3641 141 3672 t
166 3624 238 3681 bis
277 3629 336 3683 in
373 3628 585 3685 Domini
629 3632 879 3701 gloriam.
924 3630 1280 3686 Providemus
1322 3630 1468 3685 enim
1513 3630 1675 3696 bona,

130 3731 263 3773 «non
289 3720 462 3776 solum
489 3709 680 3776 coram
725 3721 857 3788 Deo,
905 3721 997 3777 sed
1037 3721 1200 3776 etiam
1230 3736 1413 3775 coram
1440 3720 1677 3774 homini-

130 3824 145 3853 ι
167 3808 272 3867 bus.
302 3813 549 3871 Misimus
574 3823 755 3870 autem
784 3830 909 3870 cum
943 3815 1050 3871 illis
1073 3823 1129 3869 et
1153 3814 1385 3873 fratrem
1402 3822 1672 3880 nostrum,

138 3916 152 3945 ι
174 3917 313 3970 quem
337 3907 688 3977 probavimus
724 3907 779 3961 in
816 3908 1002 3963 multis
1027 3923 1169 3977 saepe
1190 3906 1484 3962 sollicitum
1506 3922 1629 3961 esse
1658 3924 1671 3959 :

143 4011 161 4046 ι
180 4013 296 4055 nunc
328 4009 507 4056 autem
537 4001 712 4056 multo
736 4000 1128 4065 sollicitiorem,
1151 4000 1476 4056 confidentia
1503 3999 1673 4053 multa

146 4102 164 4138 ο
181 4087 223 4142 in
241 4107 347 4158 vos,
380 4093 494 4149 sive
517 4108 619 4164 pro
652 4092 794 4158 Tito,
820 4092 911 4163 qui
935 4100 1019 4147 est
1040 4092 1223 4147 socius
1246 4107 1400 4147 meus
1420 4100 1475 4147 et
1497 4092 1551 4146 in
1571 4107 1671 4145 vo-

140 4197 157 4228 ι
178 4181 241 4238 bis
265 4185 508 4255 adjutor;
542 4185 658 4241 sive
682 4184 880 4240 fratres
902 4185 1097 4249 nostri,
1128 4183 1371 4255 Apostoli
1398 4182 1671 4240 Ecclesia-

139 4289 311 4343 trum,
352 4278 537 4348 gloriae
569 4276 797 4332 Christi.
835 4276 1211 4332 Ostensionem
1255 4291 1386 4347 ergo
1426 4292 1548 4347 qua:
1589 4285 1673 4331 est

135 4380 150 4411 ι
171 4365 424 4425 charitatis
464 4378 679 4435 vestrae,
728 4377 783 4423 et
810 4376 1013 4423 nostra:
1048 4369 1234 4440 gloria:
1275 4384 1374 4439 pro
1410 4369 1586 4435 vobis,
1615 4369 1669 4422 in
