3928 6464
509 414 617 472 255

1079 413 1136 469 S.
1174 397 1522 468 BRUNONIS
1551 395 2190 468 CARTHUSIANORUM
2223 399 2708 458 lNSTlTUTORIS
2734 398 2884 456 OPP.
2921 399 3102 456 PARS
3133 398 3217 454 ll.

509 529 580 586 Et
600 530 706 584 hoc
729 545 833 582 non
844 529 964 582 dico
991 529 1147 599 quasi
1161 529 1446 599 imperans,
1472 525 1528 582 id
1554 533 1640 581 est
1659 539 1770 580 non
1799 523 1866 578 de
1896 522 1999 576 ba’c
2018 534 2078 574 re
2105 516 2153 574 A
2173 523 2295 570 tum
2323 513 2464 570 detis
2491 520 2756 582 quantum
2800 510 2956 566 vobis
2983 506 3414 571 reservabitis;
3477 503 3581 560 sed
3611 513 3790 563 tantum

510 629 840 693 prto'eptum
863 620 1137 676 constituo
1169 639 1184 676 :
1217 637 1304 686 ne,
1327 620 1370 676 si
1401 618 1540 674 forte
1568 633 1678 672 non
1698 614 2084 684 obtemperatis

512 716 782 785 imperio,
832 715 912 773 rei
962 714 1158 771 essetis
1199 711 1596 768 inobedientiae.
1647 708 1766 764 Non
1798 708 1986 778 utique
2015 723 2083 762 ex

512 807 744 879 imperio
780 808 906 864 dico
937 825 950 862 :
993 808 1083 863 sed
1111 806 1235 862 dico
1272 807 1377 861 hoc
1412 791 1756 875 comprobans
1795 802 2082 873 ingenium,

510 900 566 956 id
592 909 678 956 est
699 899 964 956 rationem
996 914 1120 954 cum
1149 899 1444 953 voluntate.
1501 895 1718 951 Debetis
1745 894 1888 950 enim
1917 891 2086 947 ratio-

510 993 764 1050 nabiliter
785 1009 1016 1066 pensare
1057 993 1204 1063 quod
1231 991 1390 1058 detis,
1420 991 1628 1047 scilicet
1653 989 2002 1060 temporalia;
2031 995 2086 1042 et

509 1085 641 1156 quid
671 1100 772 1158 pro
798 1086 884 1142 his
919 1085 1188 1155 recepturi
1217 1083 1356 1150 sitis,
1387 1083 1594 1138 scilicet
1621 1091 1821 1136 aeterna
1847 1098 1860 1134 :
1885 1087 2085 1134 etcum

507 1179 722 1234 ratione
783 1178 942 1234 debet
1005 1193 1128 1234 esse
1192 1167 1445 1232 voluntas
1497 1173 1854 1230 libentissime
1898 1169 2082 1235 dandi,

509 1272 888 1342 comprobans,
926 1271 1172 1342 inquam,
1197 1270 1388 1324 bonum
1415 1268 1689 1340 ingenium
1719 1267 1881 1322 etiam
1903 1273 2086 1321 vestra:

507 1363 786 1418 charitatis
814 1378 911 1432 per
938 1362 1358 1419 sollicitudinem
1389 1360 1644 1424 aliorum,
1676 1359 1729 1412 id
1755 1367 1839 1413 est
1859 1371 1956 1426 per
1983 1357 2086 1412 hoc

505 1454 653 1523 quod
701 1455 920 1510 solliciti
967 1455 1102 1510 estis
1147 1453 1398 1522 supplere
1445 1451 1684 1522 inopiam
1729 1447 2084 1520 indigentium

506 1543 756 1600 fratrum.
805 1543 903 1599 Vel
947 1544 1310 1613 comprobans
1357 1542 1673 1598 cbaritatem
1705 1549 1941 1596 vestram
1991 1555 2088 1610 per

505 1636 932 1692 sollicitudinem
963 1635 1219 1700 aliorum,
1250 1634 1304 1688 id
1331 1642 1416 1689 est
1456 1649 1552 1703 per
1595 1633 1701 1688 hoc
1729 1631 1876 1702 quod
1903 1629 2084 1686 Titum

504 1736 561 1782 et
587 1727 725 1782 alios
743 1727 1044 1796 discipulos
1070 1726 1138 1782 de
1163 1725 1322 1781 vobis
1351 1724 1492 1780 facio
1523 1723 1805 1780 sollicitos.

560 1817 644 1873 Et
670 1818 858 1889 utique
877 1818 1084 1874 debetis
1112 1817 1392 1874 abundare
1415 1817 1472 1871 in
1504 1818 1608 1872 hac
1630 1815 1824 1888 gratia,
1846 1831 1969 1869 nam
1989 1829 2087 1871 vos
2117 1857 2163 1913 Β

446 1911 457 1922 “
506 1910 654 1964 scitis
692 1909 922 1980 gratiam
947 1908 1164 1964 Domini
1197 1911 1367 1964 nostri
1393 1907 1524 1964 Iesu
1547 1908 1783 1973 Christi;
1812 1908 2084 1979 quoniam,

505 1999 560 2055 id
589 2008 672 2056 est
703 2001 870 2071 quod,
901 2017 1020 2056 cum
1043 2009 1179 2056 esset
1219 2003 1382 2066 dives,
1414 2001 1466 2057 id
1497 2009 1582 2056 est
1609 2000 1755 2056 Deus
1799 2000 1854 2055 in
1883 1999 2088 2056 divitiis

505 2093 913 2163 omnipotentiae
959 2105 1092 2160 suat,
1125 2093 1218 2165 qui
1267 2103 1506 2148 aeternus
1551 2103 1689 2156 erat,
1735 2101 1947 2164 propter
1993 2108 2086 2146 nos

505 2184 795 2240 salvandos
843 2185 1017 2255 factus
1063 2194 1142 2240 est
1180 2201 1368 2256 egenus
1397 2184 1453 2239 in
1479 2193 1745 2254 tempore.
1797 2181 1908 2239 Nec
1935 2183 2088 2240 dives

506 2276 625 2330 ﬁeri
655 2276 863 2342 voluit;
917 2276 1014 2332 sed
1049 2277 1224 2346 factus
1255 2285 1333 2330 est
1361 2293 1570 2346 egenus,
1621 2275 1674 2330 id
1703 2283 1789 2331 est
1835 2275 1890 2328 in
1935 2273 2086 2329 omni

504 2375 746 2438 egestate
770 2365 958 2424 'carnis
1005 2368 1218 2433 vivens,
1255 2377 1450 2437 praeter
1495 2375 1792 2438 egestatem
1836 2365 2083 2435 iustitiae.

504 2455 634 2513 Ideo
651 2459 824 2528 factus
845 2467 922 2513 est
945 2476 1154 2528 egenus,
1180 2467 1238 2512 ut
1259 2459 1460 2528 inapia,
1487 2459 1538 2512 id
1563 2466 1649 2513 est
1676 2458 1872 2512 merito
1893 2457 2090 2526 inopiae

504 2549 657 2605 illius
681 2565 768 2605 vos
791 2552 974 2606 essetis
1003 2552 1190 2606 divites
1215 2551 1462 2622 justitim.
1496 2549 1563 2604 Et
1599 2551 1655 2605 in
1685 2551 1788 2605 hoc
1815 2551 1960 2621 quod
1988 2549 2088 2605 be-

508 2641 827 2714 nignitatem
876 2642 1095 2698 Domini
1141 2641 1269 2698 Jesu
1299 2643 1444 2698 circa
1485 2659 1584 2699 vos
1610 2642 1906 2698 exhibitam
1933 2641 2088 2698 vobis

509 2735 785 2800 recordor,
811 2735 865 2790 in
887 2735 982 2788 hoc
1011 2735 1196 2806 utique
1216 2734 1296 2790 do.
1307 2735 1462 2790 vobis
1481 2735 1759 2790 consilium
1784 2735 1996 2790 salutis.
2021 2731 2091 2790 Et

509 2824 650 2880 bene
679 2825 803 2882 dico
835 2825 1136 2881 consilium.
1165 2824 1282 2880 Hoc
1301 2826 1442 2880 enim
1471 2826 1698 2899 (scilicet
1725 2826 2002 2882 abundare
2029 2825 2085 2880 in

506 2919 875 2992 eleemosyna)
906 2919 1038 2974 utile
1058 2931 1135 2974 est
1161 2919 1306 2974 vobis
1333 2935 1352 2973 :
1388 2920 1478 2991 qui
1522 2935 1628 2974 non
1655 2918 1828 2973 solum
1857 2920 2087 2989 coepistis

507 3009 702 3080 facere,
733 3011 824 3066 sed
853 3011 1019 3068 etiam
1048 3011 1352 3082 incmpistis
1379 3010 1508 3066 velle
1532 3029 1565 3065 a
1593 3011 1768 3081 priore
1799 3028 1956 3065 anno.

577 3099 716 3156 Nota
743 3101 889 3172 quod
919 3102 1073 3174 prius
1104 3101 1303 3168 facere,
1330 3112 1522 3172 postea
1566 3111 1882 3173 augmentat
1907 3101 2043 3157 velle
2070 3119 2085 3168 ;

2184 606 2329 662 unde
2360 605 2641 676 tequaliter
2671 613 2732 659 ut
2756 620 2856 660 vos
2891 602 3069 660 securi
3097 599 3242 658 sitis
3284 599 3370 654 ab
3402 605 3677 669 egestate.

2252 697 2377 755 Ideo
2413 696 2744 754 abundantia
2781 703 2962 751 vestra
2999 693 3276 764 suppleat
3325 691 3574 744 illorum
3621 689 3790 762 inopia,

2184 799 2244 845 ut
2259 791 2423 844 etiam
2451 788 2778 844 abundantia
2806 787 3042 852 illorum,
3066 783 3492 856 perfectorum
3516 799 3644 852 quas
3659 791 3734 838 est
3749 785 3791 838 in

2183 879 2498 944 virtutibus,
2544 878 2614 932 sit
2643 875 3059 947 supplementum
3097 882 3321 928 vestra:
3356 871 3596 940 inopic.
3641 869 3736 938 Qui
3759 875 3792 928 si

2184 969 2380 1026 divites
2411 969 2546 1024 estis
2578 976 2922 1023 terrenorum
2949 1007 2964 1031 ,
3015 964 3220 1034 inopes
3273 961 3436 1018 estis
3487 950 3790 1017 cwléstium.

2187 1059 2466 1132 Suppleat,
2493 1059 2636 1125 dico,
2669 1059 2742 1113 ita
2791 1066 2849 1110 ut
2900 1055 3146 1112 vicissim
3195 1052 3479 1124 suppleti
3511 1053 3615 1120 ﬁat
3644 1069 3794 1124 cqua-

2185 1155 2313 1209 litas
2341 1154 2449 1210 illis
2473 1155 2529 1210 in
2553 1161 2757 1209 aeterno
2785 1151 2962 1216 bono;
2993 1159 3073 1218 ut,
3101 1147 3632 1220 quemadmodum
3649 1151 3794 1203 sancti

2187 1247 2241 1301 in
2273 1247 2376 1302 hoc
2399 1243 2606 1300 mundo
2626 1241 2954 1315 participant
2971 1240 3260 1298 fructibus
3290 1239 3713 1302 laborantium,
3735 1238 3796 1292 sic

2186 1337 2243 1392 in
2284 1336 2470 1392 futuro
2508 1335 2564 1392 hi
2609 1333 2912 1406 qui_modo
2949 1333 3289 1388 ministrant
3351 1328 3608 1395 sanctis,
3653 1330 3790 1399 parti-

2186 1430 2367 1500 cipent
2404 1429 2900 1485 remunerationem
2939 1441 3152 1483 eorum.
3208 1423 3349 1479 Nec
3405 1423 3493 1477 ita
3548 1422 3673 1476 dico
3721 1423 3792 1490 ﬁat

2188 1521 2470 1593 aqualitas
2497 1563 2512 1588 ,
2561 1529 2623 1576 ut
2663 1527 2876 1576 tantum
2920 1519 3196 1588 accipiant
3253 1513 3602 1586 imperfecti
3650 1528 3788 1584 quan-

2186 1622 2303 1668 tum
2344 1612 2718 1684 perfectiores,
2750 1613 2846 1668 sed
2883 1611 2948 1666 in.
2981 1611 3086 1666 hoc
3126 1607 3486 1680 inqualitas,
3528 1603 3679 1675 quod
3703 1604 3786 1659 sin-

2187 1705 2297 1778 guli
2340 1705 2586 1776 singulos
2623 1718 2880 1758 nummos
2915 1701 3227 1771 accipient,
3278 1699 3354 1755 id.
3386 1705 3486 1754 est
3524 1695 3782 1769 perfectam

2187 1805 2242 1852 et
2268 1795 2622 1852 suﬂicientem
2645 1793 3056 1850 beatitudinem.
3089 1791 3223 1846 Ideo
3249 1805 3382 1846 non
3416 1796 3693 1844 statutum
3715 1785 3784 1841 fuit

2187 1896 2250 1943 ut
2275 1887 2367 1943 alii
2409 1886 2692 1942 hominum
2723 1885 3054 1948 laborarent,
3085 1883 3180 1937 alii
3208 1878 3486 1940 orationi
3540 1885 3779 1938 vacarent.

2186 1989 2246 2034 ut
2257 1989 2503 2035 oratores
2514 1986 2950 2034 sustentarentur
2958 1977 3192 2032 aliorum
3209 1975 3455 2040 labore,
3475 1971 3782 2026 laboratum

2187 2086 2318 2128 vero
2345 2069 2688 2127 salvarentur
2707 2086 2896 2126 eorum
2932 2069 3198 2125 oratione.
3240 2065 3423 2130 Fiat,
3460 2063 3614 2128 dico,
3636 2077 3774 2132 aqua-

2187 2166 2334 2230 litas,
2357 2165 2496 2218 sicut
2523 2165 2778 2233 scriptum
2811 2171 2887 2217 est
2917 2159 3203 2232 ﬁgurative
3231 2158 3315 2215 de
3353 2157 3562 2212 futura
3599 2153 3780 2223 aequali-

2185 2263 2336 2311 tate:
2364 2255 2456 2326 qui
2485 2253 2710 2308 multum
2745 2253 2954 2320 habuit,
2986 2269 3090 2306 non
3128 2249 3462 2305 abundavit
3507 2260 3673 2317 super
3693 2258 3775 2297 mo-

2187 2346 2308 2401 dice
2329 2345 2615 2399 habentem
2643 2363 2657 2400 :
2681 2352 2732 2398 et
2754 2344 2844 2414 qui
2865 2342 3131 2396 modicum
3160 2339 3405 2406 habuit,
3441 2354 3555 2392 non
3577 2336 3765 2388 minora-

2187 2443 2282 2504 vit,
2311 2439 2362 2493 id
2390 2448 2495 2503 est,
2529 2455 2638 2495 non
2661 2437 2852 2492 habuit
2872 2437 3054 2492 minus
3091 2450 3159 2491 eo
3199 2434 3310 2506 qui
3365 2433 3617 2488 multum
3649 2426 3775 2483 colle-

2187 2533 2284 2606 git.
2315 2533 2420 2600 Qui
2440 2533 2586 2588 enim
2613 2533 2847 2586 multum
2888 2530 3051 2584 habet
3092 2528 3161 2584 de
3194 2527 3392 2600 gloria
3421 2523 3659 2588 caelesti,
3691 2535 3770 2574 non

2188 2625 2269 2680 sic
2288 2623 2531 2680 abundat
2555 2632 2618 2680 ut
2639 2624 2687 2679 is
2701 2623 2795 2694 qui
2820 2622 3004 2678 minus
3024 2621 3190 2676 habet
3215 2619 3490 2690 indigeat
3512 2636 3527 2672 :
3559 2615 3650 2671 sed
3670 2611 3771 2667 utri

2188 2731 2298 2786 que
2337 2723 2394 2770 et
2420 2715 2652 2771 multum
2700 2722 2756 2770 et
2801 2713 3078 2770 modicum
3133 2711 3379 2766 habenti
3441 2706 3668 2780 aequalis
3709 2711 3769 2758 est

2189 2807 2520 2863 abundantia
2548 2825 2562 2862 :
2589 2806 2718 2878 quia
2743 2805 2962 2876 utrique
3013 2802 3162 2874 quod
3214 2801 3372 2858 satis
3420 2807 3535 2862 est,
3569 2797 3684 2852 licet
3709 2801 3767 2847 ta-

2189 2918 2314 2958 men
2351 2901 2650 2958 diﬂ‘erentia
2688 2899 2761 2956 sit
2793 2899 2902 2956 illis
2945 2898 3001 2952 in
3027 2897 3222 2970 gloria.
3267 2893 3402 2951 Hoc
3449 2893 3522 2948 ad
3569 2891 3762 2946 litteram

2189 2995 2454 3065 scriptum
2511 3003 2598 3050 est
2625 2993 2692 3048 de
2737 3007 2958 3059 manna,
2994 2989 3142 3062 quod
3197 2989 3556 3060 colligebant
3587 2981 3756 3045 Judaei;

2190 3087 2320 3158 quia
2363 3086 2459 3157 qui
2511 3086 2743 3141 multum
2797 3084 3108 3156 collegerat,
3157 3081 3296 3137 licet
3344 3078 3592 3150 amplius
3629 3085 3756 3145 quam

505 3191 686 3250 facere
713 3169 859 3249 enim
885 3169 998 3250 nbn'
1015 3194 1238 3260 suliicit,
1271 3169 1378 3251 nisi
1405 3211 1473 3250 ex
1499 3169 1808 3261 voluntate;
1839 3195 1935 3250 sed
1953 3195 2089 3249 velle
2115 3198 2161 3262 ε
2189 3181 2408 3251 Plenum
2455 3193 2666 3250 εοηιονς
2719 3191 2832 3232 non
2869 3169 2994 3247 ΡῙίιε
3045 3175 3240 3230 habuit
3295 3187 3479 3246 quam
3547 3180 3718 3262 εοωίξτ
3746 3181 3756 3215 ³

508 3283 708 3340 sufﬁcit
749 3267 877 3342 licet
901 3291 1012 3342 non
1059 3287 1132 3342 sit
1175 3255 1332 3358 copia
1365 3286 1622 3343 faciendi.
1674 3255 1931 3358 Cmpistis
1957 3287 2087 3342 olim

2195 3278 2245 3324 et
2261 3267 2360 3338 qui
2383 3268 2567 3323 minus
2588 3267 2878 3339 collegerat
2903 3280 3068 3336 quam
3091 3279 3312 3338 gomor,
3343 3278 3462 3318 non
3491 3260 3664 3316 minus
3678 3255 3750 3309 ha-

507 3376 676 3442 velle;
707 3392 844 3431 nunc
872 3381 992 3432 vero
1017 3379 1254 3448 perﬁcite
1297 3379 1352 3434 id
1395 3379 1672 3435 voluntate
1699 3388 1756 3434 et
1782 3381 1925 3450 facta
1950 3423 1966 3446 ,
2015 3379 2090 3435 ita

509 3477 570 3522 ut
589 3469 1031 3539 quemadmodum
1051 3481 1322 3541 promptus
1343 3480 1420 3526 est
1445 3474 1676 3536 animus,
1698 3472 1753 3526 id
1782 3483 1864 3528 est
1885 3473 2094 3529 discre-

509 3559 590 3615 tio
619 3560 916 3618 voluntatis
943 3561 1106 3635 184
1135 3563 1305 3634 (quod
1335 3579 1501 3634 supra
1526 3563 1744 3619 vocavit
1771 3565 1974 3618 bonum
2008 3565 2094 3618 in-

511 3650 755 3720 genium)
785 3653 864 3707 ita
887 3653 950 3722 [it
979 3663 1264 3724 promptus
1291 3653 1510 3710 animus
1533 3654 1858 3724 perﬁciendi.
1891 3653 1956 3708 Et
1971 3653 2096 3710 licet

512 3741 590 3798 ita
615 3743 896 3813 suadeam,
923 3745 1237 3816 perﬁciendi
1266 3755 1447 3802 tamen
1475 3747 1601 3804 dico
1623 3764 1688 3802 ea:
1714 3764 1794 3814 eo,
1819 3747 1872 3802 id
1899 3758 1985 3802 est
2009 3763 2095 3803 se-

511 3833 755 3890 cundum
803 3836 908 3894 hoc
949 3839 1088 3909 quod
1123 3837 1328 3894 habetis
1353 3881 1368 3904 ,
1411 3846 1468 3895 et
1491 3839 1806 3896 ministrare
1834 3838 2096 3895 fratribus

511 3925 656 3981 ferre
682 3929 931 3998 potestis.
961 3928 1088 3986 Ideo
1107 3929 1231 3986 dico
1262 3947 1328 3986 ea:
1358 3949 1418 3986 eo
1447 3931 1589 4003 quod
1620 3931 1846 3999 habetis,
1875 3933 2022 4004 quia,
2047 3933 2095 3986 si

511 4017 756 4109 voluntas
787 4030 960 4109 vestra
989 4033 1233 4094 prompta
1263 4032 1342 4078 est
1385 4025 1453 4080 ad
1497 4023 1762 4088 dandum,
1808 4024 2096 4078 secundum

512 4111 572 4166 id
597 4093 736 4184 qudd
774 4093 956 4180 habet,
996 4115 1052 4170 in
1083 4117 1188 4171 hoc
1214 4117 1403 4187 utique
1445 4127 1662 4188 accepta
1705 4126 1784 4170 est
1816 4116 1948 4182 Deo,
1993 4133 2098 4171 non

511 4203 687 4261 solum
715 4205 773 4260 in
801 4221 868 4262 eo
895 4207 943 4263 si
969 4207 1179 4263 dederit
1206 4209 1492 4264 secundum
1526 4211 1581 4264 id
1619 4209 1758 4280 quod
1786 4226 1889 4263 non
1918 4208 2094 4264 habet.

400 4293 408 4300 ’
513 4294 674 4362 Quod
701 4295 778 4351 ait
799 4297 1097 4352 secundum
1130 4299 1183 4354 id
1211 4300 1357 4370 quod
1384 4300 1568 4368 habet;
1595 4309 1652 4354 et
1683 4301 1829 4370 quod
1860 4316 1967 4355 non
1999 4301 2100 4355 ba-

511 4387 626 4453 bet,
657 4387 802 4443 idem
831 4395 918 4443 est
941 4390 1090 4459 quod
1137 4391 1214 4445 ait
1240 4393 1493 4461 superius
1521 4392 1808 4446 secundum
1851 4394 2099 4446 uirtutem

509 4489 564 4536 et
595 4497 756 4552 supra
785 4483 1054 4538 uirtutem.
1105 4481 1209 4550 Qui
1251 4484 1397 4540 enim
1428 4487 1736 4540 necessaria
1771 4486 1876 4541 sibi
1919 4501 2094 4541 reser-

2188 3362 2308 3417 buit
2327 3376 2492 3432 quam
2518 3359 2737 3430 plenum
2767 3373 2959 3432 gomor
2987 3356 3288 3428 (Exod.xv,
3320 3355 3442 3425 i8).

2262 3473 2381 3528 Dixi
2411 3473 2664 3543 superius
2702 3471 2846 3543 quod
2881 3471 3068 3542 rogavi
3094 3468 3308 3524 Titum.
3347 3455 3453 3524 De.
3475 3467 3576 3522 hoc
3607 3469 3748 3518 autem

2191 3565 2394 3635 gratias
2415 3580 2514 3636 ago
2544 3563 2676 3630 Deo,
2711 3564 2802 3634 qui
2831 3563 2978 3618 dedit
3013 3563 3069 3616 in
3091 3561 3250 3616 corde
3270 3559 3390 3615 Titi
3420 3556 3644 3614 eamdem
3663 3547 3746 3604 tol-

2192 3656 2524 3710 licitudinem
2562 3673 2657 3726 pro
2700 3655 2864 3721 vobis,
2889 3670 3058 3726 quam
3087 3663 3144 3710 et
3173 3653 3228 3708 in
3254 3653 3436 3710 corde
3456 3665 3594 3706 meo.
3619 3643 3730 3698 Eam-

2192 3749 2314 3804 dem
2343 3747 2481 3802 bene
2505 3745 2648 3814 dico,
2673 3747 2924 3818 quoniam
2965 3746 3081 3816 ipse
3111 3746 3333 3817 quidem
3381 3744 3528 3800 bene
3566 3731 3729 3802 ωαρίδ

2192 3839 2614 3904 exhortationem
2661 3855 2760 3912 pro
2787 3839 2944 3895 vobis
2974 3837 3196 3905 factam,
3255 3838 3353 3894 sed
3396 3836 3507 3893 etsi
3557 3827 3726 3895 mill“

2195 3931 2460 4002 suscepit,
2482 3939 2665 4003 tamen
2690 3929 2956 4001 profectus
2985 3938 3064 3984 est
3091 3929 3163 3983 ad
3188 3946 3277 3984 vos
3311 3946 3440 3984 cum
3476 3931 3599 3981 esset
3625 3913 3732 3972 solli-

2193 4023 2354 4081 citior
2383 4026 2452 4082 de
2493 4025 2670 4094 vobis,
2707 4043 2806 4080 sua
2843 4025 3113 4080 voluntate
3147 4041 3316 4096 quam
3353 4036 3481 4078 mea
3527 4015 3732 4074 exhorta-

2195 4121 2364 4178 tione.
2395 4121 2640 4176 Misimus
2672 4121 2834 4175 etiam
2869 4135 2988 4173 cum
3019 4118 3115 4174 illo
3147 4118 3363 4174 scilicet
3393 4114 3536 4178 Tito,
3563 4109 3738 4180 [τίεται

2197 4222 2444 4270 nostrum
2469 4231 2482 4267 :
2513 4212 2632 4267 laus
2665 4211 2817 4283 cujus
2845 4221 2924 4266 est
2949 4212 3005 4266 in
3034 4209 3350 4282 Evangelia.
3385 4207 3540 4262 Hunc
3559 4199 3733 4290 fratrea!

2197 4303 2290 4360 alii
2326 4304 2517 4360 dicunt
2543 4301 2770 4370 Lucam,
2813 4302 2906 4358 alii
2948 4301 3278 4356 Barnabam.
3326 4298 3384 4354 Si
3418 4296 3611 4351 Lucam
3628 4283 3736 4339 dici-

2198 4412 2345 4460 mus,
2375 4396 2494 4451 laus
2519 4394 2678 4464 cujus
2707 4404 2792 4450 est
2815 4395 2870 4449 in
2907 4393 3202 4450 scribendo
3215 4389 3540 4462 Evangelio;
3567 4382 3608 4437 si

2199 4489 2420 4555 nabam,
2451 4488 2527 4543 ita
2561 4488 2684 4542 laus
2706 4487 2866 4557 cujus
2893 4497 2977 4542 est
3011 4486 3066 4540 in
3098 4483 3451 4556 praedicando
3489 4467 3737 4542 EvanS‘ilio

511 4582 626 4639 vat,
650 4581 705 4630 et
724 4590 790 4632 ea
817 4590 940 4646 quae
969 4575 1433 4646 superabundant,
1463 4589 1668 4642 erogat,
1697 4577 1784 4632 hic
1809 4577 2096 4632 secundum
2128 4559 2175 4618 θ
2199 4598 2292 4654 per
2335 4597 2513 4634 omnes
2558 4579 2848 4634 Ειειεεεαε,
2877 4576 3070 4634 omnis
3117 4577 3264 4632 enim
3303 4571 3542 4630 Ecclesia
3589 4559 3733 4654 laudat

509 4667 654 4738 quod
686 4667 846 4723 habet
871 4667 1073 4724 dicitur
1100 4668 1258 4734 dare;
1305 4669 1400 4738 qui
1429 4683 1558 4724 vero
1585 4670 1722 4724 nihil
1751 4669 1853 4726 sibi
1881 4669 2096 4738 retinet,

512 4759 610 4814 sed
641 4759 901 4816 omnibus
946 4760 1186 4834 erogatis
1223 4762 1403 4818 nudus
1431 4761 1632 4816 nudam
1661 4777 1880 4818 crucem
1911 4764 2098 4834 sequi-

514 4856 628 4914 tur,
659 4848 752 4906 hic
775 4849 870 4906 dat
895 4851 1196 4907 secundum
1225 4851 1280 4906 id
1308 4849 1454 4922 quod
1481 4866 1593 4906 non
1621 4851 1805 4906 habet.
1834 4849 1942 4906 Sed
1969 4851 2098 4922 quia

517 4939 684 5008 huius
703 4940 1050 5011 perfectionis
1072 4958 1180 4998 non
1208 4942 1343 4998 vidit
1365 4938 1460 4999 e'os
1482 4958 1732 5013 capaces,
1760 4942 2010 4998 hortatur
2031 4940 2100 4998 ad

520 5030 575 5086 id
605 5032 749 5101 quod
797 5033 971 5089 levius
1007 5042 1112 5090 est.
1167 5033 1475 5104 Opponeret
1528 5033 1728 5104 aliquis
1761 5033 1968 5105 :Cogis
1996 5047 2100 5089 nos

517 5123 673 5188 dare,
707 5132 791 5192 ut,
820 5125 946 5182 aliis
991 5127 1058 5182 de
1108 5138 1298 5183 nostro
1339 5127 1752 5193 ditescentibus,
1780 5143 1882 5202 nos
1909 5137 2099 5198 postea

517 5229 803 5288 egeamus.
833 5217 1084 5285 Minime;
1131 5220 1226 5274 sed
1271 5221 1568 5276 secundum
1597 5221 1744 5292 quod
1783 5221 2017 5287 habetis,
2045 5229 2102 5276 et

521 5326 635 5366 non
660 5310 960 5366 secundum
988 5310 1045 5365 id
1079 5311 1226 5380 quod
1267 5327 1378 5367 non
1408 5313 1658 5380 habetis;
1695 5328 1796 5385 ego
1821 5313 1966 5370 enim
1997 5329 2102 5368 non

522 5402 733 5472 impero
775 5400 882 5456 hoc
924 5409 983 5455 ut
1009 5415 1104 5470 per
1127 5409 1304 5456 vestra
1333 5401 1456 5456 data
1485 5403 1553 5456 sit
1587 5404 1825 5458 remissio
1871 5403 2016 5468 aliis,
2047 5411 2102 5458 et

523 5488 740 5546 remissi
773 5496 1087 5560 torpescant
1113 5489 1246 5556 otio,
1276 5489 1417 5544 vobis
1444 5499 1620 5544 autem
1671 5491 1798 5547 inde
1822 5491 1894 5548 sit
1931 5493 2104 5546 tribu-

518 5582 678 5648 latio,
719 5582 865 5638 unde
892 5583 998 5638 illis
1023 5582 1293 5639 remissio.
1344 5579 1462 5640 Hoc
1487 5582 1704 5654 quidem
1733 5600 1841 5640 non
1873 5585 2102 5656 impero,

521 5674 616 5728 sed
635 5674 742 5730 hoc
768 5688 904 5746 rogo
933 5684 992 5730 ut
1025 5684 1196 5730 vestra
1225 5675 1575 5740 abundantia,
1621 5692 1743 5746 quae
1769 5685 1853 5732 est
1879 5677 1934 5731 in
1966 5685 2106 5731 tem-

525 5766 848 5838 poralibus,
895 5766 1138 5838 suppleat
1191 5769 1429 5840 inopiam
1476 5768 1696 5824 illorum
1744 5769 1799 5826 in
1848 5769 2103 5838 praesenti

523 5864 807 5926 tempore;
851 5864 906 5912 et
932 5857 1036 5914 hoc
1063 5857 1156 5914 ﬁat
1179 5874 1244 5914 ex
1272 5859 1593 5931 tuqualitale,
1619 5876 1729 5917 non
1757 5868 1817 5916 ut
1842 5859 1952 5916 illis
1977 5867 2102 5916 tan-

2198 4646 2346 4729 eum.
2372 4670 2492 4728 Non
2523 4672 2700 4728 solum
2730 4681 2912 4726 autem
2939 4670 3196 4726 laudatur
3239 4670 3297 4724 in
3341 4658 3636 4734 Evangelia,
3660 4646 3732 4706 sed

2198 4764 2360 4820 etiam
2384 4763 2448 4818 ab
2479 4761 2735 4818 Ecclesiis
2775 4763 3054 4817 ordinatus
3102 4771 3180 4816 est
3215 4777 3386 4815 comes
3411 4761 3592 4811 nostra:
3615 4756 3729 4817 per?

2201 4853 2538 4926 οτὶηαείοηίε.
2580 4851 2697 4909 Hoc
2743 4853 2920 4924 magis
2948 4853 3016 4908 de
3049 4851 3299 4907 Barnaba
3327 4849 3532 4905 videtur
3548 4839 3726 4932 dicere:

2201 4961 2364 5016 quem
2385 4961 2511 5002 cum
2539 4943 2710 5000 Paulo
2737 4943 2933 5001 fratres
2956 4945 3051 5014 qui
3075 4953 3232 5000 erant
3265 4931 3628 5006 Hierosolymis

2205 5011 2394 5092 serunt
2417 5035 2473 5090 in
2497 5045 2683 5108 gentes
2715 5035 2782 5090 ad
2813 5011 3214 5105 praedicandum
3245 5033 3444 5106 Spiritu
3473 5011 3723 5108 δαπίδιογῶ-

2205 5136 2360 5184 cente
2388 5107 2525 5182 illis:
2569 5146 2589 5179 ι
2633 5124 2922 5198 Segregate
2962 5125 3098 5180 mihi
3135 5122 3439 5181 Barnabam
3464 5125 3514 5173 et
3539 5107 3718 5203 Saulutn

2206 5217 2261 5272 in
2285 5232 2424 5287 opus
2457 5231 2568 5287 quo
2589 5216 2862 5286 assumpsi
2889 5231 2986 5272 eos
3015 5215 3156 5285 (Act.
3213 5231 3333 5281 nu,
3361 5212 3436 5282 2).
3471 5227 3490 5260 ι
3515 5203 3716 5295 Ρςτθειξ-

2205 5307 2446 5364 nationis"
2487 5307 2608 5363 ideo
2640 5306 2801 5374 dicit;
2833 5322 2958 5363 cum
2980 5307 3126 5362 enim
3163 5323 3194 5362 a
3245 5304 3424 5362 Iudaea
3460 5292 3715 5385 mittiturin

2206 5408 2411 5471 gentes,
2440 5399 2554 5456 exit
2592 5400 2846 5472 patriam,
2875 5410 2930 5456 et
2973 5399 3042 5455 ad
3074 5399 3193 5454 loca
3237 5393 3503 5469 peregrina
3539 5379 3708 5440 transit.

2207 5489 2414 5554 Comes,
2447 5491 2591 5554 dico,
2620 5489 2798 5546 factus
2831 5489 2990 5561 185
3019 5492 3077 5545 in
3108 5489 3247 5544 hanc
3279 5486 3497 5561 gratiam
3528 5474 3710 5562 decuti."

2207 5596 2468 5652 synarum
2493 5582 2744 5638 similiter
2762 5583 3188 5653 praedicandam;
3215 5597 3330 5654 qua:
3369 5571 3525 5652 gratia
3544 5581 3572 5618 a
3593 5553 3704 5654 nabat

2207 5650 2613 5746 decipientibus,
2657 5691 2690 5731 a
2718 5650 2874 5730 vobis
2903 5650 3240 5729 ministratur
3268 5650 3463 5730 sanctis
3499 5655 3579 5732 qlli
3609 5650 3706 5750 im!“

2207 5766 2628 5840 Hierosolymis;
2655 5768 2724 5824 de
2753 5783 2864 5840 quo
2901 5767 3140 5840 gaudere
3165 5765 3387 5830 debetis,
3430 5753 3542 5830 quia
3576 5747 3697 5840 mini.

2206 5868 2409 5916 stratur
2433 5826 2504 5916 ad
2534 5826 3012 5933 gloriambom‘ini.
3028 5858 3096 5916 Et
3131 5875 3258 5918 vere
3284 5857 3419 5914 Deus
3442 5851 3492 5906 in
3517 5844 3602 5899 hac
3623 5826 3696 5888 κί’

3707 399 3790 453 256
3867 403 3873 472 ἐ

3870 2337 3882 2530 ἐ

3876 2531 3882 2622 1

3870 2623 3882 2874 ἱ
