3928 6408
64 364 172 422 257

741 361 1104 420 EXPOSITIO
1141 362 1208 418 IN
1247 360 1626 418 EPISTOLAa
1663 357 1888 413 PAULI.
1928 389 1999 399 -—-
2037 357 2101 412 IN
2140 355 2356 413 EPIST.
2393 358 2436 414 II
2475 360 2566 414 AD
2601 358 2759 416 COR.

3211 363 3336 420 -258

67 482 489 538 ministratione
527 481 888 551 glorilicatur;
933 490 1007 546 et,
1039 491 1099 535 ut
1141 481 1208 534 de
1239 479 1411 550 gloria
1447 474 1662 531 Domini
1691 474 1737 530 Α
1769 492 1788 523 ι
1821 473 1902 528 bis
1918 482 2210 528 evacuetur
2231 473 2284 526 in
2304 474 2406 528 hac
2439 485 2612 544 parte,
2634 477 3168 546 utquemadmodum
3199 481 3332 547 dixi,

66 576 290 640 sileam,
333 575 390 630 si
423 590 532 629 non
569 581 716 628 esset
743 573 911 639 aliud,
948 573 1261 626 ministrare
1295 567 1564 624 deberetis
1593 566 1661 620 ad

67 667 465 736 complendam
515 666 851 721 voluntatem
895 674 1164 729 nostram,
1210 662 1457 718 doctrina
1504 659 1662 728 cujus

69 759 159 812 ﬁlii
199 755 303 811 Dei
332 757 490 812 estis.

149 849 503 908 Voluntatem
531 847 655 904 dico
697 847 883 917 utique
921 847 1283 918 sequendam,
1328 845 1456 915 quia
1496 845 1663 898 desti-

73 948 277 1003 natam,
305 938 367 994 id
389 946 474 993 est
499 938 553 992 in
577 937 681 992 hoc
702 937 838 991 velle
868 936 1173 990 ordinatam
1196 934 1324 989 Deo.
1350 934 1494 988 Deus
1514 933 1662 988 enim

75 1047 153 1083 me
182 1031 268 1085 sic
310 1029 458 1084 velle
497 1028 785 1098 disposuit.
820 1027 1062 1081 Misimus
1099 1026 1371 1081 Titum‘et
1409 1043 1529 1079 cum
1569 1025 1662 1078 illo

78 1125 239 1177 alium
277 1123 533 1192 fratrem,
563 1121 865 1176 devitantes
885 1121 992 1174 hoc
1013 1136 1081 1174 ne
1109 1119 1234 1190 quis
1264 1135 1366 1173 nos
1394 1119 1665 1188 vituperet

82 1217 128 1268 in
157 1217 260 1269 hac
288 1214 634 1284 plenitudine
657 1213 1147 1284 eleemosynarum,
1175 1228 1298 1281 qua:
1324 1227 1353 1265 a
1379 1212 1536 1266 nobis
1560 1212 1664 1265 mi-

87 1309 347 1361 nistratur
395 1305 601 1361 sanctis
646 1307 700 1360 in
743 1304 1150 1376 Hierosolymis.
1191 1304 1312 1358 Ideo
1346 1303 1548 1359 Paulus
1585 1313 1665 1358 tot

98 1401 300 1454 idoneos
326 1408 500 1453 testes
525 1397 772 1453 mittebat
800 1397 866 1452 ad
895 1396 1238 1466 accipiendas
1266 1397 1540 1462 collectas,
1571 1413 1660 1462 ne,

99 1493 136 1546 si
159 1507 241 1561 per
265 1491 644 1561 suspiciosam
668 1505 958 1560 personam
998 1490 1103 1544 hoc
1128 1488 1347 1555 faceret,
1383 1490 1662 1559 vitupera-

94 1595 194 1637 rent
219 1599 376 1650 eum,
403 1583 648 1638 dicentes
673 1581 821 1652 quod
843 1582 910 1637 de
934 1583 1088 1652 copia
1114 1583 1582 1652 eleemosynarum
1605 1582 1662 1636 in

89 1678 380 1730 suos'usus
425 1674 704 1728 retineret.
742 1671 874 1727 Dico
916 1689 978 1725 ne
1013 1672 1132 1742 quis
1171 1687 1264 1724 nos
1306 1673 1580 1740 vituperet,
1609 1683 1664 1727 et

91 1768 241 1830 bene;
278 1783 410 1820 nam
450 1781 552 1820 nos
591 1767 672 1820 sic
706 1763 966 1819 facientes
1010 1763 1340 1833 providemus
1381 1762 1516 1816 bona
1561 1779 1661 1815 non

1772 582 1790 614 ι
1830 565 2003 634 parati
2028 565 2176 630 sitis;
2210 580 2277 618 ne
2299 581 2424 622 cum
2455 569 2703 625 venerint
2730 568 3052 626 Macedones
3100 588 3334 639 mecum,

1771 675 1789 707 ι
1827 666 1880 711 et
1900 658 2205 714 invenerint
2227 676 2327 716 vos
2348 661 2664 730 imparatos,
2694 663 3083 718 erubescamus
3119 680 3240 731 nos,
3279 677 3340 720 ut

1770 770 1789 799 ε
1826 764 1935 803 non
1961 750 2208 808 dicamus
2226 751 2348 824 [al.,
2364 753 2565 826 dicam]
2583 769 2682 810 vos
2700 756 2753 810 in
2771 757 2873 812 hac
2889 760 3214 816 substantia.
3230 763 3308 819 Ne
3330 794 3339 798 -

1772 857 1791 890 ‹
1831 844 2130 896 eessarium
2161 860 2290 915 ergo
2326 846 2633 902 existimavi
2662 865 2856 920 rogare
2893 850 3179 918 fratres,ut
3205 872 3343 925 pra:-

1767 951 1787 982 ε
1824 935 2124 990 veniantad
2150 952 2247 992 vos
2279 945 2334 991 et
2354 944 3056 1011 praeparentrcpromissam
3084 945 3338 1001 benedic-

1771 1045 1790 1076 ι
1828 1028 2029 1080 tionem
2062 1027 2202 1082 hanc
2221 1039 2464 1097 paratam
2481 1047 2623 1097 esse,
2641 1031 2760 1103 [al.,
2787 1033 2889 1106 sic]
2914 1037 3070 1104 quasi
3085 1037 3340 1093 benedic-

1770 1134 1789 1164 ι
1827 1115 2051 1181 tionem,
2081 1131 2191 1170 non
2209 1119 2367 1186 quasi
2391 1122 2693 1176 avaritiam.
2715 1121 2828 1178 Hoc
2851 1136 3031 1180 autem
3055 1127 3179 1182 dico
3205 1127 3342 1196 :Qui

1771 1226 1788 1258 ‹
1828 1223 1996 1276 parce
2025 1209 2278 1275 seminat,
2311 1227 2471 1280 parce
2495 1222 2550 1266 et
2571 1223 2777 1281 metet;
2801 1227 2855 1270 et
2893 1218 2986 1286 qui
3025 1222 3257 1275 sctitinat
3286 1222 3343 1276 in

1771 1319 1788 1350 ι
1829 1299 2320 1369 benedictionibus,
2335 1304 2402 1359 de
2416 1305 2887 1364 benedictionibus
2899 1319 2952 1364 ct
2967 1321 3150 1379 metet;
3168 1330 3341 1370 unus-

1770 1411 1789 1442 ι
1826 1394 2060 1464 quisque
2087 1403 2246 1465 prout
2272 1395 2566 1452 destinavit
2594 1398 2648 1451 in
2676 1400 2840 1455 corde
2862 1417 2982 1468 suo,
3011 1418 3120 1458 non
3149 1420 3215 1458 ex
3244 1406 3344 1459 tri-

1769 1499 1786 1530 ι
1827 1482 1973 1538 stitia
2003 1493 2099 1538 aut
2124 1500 2190 1540 ex
2222 1485 2569 1544 necessitate.
2609 1507 2627 1538 ι
2658 1486 2894 1544 Hilarem
2929 1492 3073 1545 enim
3095 1493 3341 1547 datorem

1755 1591 1787 1622 .‹
1826 1573 2001 1641 diligit
2024 1575 2167 1632 Deus
2201 1575 2395 1646 (Eccli.
2442 1595 2604 1644 xxxv,
2631 1580 2741 1650 ll).
2776 1601 2794 1631 ι
2826 1581 3025 1637 Potens
3045 1593 3126 1639 est
3159 1595 3343 1640 autem

1769 1683 1788 1716 ι
1830 1665 1992 1737 186
2031 1666 2174 1723 Deus
2208 1684 2425 1723 omnem
2462 1672 2694 1741 gratiam
2741 1673 3019 1728 abundare
3059 1673 3238 1731 facere
3285 1677 3342 1731 in

1771 1773 1789 1805 ι
1828 1757 2004 1822 vobis,
2033 1766 2093 1811 ut
2116 1758 2169 1812 in
2208 1761 2466 1814 omnibus
2493 1777 2707 1831 semper
2727 1779 2945 1818 omnem
2969 1765 3345 1822 sullicientiam

86 1859 246 1910 solum
278 1875 466 1912 coram
494 1856 624 1922 Deo,
651 1857 741 1910 sed
769 1857 929 1910 etiam
954 1871 1130 1908 coram
1151 1854 1406 1908 omnibus
1431 1853 1664 1907 homini-
1693 1844 1738 1903 Β
1772 1866 1790 1899 ι
1829 1848 2114 1914 habentes,
2155 1851 2442 1907 abundetis
2479 1853 2534 1906 in
2564 1869 2726 1908 omne
2769 1870 2906 1924 opus
2942 1856 3168 1924 bonum,
3205 1859 3349 1916 sicut

89 1950 194 2000 bus.
228 1947 405 2003 Nemo
430 1949 576 2003 enim
618 1947 824 2018 aliquid
861 1946 1218 2017 vituperabile
1256 1946 1453 2016 poterit
1485 1947 1664 2016 suspi-

87 2039 218 2102 rari,
268 2039 364 2093 ubi
403 2049 482 2094 tot
517 2039 742 2093 idoneos
789 2046 953 2092 testes
992 2037 1206 2093 viderit.
1250 2037 1309 2091 ln
1350 2038 1454 2092 hoc
1499 2038 1666 2093 verbo

88 2129 241 2184 Pauli
267 2132 573 2202 concipitur
595 2131 742 2202 quod
767 2130 862 2200 qui
895 2145 953 2186 se
985 2129 1146 2183 talem
1181 2129 1401 2184 exhibet
1433 2138 1490 2184 ut
1511 2129 1580 2184 de
1600 2146 1667 2185 eo

87 2223 319 2277 sinistra
342 2223 508 2292 possit
549 2223 682 2278 oriri
708 2222 970 2292 suspicio,
997 2221 1160 2276 etiam
1206 2220 1251 2275 si
1290 2235 1399 2275 non
1435 2222 1505 2276 sit
1538 2238 1666 2277 reus

93 2311 238 2377 inde,
277 2322 462 2382 peccat
508 2321 710 2379 tamen,
749 2312 900 2377 dum,
943 2327 1039 2380 per
1081 2309 1462 2382 negligentiam
1509 2326 1665 2365 suam

97 2403 274 2458 minus
326 2404 550 2474 provide
595 2419 781 2474 agens,
832 2404 888 2456 in
931 2402 1100 2456 fratre
1149 2403 1380 2457 suscitat
1427 2403 1662 2472 culpam.

100 2494 226 2548 Cum
272 2495 396 2550 Tito
434 2505 618 2550 autem
659 2504 714 2551 et
757 2512 884 2551 cum
924 2495 1018 2551 illo
1058 2494 1166 2549 alio
1208 2493 1376 2550 fratre
1415 2496 1667 2551 misimus

104 2587 250 2642 etiam
281 2589 506 2658 fratrem
547 2600 786 2642 nostrum
817 2605 969 2658 quem
1002 2589 1058 2642 in
1100 2587 1281 2641 multis
1306 2587 1662 2657 probavimus,

109 2686 157 2729 et
183 2695 310 2748 sape
337 2678 632 2732 sollicitum
661 2695 771 2732 esse
796 2679 863 2732 de
907 2678 1081 2732 vobis.
1113 2676 1270 2734 Hunc
1301 2677 1524 2734 fratrem
1556 2695 1664 2734 non

119 2771 362 2836 nominat;
387 2771 486 2826 sed
511 2770 783 2827 credimus
805 2770 952 2825 hunc
975 2785 1097 2825 esse
1117 2771 1332 2840 Apollo,
1349 2771 1664 2841 episcopum

117 2875 300 2926 eorum,
330 2863 446 2931 qui,
476 2862 533 2916 in
567 2863 741 2931 prima
765 2861 1008 2930 Epistula
1036 2870 1259 2932 rogatus
1294 2878 1324 2916 a
1352 2861 1540 2937 Paulo,
1574 2879 1666 2917 no-

118 2951 200 3004 luit
231 2954 308 3008 ire
336 2953 386 3025 (I
416 2952 542 3008 Cor.
569 2970 680 3019 xvr,
712 2953 822 3022 12),
847 2955 1075 3009 audiens
1117 2947 1245 3010 illos'
1269 2955 1449 3011 adhuc
1479 2956 1662 3010 incor-

119 3054 304 3110 rectos;
334 3047 425 3101 sed
449 3062 598 3101 nunc
623 3047 808 3100 audito
829 3061 926 3115 per
952 3045 1133 3100 Titum
1157 3048 1302 3116 quod
1331 3058 1516 3103 essent
1538 3066 1662 3104 cor-

125 3139 244 3203 recti,
269 3139 556 3194 revertitur
574 3140 643 3194 ad
666 3139 808 3194 illos.
833 3137 966 3194 Dico
993 3155 1117 3193 eum
1143 3139 1310 3195 fuisse
1337 3140 1660 3208 sollicitum;

126 3232 192 3282 sed
215 3232 398 3288 sciatis
437 3249 576 3286 nunc
636 3231 803 3286 multo
839 3231 1200 3286 sollicitiorem
1243 3249 1365 3288 esse
1393 3234 1460 3288 de
1486 3244 1664 3290 vestra

123 3323 290 3390 salute,
334 3325 650 3394 conﬁdentia
682 3324 852 3378 multa
891 3325 1074 3380 habita
1118 3326 1175 3378 in
1215 3326 1378 3393 vobis,
1425 3327 1531 3380 sive
1571 3343 1665 3396 pro

125 3411 228 3468 Tito
263 3417 351 3485 qui
377 3417 776 3472 commendavit
808 3418 1199 3473 correctionem
1231 3418 1397 3471 vestri
1430 3418 1526 3484 illi,
1559 3421 1666 3472 sive

130 3521 211 3571 pro
237 3507 316 3561 his
344 3512 420 3580 qui
450 3519 574 3564 sunt
618 3510 809 3579 fratres
837 3511 1025 3574 nostri,
1057 3509 1109 3563 id
1147 3517 1231 3562 est
1255 3519 1308 3563 et
1343 3524 1440 3578 pro
1463 3509 1584 3564 Tito
1615 3519 1667 3576 et

126 3612 210 3664 pro
229 3599 327 3654 his.
349 3600 450 3657 Pro
479 3601 603 3657 Tito
637 3601 782 3669 dico,
809 3603 900 3672 qui
925 3610 1003 3655 est
1030 3601 1204 3653 socius
1235 3617 1376 3654 meus
1402 3603 1454 3654 in
1489 3603 1662 3656 omni-

130 3690 227 3756 ltus,
250 3702 301 3747 et
327 3695 554 3750 maxime
577 3695 792 3764 adjutor
819 3695 873 3748 in
898 3693 1072 3759 vobis,
1101 3701 1157 3747 et
1184 3708 1283 3762 pro
1310 3694 1394 3748 his
1419 3695 1510 3764 qui
1541 3685 1668 3748 sunt

132 3779 297 3839 lratres
318 3786 486 3841 nostri
513 3785 761 3856 apostoli,
786 3786 839 3840 id
871 3794 956 3840 est
976 3784 1136 3855 legati
1168 3783 1527 3838 Ecclesiarum
1552 3792 1667 3856 g'o-

138 3876 204 3928 ria:
230 3876 438 3943 Christi,
465 3878 519 3932 id
547 3887 628 3932 est
654 3878 721 3931 ad
754 3877 1154 3947 praedicandum
1181 3879 1409 3948 gloriam
1440 3878 1662 3933 Christi.

143 3963 187 4017 iit
220 3971 333 4038 quia
385 3981 494 4024 tam
536 3971 791 4040 probatas
835 3985 1100 4040 personas
1143 3971 1210 4025 ad
1254 3988 1350 4027 vos
1393 3971 1662 4027 misimus.

152 4054 248 4127 Ergo
267 4062 527 4116 ostendite
563 4062 616 4114 in
653 4063 771 4116 illos
821 4062 1141 4116 charitatem
1186 4074 1450 4130 vestram,
1486 4074 1540 4120 et
1576 4067 1669 4135 (nt

145 4150 230 4213 plus
246 4152 433 4221 dicam)
460 4152 728 4206 ostendite
752 4151 805 4205 in
828 4153 950 4206 illos
974 4153 1320 4206 ostensionem
1344 4172 1460 4224 qua:
1485 4167 1667 4212 osten-

141 4242 197 4292 sit)
219 4254 285 4296 est
306 4245 587 4298 cltaritatis
613 4254 818 4298 vestrm.
859 4243 916 4298 Si
951 4245 1097 4299 enim
1126 4261 1223 4300 vos
1254 4245 1494 4317 ingratos
1515 4251 1666 4304 exhi—

139 4329 338 4398 Lua-ritis,
370 4337 549 4406 palam
577 4335 680 4389 erit
709 4350 807 4390 vos
831 4351 897 4388 ex
935 4335 1129 4390 timore
1159 4337 1302 4406 quod
1343 4337 1396 4390 in
1429 4341 1667 4408 peccatis

137 4424 284 4487 rratis,
311 4436 360 4480 et
385 4441 497 4480 non
524 4441 585 4479 es
620 4426 887 4479 charitate
914 4426 1256 4481 ministrasse
1284 4426 1407 4481 Tito
1434 4438 1485 4482 ct
1513 4429 1663 4495 aliis;

1770 1956 1788 1988 ε
1824 1939 2088 2008 scriptum
2110 1949 2193 1995 est
2219 1960 2231 1994 :
2261 1941 2547 2012 Dispersit,
2578 1944 2726 1999 dedit
2758 1948 3112 2016 pauperibus,
3134 1949 3348 2019 justitia

1771 2050 1790 2081 ‹
1827 2031 1948 2101 ejus
1985 2042 2171 2088 manet
2192 2035 2247 2088 in
2269 2036 2528 2090 saeculum
2564 2037 2746 2092 saeculi
2775 2037 2974 2108 (Psal.,
3001 2056 3111 2107 cxx,
3134 2042 3210 2112 9).
3241 2041 3347 2108 Qui

1772 2143 1791 2174 ‹
1824 2132 2005 2178 autem
2035 2125 2382 2180 administrat
2413 2143 2600 2182 semen
2625 2128 2939 2196 seminanti,
2969 2141 3023 2184 et
3049 2147 3242 2200 panem
3279 2134 3350 2188 ad

1773 2236 1791 2266 σ
1833 2216 2277 2272 manducandum
2308 2219 2607 2287 praestabit.
2641 2219 2707 2274 Et
2748 2220 3129 2291 multiplicabit
3158 2240 3349 2278 semen

1772 2327 1791 2359 ι
1833 2317 2098 2374 vestrum,
2142 2319 2196 2364 et
2236 2311 2454 2380 augebit
2488 2310 2821 2367 incrementa
2863 2311 3082 2384 frugum
3119 2315 3352 2384 justitia:

1771 2416 1790 2447 ι
1829 2406 2042 2464 vestrae,
2091 2406 2151 2452 ut
2194 2399 2250 2452 in
2295 2400 2551 2455 omnibus
2602 2401 2908 2472 locupletati
2952 2404 3240 2460 abundetis
3286 2406 3344 2460 in

1772 2509 1790 2542 ι
1829 2505 2048 2546 omnem
2076 2491 2501 2561 simplicitatem,
2530 2509 2653 2562 qum
2682 2504 2940 2563 operatur
2961 2511 3058 2566 per
3086 2511 3185 2552 nos
3219 2513 3350 2568 gra-

1771 2601 1790 2634 ς
1828 2582 2027 2636 tiarum
2061 2583 2333 2638 actionem
2376 2583 2507 2638 Deo.
2541 2584 2811 2650 Quoniam
2843 2585 3209 2641 ministerium
3242 2587 3348 2642 hu-

1771 2691 1790 2724 α
1827 2673 1919 2744 jus
1941 2673 2101 2728 ollicii
2119 2689 2225 2727 non
2245 2674 2422 2728 solum
2448 2677 2662 2744 supplet
2678 2692 2740 2730 ea
2763 2692 2886 2746 qua:
2906 2676 3104 2732 desunt
3120 2679 3350 2746 sanctis,

1771 2783 1790 2815 ‹
1831 2765 1926 2820 sed
1955 2767 2119 2819 etiam
2151 2765 2390 2820 abundat
2419 2781 2516 2835 per
2545 2767 2746 2821 multas
2778 2769 3078 2838 gratiarum
3108 2770 3351 2826 actiones

1771 2875 1790 2907 t
1827 2856 1883 2910 in
1913 2855 2144 2912 Domino
2176 2873 2273 2927 per
2298 2857 2675 2927 probationem
2706 2859 2992 2915 ministerii
3019 2861 3202 2932 hujus,
3229 2863 3350 2932 glo-

1771 2970 1789 3003 t
1832 2953 2108 3007 rilicantes
2140 2951 2310 3006 Deum
2341 2952 2396 3006 in
2431 2953 2738 3008 obedientia
2763 2954 3125 3010 confessionis
3155 2966 3350 3012 vestra:

1771 3063 1788 3095 ι
1815 3045 1880 3098 .ἱη
1912 3043 2204 3113 Evangelio
2237 3043 2442 3099 Christi
2533 3055 2588 3099 et
2643 3045 2991 3116 simplicitate
3039 3049 3348 3102 communi-

1773 3152 1791 3184 ι
1837 3134 2068 3188 cationis
2093 3143 2285 3188 vestrae
2314 3132 2368 3186 in
2393 3134 2515 3188 illos
2535 3144 2590 3188 et
2613 3136 2665 3188 in
2692 3139 2914 3202 omnes;
2943 3146 2996 3189 et
3024 3137 3076 3190 in
3104 3137 3349 3207 ipsorum

1692 3202 1736 3262 c
1774 3247 1792 3277 ι
1831 3227 2208 3281 obsecratione
2232 3241 2332 3296 pro
2360 3218 2531 3294 vobis,
2555 3227 2981 3284 desiderantium
3005 3244 3102 3283 vos
3128 3239 3348 3299 propter

1774 3337 1791 3369 ‹
1830 3319 2158 3372 eminentem
2186 3318 2415 3388 gratiam
2445 3317 2539 3372 Dei
2586 3319 2642 3372 in
2664 3319 2837 3374 vobis.
2867 3319 3081 3374 Gratias
3110 3335 3211 3393 ago
3240 3321 3352 3378 Deo

1774 3429 1792 3460 ι
1830 3424 1995 3478 super
2017 3409 2370 3463 inenarrabili
2397 3410 2542 3464 dono
2573 3411 2712 3480 ejus.

2403 3516 2703 3556 EXPOSITIO.

1841 3593 1910 3648 Ut
1938 3595 2261 3651 charitatem
2292 3607 2528 3652 vestram
2556 3597 2776 3653 irr‘illos
2809 3599 3132 3668 ostendatis,
3157 3599 3351 3655 admo-

1769 3702 1892 3740 nco.
1918 3687 2052 3741 Nam
2083 3690 2311 3746 scribere
2339 3689 2483 3744 vobis
2515 3691 2578 3744 de
2603 3692 2916 3759 ministerio,
2943 3693 2994 3746 id
3023 3701 3108 3748 est
3134 3693 3201 3748 de
3231 3694 3349 3748 col-

1769 3781 1920 3835 lectis
1955 3782 2080 3846 illis,
2118 3784 2263 3852 quod
2308 3784 2672 3840 ministerium
2717 3785 2787 3839 sit
2825 3785 3263 3841 transferendum
3298 3788 3354 3840 ir.

1768 3883 2000 3938 sanctos,
2029 3875 2095 3927 de
2127 3875 2252 3938 hoc,
2288 3875 2536 3945 inquam,
2563 3877 2802 3932 scribere
2834 3887 2910 3930 est
2935 3879 3064 3931 mihi
3089 3895 3152 3932 ea:
3179 3879 3350 3932 abun-

1767 3964 1938 4027 danti,
1963 3963 2014 4018 id
2037 3974 2118 4018 est
2143 3964 2477 4033 superﬂuum
2495 3965 2759 4034 judicavi.
2784 3965 3075 4036 Propterea
3103 3985 3168 4024 ex
3185 3970 3355 4024 abun-

1767 4056 1938 4120 danti,
1969 4056 2096 4125 quia
2128 4058 2238 4109 scio
2273 4058 2510 4110 animum
2536 4067 2767 4112 vestrum
2812 4070 3111 4129 promptum
3141 4079 3251 4116 esse
3285 4063 3353 4118 ad

1767 4134 2220 4215 ministrandum;
2264 4165 2360 4219 pro
2409 4167 2511 4220 quo
2555 4151 2766 4207 scilicet
2806 4153 2936 4222 quia
2974 4153 3148 4222 parati
3184 4155 3348 4223 estis,

1766 4238 1967 4309 glorior
1990 4238 2058 4295 de
2082 4240 2238 4295 vobis
2267 4240 2340 4295 ita
2370 4240 2425 4294 in
2453 4242 2718 4298 cbaritatc
2747 4243 2979 4310 dill‘usis,
3004 4246 3144 4315 apud
3171 4245 3346 4302 Mace-

1765 4335 1955 4399 donas,
1993 4333 2201 4392 diceus.
2252 4333 2516 4400 Quoniam
2547 4351 2653 4389 non
2686 4337 2863 4392 solum
2901 4335 3220 4404 Corinthus,
3257 4340 3352 4394 sed

1766 4429 1927 4481 etiam
1972 4434 2083 4481 tota
2133 4427 2337 4481 Achaia
2370 4427 2472 4482 sub
2519 4427 2814 4496 Corintho,
2848 4441 3042 4500 parata
3078 4441 3155 4484 est
3203 4434 3337 4486 mini

139 4514 210 4564 sed
249 4515 542 4588 benignitas
591 4525 773 4570 vestra
817 4532 964 4570 nunc
1001 4518 1067 4570 ad
1110 4517 1242 4572 istos
1284 4519 1523 4574 exhibita
1566 4520 1669 4574 erit
1697 4542 1744 4601 ι)
1770 4527 1938 4574 strare
1969 4519 2170 4572 sanctis
2203 4520 2268 4572 ab
2297 4536 2435 4573 anno
2470 4520 2758 4590 praeterito,
2796 4529 2846 4574 et
2878 4521 2956 4576 sic
2987 4531 3157 4575 vestra
3187 4539 3356 4576 centu-

143 4610 335 4662 osn-nsio
367 4621 563 4666 vestrae
596 4608 900 4675 cbaritatis,
943 4610 1070 4678 quia
1109 4611 1428 4679 approbabit
1463 4627 1561 4666 vos
1601 4628 1667 4666 ex

144 4701 354 4757 t-ltaritate
382 4703 578 4758 fecisse
605 4700 751 4772 quod
775 4701 927 4770 prius
952 4700 1174 4756 fecistis.
1205 4701 1477 4756 Ostendite
1503 4703 1665 4757 etiam

139 4795 461 4849 ostensionem
493 4804 687 4847 nostrae
713 4792 899 4863 gloria:
925 4793 1121 4847 habita:
1141 4793 1282 4862 apud
1311 4793 1433 4847 illos
1457 4811 1551 4864 pro
1581 4811 1670 4848 vo-

139 4878 226 4944 bis;
260 4886 484 4940 multum
512 4884 657 4938 enim
693 4883 958 4954 gloriatus
1001 4897 1122 4934 sum
1159 4889 1213 4935 et
1254 4884 1480 4951 promisi
1523 4884 1669 4953 quod

137 4968 392 5031 honoriﬁce
432 4991 529 5031 eos
578 4974 906 5044 suscipiatis.
959 4971 1232 5026 Ostendite
1276 4973 1400 5028 dico
1437 4976 1492 5027 in
1533 4976 1670 5045 facie

136 5077 410 5124 ceterarum
443 5066 827 5132 Ecclesiarum,
851 5074 911 5120 ut
939 5080 1034 5119 vos
1061 5063 1182 5120 sitis
1205 5062 1370 5119 facies
1392 5074 1446 5119 et
1472 5065 1666 5135 forma,

135 5171 329 5223 quorum
356 5158 697 5216 similitudini
728 5157 1113 5228 imprimantur
1142 5156 1261 5215 alia:
1288 5156 1563 5215 Ecclesiae.

702 5247 931 5306 CAPUT
967 5248 1059 5305 IX.

191 5360 207 5394 ι
238 5343 365 5400 Nam
393 5345 460 5400 de
482 5343 787 5398 ministerio
813 5357 937 5413 qua:
959 5341 1017 5397 tit
1048 5341 1103 5396 in
1129 5353 1371 5408 sanctos,
1411 5357 1475 5398 ex
1500 5342 1672 5397 abun-

146 5451 157 5479 ι
180 5435 309 5489 danti
329 5445 413 5492 est
439 5437 571 5490 mihi
593 5434 830 5490 scribere
850 5435 1023 5489 vobis.
1048 5434 1174 5491 Scio
1195 5435 1338 5489 enim
1361 5443 1668 5505 promptum

149 5545 159 5572 ι
186 5529 404 5584 animum
441 5539 701 5595 vestrum,
738 5543 836 5598 pro
875 5542 986 5596 quo
1016 5527 1084 5581 de
1117 5527 1272 5581 vobis
1302 5528 1504 5597 glorior
1529 5527 1670 5596 apud

148 5637 160 5664 ε
188 5617 513 5688 Mawdoues;
538 5621 797 5690 quoniam
819 5629 872 5673 et
893 5619 1094 5673 Achaia
1120 5629 1305 5689 parata
1329 5630 1412 5674 est
1437 5621 1505 5674 ab
1525 5636 1670 5674 anno

151 5725 163 5754 ι
192 5713 455 5778 praterito,
478 5722 533 5767 et
553 5721 730 5767 vestra
752 5711 1026 5772 aemulatio
1049 5713 1361 5780 provocavit
1383 5713 1666 5782 plurimos.

152 5816 166 5847 ι
191 5799 408 5860 llisimus
421 5813 602 5860 autem
623 5803 835 5868 fratres,
849 5811 905 5856 ut
922 5816 990 5856 ne
1005 5802 1149 5871 quod
1180 5803 1477 5874 gloriamur
1489 5804 1554 5859 de
1571 5819 1668 5859 vo-

1769 4610 1922 4676 latto,
1973 4611 2026 4666 id
2069 4620 2156 4666 est
2187 4612 2422 4666 imitatio
2469 4613 2767 4681 provocavit
2807 4612 3064 4682 plurimos
3100 4613 3168 4667 ad
3212 4613 3356 4668 idem

1770 4701 2098 4758 faciendum.
2125 4703 2437 4759 Videndum
2473 4713 2556 4758 est
2583 4713 2787 4774 quanta
2829 4705 3126 4760 subtilitate
3151 4703 3361 4760 Paulus

1770 4791 1824 4845 in
1849 4793 2059 4861 primis,
2084 4794 2336 4864 exemplo
2362 4793 2742 4856 Macedonum,
2766 4793 2988 4848 inducat
3015 4791 3357 4859 Corinthios,-

1771 4898 1915 4938 nunc
1936 4901 1966 4937 e
1987 4901 2252 4939 converso
2279 4884 2602 4939 Macedonas
2638 4885 2885 4954 exemplo
2921 4885 3013 4940 Co:
3031 4885 3356 4942 inthiorum.

1771 4973 1836 5027 Et
1861 4974 1986 5028 licet
2016 4976 2232 5030 animus
2261 4984 2440 5029 vester
2463 4985 2746 5044 promptus
2775 4976 2866 5041 sit,
2898 4985 3082 5031 tamen
3109 4977 3353 5032 misimus

1771 5066 1840 5118 ad
1870 5082 1957 5119 vos
1985 5067 2084 5120 hos
2121 5067 2348 5135 fratres;
2380 5075 2436 5119 ut
2462 5067 2600 5136 quod
2624 5067 2920 5138 gloriamur
2953 5068 3094 5138 apud
3125 5069 3262 5124 alios
3289 5069 3361 5124 de

1770 5155 1935 5220 vobis,
1980 5173 2042 5210 ne
2081 5167 2390 5224 evacuetur,
2434 5156 2486 5212 id
2521 5166 2608 5213 est
2648 5173 2759 5212 non
2802 5158 3121 5214 destruatur
3152 5159 3209 5213 in
3253 5159 3360 5214 hac

1770 5259 1938 5319 parte,
1964 5249 2016 5303 id
2043 5258 2128 5304 est
2155 5250 2207 5303 in
2234 5259 2423 5320 parata
2448 5249 2937 5307 administratione.
2964 5251 3236 5318 Misimus,
3264 5252 3353 5306 in—

1771 5359 1958 5413 quam,
2007 5351 2086 5408 ut,
2127 5344 2569 5414 quemadmodum
2607 5345 2662 5399 in
2699 5344 2801 5400 alia
2836 5346 3067 5416 epistola
3101 5346 3216 5400 dixi
3253 5363 3356 5415 ρας

1773 5436 1879 5488 rati
1902 5435 2022 5495 sitis
2042 5477 2056 5500 ,
2082 5451 2162 5502 ne,
2192 5452 2309 5488 cum
2337 5435 2645 5491 Macedones
2668 5453 2867 5491 mecum
2889 5439 3119 5492 venerint
3142 5437 3207 5491 ad
3232 5452 3356 5500 vos,

1770 5536 1820 5579 et
1847 5526 2138 5579 invenerint
2171 5543 2256 5579 vos
2293 5528 2612 5596 "imparatos,
2639 5529 3006 5582 erubescamus
3039 5544 3130 5580 nos
3168 5527 3220 5578 in
3249 5525 3353 5580 hac

1772 5620 2092 5685 substantia,
2131 5617 2183 5672 id
2229 5630 2313 5673 est
2343 5621 2689 5691 eleemosyna
2728 5635 2837 5674 non
2879 5628 3198 5689 prmparata.
3236 5617 3350 5674 Nos

1771 5708 1894 5763 dico
1923 5708 2288 5762 erubescamus
2327 5718 2387 5762 ut
2419 5725 2528 5763 non
2561 5708 2810 5763 dicamus
2844 5709 2990 5777 quod
3023 5722 3119 5761 vos
3150 5706 3352 5762 erube-

1774 5801 1960 5867 scatis,
1985 5801 2078 5872 qui
2106 5801 2294 5870 utique
2310 5801 2355 5855 si
2389 5800 2638 5868 imparati
2667 5800 2826 5866 estis,
2847 5800 3042 5879 merito
3064 5798 3355 5854 erubesco-
