3928 6434
578 366 695 423 £59
1152 360 1210 416 S.
1245 357 1591 415 BRUNONIS
1623 350 2261 414 CARTHUSIANORUM
2298 348 2785 407 lNSTlTUTORlS
2813 348 2964 404 DPP.
3001 346 3182 403 PARS
3207 345 3280 400 ll.
3730 346 3806 404 πο

586 484 680 538 tis.
703 478 1116 551 Eleemosynam
1141 486 1303 532 vocat
1330 474 1692 531 substantiam
1723 490 1738 526 :
1767 471 1898 542 quia
1925 485 2023 541 per
2043 483 2166 524 eam
2196 473 2240 530 Δ
2270 467 2444 536 gratia
2470 466 2527 520 in
2555 465 2969 535 temporalibus.
3013 463 3247 551 Augebit
3289 461 3465 551 etiam
3702 462 3807 517 elae-

590 571 943 629 subsistimus
960 548 1022 624 in
1055 570 1333 640 praesenti.
1364 566 1430 622 Et
1466 567 1593 637 quia
1616 580 1717 620 vos
1742 565 2041 634 imparatos
2073 556 2169 616 n'o-
2265 568 2621 625 mosynarum
2657 552 2888 623 frugem,
2921 551 2976 607 id
3007 560 3093 607 est
3111 550 3392 606 meritum
3412 548 3638 619 justitia:
3663 560 3809 609 vestra

588 662 688 731 lui,
732 678 855 733 ergo
896 662 1195 717 existimavi
1230 659 1580 714 necessarium
1608 671 1792 727 rogare
1820 655 1923 709 hos
1951 655 2164 724 fratres,
2266 643 2323 699 in
2351 644 2510 700 vobis
2532 644 2733 700 habita:
2763 644 2882 699 sine
2904 643 3087 713 aliqua
3119 641 3534 698 distributione
3561 641 3807 714 elemosy-

590 762 647 808 ut
668 732 989 824 praeueniant
1017 768 1104 807 me
1123 752 1193 806 ad
1216 767 1322 816 vos,
1341 758 1392 808 et
1414 765 1500 803 vos
1525 755 1820 819 praeparent
1845 745 2165 800 benedictie-
2265 751 2484 791 narum.
2543 735 2809 806 Augebit,
2865 735 3091 805 inquam
3116 776 3132 800 ,
3189 735 3591 788 incrementum
3648 732 3810 805 fragm

588 861 711 899 nem
748 845 1233 916 eleemosynarum,
1276 856 1386 897 non
1423 840 1723 911 parandam
1761 854 1887 893 cum
1925 851 2126 893 venero
2148 879 2163 903 ,
2256 828 2491 897 justitia:
2515 837 2716 894 vestrae,
2748 842 3062 883 accrescere
3090 826 3313 882 faciens
3359 825 3621 880 meritum
3642 827 3811 895 privata

593 936 688 991 sed
729 952 839 989 esse
864 943 1109 1004 paratam
1135 949 1152 987 :
1178 934 1320 988 hanc
1358 930 1790 987 benedictionem
1830 928 1954 984 dico
1981 942 2167 997 repro—
2260 919 2489 990 iustitia:
2518 935 2617 990 per
2660 920 2916 975 meritum
2953 920 3360 992 Blﬁemosynal;
3396 918 3474 972 ita
3519 919 3740 990 augebit,
3771 933 3809 977 ut

593 1026 818 1082 missam
848 1043 879 1080 a
905 1026 1092 1092 vobis;
1120 1025 1298 1097 videte
1328 1038 1398 1078 ne
1424 1024 1480 1077 in
1510 1023 1786 1093 promisso
1821 1019 2064 1075 inﬁdeles
2087 1019 2166 1074 si-
2265 1027 2367 1067 V08
2412 1011 2720 1082 Ιοεαμιϐῑαιί
2761 1013 2819 1065 in
2874 1012 3163 1077 omnibus.
3207 1020 3270 1067 ει
3316 1010 3378 1065 in
3416 1011 3812 1081 multiplicatione

589 1120 682 1173 tis.
711 1118 1017 1188 Prwparent
1044 1117 1187 1183 dico,
1216 1115 1646 1179 benedictionem,
1683 1113 1782 1180 sic,
1824 1112 1978 1182 quasi
2012 1112 2166 1166 bene—
2268 1104 2514 1172 seminis,
2544 1114 2598 1159 et
2621 1104 2958 1160 incremento
2978 1103 3209 1174 iustitiae
3247 1103 3547 1157 abundetis
3580 1106 3750 1159 merito
3775 1108 3812 1161 ξι

589 1211 893 1275 dictionem,
926 1208 978 1263 id
1020 1215 1106 1263 est
1142 1208 1351 1276 largam
1380 1205 1748 1271 donationem,
1789 1212 1841 1257 et
1868 1219 1971 1257 non
2014 1202 2167 1273 quasi
2268 1211 2472 1250 omnem
2493 1195 2911 1266 simplicitatem,
2937 1196 2990 1251 id
3024 1196 3182 1250 estin
3205 1194 3526 1266 perfectam
3566 1206 3620 1250 et
3652 1196 3812 1268 simpli-

591 1302 895 1355 avaritiam.
938 1297 998 1353 Si
1034 1298 1182 1354 enim
1218 1297 1496 1352 modicum
1538 1295 1691 1362 dant,
1722 1294 1899 1365 magis
1940 1292 2167 1348 avaritia
2265 1302 2387 1342 cem
2430 1285 2823 1357 erogationem.
2870 1285 3028 1340 Nunc
3057 1287 3264 1340 iterum
3317 1286 3516 1341 subdit
3543 1286 3686 1356 plura
3710 1290 3808 1344 bona

584 1390 923 1464 judicahitur
950 1404 1116 1459 quam
1154 1388 1383 1442 donum.
1420 1385 1558 1441 Volo
1591 1394 1653 1440 ut
1690 1385 1795 1455 ipsi
1834 1393 2166 1455 praeparent;
2267 1378 2335 1432 de
2363 1377 2727 1450 eleemosynis
2767 1377 3173 1448 provenientia,
3200 1378 3412 1433 dicens
3440 1395 3455 1431 ε
3490 1377 3622 1443 Qua!
3650 1379 3807 1448 Simpli-

590 1493 690 1547 ego
719 1477 887 1533 etiam
915 1476 1138 1546 propria
1166 1491 1300 1530 voce
1319 1475 1414 1528 hoc
1450 1475 1627 1544 ipsum
1649 1475 1802 1539 dico;
1824 1482 1879 1528 et
1899 1474 2169 1529 admoneo
2268 1469 2406 1526 cllas
2430 1477 2678 1539 operatur
2698 1485 2790 1539 per
2814 1485 2907 1523 nos
2942 1469 3201 1523 actionem
3230 1469 3553 1539 gratiarum
3596 1468 3706 1535 Deo,
3723 1470 3807 1540 quia

590 1578 651 1623 ut
685 1569 966 1622 alﬁuenter
986 1567 1144 1632 detis,
1170 1566 1296 1637 quia
1318 1567 1408 1636 qui
1438 1583 1595 1637 parce
1615 1565 1861 1631 seminat,
1885 1564 1940 1620 id
1963 1573 2047 1620 est
2074 1565 2167 1635 qui
2266 1560 2335 1617 de
2363 1560 2837 1616 administratione
2860 1569 3043 1617 vestra
3073 1562 3287 1633 gratias
3314 1562 3545 1632 agimus
3571 1560 3700 1627 Deo,
3723 1578 3805 1619 ecce

592 1674 757 1714 avare
783 1659 1186 1729 eleemosynam
1212 1658 1326 1723 dat,
1355 1666 1509 1712 metet
1529 1657 1770 1727 quidem,
1794 1657 1848 1712 id
1870 1666 1954 1712 est
1986 1673 2170 1712 remu-
2268 1667 2439 1707 unum
2453 1650 2765 1707 bonuszt
2780 1653 2979 1707 merito
2998 1652 3509 1724 gratias,quoniam
3523 1652 3804 1706 ministeriis

594 1750 895 1815 nerabitur,
938 1748 1033 1803 sed
1063 1765 1236 1818 parce.
1286 1748 1568 1803 seminare
1597 1748 1728 1803 dicit
1766 1748 2167 1820 eleemosynam
2201 1804 2242 1820 ﬁ
2268 1744 2426 1814 hujus
2446 1743 2691 1816 oﬂicii,id
2705 1755 2791 1801 est
2810 1744 3139 1801 ministratio
3153 1753 3365 1800 vestra:
3378 1744 3727 1814 simplicitatis
3741 1762 3803 1797 nos

594 1841 746 1907 dare,
769 1804 918 1910 quia.
943 1804 1087 1893 sicut
1113 1839 1202 1894 ille
1225 1840 1319 1909 qui
1348 1840 1599 1907 seminat,
1633 1840 1700 1895 ad
1732 1855 1972 1910 praesens
1995 1804 2171 1910 perdit
2201 1804 2243 1862 Β
2272 1804 2444 1890 scium
2463 1804 2669 1905 supplet
2685 1851 2747 1890 ea
2775 1852 2894 1907 qua:
2919 1837 3105 1890 desunt
3140 1837 3377 1904 sanctis,
3404 1804 3511 1889 sed.
3525 1836 3680 1888 etiam
3700 1836 3805 1887 abls

596 1932 743 2004 quod
782 1932 838 1986 in
866 1930 1049 1986 futuro
1092 1931 1511 2001 multiplicatum
1549 1932 1798 2002 recipiat,
1839 1932 1921 1987 sic
1958 1932 2051 2002 qui
2081 1932 2176 1987 dat
2270 1927 2366 1981 dat
2408 1927 2465 1981 in
2502 1927 2767 1995 Domino,
2807 1928 2862 1984 id
2912 1937 2998 1984 est
3040 1928 3099 1983 in
3148 1928 3333 2001 gloria
3378 1928 3605 1983 Domini
3650 1928 3802 1983 actione

597 2024 1023 2094 eleemosynam,
1065 2023 1131 2078 ad
1168 2039 1409 2093 praesens
1442 2024 1620 2094 perdit
1658 2024 1805 2095 quod
1837 2024 2173 2096 centuplica-
2270 2019 2572 2091 gratiarum
2615 2018 2760 2076 facta
2811 2036 2908 2091 per
2952 2022 3177 2076 multos.
3224 2020 3505 2076 Abundat
3559 2020 3708 2075 etiam
3745 2035 3801 2088 per

592 2122 711 2171 tum
747 2115 959 2186 colliget
980 2114 1037 2169 in
1062 2115 1255 2185 gloria.
2269 2110 2652 2181 probationem
2697 2111 2986 2167 ministerii
3028 2112 3212 2183 hujus,
3242 2111 3385 2182 quia
3443 2125 3633 2166 omnes
3665 2124 3800 2180 appro

667 2204 771 2273 Qui
795 2205 1027 2261 seminat
1059 2221 1242 2276 parce,
1274 2214 1441 2261 metet
1460 2221 1621 2276 parce
1642 2225 1655 2261 :
1679 2216 1730 2260 et
1752 2207 1841 2278 qui
1868 2208 2092 2261 seminat
2118 2208 2175 2261 in
2269 2202 2403 2258 bant
2424 2211 2480 2258 et
2507 2203 2861 2275 magniﬁcam
2897 2204 3217 2275 hujusmodi
3245 2199 3802 2259 ministrationemJ‘er

594 2296 1063 2361 benedictionibus,
1095 2297 1147 2364 id
1168 2305 1255 2352 est
1276 2297 1330 2351 in
1359 2298 1631 2353 aﬁluentia
1655 2299 1839 2365 dandi,
1870 2300 1961 2354 hic
1989 2299 2176 2369 utique
2271 2295 2496 2361 multos,
2530 2295 2674 2363 dico,
2705 2290 3060 2366 gloriﬁcantes
3090 2294 3265 2349 Deum
3302 2296 3364 2349 in
3403 2293 3690 2349 obedientia
3721 2308 3799 2345 cos-

596 2398 750 2441 metet
780 2388 843 2440 de
873 2388 1343 2454 benedictionibus,
1384 2388 1440 2442 id
1463 2397 1549 2443 est
1567 2388 1634 2444 de
1662 2390 1903 2460 copiosis
1924 2405 2177 2446 remune-
2270 2385 2514 2456 fessionis
2535 2395 2740 2453 vestra,
2766 2387 2819 2443 id
2839 2397 2925 2442 est
2948 2387 3004 2441 in
3026 2402 3092 2442 eo
3116 2386 3270 2457 quod
3302 2386 3437 2442 ﬁdei
3466 2383 3800 2442 confessionem

596 2478 922 2534 rationibus.
966 2476 1053 2545 Et,
1083 2479 1211 2534 licet
1258 2479 1394 2534 adeo
1417 2479 1699 2535 aﬁluenter
1719 2480 1853 2535 dare
1892 2482 2173 2549 suadeam,
2270 2476 2480 2534 fecistis
2527 2478 2585 2533 in
2641 2477 2936 2551 Evangelio
2989 2477 3194 2534 Christi
3242 2479 3341 2534 cui
3398 2477 3648 2542 creditis,
3686 2485 3727 2530 et
3764 2475 3797 2527 in

597 2578 783 2625 tamen
823 2571 1176 2642 unusquisque
1220 2571 1425 2626 tribuat
1463 2580 1621 2643 prout
1660 2573 1967 2640 destinavit,
2006 2573 2060 2629 id
2092 2581 2177 2629 est
2272 2570 2602 2647 obedientia,
2630 2571 2760 2641 quia
2779 2571 2939 2626 ﬁdem
2962 2571 3227 2626 habentes
3241 2570 3588 2627 conﬁtemini
3611 2566 3797 2623 etstatim

600 2663 744 2720 sicut
766 2664 951 2735 posuit
970 2665 1027 2718 in
1066 2665 1221 2723 corde
1259 2682 1375 2733 suo,
1414 2666 1469 2721 id
1491 2674 1576 2722 est
1601 2681 1668 2721 ex
1695 2667 1922 2722 arbitrio
1944 2668 2177 2738 propria:
2272 2661 2491 2718 Christo
2511 2661 2794 2718 obedistis.
2827 2661 3421 2735 Gloriﬁcantesptiam
3446 2659 3613 2714 Deum
3636 2659 3683 2711 in
3711 2656 3795 2709 sint-

597 2756 913 2812 voluntatis.
963 2755 1089 2810 Non
1128 2756 1378 2812 tribuens
1410 2773 1477 2812 ea:
1517 2758 1763 2825 tristitia,
1804 2765 1865 2812 ut
1909 2757 2089 2813 doleat
2118 2774 2178 2814 se
2272 2752 2514 2823 plicitate
2544 2753 3060 2819 communicationis,
3087 2751 3142 2806 id
3171 2760 3260 2808 est
3278 2753 3434 2807 ineo
3462 2750 3606 2821 quod
3641 2744 3793 2813 simpli'

596 2846 856 2902 tribuere.
887 2845 995 2900 Aut
1015 2862 1081 2901 ex
1104 2847 1414 2900 necessitate
1434 2854 1624 2903 coacta
1651 2846 1930 2903 voluntate
1949 2848 2174 2903 tribuat.
2274 2845 2411 2901 citer
2436 2861 2559 2916 quas
2603 2844 2822 2916 propria
2851 2853 2980 2901 sunt
3010 2844 3334 2900 communia
3363 2842 3566 2898 facitis.
3603 2838 3793 2895 Commu-

597 2936 793 2992 Posset
810 2936 956 2991 enim
978 2945 1205 2992 coactus
1234 2936 1391 3004 velle,
1418 2946 1599 2993 tamen
1620 2939 1740 2993 sine
1767 2939 2004 2994 tristitia.
2033 2937 2174 3007 Non,
2275 2936 2569 2992 nicationis
2595 2933 2719 2992 dicit
2751 2935 2908 2992 factae
2960 2937 3017 2990 in
3046 2934 3420 3006 illossanctos'
3473 2942 3523 2988 et
3571 2933 3621 2986 in
3652 2941 3788 2982 omm-

596 3020 843 3099 inqilam,
883 3043 952 3084 ex
982 3029 1328 3098 necessitate,
1369 3029 1464 3085 sed
1500 3044 1568 3084 ex
1609 3029 1901 3086 hilaritate.
1934 3030 2178 3086 Hilarem
2278 3027 2656 3084 Gloriﬁcantes
2679 3027 2843 3083 etiam
2881 3028 2939 3081 in
2985 3027 3354 3083 obsecratione
3385 3027 3622 3097 ipsorum
3650 3019 3788 3092 quibus

592 3120 737 3174 enim
762 3119 1001 3174 datorem
1025 3120 1204 3191 diligit
1242 3119 1407 3187 Deus,
1431 3119 1529 3190 qui
1556 3119 1748 3176 hilaris
1772 3120 1944 3176 hilare
1971 3121 2173 3176 donum
2202 3164 2245 3221 ϐ
2277 3119 2621 3176 ministratis.
2650 3118 3041 3177 Obsecratione
3084 3119 3210 3177 dico
3248 3118 3400 3175 facta
3430 3134 3524 3189 pro
3562 3108 3789 3179 vobisrlp-

592 3212 806 3267 tribuit.
837 3209 1105 3282 Supponit
1130 3227 1329 3268 causas
1355 3227 1525 3283 quare
1551 3212 1796 3267 hilariter
1820 3212 2055 3268 dandum
2081 3212 2174 3280 sit,
2202 3194 2245 3221 υ
2280 3225 2468 3266 sorum
2516 3211 2640 3267 dico
2681 3212 3094 3267 desiderantium
3131 3212 3319 3268 videre
3350 3229 3460 3266 vos.
3492 3208 3603 3264 Non
3647 3217 3727 3276 pro
3747 3215 3786 3255 θο

597 3303 725 3373 quia
749 3303 1144 3373 temporalibus
1195 3304 1353 3375 187
1389 3304 1551 3359 bonis
1590 3312 1848 3374 praeterea
1884 3303 2178 3359 virtutibus
2277 3302 2424 3371 quod
2449 3302 2792 3373 .temporalia
2848 3302 2983 3373 ipsis
3015 3302 3179 3371 datis,
3225 3303 3327 3359 sed
3376 3309 3585 3373 propter
3621 3294 3784 3368 gratiatl

601 3393 659 3448 in
683 3393 968 3463 praesenti;
997 3393 1052 3447 in
1080 3393 1266 3449 futuro
1294 3395 1502 3450 ctelesti
1535 3395 1706 3464 gloria
1726 3395 1922 3450 merito
1943 3395 2179 3451 eleemo-
2278 3391 2378 3447 Dei
2406 3409 2569 3463 quam
2615 3394 2798 3449 sciunt
2843 3395 3154 3449 eminentem
3175 3409 3302 3450 esse
3330 3395 3396 3449 in
3421 3392 3579 3446 vobis.
3609 3387 3666 3441 Et
3701 3375 3782 3453 sui!

598 3498 750 3555 syria).
798 3483 1116 3551 abundabit,
1167 3485 1395 3539 dicens:
1444 3483 1577 3541 Date
1612 3485 1667 3539 in
1709 3484 2002 3553 hilaritate,
2048 3484 2179 3556 quia
2277 3492 2359 3541 tot
2379 3484 2523 3539 bona
2545 3485 2612 3541 de
2636 3485 2740 3542 hac
2773 3485 3249 3541 administratione
3278 3474 3784 3555 consequunturddt’0

597 3584 783 3646 potens
808 3585 884 3630 est
912 3575 1053 3630 Deus
1078 3576 1348 3632 abundare
1379 3575 1551 3646 facere
1571 3577 1629 3632 in
1652 3576 1794 3631 vobis
1821 3593 2025 3631 omnem
2051 3593 2176 3648 gra-
2278 3578 2481 3647 gratias
2514 3592 2618 3648 ago
2655 3577 2766 3633 Deo
2799 3595 2975 3649 super,
2998 3579 3054 3634 id
3101 3588 3186 3636 est
3238 3580 3311 3637 de
3353 3578 3503 3634 dono
3546 3574 3648 3646 ejus
3683 3563 3782 3639 quod

602 3667 756 3735 tiam,
785 3667 840 3722 id
866 3675 952 3724 est
994 3676 1049 3723 et
1083 3667 1298 3738 copiam
1338 3668 1741 3747 temporalium,
1767 3676 1823 3723 et
1845 3668 2095 3735 virtutes,
2125 3676 2180 3723 et
2277 3669 2432 3724 vobis
2487 3670 2747 3737 contulit,
2809 3671 3019 3726 scilicet
3068 3672 3302 3743 gratiam
3366 3671 3775 3737 eleemosynmm-

600 3756 843 3815 futuram
871 3759 1123 3832 gloriam,
1157 3760 1231 3816 ita
1261 3769 1320 3814 ut
1346 3775 1446 3816 vos
1475 3738 1688 3831 semper.
1703 3758 1948 3815 habentes
1976 3775 2179 3813 omnem
2278 3760 2450 3827 Dono,
2504 3761 2648 3827 dico,
2697 3762 2991 3817 enarrabili
3009 3805 3024 3829 ,
3068 3738 3123 3819 id
3155 3772 3243 3819 est
3274 3773 3338 3820 ut
3393 3760 3627 3818 omnibus
3657 3763 3769 3806 θηπ·

600 3849 999 3919 su/jicientiam;
1027 3858 1082 3904 et
1121 3850 1177 3903 in
1213 3848 1476 3916 omnibus,
1515 3848 1570 3904 id
1607 3855 1693 3905 est
1723 3848 1780 3903 in
1816 3848 2048 3920 singulis
2092 3847 2178 3903 his
2277 3862 2425 3907 retur
2461 3852 2516 3906 in
2537 3853 2863 3922 exemplum.
2897 3852 2994 3909 Vel
3018 3855 3162 3910 dono
3206 3852 3578 3914 inenarrabili,
3598 3834 3769 3902 animi
3858 3846 3859 3875 ‘

601 3940 809 4011 gratiis.
837 3939 1124 4008 Habentes,
1154 3941 1400 4012 inquam,
1431 3956 1635 3995 omnem
1659 3940 1796 3996 etin
1818 3939 2057 3994 omnibus
2085 3939 2181 3995 de—
2277 3942 2424 3996 enim
2475 3951 2753 4013 nequeunt
2799 3954 2933 4013 quot
2977 3943 3119 4000 bona
3167 3945 3236 4001 de
3296 3947 3407 4002 hoc
3463 3930 3598 3998 dono
3638 3940 3775 4005 ιποτεε

603 4031 804 4087 siderio
829 4031 1027 4087 harum
1049 4033 1349 4104 gratiarum
1377 4028 1653 4088 abundetis
1677 4033 1747 4100 in,
1760 4048 1910 4086 omne
1938 4048 2067 4102 opus
2089 4031 2181 4085 bo—
2279 4033 2451 4090 niant.

606 4137 731 4175 num
750 4130 814 4177 ut
839 4123 1238 4196 eleemosynam
1263 4132 1318 4181 et
1347 4126 1570 4195 copiose
1598 4134 1654 4180 et
1683 4125 1948 4192 hilariter,
1981 4125 2179 4180 iterum
2248 4162 2252 4167 ν
2750 4169 2759 4177 .
2893 4123 3123 4180 CAPUT
3162 4124 3232 4181 X.

603 4222 718 4270 tam
746 4215 802 4269 in
829 4217 1030 4273 vestitu
1057 4233 1223 4288 quam
1254 4218 1312 4273 in
1343 4218 1485 4274 victu
1512 4218 1630 4274 sine
1660 4219 1810 4273 omni
1838 4218 2059 4290 querela
2082 4219 2181 4273 tri-
2288 4276 2292 4280 ,
2354 4235 2375 4269 ε
2420 4215 2539 4286 Ipse
2564 4225 2748 4273 autem
2786 4232 2888 4290 ego
2928 4217 3132 4273 Paulus
3162 4219 3397 4275 obsecro
3420 4231 3514 4273 vos
3553 4225 3637 4284 per
3667 4214 3775 4259 lm‘

605 4306 807 4361 buatis.
849 4306 1170 4376 Abundetis,
1200 4309 1344 4378 dico,
1380 4310 1435 4365 in
1476 4311 1583 4366 hoc
1618 4326 1757 4381 opus
1788 4311 2015 4391 bonum,
2043 4311 2182 4366 sicut
2285 4326 2307 4381 ᾳ
2352 4307 2697 4365 suetudinem
2742 4318 2796 4365 et
2824 4308 3147 4366 modestiam
3201 4309 3441 4376 Christi,
3477 4304 3566 4377 qui
3601 4301 3647 4355 in
3687 4290 3779 4349 facit

604 4399 863 4467 scriptum
884 4395 960 4453 est
983 4401 1038 4455 in
1062 4403 1275 4471 psalmo
1295 4403 1361 4459 de
1383 4403 1809 4477 eleemosynario
1826 4404 1978 4474 justo
2003 4401 2177 4476 (Psal.
2287 4416 2307 4451 ι
2351 4399 2570 4470 quidem
2606 4400 2830 4457 humilis
2881 4417 3005 4458 sum
3040 4402 3183 4458 inter
3240 4417 3372 4470 vos,
3425 4400 3609 4455 absens
3648 4394 3776 4443 tum“

602 4503 717 4554 cxr,
748 4487 822 4558 9).
856 4487 1140 4559 Dispersit,
1180 4491 1232 4547 id
1273 4500 1357 4547 est
1399 4508 1510 4548 non
1534 4494 1650 4560 uni,
1684 4494 1778 4549 sed
1817 4493 2047 4549 diversis
2079 4509 2180 4549 sua
2205 4512 2257 4572 Β
2289 4510 2309 4544 ι
2354 4491 2569 4547 conﬁdo
2600 4491 2656 4546 in
2684 4493 2859 4550 vobis.
2902 4492 3057 4566 Rogo
3091 4503 3275 4551 autem
3321 4510 3440 4560 vos,
3496 4504 3560 4544 ne
3601 4488 3776 4555 prsiseus

605 4580 748 4636 bona
771 4580 1068 4648 distribuit,
1091 4598 1194 4639 nec
1214 4584 1511 4639 intentione
1532 4584 1859 4656 recipiendi;
1890 4585 1985 4640 sed
2009 4584 2174 4653 dedit,
2288 4601 2307 4634 ‹
2349 4582 2601 4649 audeam,
2632 4599 2726 4654 per
2743 4599 2865 4639 eam
2892 4585 3280 4642 conﬁdentiam
3308 4601 3418 4658 qua
3445 4577 3695 4638 existimor
3713 4579 3776 4620 ³ο·

606 4685 707 4727 nec
732 4671 813 4728 eis
836 4671 930 4742 qui
969 4687 1079 4726 non
1105 4683 1346 4744 egerent,
1389 4676 1483 4731 sed
1515 4676 1830 4747 pauperibus
1851 4684 1904 4732 et
1934 4676 2054 4731 ideo
2083 4676 2179 4745 ju-
2285 4691 2303 4725 ι
2346 4673 2475 4728 dere
2511 4673 2567 4728 in
2610 4675 2900 4745 quosdam,
2930 4677 3024 4746 qui
3048 4678 3382 4734 arbitrantur
3415 4670 3569 4745 188
3590 4678 3676 4721 nos
3697 4668 3777 4712 ω’

601 4765 776 4833 stitia,
797 4762 859 4821 id
883 4774 967 4822 est
988 4767 1242 4822 meritum
1260 4769 1504 4839 justitiss,
1524 4769 1636 4839 ejus
1655 4778 1921 4840 permanet
1945 4770 2001 4824 in
2027 4779 2175 4825 (τῖεν-ι
2272 4778 2303 4817 ‘t
2349 4780 2515 4845 quam
2550 4767 2846 4822 secundum
2896 4782 3119 4823 carnem
3167 4770 3522 4825 ambulemus.
3563 4758 3614 4813 In
3660 4758 3776 4807 αιηκ

604 4872 751 4911 num.
1406 4934 1415 4938 Δ
2286 4876 2304 4929 t
2347 4858 2495 4913 enim
2537 4858 2896 4927 ambulantes,
2924 4875 3034 4916 non
3082 4868 3264 4916 tamen
3294 4856 3580 4917 secundum
3611 4849 3774 4938 03"an

677 4946 986 5017 Opponeret
1028 4949 1227 5019 aliquis
1251 4970 1264 5004 :
1290 4934 1432 5005 Malo
1480 4950 1615 5006 mihi
1644 4951 1701 5006 in
1730 4951 1974 5007 futurum
2001 4967 2179 5008 reser-
2286 4970 2303 5001 ι
2347 4950 2666 5006 militamus.
2690 4950 2827 5006 Nam
2854 4967 3007 5008 arma
3028 4955 3234 5010 militia:
3258 4963 3457 5010 nostra;
3474 4962 3573 5004 non
3592 4931 3770 5030 carnalia

607 5051 736 5089 vare
764 5054 927 5106 quam
950 5042 1113 5095 modo
1138 5042 1466 5113 dispergere,
1493 5052 1547 5098 et
1574 5044 1625 5097 in
1655 5051 1896 5114 tempore
1923 5045 2180 5114 egestatis
2284 5062 2309 5113 «ι
2346 5051 2493 5109 sunt,
2526 5043 2622 5098 sed
2656 5045 2898 5114 potentia
2940 5043 3054 5100 Deo
3088 5048 3157 5101 ad
3209 5043 3610 5103 destructionem
3647 5035 3771 5119 muli"

612 5126 870 5197 indigere.
911 5128 1114 5186 Contra
1164 5111 1267 5187 hoc
1296 5111 1499 5191 Paulus
1538 5111 1818 5205 exponens
1850 5111 2014 5189 etiam
2047 5136 2176 5205 quid
2289 5111 2309 5179 ob
2352 5132 2583 5198 tionum,
2614 5111 2843 5188 consilia
2873 5133 3241 5203 destruentes,
3276 5147 3330 5192 et
3363 5143 3565 5190 omnem
3588 5111 3770 5178 altitudi-

610 5229 776 5283 supra
819 5216 1157 5285 intellexerit,
1196 5220 1383 5277 dicens
1416 5238 1633 5278 omnem
1677 5226 1925 5295 gratiam.
1963 5204 2179 5281 Debetis
2291 5243 2309 5274 ι
2356 5239 2482 5279 nem
2505 5222 2850 5279 extollentem
2899 5240 2959 5281 se
2987 5226 3257 5283 adversus
3303 5223 3567 5284 scientiam
3606 5207 3705 5270 θεῖν
3731 5204 3769 5300 ξεί

611 5303 799 5397 utique
829 5306 1107 5362 abundare
1134 5310 1188 5363 in
1212 5327 1374 5366 omne
1403 5328 1539 5382 opus
1564 5315 1785 5383 bonum,
1811 5315 1941 5386 quia
1966 5316 2057 5371 ille
2089 5317 2179 5387 qui
2290 5333 2306 5362 ι
2352 5315 2408 5368 in
2430 5313 2798 5384 captivitatem
2825 5316 3137 5387 redigentes’
3161 5333 3375 5374 omnem
3421 5310 3702 5369 intellectum
3721 5302 3766 5397 ’ξη

609 5386 954 5453 administrat
983 5417 1155 5455 semen
1180 5379 1495 5468 seminanti,
1526 5405 1579 5460 id
1614 5415 1698 5461 est
1740 5379 2180 5479 res-temporales
2289 5425 2306 5456 ι
2354 5379 2679 5476 obsequium
2724 5379 3033 5473 Christi,vet
3071 5410 3126 5464 in
3155 5420 3405 5481 promptu
3453 5401 3674 5481 habente?
3703 5379 3763 5481 ul:

610 5488 1009 5561 eleemosynam
1046 5491 1225 5559 danti;
1259 5494 1348 5548 ille
1379 5496 1540 5549 etiam
1569 5499 1840 5566 praestabit
1885 5516 2075 5569 panem
2122 5500 2178 5554 in
2289 5518 2306 5549 ι
2355 5498 2486 5553 cisci
2519 5514 2739 5554 omnem
2780 5478 3225 5568 inobedientiam,
3259 5478 3379 5559 cum
3417 5494 3611 5564 impleta
3645 5478 3763 5569 fuerit

613 5581 861 5649 sequenti
884 5598 1052 5650 anno,
1083 5598 1192 5638 non
1225 5585 1291 5640 ad
1313 5585 1761 5655 superﬁuitatem,
1798 5567 1895 5644 sed
1919 5590 1989 5643 ad
2026 5607 2178 5644 man-
2288 5610 2306 5640 ι
2353 5599 2531 5644 Vestra
2581 5592 2907 5647 obedientia.
2958 5593 3089 5660 Quae
3122 5593 3415 5650 secundum
3464 5584 3628 5641 faciem
3668 5567 3759 5622 sum

540 5686 543 5691 λ
611 5671 931 5730 ducendum.
980 5675 1361 5747 Multiplicabit
1398 5680 1559 5734 etiam
1604 5696 1778 5734 semen
1811 5691 2070 5747 vestrum,
2122 5689 2184 5735 ut
2290 5701 2315 5753 ιΔ
2350 5682 2543 5737 videte.
2581 5682 2635 5736 Si
2668 5685 2793 5753 quis
2810 5684 3032 5740 conﬁdit
3067 5684 3273 5741 Christi
3324 5701 3381 5741 se
3409 5694 3536 5737 esse.
3579 5671 3660 5753 θος
3690 5667 3757 5753 φ’

613 5763 894 5821 aﬁluenter
938 5767 1184 5825 habeatis
1222 5770 1290 5826 ad
1319 5757 1591 5828 iterandas
1619 5772 2013 5845 elcemosynas.
2045 5773 2184 5829 Ecce
2292 5750 2315 5824 ιΔ
2354 5774 2483 5845 gitet
2510 5750 2707 5831 iterum
2743 5777 2886 5847 apud
2911 5792 2990 5843 se,
3018 5777 3166 5847 quia,
3196 5779 3335 5834 sicut
3366 5777 3469 5846 ipse
3497 5752 3664 5821 Clitisu
3680 5750 3749 5801 es"
