3928 6408
150 349 274 408 261

788 352 1155 409 ΕΧΡΟΞΙΤΙΟ
1187 351 1255 407 IN
1293 351 1672 408 EPlSTOLAS
1709 352 1759 408 P.

1864 353 1938 409 LI.
1980 385 2048 395 -
2079 352 2148 408 IN
2186 353 2404 409 EPIST.
2445 354 2488 409 ll
2525 355 2614 410 AD
2649 355 2804 412 (ΞΟΠ.

3319 359 3427 415 ἓϐἳ

163 485 188 515 ε
249 465 327 518 ita
355 475 411 520 et
457 480 577 522 nos.
615 464 749 521 Nam
778 477 833 521 et
869 468 915 523 si
961 467 1193 538 amplius
1241 467 1444 536 aliquid
1497 467 1759 538 gloriatus
1787 475 1833 530 Α
1861 467 2082 522 humilis
2108 483 2284 533 eram;
2311 468 2404 523 sed
2435 468 2596 524 modo
2627 471 2810 523 absens
2839 470 3064 539 confido,
3095 470 3155 525 id
3184 479 3268 527 est
3296 488 3428 528 con-

249 554 414 612 fuan
437 555 504 609 de
533 565 798 626 potestate
843 566 1051 624 nostra,
1076 573 1241 627 quam
1270 557 1419 612 dedit
1455 557 1611 613 nobis
1652 557 1757 612 Do-

247 648 439 701 minus
463 647 516 700 in
545 648 979 714 aediﬁcationem,
1011 659 1066 703 et
1094 664 1202 703 non
1234 649 1290 702 in
1327 649 1757 704 destructionem

246 749 494 790 vestram
515 779 530 802 ,
567 755 676 792 non
725 741 1062 795 erubescam.
1097 739 1168 794 Ut
1213 751 1395 795 autem
1426 756 1535 796 non
1571 741 1759 795 existi-

248 845 375 882 mer
404 837 663 899 tanquam
699 839 903 885 terrere
928 848 1025 886 vos
1059 847 1154 900 per
1178 831 1467 902 Epistolas,
1498 833 1758 902 quoniam

244 921 476 989 quidem
508 920 779 990 Epistolaa,
813 923 1087 992 inquiunt,
1115 939 1305 993 graves
1330 933 1459 978 sunt
1486 934 1540 978 et
1567 923 1755 992 fortes,

246 1013 547 1080 praesentia
581 1022 759 1068 autem
801 1015 1047 1084 corporis
1070 1015 1304 1082 inﬁrma,
1337 1024 1391 1070 et
1413 1032 1594 1070 sermo
1622 1031 1757 1070 con-

243 1104 598 1172 temptibilis;
645 1105 748 1159 hoc
790 1106 990 1176 cogitet
1043 1107 1138 1175 qui
1182 1107 1447 1176 ejusmodi
1477 1117 1578 1173 est,
1630 1108 1756 1176 quia

243 1196 448 1264 quales
472 1213 663 1251 sumus
690 1198 856 1252 verbo
881 1214 976 1267 per
999 1197 1273 1267 Epistolas
1321 1199 1593 1264 absentes,
1625 1199 1758 1254 tales

173 1307 191 1336 ι
243 1296 300 1340 et
327 1297 626 1356 przesentes
674 1289 728 1343 in
772 1288 934 1344 facto.
965 1288 1085 1344 Non
1114 1291 1261 1344 enim
1303 1290 1567 1345 audemus
1608 1291 1757 1344 inse—

183 1399 204 1429 ι
243 1395 372 1433 rere
399 1389 496 1434 aut
537 1396 854 1450 comparare
883 1396 984 1436 nos
1028 1381 1376 1450 quibusdam,
1399 1381 1492 1451 qui
1521 1397 1578 1435 se
1609 1381 1757 1450 ipsos

186 1492 206 1522 α
246 1473 670 1539 commendant;
725 1473 819 1528 sed
864 1473 967 1542 ipsi
1026 1474 1183 1527 nobis
1226 1475 1590 1543 nosmetipsos
1631 1488 1748 1528 me-

177 1583 198 1614 σ
245 1564 472 1630 tientes,
503 1573 555 1618 et
577 1574 954 1634 comparantes
1015 1567 1380 1636 nosmetipsos
1425 1567 1602 1620 nobis.
1648 1565 1758 1621 Nos

175 1674 197 1706 ι
242 1664 435 1710 autem
484 1673 594 1711 non
648 1656 702 1711 in
752 1657 1083 1712 immensum
1133 1659 1506 1730 gloriabimur,
1550 1658 1644 1713 sed
1673 1673 1759 1713 se-

174 1766 195 1798 ε
241 1749 492 1802 cundum
551 1765 868 1804 mensuram
929 1750 1131 1821 regula:
1180 1766 1346 1820 quam
1401 1766 1624 1806 mensus
1671 1758 1756 1805 est

166 575 186 602 I

167 665 188 694 ι

164 757 186 785 1

167 848 188 877 ί

167 939 185 966 1

167 1030 186 1057 ι

167 1124 186 1150 1

169 1216 188 1242 ε

173 1859 197 1891 ε
247 1841 416 1896 nobis
469 1839 612 1897 Deus
647 1841 864 1912 (Ephes.
904 1819 1148 1911 lV,v7i),
1197 1819 1510 1897 mensuram
1558 1842 1762 1913 pertin—
1793 1819 1836 1873 Β

171 1952 198 1982 ς
247 1932 414 2003 gendi
445 1949 620 2004 usque
640 1933 711 1988 ad
741 1949 860 1990 vos.
911 1932 1030 1988 Non
1051 1934 1197 1989 enim
1234 1934 1390 2005 quasi
1427 1949 1534 1988 non
1558 1933 1763 2004 pertin-

171 2044 195 2076 s
248 2034 445 2093 gentes
474 2027 542 2080 ad
578 2040 697 2093 vos,
734 2027 1249 2096 superextendimus
1284 2042 1405 2080 nos.
1458 2025 1646 2096 Usque
1693 2025 1761 2080 ad

174 2134 195 2165 ι
250 2130 354 2168 vos
385 2115 526 2169 enim
569 2117 918 2185 pervenimus
957 2115 1015 2170 in
1057 2114 1350 2187 Evangelio
1379 2115 1608 2182 Christi,
1650 2131 1761 2170 non

173 2229 198 2258 ς
253 2209 315 2264 in
333 2209 654 2265 immensum
679 2211 973 2282 gloriantes
997 2211 1052 2265 in
1067 2211 1262 2266 alienis
1287 2211 1592 2278 laboribus,
1610 2226 1762 2281 spem

174 2319 198 2349 σ
248 2308 438 2354 autem
482 2301 741 2357 habentes
783 2303 1079 2358 crescentis
1108 2301 1233 2357 ﬁdei
1265 2312 1478 2371 vestraa,
1523 2304 1579 2358 in
1607 2305 1762 2360 vobis

170 2411 193 2442 ε
248 2392 594 2462 magniﬁcari
615 2395 917 2450 secundum
951 2394 1193 2466 regulam
1223 2404 1496 2463 nostram;
1523 2396 1576 2450 in
1597 2397 1764 2452 abun-

169 2501 193 2532 ‹
242 2481 435 2536 dantia
458 2483 621 2537 etiam
645 2483 700 2538 in
727 2485 817 2538 illa
845 2500 970 2555 quae
998 2485 1139 2539 ultra
1176 2500 1272 2540 vos
1312 2494 1460 2550 sunt,
1489 2487 1760 2560 evangeli-

173 2593 196 2622 ι
244 2588 396 2638 zare,
431 2589 541 2627 non
582 2573 635 2626 in
671 2575 848 2628 aliena
882 2574 1068 2645 regula
1113 2573 1170 2628 in
1201 2575 1288 2629 his
1315 2587 1437 2643 quae
1464 2585 1762 2644 praeparata

176 2681 198 2712 ι
245 2671 376 2716 sunt
418 2662 662 2733 gloriari.
713 2684 731 2714 ι
762 2663 864 2730 Qui
895 2674 1078 2719 autem
1121 2665 1403 2736 gloriatur,
1450 2665 1505 2718 in
1533 2664 1763 2719 Domino

185 2775 206 2803 ι
248 2755 516 2825 glorietur
551 2755 603 2825 (1
625 2755 803 2823 Com,
830 2757 892 2811 51
915 2756 1057 2824 ;Jer.
1086 2757 1293 2828 αλδ).
1317 2776 1335 2808 ι
1355 2755 1475 2810 Non
1492 2757 1638 2810 enim
1668 2757 1762 2827 qui

186 2865 207 2897 σ
247 2847 491 2916 seipsum
516 2848 878 2916 commendat,
916 2848 1003 2903 ille
1034 2849 1295 2918 probatus
1323 2856 1440 2914 est;
1484 2847 1579 2903 sed
1601 2863 1763 2917 quem

181 2954 201 2984 ι
244 2934 392 2992 Deus
421 2937 788 2992 commendat.
829 2956 848 2988 ι

338 3026 348 3032 ’
827 3045 1127 3086 exrosmo.

242 3115 549 3186 Postquam
611 3133 678 3172 oe
726 3119 898 3189 gratia
949 3119 1421 3191 eleemosynarum
1479 3118 1762 3189 multiplici

173 3210 654 3265 commendatione
728 3221 1003 3268 correctos
1072 3212 1398 3268 suﬁicienter
1454 3213 1764 3278 admonuit,
1793 3184 1834 3241 C

172 3299 377 3353 transit
396 3301 466 3354 ad
492 3301 885 3372 increpandum
906 3304 1262 3369 incorrectos,
1285 3305 1377 3374 qui
1399 3305 1577 3358 adhuc
1601 3320 1765 3373 pseu—

173 3393 252 3446 do
287 3393 646 3462 praeferebant
681 3395 820 3461 sibi;
851 3412 990 3467 quos
1013 3397 1220 3467 pseudo
1243 3397 1539 3466 plurimum
1567 3397 1655 3451 hic
1674 3397 1768 3452 de-

183 3484 400 3553 primit,
443 3486 821 3542 auctoritatem
864 3503 1021 3543 suam
1067 3487 1438 3558 multipliciter
1479 3497 1532 3543 et
1557 3489 1768 3544 'idonee

175 3578 594 3635 commendans.
624 3577 744 3633 Non
769 3588 829 3634 ut
850 3596 947 3651 per
968 3581 1071 3636 hoc
1099 3591 1308 3651 quierat
1333 3581 1562 3652 gloriam
1586 3597 1763 3648 suam,

175 3670 274 3723 sed
306 3669 411 3724 hoc
441 3670 622 3726 solum
652 3671 882 3727 intendit
910 3684 989 3738 ut,
1016 3672 1286 3729 viliﬁcatis
1313 3674 1543 3743 pseudo,
1575 3672 1763 3728 Corin-

174 3763 277 3816 thii
308 3778 423 3817 non
458 3764 603 3818 ultra
629 3764 963 3832 adhmreant,
989 3765 1204 3835 sibique
1224 3774 1334 3820 tam
1358 3765 1593 3836 gloriose
1623 3781 1768 3819 com-

173 3856 438 3911 mendato
457 3857 654 3912 exinde
675 3858 948 3928 gaudeant
971 3859 1263 3914 adhaerere.
1302 3858 1505 3914 Littera
1537 3859 1618 3914 sic
1637 3860 1767 3928 jun-

176 3951 321 4019 gitur
349 3968 365 4003 :
404 3947 509 4006 Vos
537 3949 673 4005 bene
698 3960 971 4006 correctos
1005 3951 1070 4005 de
1099 3951 1272 4022 gratia
1301 3952 1766 4022 eleemosynarum

184 4047 470 4111 adhortor;
501 4062 601 4101 vos
627 4057 810 4103 autem
836 4048 1169 4104 incorrectos
1200 4049 1305 4103 hoc
1339 4063 1447 4102 non
1477 4048 1764 4114 admoneo,

181 4151 314 4206 quos
351 4139 548 4208 gratia:
585 4138 681 4195 Dei
710 4140 962 4211 indignos
995 4141 1140 4209 scio;
1183 4140 1278 4196 sed
1306 4140 1555 4207 obsecro,
1594 4140 1649 4195 id
1683 4148 1768 4196 est

174 4241 269 4296 per
297 4243 647 4298 quaecunque
667 4245 822 4285 sacra
843 4230 1038 4299 adjuro
1060 4245 1161 4285 vos
1183 4229 1299 4300 ipse
1315 4245 1415 4300 ego
1434 4228 1656 4285 Paulus.

242 4318 385 4376 Nota
420 4323 566 4391 quod
594 4326 669 4377 ait
713 4323 822 4391 ipse
847 4339 959 4393 ego.
1007 4322 1269 4378 Dicebant
1307 4324 1453 4378 enim
1495 4322 1766 4378 Corinthii

173 4411 354 4481 quod,
384 4413 631 4482 quandiu
662 4411 865 4469 Paulus
915 4429 1158 4483 praesens
1185 4413 1307 4482 fuit,
1341 4415 1447 4470 illis
1488 4415 1766 4470 humiliter

1859 558 2083 612 ﬁdenter
2119 568 2174 613 et
2215 559 2505 629 imperiose
2533 577 2634 631 ago
2658 561 2713 614 in
2759 561 2921 627 vobis,
2963 562 3109 632 quod
3139 564 3294 631 quasi
3324 579 3430 619 non

1857 648 2111 703 auderem
2139 648 2193 702 in
2220 649 2338 703 aliis
2365 648 2641 706 Ecclesiis.
2671 649 2787 705 Non
2817 652 2993 706 solum
3039 652 3198 722 quasi
3241 663 3429 723 postu-

1858 740 1978 794 lans
2009 741 2254 805 obsecro,
2291 742 2384 797 sed
2426 743 2581 810 quasi
2615 758 2729 796 rem
2762 743 2996 797 debitam
3040 745 3261 814 exigens
3287 761 3432 815 rogo,

1859 849 1921 886 ne
1950 850 2176 902 prwsens
2221 834 2464 898 audeam,
2498 835 2549 888 id
2583 844 2702 890 est:
2754 836 2833 890 sic
2869 851 2968 890 vos
2997 838 3268 907 corrigere
3312 846 3433 892 stu-

1858 927 2052 992 deatis,
2082 942 2168 991 ne,
2194 943 2317 981 cum
2363 943 2600 995 praesens
2635 926 2810 990 fuero,
2845 929 3094 993 audeam,
3127 929 3180 984 id
3230 938 3314 982 est
3343 944 3433 983 se-

1857 1019 2097 1074 cundum
2128 1033 2226 1070 vos
2257 1018 2513 1072 audacter
2537 1034 2883 1087 praesumam.
2934 1020 3172 1072 Audeam
3211 1021 3335 1074 dico
3358 1022 3434 1085 in,

1859 1110 1913 1164 id
1935 1119 2019 1165 est
2046 1118 2255 1173 contra,
2285 1111 2548 1178 quosdam
2585 1109 2761 1164 adhuc
2796 1111 3124 1164 incorrectos
3153 1127 3313 1181 agere
3345 1129 3438 1181 per

1857 1217 1971 1254 eam
1995 1201 2384 1270 conﬁdentiam,
2408 1201 2462 1254 id
2503 1211 2585 1254 est
2613 1210 2724 1254 tam
2757 1202 3090 1257 conlidenter
3117 1214 3168 1257 et
3193 1213 3438 1273 potesta-

1859 1293 1985 1359 tive,
2025 1310 2128 1363 qua
2158 1292 2482 1348 conﬁdentia
2507 1294 2779 1346 existimor
2809 1310 2839 1348 a
2865 1296 3190 1364 quibusdam
3237 1297 3437 1350 absens

1861 1401 1956 1455 per
1990 1385 2272 1454 epistolam
2305 1385 2514 1437 audere.

1926 1477 2086 1546 189
2113 1475 2310 1529 Contra
2354 1479 2604 1545 quosdam
2628 1476 2768 1542 dico,
2792 1477 2884 1546 qui
2935 1479 3268 1532 arbitrantur
3297 1487 3425 1531 tan-

1857 1584 2014 1637 quam
2052 1583 2143 1620 nos
2171 1567 2492 1620 ambulemus
2523 1568 2804 1620 secundum
2850 1585 3077 1622 carnem.
3121 1570 3437 1624 Ambularet

1857 1654 2059 1711 Paulus
2074 1657 2370 1710 secundum
2394 1672 2634 1722 carnem,
2650 1658 2696 1711 si
2719 1657 2801 1711 vel
2824 1673 3009 1712 amore
3032 1660 3434 1728 temporalium,

1859 1762 1981 1816 qua:
2011 1747 2080 1800 ab
2106 1747 2184 1802 eis
2233 1748 2518 1817 acciperet,
2558 1758 2800 1817 parceret
2827 1749 3054 1804 eisdem.
3086 1749 3181 1804 Vel
3216 1751 3261 1804 si
3293 1753 3434 1805 male

1862 1839 1964 1894 sibi
2018 1839 2274 1894 conscius
2318 1840 2533 1894 timeret
2579 1841 2687 1910 pati
2729 1856 2828 1910 pro
2861 1840 3101 1896 Christo.
3136 1840 3280 1896 Bene
3322 1843 3437 1898 dixi

1863 1939 2146 2000 tanquam;
2179 1947 2278 1985 nos
2307 1931 2452 1985 enim
2503 1947 2628 1986 vere
2666 1947 2772 1986 non
2805 1933 3102 1988 militamus
3138 1934 3438 1988 secundum

1861 2013 2118 2076 carnemr
2140 2020 2386 2075 Militiam
2415 2032 2572 2077 vocat
2602 2037 2758 2076 suam
2791 2022 3255 2092 praedicationem.
3281 2023 3440 2079 Dice-

1861 2121 1945 2168 ret
1965 2112 2163 2181 aliquis
2191 2130 2202 2165 :
2227 2111 2308 2166 Tu
2336 2112 2553 2182 quidem
2579 2113 2782 2182 aliquid
2805 2113 3081 2184 singulare
3107 2115 3312 2168 donum
3341 2113 3436 2168 Dei

1863 2204 2031 2259 habes
2063 2223 2075 2258 :
2103 2219 2213 2274 quo
2249 2205 2324 2258 ita
2353 2204 2529 2274 possis
2559 2206 2739 2276 egredi
2769 2221 2988 2261 carnem
3017 2225 3029 2260 :
3056 2206 3200 2276 quod
3229 2207 3434 2262 donum

1863 2294 1990 2365 quia
2019 2310 2129 2349 non
2158 2294 2442 2363 habemus,
2457 2311 2680 2350 necesse
2697 2305 2782 2351 est
2794 2312 3011 2351 carnem
3026 2297 3201 2368 sequi.
3226 2297 3434 2353 Contra

1863 2389 1968 2444 hoc
1993 2389 2070 2444 ait
2100 2408 2113 2444 :
2139 2387 2257 2444 Non
2282 2390 2580 2444 militamus
2607 2391 2905 2445 secundum
2930 2406 3170 2445 carnem.
3186 2389 3296 2446 Nos
3321 2391 3432 2445 uti-

1862 2469 1969 2549 que
2031 2479 2358 2534 ambulantes
2405 2481 2463 2533 in
2512 2495 2693 2544 carne;
2742 2480 2992 2534 similiter
3031 2481 3177 2534 enim
3227 2489 3288 2534 ut
3333 2495 3436 2536 vos

1863 2586 2005 2626 onus
2029 2572 2210 2626 carnis
2235 2573 2502 2642 patimur;
2523 2580 2578 2626 et
2592 2579 2774 2625 tamen
2791 2586 2910 2625 eam
2937 2585 3278 2641 superamus.
3296 2569 3438 2626 Vere

1865 2679 1966 2716 non
1991 2665 2282 2717 militamus
2305 2663 2590 2717 secundum
2613 2677 2859 2716 carnem:
2881 2679 3003 2715 nam
3030 2679 3180 2715 arma
3206 2661 3437 2729 militiw,

1865 2754 1918 2809 id
1963 2763 2046 2810 est
2081 2754 2512 2823 praedicationis,
2563 2763 2618 2809 et
2656 2755 2836 2808 omnis
2868 2753 2992 2808 vitae
3047 2762 3268 2819 nostris,
3327 2768 3437 2806 non

1864 2857 1993 2903 sunt
2011 2849 2270 2904 carnalia.
2295 2849 2460 2902 Arma
2484 2847 2690 2901 militiae
2715 2856 2872 2900 vocat
2893 2845 3174 2911 miracula,
3199 2860 3297 2915 per
3315 2859 3439 2915 quae

1862 2945 2300 3015 praedicationem
2329 2959 2483 2999 suam
2513 2942 2886 2998 conﬁrmabat.
2917 2941 3082 2994 Arma
3111 2941 3240 2994 dicit
3272 2939 3436 2993 etiam

1863 3036 2112 3101 virtutes,
2155 3044 2209 3090 et
2243 3049 2580 3105 quaecunque
2622 3034 2763 3087 bona
2806 3047 2988 3101 opera.
3030 3031 3196 3084 Arma
3231 3029 3436 3084 militia:

1865 3137 2059 3182 nostra:
2086 3144 2186 3180 non
2225 3137 2345 3180 sunt
2389 3126 2629 3179 carnalia
2656 3141 2674 3178 :
2697 3125 2742 3180 si
2769 3129 2914 3179 enim
2938 3138 3155 3178 carnem
3181 3138 3436 3192 sequere-

1867 3236 2011 3285 mur,
2033 3219 2278 3290 profecto
2309 3233 2458 3273 arma
2501 3219 2591 3272 illa
2618 3218 2799 3272 statim
2834 3232 2932 3270 nos
2967 3216 3312 3280 desererent;
3347 3215 3436 3267 sed

1867 3325 2017 3364 arma
2045 3318 2230 3363 nostra
2255 3317 2383 3363 sunt
2403 3309 2636 3378 potentia
2661 3307 2787 3373 Deo,
2814 3308 2864 3361 id
2898 3316 2982 3362 est
3004 3322 3098 3376 per
3132 3304 3322 3371 Deum,
3350 3303 3436 3358 vel

1867 3403 1935 3458 ad
1969 3403 2196 3472 gloriam
2227 3401 2336 3456 Dei.
2364 3400 2607 3456 Potentia
2631 3409 2758 3455 sunt
2787 3401 2855 3452 ad
2879 3399 3292 3453 destructionem
3319 3413 3438 3450 mu-

1867 3496 2158 3559 nitionum;
2183 3502 2244 3548 ut
2264 3492 2420 3549 facile
2440 3509 2534 3563 per
2554 3493 2668 3547 haec
2687 3507 2837 3546 arma
2861 3491 3207 3547 destruamus
3227 3488 3442 3560 quaslio

1865 3585 1956 3639 bet
1984 3585 2378 3639 munitissimas
2407 3583 2663 3648 haereses,
2700 3583 2784 3636 vel
2822 3580 3227 3651 philosophicas
3261 3579 3435 3638 ratio-

1867 3692 1983 3731 nes.
2017 3675 2152 3731 Vere
2175 3692 2322 3730 arma
2351 3683 2537 3731 nostra
2563 3683 2690 3730 sunt
2711 3673 2952 3744 potentia
2978 3672 3276 3727 destruere.
3302 3668 3440 3725 Nam

1865 3769 2028 3822 etiam
2083 3769 2136 3821 in
2186 3777 2309 3823 actu
2345 3784 2536 3823 sumus
2571 3768 2914 3821 destruentes
2947 3783 2960 3818 :
2988 3765 3082 3818 ubi
3129 3773 3284 3818 actus
3330 3771 3437 3828 est,

1865 3860 2104 3928 potentia
2133 3860 2325 3913 abesse
2354 3859 2558 3928 nequit.
2591 3857 2793 3911 Littera
2826 3865 3010 3911 tamen
3046 3856 3120 3910 ibi
3167 3854 3436 3925 jungitur.

1865 3949 1982 4004 Non
2015 3951 2312 4004 militamus
2356 3949 2652 4004 secundum
2702 3964 2951 4015 carnem;
3003 3963 3123 4015 nos,
3174 3947 3318 4012 dico,
3349 3947 3442 4000 de-

1865 4049 2123 4096 struentes
2166 4041 2413 4108 consilia,
2459 4040 2512 4094 id
2554 4049 2637 4095 est
2683 4039 2984 4109 exquisitas
3035 4039 3296 4094 rationes.
3336 4035 3443 4093 De-

1866 4141 2138 4188 struentes
2159 4134 2321 4187 etiam
2345 4149 2550 4187 omnem
2573 4133 2909 4186 altitudinem
2936 4131 3232 4203 physicalis
3255 4136 3438 4185 sclen-

1865 4225 1973 4292 tiae,
2000 4224 2335 4280 extollentem
2375 4241 2431 4279 se
2469 4224 2718 4278 adversus
2757 4224 3036 4278 scientiam
3064 4221 3194 4288 Dei;
3222 4229 3283 4276 ut
3315 4221 3441 4277 illos

1865 4321 1958 4389 qui
1981 4334 2078 4388 per
2110 4326 2318 4373 naturae
2343 4317 2516 4388 legem
2546 4323 2826 4387 opponunt
2853 4329 2965 4370 non
2998 4313 3243 4385 potuisse
3268 4312 3444 4383 virgi-

1865 4429 1988 4466 nem
2036 4427 2249 4482 parere,
2301 4419 2578 4466 mortuum
2631 4422 2944 4479 resurgere;
2983 4423 3084 4462 nec
3122 4406 3299 4461 solum
3341 4405 3440 4460 de-

173 4505 329 4570 satis,
353 4514 411 4560 et
434 4521 544 4560 non
569 4507 635 4559 ad
664 4507 942 4561 laesionem
971 4509 1204 4578 alicujus
1224 4510 1521 4580 quidquam
1550 4511 1764 4564 locutus
1799 4525 1840 4579 ι)
1868 4514 2160 4570 struentes,
2215 4503 2307 4558 sed
2335 4503 2497 4557 etiam
2529 4501 2816 4571 redigentes
2863 4515 3066 4553 omnem
3111 4497 3438 4551 intellectum

180 4591 304 4658 fuit,
330 4595 531 4651 timens
573 4594 858 4666 fortassis;
888 4613 1036 4653 nunc
1064 4614 1194 4653 vero
1223 4600 1421 4654 absens
1471 4599 1762 4669 imperiose

185 4685 491 4742 minabatur
515 4688 617 4755 eis,
650 4704 713 4744 ac
745 4689 792 4744 si
819 4698 1141 4760 potestatem
1177 4691 1510 4760 imperialem
1541 4692 1763 4748 haberet

179 4776 235 4830 in
258 4793 367 4834 eos.
392 4778 688 4851 Propterea
717 4783 795 4836 ait
825 4801 839 4836 :
873 4781 986 4853 Ego
1030 4784 1140 4853 ipse
1175 4782 1381 4836 Paulus
1408 4800 1553 4839 nunc
1586 4785 1760 4855 impe-

175 4871 320 4925 riose
342 4887 532 4943 agens,
557 4875 652 4944 qui
674 4875 803 4929 olim
831 4875 1130 4941 humiliter,
1154 4876 1364 4929 obsecro
1391 4892 1475 4929 vos
1495 4893 1588 4945 per
1607 4893 1761 4930 man-

173 4965 512 5020 suetudinem
558 4976 607 5019 et
662 4969 972 5021 modestiam
1023 4968 1242 5024 Christi.
1291 4967 1760 5023 Mansuetudinem

172 5055 327 5121 dicit,
362 5057 456 5111 ubi
502 5058 669 5129 gratis
714 5059 831 5114 sine
851 5060 1060 5130 judicio
1089 5060 1272 5115 omnia
1315 5059 1541 5114 dimisit.
1579 5057 1763 5114 Mode-

174 5150 337 5203 stiam
361 5149 515 5215 dicit,
537 5152 664 5220 quia
689 5167 812 5206 cum
836 5162 1015 5224 ageret
1037 5153 1265 5223 judicio,
1290 5152 1534 5208 modeste
1551 5151 1763 5221 judica-

173 5243 287 5306 bat,
316 5244 583 5298 condiens
613 5243 922 5313 aequitatem
950 5245 1346 5300 miscricordia.
1374 5244 1479 5300 Per
1502 5261 1759 5301 mansue-

175 5339 421 5392 tudinem
473 5338 662 5407 utique
689 5347 744 5392 et
782 5339 1104 5394 modestiam
1159 5339 1363 5395 Christi
1408 5342 1762 5396 obsecrO'vos

175 5447 265 5498 ego
294 5429 524 5494 Paulus,
565 5430 655 5499 qui
699 5430 913 5484 humilis
961 5432 1190 5501 quidem,
1237 5440 1290 5486 et
1319 5433 1503 5488 omnia
1549 5432 1760 5503 patiens

176 5523 460 5578 existimor
477 5522 645 5576 fuisse
667 5523 804 5576 inter
822 5539 907 5576 vos
921 5540 940 5588 ;
967 5539 1088 5592 quae
1113 5523 1390 5579 humilitas
1410 5525 1651 5595 quidem,
1677 5541 1764 5581 se-

178 5614 414 5668 cundum
444 5615 590 5682 quod
614 5615 935 5683 opinamini,
963 5615 1017 5667 in
1043 5615 1180 5685 facie
1204 5614 1326 5682 fuit,
1349 5626 1402 5671 et
1431 5632 1536 5671 non
1562 5617 1615 5669 in
1639 5632 1762 5670 cor—

178 5704 277 5757 de:
319 5705 648 5760 simulabam
690 5705 835 5760 enim
889 5715 1040 5768 extra
1093 5707 1452 5762 humilitatem
1499 5712 1645 5762 intus
1675 5706 1760 5761 fo-

174 5801 347 5854 vendo
384 5797 718 5869 superbiam.
755 5797 890 5854 Dum
933 5815 1176 5872 prtesens
1221 5800 1299 5855 fni
1334 5801 1632 5858 secundum
1662 5806 1762 5856 ves

1867 4599 2243 4668 cujuscunque
2287 4595 2620 4649 inﬁdelitatis
2665 4594 2720 4647 in
2754 4593 3141 4662 captivitatem,
3173 4591 3300 4660 quia
3349 4604 3442 4643 su-

1866 4689 2069 4760 peratis
2093 4687 2399 4750 inﬁdelibus
2419 4687 2699 4756 deponunt
2718 4685 2912 4754 jugum
2935 4683 3158 4747 diaboli,
3188 4690 3243 4735 et
3267 4680 3441 4749 capti—

1865 4789 1996 4834 vant
2017 4795 2076 4834 se
2103 4779 2206 4834 sub
2223 4778 2354 4849 jugo
2372 4777 2596 4831 Christi.
2622 4775 2945 4845 Redigentes
2974 4773 3160 4840 utique
3190 4771 3245 4825 in
3270 4771 3442 4838 capti-

1866 4872 2088 4926 vitatem
2139 4869 2389 4925 ducendo
2431 4884 2526 4923 eos
2568 4869 2623 4920 in
2656 4865 2955 4935 obsequium
2987 4862 3188 4918 Christi
3215 4876 3233 4914 :
3261 4861 3440 4931 utqui

1867 4964 2021 5034 prius
2061 4963 2202 5017 male
2249 4961 2694 5031 obsequebantur
2741 4957 2996 5020 diabolo,
3049 4954 3246 5008 amodo
3301 4953 3441 5009 bene

1864 5063 2240 5124 obsequantur
2290 5053 2529 5108 Christo.
2562 5050 2717 5117 Quod
2750 5050 2826 5104 ait
2856 5064 3058 5101 omnem
3092 5046 3440 5112 intellectum,

1863 5161 2068 5198 omnem
2097 5145 2452 5209 altitudinem,
2480 5157 2588 5196 non
2610 5141 2753 5211 quod
2775 5139 3018 5212 singulos
3042 5138 3287 5192 inﬁdeles
3308 5153 3431 5192 con'

1862 5237 2104 5303 verterit,
2143 5236 2237 5292 sed
2281 5236 2410 5306 quia
2463 5235 2529 5290 de
2558 5234 2708 5288 omni
2740 5248 2935 5306 genere
2970 5231 3432 5287 inﬁdelitatis'ali-

1864 5323 2002 5402 quos
2033 5329 2100 5385 ad
2155 5328 2314 5383 ﬁdem
2364 5327 2546 5382 traxit.
2596 5325 2903 5397 Redigentes
2930 5325 3148 5395 quidem
3190 5326 3245 5377 in
3286 5324 3438 5375 obse-

1863 5427 2044 5496 quium
2087 5423 2331 5478 Christi:
2351 5420 2496 5491 quod
2529 5420 2574 5475 si
2605 5419 2770 5488 aliqui
2820 5426 2946 5474 sunt
2979 5418 3220 5472 nolentes
3247 5414 3436 5482 redigi,

1864 5534 2056 5574 sumus
2082 5515 2328 5569 habentes
2353 5515 2408 5567 in
2428 5521 2679 5583 promptu
2702 5511 2889 5564 ulcisci
2911 5526 3113 5562 omnem
3141 5505 3442 5560 inobedicn-

1865 5611 2018 5672 tiam,
2053 5610 2104 5664 id
2150 5617 2233 5663 est
2281 5606 2576 5677 apostolica
2613 5605 2935 5659 auctoritate
2987 5615 3202 5654 omnem
3252 5597 3440 5652 inobe-

1863 5703 2099 5758 dientem
2124 5702 2401 5758 damnare.
2448 5697 2506 5751 In
2537 5705 2790 5768 promptu
2827 5696 2930 5749 hoc
2961 5693 3143 5756 habet,
3175 5689 3301 5760 quia
3337 5702 3438 5743 nec

1864 5793 2384 5853 conscientia'mala
2421 5797 2547 5847 eum
2578 5799 2814 5858 revocat,
2849 5802 2947 5842 nec
2980 5784 3268 5858 temporali
3308 5798 3434 5838 mu~
