3904 6298
526 314 641 372 365

1067 315 1127 372 S.
1168 263 1516 372 BRUlVONlS
1551 244 2201 368 CAR'i‘HUSlANORUM
2241 306 2732 364 lNSTlTUTORlS
2767 307 2919 364 OPP.
2959 308 3140 366 PARS
3172 309 3232 364 ll.
3656 317 3741 376 264

535 446 667 489 nae
707 431 1003 488 seducitur.
1036 431 1251 489 Diceret
1282 432 1480 502 aliquis
1512 449 1525 484 :
1556 426 2013 497 Quandoquidem
2048 426 2104 479 in
2143 429 2189 485 Α
2215 424 2358 477 modi
2397 433 2496 490 est,
2523 424 2575 478 id
2604 432 2689 479 est
2737 424 2832 494 qui
2857 439 2944 478 me
2973 423 3103 479 dicit
3127 423 3577 495 contemptibilem
3607 439 3655 485 et
3679 432 3744 488 in-

535 532 786 594 promptu
819 525 988 580 babes
1025 525 1237 591 ulcisci,
1265 539 1434 595 quare
1473 536 1603 591 ergo
1633 534 1743 575 non
1785 517 2112 574 ulcisceris?

535 616 784 673 Ulciscar
824 618 1033 687 utique,
1055 633 1168 671 non
1196 629 1377 671 tamen
1404 614 1586 679 modo,
1618 611 1713 667 sed
1742 627 1863 664 cum
1892 609 2113 680 impleta

535 706 697 775 fuerit
738 717 913 762 vestra
942 707 1261 771 obedientia,
1307 706 1360 760 id
1394 713 1499 769 est,
1537 718 1660 759 cum
1692 715 2023 772 separavero.
2044 700 2112 755 de

535 796 716 852 medio
764 798 1032 852 malorum
1091 812 1187 866 per
1220 794 1534 864 patientiam
1568 791 1995 862 exspectationis
2016 805 2113 847 eos

527 886 629 955 qui
656 886 724 941 de
748 887 903 941 vobis
924 884 1192 941 obedituri
1215 891 1345 939 sunt
1366 884 1488 938 fidei
1512 898 1577 937 ex
1607 883 1907 938 voluntate.

604 975 903 1046 Diligenter
943 974 1197 1029 intuenda
1235 981 1320 1028 est
1371 972 1588 1028 subtilis
1637 972 1905 1028 modestia
1932 969 2109 1037 Pauli,

528 1068 627 1136 qui
657 1067 919 1123 ultionem
953 1066 1310 1136 reproborum
1345 1065 1545 1132 differt,
1576 1064 1766 1120 videns
1796 1065 1851 1118 in
1879 1064 1983 1119 hac
2009 1079 2110 1120 sua

526 1157 937 1227 exspectatione
968 1156 1269 1211 electorum
1310 1156 1563 1211 salutem.
1602 1153 1661 1210 Si
1710 1155 1857 1210 enim
1904 1154 2111 1209 inultos

531 1257 808 1318 pateretur
852 1247 1134 1318 reprobos,
1185 1256 1352 1317 atque
1404 1248 1507 1303 hac
1551 1262 1718 1302 causa
1773 1261 1900 1302 reus
1938 1254 2107 1312 esset,

530 1338 631 1419 hos
656 1346 839 1392 tamen
879 1338 1114 1409 benigne
1164 1337 1423 1408 patiendo
1447 1338 1680 1408 judicat,
1711 1353 1781 1393 ne
1804 1354 1931 1393 cum
1976 1338 2106 1393 lolio

527 1426 861 1484 frumentum
897 1429 1157 1485 eradicet.
1195 1429 1335 1497 Quia
1384 1445 1493 1484 non
1542 1429 1843 1485 secundum
1885 1444 2108 1485 carnem

525 1518 845 1586 militemus,
872 1520 1101 1590 probavi
1130 1536 1225 1590 per
1255 1521 1359 1576 hoc
1396 1520 1542 1591 quod
1568 1522 1902 1577 destruimus
1923 1522 2108 1577 altitu-

524 1609 711 1681 dinem
749 1613 1040 1667 mundanas
1084 1613 1346 1680 scientize,
1397 1622 1452 1668 et
1500 1615 1726 1670 rebelles
1764 1615 2107 1684 captivamus

529 1702 587 1757 in
633 1704 962 1775 obsequium
1026 1703 1260 1772 Christi;
1317 1721 1440 1776 qua}
1488 1707 1728 1762 rationes
1788 1723 1898 1761 non
1968 1708 2106 1764 adeo

2213 511 2454 566 lirmum.
2487 511 2719 583 Cogitet,
2748 514 2993 584 inquam,
3018 515 3144 584 quia
3173 513 3355 584 quales
3383 531 3558 570 sumus
3584 519 3741 577 absen-

2214 608 2308 666 tes,
2334 601 2389 653 in
2419 600 2569 655 verbo
2597 618 2690 671 per
2720 602 2970 671 epistolas
2995 604 3177 666 misso,
3214 604 3347 658 tales
3382 604 3580 663 erimus
3609 611 3742 667 etiam

2210 700 2509 761 prtesentes,
2536 707 2646 747 non
2667 702 2673 707 '
2692 694 2869 748 solum
2906 693 2961 748 in
2987 696 3171 761 verbo,
3200 695 3296 752 sed
3322 696 3488 751 etiam
3513 698 3567 752 in
3596 700 3742 770 facto;

2211 783 2338 853 quia
2380 785 2526 854 quod
2568 801 2666 854 pcr
2698 787 2983 856 epistolam
3030 788 3325 855 minamur,
3366 789 3507 844 idem
3531 794 3679 849 verbo
3699 807 3743 853 et

2211 888 2373 943 opere
2416 886 2708 944 praesentes
2752 878 3146 934 exercebimus.
3181 878 3321 935 Vere
3363 881 3549 950 quales
3585 900 3745 946 sumus

2211 965 2462 1022 absentes
2494 968 2688 1035 verbo,
2732 969 2867 1025 tales
2920 980 3215 1040 praesentes
3255 973 3464 1028 erimus
3515 974 3566 1029 in
3608 976 3743 1037 facto.

2213 1054 2337 1110 Non
2359 1058 2497 1111 enim
2522 1075 2714 1115 sumus
2734 1060 2801 1116 de
2827 1063 3025 1119 vestris
3046 1065 3274 1133 pseudo,
3296 1061 3393 1135 qui
3414 1080 3473 1120 se
3494 1065 3745 1137 impuden-

2212 1158 2294 1203 ter
2327 1149 2597 1219 inserunt,
2628 1152 2681 1206 id
2709 1161 2794 1208 est
2827 1154 3099 1223 ingerunt,
3135 1170 3246 1210 non
3277 1156 3435 1211 missi
3463 1172 3492 1211 a
3522 1156 3641 1224 Deo,
3667 1177 3746 1217 nec

2210 1249 2355 1295 certe
2375 1242 2627 1297 audemus
2652 1260 2748 1297 nos
2782 1246 3028 1314 inserere,
3066 1255 3128 1301 ut
3150 1248 3316 1318 (quod
3343 1249 3502 1304 nobis
3521 1253 3744 1307 commis-

2211 1349 2334 1389 sum
2364 1349 2473 1388 non
2507 1336 2671 1403 esset)
2705 1352 3032 1407 usurpemus
3062 1339 3266 1395 illicite.
3305 1340 3413 1394 Aut
3469 1356 3573 1396 non
3608 1344 3740 1399 aude-

2209 1440 2335 1480 mus
2367 1425 2555 1480 inserti
2581 1443 2612 1481 a
2642 1426 2751 1482 Deo
2781 1443 2879 1484 nos
2907 1444 3213 1499 comparare
3234 1430 3570 1500 quibusdam,
3596 1432 3643 1486 id
3679 1446 3746 1491 est

2208 1516 2434 1587 pseudo,
2478 1518 2568 1587 qui
2608 1533 2717 1572 non
2759 1534 2791 1572 a
2824 1516 2936 1574 Deo
2983 1520 3349 1575 commendati
3394 1523 3587 1592 seipsos
3625 1539 3744 1581 cun-

2208 1605 2476 1670 mendant,
2512 1607 2984 1664 commendatitias
3011 1609 3268 1679 epistolas
3305 1612 3435 1667 hinc
3464 1613 3585 1668 inde
3621 1615 3745 1669 defe-

2208 1705 2391 1752 rentes
2417 1715 2430 1751 :
2460 1698 2547 1753 his
2576 1715 2684 1753 non
2728 1700 2994 1756 audemus
3039 1716 3139 1757 nos
3172 1717 3599 1773 compararr,,ut
3617 1721 3746 1761 mea-

525 1795 779 1851 videmur
834 1796 1089 1868 singulis;
1124 1797 1218 1851 sed
1250 1798 1415 1852 modo
1460 1797 1639 1853 videte
1678 1808 1733 1853 οι
1797 1800 2106 1870 cognoscite
2137 1789 2181 1844 B
2206 1803 2392 1843 suram
2414 1788 2575 1845 oliicii
2600 1791 2774 1845 nostri
2803 1791 3131 1862 inexpletam
3155 1793 3514 1866 negligemus.
3546 1795 3746 1862 Quidam

526 1885 701 1953 idem,
766 1887 1039 1954 scilicet,.
1066 1887 1214 1958 quod
1271 1904 1375 1941 non
1424 1889 1769 1946 ambulamus
1818 1891 2105 1945 secundum

526 1994 758 2032 carnem.
800 1977 1000 2045 Videte,
1038 1978 1285 2048 inquam,
1310 1993 1405 2048 per
1423 1994 1485 2034 ea
1518 1996 1635 2050 qua:
1654 1989 1777 2034 sunt
1817 1968 2106 2035 secundum

524 2070 741 2139 faciem,
806 2069 860 2124 id
907 2078 993 2126 est
1037 2084 1161 2140 quae
1215 2077 1344 2125 sunt
1391 2071 1693 2126 secundum
1762 2073 2104 2142 corporalem

521 2160 815 2228 visionem,
854 2169 922 2231 et
967 2161 1085 2218 sine
1130 2161 1280 2216 omni
1337 2162 1620 2218 obstaculo
1646 2163 1818 2220 videri
1848 2173 2102 2235 possunt.

522 2250 620 2307 Vel
666 2252 782 2313 ita:
806 2250 935 2308 Illos
960 2251 1054 2323 qui
1085 2253 1385 2309 secundum
1420 2252 1617 2310 faciem
1653 2262 1801 2322 sunt,
1830 2256 1885 2310 id
1905 2264 1992 2311 est
2010 2256 2106 2325 qui

522 2344 579 2398 in
606 2343 746 2401 facie
780 2360 839 2400 se
883 2345 1060 2401 bonos
1086 2344 1385 2401 simulant:
1412 2346 1743 2404 intrinsecus
1784 2359 1967 2404 autem
1992 2349 2105 2419 lupi

522 2444 672 2499 sunt,
719 2426 844 2492 illos
885 2437 1049 2492 modo
1097 2437 1295 2494 videte.
1351 2436 1409 2493 Si
1446 2439 1573 2509 quis
1621 2441 1848 2510 pseudo,
1883 2441 2107 2496 conlidit

523 2541 633 2581 non
657 2526 769 2584 Deo
797 2528 894 2585 sed
915 2529 1019 2584 sibi
1035 2548 1048 2583 :
1063 2540 1425 2601 praesumptor
1447 2532 1594 2587 enim
1618 2540 1704 2589 est
1730 2549 1838 2588 non
1859 2534 2101 2602 electus;

523 2617 570 2671 si
595 2618 735 2689 quis,
769 2619 1016 2690 inquam,
1046 2620 1268 2691 conﬁdit
1302 2622 1405 2676 sibi
1434 2638 1489 2677 se
1529 2640 1641 2678 esse
1668 2624 1889 2692 Christi,
1928 2626 1982 2682 id
2021 2634 2105 2682 est

525 2712 674 2780 quod
704 2712 821 2782 ipse
848 2713 918 2769 sit
944 2714 1226 2783 apostolus
1249 2712 1476 2784 Christi,
1507 2731 1617 2771 non
1645 2716 1742 2771 hoc
1776 2718 1976 2784 solum,
2009 2719 2103 2774 sed

523 2803 631 2859 hoc
653 2805 847 2860 iterum
888 2806 1143 2862 similiter
1171 2808 1395 2879 cogitet;
1436 2823 1538 2864 nec
1561 2809 1816 2877 inaniter,
1846 2810 1941 2866 sed
1963 2811 2103 2881 apud

518 2910 594 2959 se,
628 2894 899 2951 subtiliter
918 2896 1218 2952 discutiens
1244 2914 1257 2950 ε
1282 2897 1409 2967 q'uia
1443 2897 1581 2950 sicut
1602 2906 1652 2951 et
1672 2899 1781 2968 ipse
1806 2897 2007 2953 Christi
2026 2909 2104 2955 est

526 2983 848 3054 discipulus,
902 2986 980 3039 ita
1003 2994 1055 3039 et
1114 3001 1208 3039 nos
1270 3001 1483 3042 sumus.
1549 2985 1688 3042 Vere
1754 2988 1912 3059 190
1962 2990 2106 3047 sicut

407 3074 416 3083 ’
518 3077 637 3145 ipse
663 3084 749 3132 est
768 3075 996 3144 Christi,
1028 3078 1103 3133 ita
1132 3085 1187 3133 et
1206 3092 1329 3133 nos.
1360 3076 1496 3133 Nam
1528 3094 1630 3135 nos
1652 3096 1845 3135 sumus
1881 3082 1954 3137 ita
1986 3099 2104 3138 am-

516 3170 663 3238 plius
696 3184 781 3224 eo.
807 3167 964 3235 Quod
993 3170 1072 3225 sic
1095 3170 1172 3225 ait
1200 3187 1213 3222 :
1242 3168 1301 3225 Si
1332 3170 1538 3241 aliquid
1560 3172 1790 3243 amplius
1815 3174 1966 3244 fuero
1989 3177 2104 3248 glo-

438 3310 439 3317 η
520 3259 694 3313 riotus
744 3261 808 3314 de
838 3270 1095 3330 potestate
1141 3271 1345 3329 nostra,
1377 3278 1487 3333 qua
1532 3262 1869 3321 incorrectos
1897 3268 1968 3322 ab
1995 3267 2103 3324 Ec-

518 3349 687 3405 clesia
740 3364 996 3420 separare
1032 3367 1279 3422 possum,
1321 3362 1377 3408 et
1422 3353 1489 3409 de
1539 3356 1751 3411 caeteris
1791 3359 2104 3427 apostolicae

518 3441 805 3509 potestatis
831 3460 843 3495 :
869 3459 1030 3513 quam
1079 3452 1401 3513 potestatem
1445 3446 1591 3500 dedit
1642 3448 1773 3502 mihi
1822 3449 2099 3517 Dominus,

517 3533 615 3587 sed
674 3533 829 3590 vobis
869 3535 1078 3605 pseudo
1124 3551 1235 3590 non
1268 3537 1456 3592 dedit:
1488 3539 1675 3608 utique
1710 3541 1844 3595 mihi
1872 3543 2019 3597 dedit
2044 3544 2102 3597 in

512 3623 927 3693 rtediﬁcationem
956 3636 1202 3695 vestram,
1238 3627 1293 3682 id
1318 3638 1401 3683 est
1434 3638 1495 3684 ut
1516 3644 1615 3686 vos
1640 3631 1692 3685 in
1721 3632 1825 3688 fide
1845 3642 1898 3688 et
1939 3638 2103 3690 virtu-

514 3715 667 3771 tibus
692 3716 1042 3785 tetlificarem,
1068 3726 1124 3773 et
1153 3736 1257 3773 non
1295 3720 1443 3776 dedit
1484 3723 1540 3775 in
1569 3722 1978 3779 destructionem
2001 3743 2098 3781 ve-

516 3819 709 3875 stram,
761 3810 904 3866 sicut
952 3811 1095 3866 male
1141 3811 1436 3882 opinantur
1481 3814 1725 3884 quidam,
1777 3817 1987 3871 scilicet
2012 3834 2099 3874 me

516 3897 915 3956 destructorem
960 3900 1217 3959 Ecclesia:
1247 3922 1259 3957 :
1289 3904 1357 3969 si,
1406 3904 1652 3975 inquam,
1706 3907 1943 3976 amplius
1977 3910 2096 3977 glo-

514 3990 691 4047 riatus
731 3991 908 4059 fuero,
953 3989 1057 4048 rion
1102 3995 1404 4050 erubescam
1429 3996 1583 4063 inde;
1617 3998 1743 4067 quia
1774 3999 1947 4069 gloria
1975 4017 2097 4057 mea

513 4097 644 4139 vere
670 4085 847 4155 major
880 4094 983 4142 est.

584 4173 891 4246 Opponeret
913 4177 1112 4247 aliquis
1137 4197 1150 4232 :
1181 4176 1320 4233 Cum
1347 4179 1546 4235 debeas
1584 4180 1872 4249 aediﬁcare,
1901 4192 1957 4239 et
1983 4199 2094 4240 non

515 4264 818 4332 destruere,
845 4267 955 4321 noli
986 4267 1330 4337 impatienter
1355 4285 1457 4325 nos
1486 4285 1701 4341 cogere,
1724 4289 1792 4327 ne
1833 4272 1972 4330 forte
1997 4290 2096 4345 po.

512 4357 627 4411 tius
651 4355 904 4414 destruas
944 4374 1112 4428 quam
1159 4359 1411 4416 aediﬁces.
1457 4360 1662 4417 Contra
1699 4364 1803 4419 hoc
1846 4364 2089 4421 Paulus:

2206 1880 2352 1934 enim
2374 1896 2439 1935 ex
2462 1880 2725 1936 electione
2751 1882 3075 1953 regulariter
3094 1882 3306 1950 inserti,
3330 1894 3518 1954 postea
3529 1901 3747 1956 perverse

2207 1973 2435 2043 agendo,
2450 1974 2722 2042 perversis
2734 1989 2792 2029 se
2800 1982 3137 2044 comparant.
3152 1973 3271 2029 Non
3281 1977 3405 2031 ausi
3422 1992 3610 2033 sumus
3628 1979 3748 2034 inse-

2206 2079 2326 2119 rere
2338 2080 2439 2120 nos
2453 2083 2468 2131 ;
2481 2065 2571 2119 sed
2580 2067 2683 2136 ipsi
2696 2082 2889 2122 sumus
2901 2067 3168 2121 metientes
3188 2069 3532 2138 nosmetipsos
3544 2070 3596 2122 in
3606 2071 3747 2137 nobis,

2206 2165 2270 2212 ut
2284 2171 2596 2213 mensuram
2613 2173 2646 2214 a
2667 2157 2777 2214 Deo
2796 2159 2956 2213 nobis
2990 2158 3245 2214 traditam
3274 2175 3385 2214 non
3407 2161 3741 2216 excedamus:

2205 2249 2353 2318 quod
2375 2250 2614 2306 alienum
2637 2259 2722 2306 est
2749 2251 3086 2321 usurpando,
3103 2258 3166 2305 ut
3192 2251 3271 2305 illi
3296 2251 3394 2321 qui
3420 2267 3480 2307 se
3506 2252 3737 2307 inserunt.

2209 2340 2412 2397 Sumus
2436 2342 2601 2397 etiam
2632 2342 3004 2412 nosmetipsos
3032 2352 3398 2413 comparantes
3428 2343 3577 2397 nobis
3600 2358 3617 2397 :
3640 2343 3739 2398 nihil

2206 2432 2435 2503 injuncti
2480 2433 2640 2490 oliicii
2667 2435 2974 2504 linquentes
3008 2433 3359 2504 inexpletum.
3392 2434 3742 2505 Comparautes

2205 2541 2310 2580 nos
2345 2526 2526 2592 nobis,
2571 2541 2681 2581 non
2731 2526 3096 2582 subsistentes
3130 2526 3272 2580 intra
3301 2526 3632 2596 propositam
3657 2540 3758 2580 mer

2176 2632 2179 2639 '
2206 2625 2339 2671 tam.
2369 2614 2433 2670 Et
2467 2616 2594 2670 licet
2637 2616 2931 2670 metiamur
2953 2629 3007 2671 et
3048 2629 3433 2684 comparemus
3467 2629 3568 2669 nos
3602 2614 3746 2679 nobis,

2204 2716 2385 2762 tamen
2409 2722 2511 2763 nos
2536 2723 2639 2761 non
2659 2706 3012 2778 gloriabimur
3040 2708 3095 2766 ia
3129 2707 3461 2760 immensum.
3489 2704 3582 2760 Vel
3603 2714 3751 2775 potest

2206 2796 2490 2868 hucusque
2522 2796 2861 2853 constructio
2894 2797 3042 2863 duci,
3095 2809 3207 2851 non
3248 2795 3549 2866 supplendo
3582 2810 3745 2851 sumus

2180 2887 2301 2943 ’ita.
2345 2887 2456 2943 Nos
2502 2888 2788 2943 metientes
2835 2898 2891 2943 et
2923 2896 3305 2959 comparantes
3347 2903 3449 2942 nos
3477 2887 3629 2942 nobis
3660 2901 3746 2940 nou

2206 2980 2576 3051 gloriabimur.
2608 2979 2718 3036 Nos
2746 2989 2929 3036 autem
2950 2981 3044 3051 qui
3070 2980 3259 3049 utique
3278 2979 3440 3050 digne
3472 2993 3746 3048 possemus,

2207 3088 2318 3127 non
2361 3072 2719 3145 gloriabimur
2780 3073 2837 3127 in
2886 3072 3237 3137 immensum,
3292 3069 3384 3124 sed
3428 3069 3749 3141 gloriabimur

2130 3133 2176 3195 ϐ
2206 3133 2491 3220 secundum
2527 3181 2827 3219 mensuram
2875 3163 3087 3235 regulae,
3138 3179 3247 3233 qua
3293 3177 3381 3217 me
3433 3171 3487 3217 et
3532 3162 3748 3217 subditos

2204 3254 2397 3310 idonee
2420 3254 2680 3325 regulavi.
2700 3252 2853 3309 Tunc
2881 3252 3114 3309 fortasse
3138 3254 3342 3308 diceret.
3368 3253 3564 3323 aliquis
3589 3271 3601 3306 :
3625 3251 3749 3306 lianc

2203 3362 2518 3406 mensuram
2574 3346 2671 3401 tibi
2728 3346 3028 3415 usurpasti.
3080 3345 3285 3400 Contra
3332 3344 3476 3415 quod
3535 3344 3747 3399 Paulus:

2205 3437 2377 3503 Quam
2410 3454 2710 3492 mensuram
2744 3454 2951 3491 mensus
2982 3446 3060 3491 est
3096 3437 3244 3491 nobis
3273 3436 3437 3491 Deus.
3465 3436 3652 3491 lterum
3668 3434 3748 3489 ille

2202 3531 2294 3587 sed
2318 3546 2427 3585 non
2459 3545 2634 3602 usque
2655 3531 2725 3586 ad
2747 3527 2867 3586 no's.
2901 3528 3204 3585 Mansuram
3229 3529 3413 3601 utique
3432 3529 3549 3584 dico
3577 3529 3749 3601 pertin-

2201 3624 2354 3692 gendi
2376 3639 2536 3694 usque
2549 3624 2618 3676 ad
2636 3639 2743 3677 vos.
2765 3621 2832 3677 Et
2852 3638 2977 3678 vere
2988 3623 3346 3694 pertingimus
3372 3637 3547 3693 usque
3575 3623 3632 3677 ad
3646 3637 3739 3677 vos.

2203 3713 2326 3768 Non
2352 3716 2491 3769 enim
2514 3714 2999 3785 superextendimus
3021 3731 3113 3768 nos
3139 3715 3293 3785 quasi
3321 3715 3417 3785 qui
3453 3730 3554 3767 non
3585 3726 3735 3769 sumus

2198 3808 2546 3877 pertingentes
2567 3808 2636 3861 ad
2664 3823 2752 3860 vos
2774 3807 3076 3862 secundum
3107 3821 3424 3861 mensuram
3447 3804 3597 3860 nobis
3612 3802 3737 3857 abeo

2198 3910 2592 3955 meusuratam.
2637 3896 2776 3954 Vere
2808 3914 2920 3955 non
2951 3897 3461 3967 superextendimus
3486 3912 3597 3951 nos.
3624 3892 3741 3947 Nam

2196 4007 2359 4061 usque
2384 3990 2454 4045 ad
2475 4006 2564 4044 vos
2583 4004 2648 4044 ea:
2669 4003 2928 4045 mensura
2950 3987 3047 4044 Dei
3068 3989 3394 4058 pervenimus
3417 3990 3471 4042 in
3492 3983 3743 4055 Evangelia

2190 4076 2396 4145 Christi
2403 4077 2787 4147 ,praedicando.
2803 4075 3110 4147 Opponeret
3122 4077 3319 4132 iterum
3333 4096 3345 4130 :
3360 4076 3627 4148 Ingressus
3638 4072 3742 4127 esin

2196 4168 2433 4223 alienum
2454 4169 2716 4225 laborem.
2739 4168 2941 4224 Contra
2962 4168 3066 4223 hoc
3084 4168 3161 4222 ait
3179 4187 3191 4222 :
3209 4166 3629 4223 Pervenimusad
3640 4178 3742 4224 vos.

2194 4277 2297 4315 non
2317 4261 2604 4333 gloriantes
2617 4262 2673 4315 in
2683 4259 2873 4314 alienis
2883 4259 3176 4326 laboribus,
3193 4260 3245 4315 id
3258 4269 3341 4314 est
3353 4274 3517 4329 super
3536 4258 3745 4312 alienum

2146 4347 2149 4351 ’
2195 4353 2608 4410 fundamentum
2621 4369 2730 4409 non
2740 4352 3021 4418 aedificavi,
3036 4368 3137 4405 non
3149 4351 3435 4422 gloriantes
3445 4350 3582 4415 dico;
3595 4354 3745 4402 etnon

511 4447 668 4510 Licet
697 4447 833 4503 mihi
867 4450 1156 4521 opponatis
1180 4451 1349 4521 quod,
1380 4466 1504 4507 cum
1548 4451 1772 4508 debeam
1800 4455 2091 4521 adiﬁcare,
2120 4467 2173 4529 ι)
2198 4448 2578 4501 inimmensum
2597 4444 2921 4515 duplicanda
2933 4444 3119 4500 estilla
3134 4443 3381 4515 negatio;
3405 4438 3747 4512 vereperveni-

506 4539 826 4609 destruam;
863 4550 1048 4596 tamen
1070 4541 1264 4597 scitote
1291 4543 1416 4613 quia
1452 4543 1635 4614 quales
1664 4560 1846 4598 sumus
1870 4562 1963 4614 per
1984 4547 2097 4617 epi-
2197 4556 2313 4593 mus
2338 4554 2501 4608 usque
2517 4537 2586 4591 ad
2609 4534 2866 4592 vos.Nam
2888 4536 3054 4591 etiam
3087 4536 3227 4589 ultra
3244 4551 3362 4602 vos,
3390 4535 3533 4606 quod
3555 4533 3627 4594 sic
3643 4531 3743 4586 ait:

505 4630 679 4685 stolas
724 4632 981 4699 absentes,
1039 4632 1173 4687 tales
1204 4634 1401 4688 erimus
1430 4645 1711 4705 prazsentes
1754 4637 1811 4689 in
1837 4636 2016 4705 facta;
2043 4646 2098 4692 et

507 4720 619 4776 διιοα
648 4720 767 4777 ideo
792 4731 850 4777 ut
873 4739 978 4776 non
997 4724 1270 4777 existimer
1289 4732 1543 4794 tanquam
1572 4733 1764 4779 terrere
1785 4741 1872 4779 vos
1898 4726 2097 4781 absens

506 4828 604 4880 per
624 4813 893 4882 epistolas.
947 4812 1225 4885 Tanquam
1261 4824 1455 4869 terrere
1494 4815 1634 4871 bene
1676 4815 1811 4872 dicit
1843 4835 1856 4870 :
1887 4817 2017 4887 quia
2046 4817 2095 4873 si

510 4904 816 4960 minaretur
841 4906 1039 4962 absens
1060 4906 1206 4977 quod
1232 4890 1460 4977 implere
1486 4905 1807 4963 formidaret
1830 4923 2093 4978 praesens,

515 4995 622 5051 hoc
658 4995 847 5067 utique
889 5012 1000 5052 non
1047 5005 1193 5053 esset
1226 5008 1437 5065 terrere,
1470 4997 1567 5053 sed
1598 5007 1849 5069 tanquam
1880 5007 2091 5056 terrere.

511 5085 807 5142 Existimer
838 5088 959 5144 ideo
985 5089 1127 5156 dico,
1155 5090 1407 5159 quoniam
1451 5089 1665 5159 quidem
1696 5090 1799 5159 ipsi
1826 5091 2091 5160 inquiunt.

517 5177 772 5249 Episton
781 5177 937 5234 Pauli
957 5196 1137 5251 graves
1161 5189 1307 5247 sunt,
1320 5180 1372 5235 id
1391 5188 1476 5234 est
1494 5180 1815 5249 ponderoste
1837 5188 1892 5234 et
1911 5180 2095 5237 multa:

507 5270 849 5338 severitatis;
874 5280 924 5326 et
946 5273 1129 5342 fortes,
1159 5271 1212 5327 id
1240 5281 1324 5327 est
1348 5270 1722 5325 fortitudinem
1743 5271 2094 5341 et‘quoddam

510 5363 803 5444 imperium
852 5364 1189 5429 minitantes,
1233 5364 1323 5417 sed
1376 5364 1660 5433 praesentia
1697 5364 1933 5433 corporis
1976 5365 2093 5433 ejus

505 5456 729 5525 inﬁrma
766 5465 867 5513 est.
897 5457 1102 5512 Contra
1149 5456 1254 5511 hoc
1294 5454 1441 5526 quod
1469 5455 1566 5521 ait,
1611 5455 1793 5525 fortes,
1830 5463 1880 5509 et
1921 5471 2092 5510 sermo

509 5548 812 5616 praesentia
850 5550 970 5620 ejus
1011 5548 1121 5603 fuit
1166 5546 1594 5617 contemptibilis,
1643 5546 1696 5602 id
1741 5555 1827 5602 est
1870 5546 2090 5602 humilis

508 5638 649 5693 satis
672 5647 727 5693 et
747 5640 902 5695 rudis
924 5661 936 5694 :
962 5655 1112 5696 nunc
1136 5648 1319 5695 autem
1348 5638 1530 5709 gravis
1561 5655 1573 5689 :
1608 5646 1686 5703 ut,
1712 5639 1956 5707 inquam,
1980 5653 2091 5692 non

506 5729 792 5785 existimer
815 5740 1067 5800 tanquam
1099 5740 1292 5783 terrere
1315 5729 1540 5783 vos:hor
1568 5729 1756 5798 cogitet
1784 5727 1874 5797 qui
1900 5727 2089 5788 huius-

2197 4630 2353 4701 [91
2368 4628 2488 4683 Non
2509 4629 2566 4683 in
2576 4628 2905 4683 immensum
2928 4628 3242 4699 gloriantes,
3255 4628 3344 4681 sed
3367 4627 3605 4681 habentes
3623 4638 3747 4693 spem

2196 4722 2475 4776 crescentis
2516 4720 2642 4790 ﬁdei
2669 4728 2875 4787 vestrae,
2903 4719 2956 4774 id
2977 4727 3083 4785 est,
3111 4735 3208 4789 per
3235 4728 3569 4775 crescentem
3604 4716 3743 4771 tidem

2194 4822 2430 4869 vestram
2459 4812 2794 4884 magniﬁcari
2832 4812 2890 4864 in
2915 4811 3058 4865 vobis
3087 4829 3100 4865 :
3133 4811 3252 4866 viso
3273 4813 3420 4867 enim
3449 4810 3621 4867 fructu
3640 4806 3745 4863 lidei

2193 4912 2392 4959 vestras
2415 4903 2630 4959 dicetur
2654 4921 2669 4957 :
2697 4901 2928 4973 Magnus
2952 4909 3038 4957 est
3064 4900 3256 4957 doctor
3278 4910 3334 4956 et
3353 4903 3622 4959 institutor
3640 4897 3744 4954 lidei

2195 4994 2381 5065 hujus.
2433 4992 2776 5064 Magniﬁcari
2809 4991 2932 5047 dico
2964 4992 3020 5045 in
3052 4991 3196 5045 vobis
3223 4992 3510 5046 secundum
3536 4987 3744 5062 regulam

2195 5096 2465 5151 nostram,
2523 5085 2579 5139 id
2624 5093 2736 5150 est,
2798 5083 3101 5139 secundum
3146 5083 3251 5138 hoc
3311 5084 3458 5154 quod
3515 5099 3578 5138 ex
3614 5074 3741 5134 omni

2193 5178 2449 5248 aequitate
2497 5175 2865 5247 regulavimus
2892 5176 3064 5230 vitam
3092 5184 3347 5241 \estram,
3395 5167 3739 5245 magniﬁcnbi-

2194 5286 2319 5325 mur
2350 5271 2407 5334 in
2446 5268 2623 5324 vobis.
2658 5266 2821 5340 Spem
2886 5272 3049 5324 etiam
3100 5270 3362 5325 habentes
3403 5266 3740 5339 evangelizare

2192 5365 2250 5417 in
2268 5363 2366 5417 illa
2391 5362 2511 5417 loca
2531 5377 2648 5432 qua:
2670 5362 2815 5437 ultra
2830 5378 2934 5416 non
2948 5370 3107 5426 sunt;
3129 5371 3183 5417 et
3210 5362 3315 5416 hoc
3344 5362 3398 5414 in
3421 5353 3734 5415 abundantia.

2193 5451 2251 5506 ln
2281 5451 2470 5507 multis
2496 5452 2642 5505 enim
2672 5452 2807 5507 locis
2853 5453 3255 5523 evangelizabo.
3295 5450 3385 5507 Vel
3412 5446 3735 5520 evangelium

2192 5544 2249 5599 in
2274 5544 2606 5599 abundantia
2627 5545 2909 5615 signorum
2937 5554 2992 5600 et
3019 5544 3290 5600 sermonis
3314 5562 3327 5597 :
3356 5554 3408 5598 et
3431 5559 3529 5596 non
3556 5539 3735 5594 haben-

2194 5644 2275 5690 tes
2313 5649 2462 5704 spem
2491 5635 2713 5705 gloriari
2741 5636 2797 5689 in
2825 5635 3001 5690 aliena
3030 5634 3243 5706 regula,
3274 5634 3328 5690 iu
3360 5646 3461 5699 est,
3490 5633 3541 5686 in
3577 5629 3731 5684 alieno

2193 5725 2456 5798 regimine
2476 5744 2488 5779 :
2508 5725 2734 5794 scilicet,
2757 5727 2812 5780 in
2840 5726 2921 5781 his
2948 5726 3084 5782 locis
3105 5742 3221 5797 qua:
3244 5733 3562 5797 praeparata,
3577 5720 3625 5776 id
3659 5721 3730 5771 est
