3928 6432
571 413 676 471 267

1101 410 1158 466 S.
1202 407 1545 464 BRUNONIS
1577 403 2220 464 CMlTllUSlANORUM
2261 404 2746 462 lNS'l‘lTUTORlS
2783 404 2935 461 OPP.
2977 405 3157 462 PARS
3195 405 3260 461 ll.

569 539 726 594 aestu,
753 525 900 598 quod
931 539 1031 580 nec
1075 525 1352 579 voluntate
1381 522 1681 578 consentiat
1705 521 1998 592 iniquitati.
2027 519 2141 592 Ego
2170 527 2215 584 Α
2244 537 2416 588 onere,
2439 531 2490 574 et
2517 521 2769 576 similiter
2791 521 3005 575 servabo
3029 522 3096 576 de
3121 531 3338 578 caetero.
3371 519 3432 576 Et
3459 521 3520 576 in
3547 521 3654 578 hoc
3675 529 3798 596 quod

569 623 788 696 quidem
817 620 939 676 volo
964 633 1063 674 vos
1083 617 1337 672 exhibere
1359 615 1603 680 Christo;
1627 615 1716 668 sed
1739 615 1896 668 timeo
1923 631 2004 680 ne,
2035 614 2144 668 sic-

569 726 628 772 ut
678 730 888 785 serpens
929 711 1129 766 astutia
1171 727 1267 764 sua
1299 708 1509 764 seduxit
1547 707 1712 762 Evam
1759 705 1911 776 (Gen.
1952 723 2034 762 ut.
2061 707 2140 778 4),

569 811 648 863 ita
670 823 853 861 sensus
879 804 1036 859 vestri
1059 801 1266 859 seducti
1294 807 1704 870 corrumpantur
1731 799 1800 854 ab
1828 799 1949 856 istis
1975 815 2142 870 pseu-

570 901 678 967 do,
725 908 776 954 et
827 896 1066 966 corrupti
1113 895 1358 949 excidant
1388 911 1420 947 a
1449 893 1792 962 simplicitate
1837 893 1982 960 ﬁdei,
2015 910 2142 964 aquae

567 991 885 1061 simplicitas
910 997 986 1042 est
1008 989 1062 1040 in
1083 986 1292 1042 Christo
1319 984 1469 1040 Jesu.
1503 983 1661 1040 Fides
1683 984 1828 1039 enim
1859 983 2061 1039 Christi
2084 986 2138 1040 in

567 1079 913 1150 simplicitate
937 1075 1208 1143 consistit,
1232 1090 1343 1130 non
1375 1075 1432 1129 in
1473 1082 1693 1130 versuta
1721 1073 2035 1144 duplicitate
2057 1074 2139 1129 in-

567 1171 864 1228 ﬁdelitatis.

633 1261 798 1316 Valde
843 1257 1159 1314 Corinthios
1197 1255 1473 1326 deprimit,
1523 1254 1651 1310 dum
1702 1268 1799 1309 eos
1860 1261 2138 1322 comparat

564 1354 710 1420 Evze,
743 1353 999 1407 doctores
1017 1365 1148 1406 vero
1177 1363 1368 1403 eorum
1387 1355 1651 1402 venenato
1675 1346 1931 1416 serpenti.
1949 1344 2137 1400 Timeo

561 1463 628 1502 ne
661 1453 1102 1513 corrumpantur.
1141 1439 1220 1495 Ne
1266 1449 1446 1494 autem
1480 1437 1906 1508 corrumpamiui
1932 1439 2002 1494 ab
2033 1439 2134 1504 eis,

557 1551 667 1591 non
691 1535 900 1590 debetis
920 1549 1016 1589 eos
1062 1531 1196 1602 pati.
1225 1529 1367 1584 Nam
1396 1531 1442 1584 si
1481 1532 1549 1594 is,
1579 1529 1634 1584 id
1668 1538 1753 1585 est
1777 1531 2003 1602 pseudo,
2045 1531 2136 1602 qui

555 1629 694 1682 venit
723 1643 755 1682 a
799 1641 878 1692 se,
908 1641 1018 1680 non
1054 1639 1084 1678 a
1111 1623 1240 1678 Deo.
1266 1621 1362 1677 Vel
1385 1623 1477 1692 qui
1509 1622 1677 1689 venit,
1707 1621 1762 1676 id
1785 1629 1872 1678 est
1891 1623 1986 1693 qui
2011 1637 2137 1678 ven-

558 1719 728 1785 ditur,
763 1717 918 1772 vobis
946 1715 1058 1786 (hic
1086 1716 1233 1770 enim
1269 1713 1708 1784 praedicationem
1747 1727 1904 1768 suam
1933 1713 2136 1782 optime

570 1808 857 1880 venditat);
891 1809 937 1863 si
969 1809 1038 1874 is,
1071 1808 1318 1878 inquam,
1353 1805 1608 1876 praedicat
1635 1804 1803 1858 alium
1840 1803 2130 1871 Christum,

2243 627 2332 668 me
2371 627 2558 668 revera
2593 613 2675 668 sic
2714 613 2962 676 servabo.
3013 614 3206 667 veritas
3251 611 3456 669 Christi
3497 624 3582 668 est
3621 616 3674 670 in
3717 633 3800 672 tne.

2241 704 2410 770 Quasi
2436 705 2638 760 diceret
2663 723 2677 760 :
2703 703 2806 760 Per
2837 705 3116 760 veritatem
3145 703 3350 759 Christi
3392 704 3478 760 sic
3519 719 3610 759 me
3639 720 3800 762 sena-

2241 802 2426 848 turum
2453 809 2660 850 assero.
2697 793 2929 863 Veritas,
2963 796 3206 866 inquam,
3243 793 3454 850 Christi
3487 805 3578 852 est
3621 796 3674 851 in
3711 813 3802 868 me,

2239 886 2306 942 de
2349 887 2454 942 hoc
2492 889 2770 957 quoniam,
2813 887 2868 942 id
2908 897 2994 943 est
3029 872 3176 958 quod
3210 887 3322 942 haec
3353 885 3556 958 gloria,
3597 887 3802 954 scilicet,

2237 978 2384 1048 quod
2417 979 2499 1034 sic
2529 995 2618 1034 me
2665 979 2914 1046 servabo,
2961 995 3064 1033 non
3110 978 3430 1049 infringetur
3475 979 3536 1033 in
3585 995 3670 1034 me
3711 980 3806 1037 hac

2237 1070 2404 1148 gloria
2433 1086 2576 1126 :non
2607 1079 2818 1126 tantum
2845 1071 2902 1126 in
2925 1069 3212 1138 Corintho,
3244 1071 3340 1126 sed
3367 1087 3472 1127 nec
3497 1072 3556 1124 in
3597 1072 3806 1142 regioni-

2237 1161 2332 1214 bus
2364 1161 2602 1217 Achaite.
2633 1161 2834 1218 lterum
2859 1163 2941 1219 sic
2967 1165 3103 1235 agis,
3137 1163 3269 1234 quia
3303 1163 3466 1219 nobis
3505 1163 3804 1219 inimicaris.

2235 1251 2440 1307 Contra
2476 1253 2582 1309 hoc
2611 1252 2816 1310 Paulus
2861 1273 2875 1310 :
2923 1252 3042 1308 Non
3085 1253 3276 1324 utique
3320 1252 3686 1325 infringatur;
3729 1253 3806 1308 sed

2231 1350 2436 1418 quare?
2465 1347 2667 1404 Dicctis
2704 1364 2791 1404 me
2819 1348 2940 1404 ideo
2967 1347 3166 1415 facere,
3191 1348 3319 1418 quia
3347 1363 3454 1400 non
3499 1346 3676 1416 diligo
3701 1349 3806 1400 vos!

2234 1438 2376 1494 Deus
2403 1441 2502 1494 scit
2529 1441 2660 1512 quia
2683 1449 2782 1498 ves
2801 1441 2967 1512 diligo
2993 1460 3008 1496 :
3035 1439 3130 1496 sed
3162 1441 3312 1511 quod
3340 1427 3490 1510 facio
3519 1447 3580 1495 et
3609 1440 3802 1510 facian,

2234 1532 2373 1587 nihil
2415 1533 2623 1590 scilicet
2665 1533 3007 1604 accipiendo,
3047 1533 3154 1589 hoc
3189 1533 3314 1588 ideo
3343 1531 3516 1598 facio,
3547 1541 3612 1586 ut
3647 1549 3802 1602 σηρι-

2236 1633 2338 1678 tem
2365 1627 2690 1680 occasionem
2723 1643 2904 1680 eorum
2939 1625 3168 1696 pseudo,
3193 1627 3286 1696 qui
3319 1641 3352 1679 a
3379 1641 3474 1680 me
3511 1625 3700 1679 volunt
3731 1625 3802 1678 ba-

2231 1713 2362 1770 bere
2387 1717 2715 1770 occasionem
2743 1715 3072 1785 accipiendi;
3103 1713 3254 1785 quia,
3285 1713 3334 1769 si
3359 1728 3466 1785 ego
3497 1713 3802 1783 accipereut.

2233 1815 2366 1862 tunc
2393 1817 2449 1862 et
2473 1808 2570 1863 illi.
2609 1808 2900 1878 Amputem
2937 1807 3060 1863 dico
3095 1815 3154 1860 ut
3191 1805 3271 1861 illi
3307 1805 3662 1860 inveniantur
3695 1806 3802 1859 sicut

555 1919 707 1976 quem
743 1917 845 1956 nos
872 1917 973 1954 non
998 1901 1401 1971 praedicavimus
1435 1897 1617 1964 vobis;
1651 1907 1745 1951 aut
1775 1897 1822 1952 si
1850 1897 2006 1952 abeo
2043 1913 2130 1950 ac-
2165 1905 2208 1964 Β
2233 1909 2284 1953 et
2313 1915 2426 1965 nos,
2447 1927 2452 1934 ι
2475 1900 2612 1954 nihil
2655 1899 3020 1971 accipientes:
3047 1899 3104 1954 in
3147 1913 3260 1970 quo
3303 1907 3492 1953 tamen
3520 1896 3708 1954 facere
3729 1897 3802 1952 ali-

555 1995 734 2066 cipitis
770 1993 936 2047 alium
965 1991 1244 2063 Spiritum,
1275 2007 1424 2062 quem
1453 2005 1556 2044 non
1581 1989 1856 2060 accepistis
1886 2004 1918 2043 a
1939 1987 2128 2055 nobis;

553 2097 644 2142 aut
672 2087 717 2142 si
743 2087 812 2140 ab
839 2100 905 2140 eo
931 2084 1175 2155 recipitis
1204 2083 1353 2138 aliud
1391 2082 1762 2153 Evangelium,
1791 2081 1931 2152 quod
1953 2079 2132 2136 Evan-

551 2179 749 2252 gelium
784 2195 886 2232 non
929 2177 1200 2247 recepistis
1234 2191 1266 2231 a
1307 2175 1486 2242 nobis,
1519 2175 1566 2231 si
1595 2175 1730 2241 haec,
1771 2175 2018 2244 inquam,
2043 2189 2132 2229 cs-

551 2281 690 2337 scut,
743 2279 873 2324 tunc
917 2279 1053 2323 recte
1085 2267 1397 2338 pateremini
1442 2281 1599 2332 eum;
1654 2264 1752 2321 sed
1800 2266 1928 2334 quia
1961 2265 2128 2319 alium

552 2363 836 2418 Christum
895 2377 1003 2416 non
1037 2359 1364 2430 praedicant,
1399 2357 1668 2428 Spiritum
1716 2365 1968 2413 sanctum
2003 2371 2130 2420 non

551 2453 800 2505 tribuunt
837 2465 998 2519 quem
1033 2463 1064 2504 a
1115 2448 1274 2504 nobis
1308 2447 1618 2517 accepistis,
1663 2455 1718 2502 et
1761 2446 1910 2504 aliud
1951 2445 2130 2502 Evan-

551 2544 750 2613 gelium
801 2557 912 2596 non
960 2540 1292 2611 praedicant;
1325 2539 1446 2594 ideo
1475 2554 1507 2593 a
1547 2538 1704 2594 vobis
1739 2537 1981 2608 patiendi
2019 2553 2128 2592 non

550 2643 700 2690 sunt.
731 2633 840 2689 Eos
871 2635 1060 2704 utique
1083 2633 1198 2704 pati
1223 2648 1333 2688 non
1355 2631 1584 2700 debetis,
1615 2632 1710 2688 sed
1738 2647 1855 2700 me;
1887 2631 2016 2703 quia
2047 2633 2130 2704 (ut

548 2731 614 2785 dc
654 2729 761 2784 illis
793 2727 1005 2798 sileam)
1044 2727 1291 2782 existimo
1323 2742 1404 2779 me
1433 2725 1568 2779 nihil
1608 2726 1783 2779 minus
1816 2725 2000 2795 fecisse
2031 2739 2128 2796 per

547 2820 692 2890 quod
729 2819 914 2874 minus
936 2825 1221 2888 separatus
1249 2817 1352 2872 sim
1383 2833 1416 2870 a
1439 2816 1644 2886 magnis
1667 2814 1942 2885 apostolis,
1967 2813 2022 2869 id
2041 2821 2128 2868 est

546 2927 576 2966 a
605 2911 790 2976 Petro,
817 2918 872 2964 et
897 2910 966 2964 ab
995 2909 1102 2964 illis
1130 2908 1224 2979 qui
1239 2909 1566 2964 videbantur
1588 2922 1711 2962 esse
1736 2907 2032 2972 columnae;
2057 2906 2126 2962 de

544 3017 778 3073 quorum
813 2999 1129 3071 magisterio
1153 2999 1208 3053 hi
1231 2999 1442 3069 pseudo
1473 2997 1633 3070 (falso
1663 2997 1868 3068 tamen)
1899 3012 1959 3052 se
1987 2996 2124 3052 mihi

543 3080 860 3164 praeterunt,
905 3091 1034 3163 quia
1086 3105 1188 3147 nec
1243 3091 1463 3146 illorum
1518 3090 1770 3160 discipuli
1823 3098 1970 3145 sunt.
2023 3087 2123 3146 Hic

543 3186 736 3242 callide
795 3183 1088 3255 respondet
1147 3183 1228 3238 eis
1276 3183 1370 3254 qui
1423 3182 1754 3254 objiciebant
1809 3182 1862 3237 ei
1933 3183 2114 3252 quod,

2231 1993 2361 2062 quid
2389 1993 2534 2048 sicut
2559 2009 2660 2048 nos
2685 1993 2842 2049 valde
2859 1993 3192 2065 gloriantur,
3209 1991 3334 2047 licet
3355 2005 3462 2046 nos
3487 2005 3800 2061 persequan-

2230 2089 2338 2136 tur.
2385 2079 2481 2138 Vel
2511 2083 2586 2138 ita
2617 2101 2630 2136 :
2661 2081 2730 2138 Ut
2768 2091 3044 2153 amputem
3083 2081 3433 2138 occasionem
3465 2081 3706 2152 pseudo,
3733 2083 3798 2152 qui

3897 116 3909 460 Ι

3887 471 3909 1380 Ξ

2229 2174 2419 2229 volunt
2463 2175 2812 2231 occasionem
2845 2174 3145 2245 accipiendi
3174 2174 3230 2229 in
3257 2189 3368 2244 quo
3393 2173 3728 2245 gloriantur,
3766 2174 3804 2227 id
3895 2205 3897 2214 ι

2228 2276 2312 2322 est
2337 2268 2392 2322 in
2416 2267 2732 2338 accipiendo
2756 2287 2769 2320 :
2791 2283 2902 2323 nou
2927 2267 3072 2322 enim
3091 2275 3347 2337 quaerunt
3371 2265 3542 2322 aliam
3569 2266 3802 2337 gloriam,

2229 2358 2334 2414 nisi
2366 2367 2427 2413 ut
2457 2359 2645 2429 aliqui,
2693 2359 2788 2429 qui
2831 2359 3050 2414 eliciant
3089 2359 3146 2412 in
3173 2373 3242 2414 eo
3282 2358 3644 2414 inveniantur
3689 2359 3803 2415 sicut
3891 2401 3895 2406 .

2229 2467 2329 2506 nos
2357 2451 2494 2506 nihil
2519 2451 2868 2522 accipientes.
2901 2449 3164 2506 intuenda
3193 2459 3280 2506 est
3319 2450 3606 2506 subtilitas
3651 2448 3802 2506 Pauli.

2229 2541 2287 2598 Si
2336 2543 2482 2597 enim
2521 2542 2725 2599 Paulus
2765 2543 3053 2614 acciperet,
3089 2541 3354 2597 continuo
3401 2551 3458 2597 et
3505 2541 3630 2609 illi;
3671 2551 3802 2614 post-
3893 2545 3895 2547 ’

2226 2651 2390 2706 quam
2421 2645 2604 2692 autem
2634 2637 2701 2692 de
2725 2636 2885 2692 bonis
2912 2650 3100 2690 eorum
3139 2636 3406 2701 viverent,
3437 2634 3801 2690 auctoritatem

2225 2729 2540 2784 viderentur
2563 2729 2764 2784 habere
2785 2727 3112 2798 praedicandi
3141 2727 3224 2782 eis
3249 2744 3264 2781 :
3287 2726 3436 2798 quod
3461 2726 3510 2782 si
3535 2741 3612 2782 ex
3637 2735 3802 2782 aucto-

2225 2819 2385 2874 ritate
2411 2819 2791 2890 praedicarent,
2837 2819 3024 2888 procul
3057 2819 3226 2875 dubio
3261 2819 3422 2875 ﬁdem
3458 2835 3660 2874 eorum
3697 2833 3799 2876 cnt-

2223 2918 2541 2980 rumperent
2565 2929 2578 2964 :
2604 2919 2658 2965 et
2691 2909 2748 2963 in
2777 2909 2924 2965 hunc
2955 2911 3176 2966 modum
3207 2911 3512 2967 similitudo
3537 2909 3698 2966 Pauli
3721 2925 3798 2964 nu-

2222 3001 2543 3058 trimentum
2571 3010 2720 3059 esset
2747 2995 3120 3074 corruptionis
3141 3002 3584 3059 Corinthiorum.
3617 3003 3796 3058 Diceret

2221 3099 2421 3170 aliquis
2451 3119 2464 3155 :
2493 3099 2574 3154 Tu
2605 3100 2743 3156 dicis
2771 3109 2831 3155 ut
2855 3100 3206 3156 inveniantur
3249 3100 3398 3156 sicut
3429 3109 3488 3155 et
3531 3115 3660 3168 nos,
3693 3113 3794 3170 pos-

2221 3199 2420 3247 suntne
2463 3191 2672 3263 pseudo
2717 3183 2953 3248 inveniri
2992 3193 3201 3248 similes
3253 3192 3454 3248 nobis?
3503 3191 3707 3264 Utique
3739 3193 3790 3246 ait

542 3283 670 3351 quia
729 3295 839 3335 non
911 3287 1059 3334 esset
1119 3279 1423 3348 apostolus,
1465 3291 1578 3332 non
1657 3275 1926 3347 acciperet
1973 3291 2126 3331 sum-
2151 3263 2195 3327 C
2226 3280 2430 3339 Paulus
2470 3301 2483 3337 :
2515 3281 2658 3336 Nam
2701 3281 3003 3352 hujusmodi
3041 3283 3474 3354 pseudoapostoli
3513 3263 3646 3339 sunt
3699 3285 3780 3338 sll-

545 3382 672 3441 ptus
719 3371 786 3426 de
849 3370 1298 3439 praedicatione,‘
1328 3367 1647 3442 ut,Petrus
1696 3375 1753 3423 et
1806 3367 1920 3422 alii.
1977 3365 2126 3422 Nihil

546 3463 702 3533 193
748 3463 936 3532 utique
971 3461 1155 3516 minus
1207 3461 1316 3516 illis
1347 3460 1450 3516 feci
1479 3479 1492 3515 :
1521 3477 1643 3514 nam
1673 3460 1772 3514 etsi
1820 3461 1972 3516 visus
2019 3460 2124 3516 sim

541 3557 696 3610 vobis
713 3555 984 3625 imperitus
1008 3570 1260 3620 sermone,
1277 3553 1404 3624 quia
1415 3553 1732 3623 simpliciter
1759 3552 1975 3608 locutus
2003 3569 2125 3608 sum

541 3649 715 3715 vobis,
739 3657 920 3702 tamen
943 3647 1136 3702 scitote
1159 3645 1304 3717 quod
1326 3662 1428 3700 non
1449 3663 1568 3699 sum
1587 3646 1864 3715 imperitus
1880 3646 2122 3701 scientia.

541 3737 644 3794 Sed
689 3738 821 3810 quid
867 3742 972 3794 hoc
1019 3737 1175 3794 dico?
1212 3737 1356 3792 vobis
1401 3745 1576 3790 autem
1621 3737 1680 3790 in
1724 3735 1964 3790 omnibus
2013 3744 2126 3792 tam

539 3831 766 3887 scientia
811 3847 976 3901 quam
1007 3845 1260 3886 sermone
1305 3845 1428 3886 sum
1463 3829 1834 3900 manifestatus
1879 3831 1935 3882 in
1975 3829 2127 3884 nullo

539 3944 659 3983 esse
687 3928 992 3997 imperitus.
1032 3925 1168 3981 Vere
1203 3925 1340 3980 nihil
1385 3925 1570 3980 minus
1611 3925 1825 3994 magnis
1859 3924 2126 3995 apostolis

535 4017 660 4084 feci,
709 4018 838 4087 quia
883 4017 1047 4071 etiam
1087 4017 1208 4086 plus
1257 4016 1383 4071 illis.
1434 4014 1501 4070 Et
1552 4015 1657 4084 hoc
1705 4015 1936 4070 latenter
1970 4015 2122 4088 dicit,

537 4109 695 4178 quasi
751 4109 853 4162 sub
907 4107 1143 4177 quadam
1201 4106 1512 4160 minoritate
1555 4105 1640 4161 sui
1687 4106 1971 4176 redigcns,
2023 4107 2126 4162 hoc

539 4199 702 4253 modo
728 4199 916 4254 dicens
941 4219 954 4254 :
977 4200 1084 4253 Aut
1111 4200 1346 4270 nunquid
1369 4207 1640 4269 peccatum
1671 4199 1792 4268 feci,
1835 4199 2124 4254 humilians

537 4293 815 4362 meipsum,
844 4292 1195 4362 subripiendo
1217 4291 1350 4345 mihi
1367 4291 1420 4345 id
1443 4290 1588 4360 quod
1607 4290 1699 4360 jus
1725 4291 2125 4360 praedicationis

537 4381 724 4451 exigit,
777 4389 834 4434 ut
870 4396 956 4434 vos
987 4396 1084 4450 per
1107 4396 1284 4435 meam
1312 4379 1745 4434 humiliationem
1778 4380 2124 4434 exaltemini.’

537 4471 652 4528 Nisi
683 4474 828 4528 enim
863 4489 950 4527 me
977 4473 1050 4526 ita
1080 4473 1444 4538 humiliarem,
1475 4467 1612 4526 nihil
1637 4471 1974 4543 accipiendo,
2001 4491 2122 4530 ma-

533 4567 776 4622 luissetis
819 4566 1046 4620 verbum
1095 4564 1189 4619 Dei
1227 4580 1512 4634 respuere,
1562 4581 1728 4634 quam
1776 4565 1909 4619 mihi
1956 4567 2120 4622 mini--

534 4669 728 4715 strarc.
765 4659 869 4724 An,
903 4658 1146 4727 inquam,
1173 4657 1414 4726 peccavi,
1439 4657 1688 4726 quoniam
1717 4657 1906 4726 gratis,
1948 4657 1999 4713 id
2038 4669 2120 4715 est

535 4749 1016 4820 nihilaccipiendo
1047 4765 1078 4803 a
1107 4748 1282 4816 vobis,
1319 4747 1670 4820 evangeliaavi
1705 4748 1846 4802 vobis
1882 4749 2120 4823 Evange-

533 4841 668 4896 lium
703 4841 838 4897 Dei.’

605 4935 920 5000 Qumrerent
961 4935 1038 4989 illi
1065 4953 1076 4988 :
1101 4932 1258 4988 Unde
1289 4947 1420 5004 ergo
1451 4933 1667 4988 vixisti?
1701 4933 1789 4987 Ait
1815 4953 1827 4988 ε
1855 4933 1969 5005 Ego
1997 4935 2120 5004 qui-

534 5027 656 5082 dem
683 5027 968 5097 exspoiiavi
1007 5027 1144 5081 alias
1182 5025 1453 5092 ecclesias,
1487 5025 1747 5096 accipiens
1779 5027 1847 5080 ab
1879 5025 1987 5082 illis
2017 5027 2119 5080 sti-

533 5117 780 5188 pendium
813 5117 884 5171 ad
931 5118 1282 5171 ministerium
1329 5117 1509 5180 vestri,
1553 5117 1608 5170 id
1647 5123 1732 5171 est
1773 5117 1840 5172 ad
1882 5117 2118 5172 admini-

533 5207 818 5262 strandum
861 5205 1018 5261 vobis
1055 5203 1426 5275 Evangelium.
1477 5205 1678 5260 lterum
1717 5205 1792 5260 illi
1824 5226 1836 5260 :
1867 5205 2115 5262 Forsitan

531 5297 686 5353 nullo
713 5297 1012 5366 indigebas.
1041 5295 1109 5349 Et
1137 5295 1226 5350 ille
1249 5315 1261 5349 :
1287 5295 1420 5350 Cum
1449 5313 1614 5350 essem
1639 5297 1781 5366 apud
1814 5307 1998 5364 vos,‘et
2019 5313 2118 5368 pro

531 5397 684 5445 certo
713 5388 966 5442 omnibus
997 5403 1215 5458 egerem,
1239 5387 1376 5440 nulli
1405 5398 1584 5442 tamen
1613 5399 1856 5445 vestrum
1885 5391 1964 5461 fui
1989 5405 2116 5446 one-

531 5496 706 5535 rosus.
735 5473 840 5534 Ubi
880 5477 958 5533 ait
996 5493 1266 5544 onerosus,
1309 5477 1604 5548 plurimum
1647 5494 1743 5534 eos
1781 5481 1849 5536 de
1889 5483 2116 5538 avaritia

532 5573 730 5646 arguit.
763 5567 962 5626 lterum
989 5572 1066 5626 illi
1093 5591 1106 5626 :
1131 5569 1286 5626 Unde
1310 5585 1441 5642 ergo
1467 5573 1754 5642 supplebas
1783 5580 2118 5646 egestatem?

531 5667 676 5723 Bene
703 5667 778 5721 ait
802 5665 1004 5720 Paulus
1031 5684 1044 5719 :
1073 5663 1214 5718 Nam
1243 5665 1381 5736 quod
1411 5665 1540 5718 mihi
1563 5666 1761 5732 deerat,
1795 5669 1990 5737 fratres
2025 5673 2114 5740 qui

530 5769 777 5814 venerunt
805 5776 837 5811 α
868 5757 1176 5812 Macedonia
1205 5758 1592 5828 suppleverunt,
1631 5769 1684 5813 et
1719 5759 1794 5814 ita
1835 5761 1892 5815 in
1933 5763 2112 5816 omni-

529 5853 634 5908 bus
667 5859 777 5906 tam
803 5851 1124 5910 vestimento
1154 5866 1319 5923 quam
1341 5851 1488 5908 victu
1511 5853 1712 5908 servavi
1739 5869 1818 5909 me
1837 5854 1980 5909 vobis
2001 5853 2114 5910 sine

2225 3373 2337 3430 doli
2365 3375 2615 3446 operarii,
2643 3375 2699 3430 in
2733 3391 2800 3430 eo
2833 3375 2982 3446 quia,
3029 3377 3474 3448 transﬁgurantes
3517 3393 3576 3432 se
3619 3378 3676 3430 in
3697 3389 3776 3444 Ip-

2224 3466 2387 3522 stolos
2411 3455 2634 3534 Christi,
2659 3469 2973 3539 accipiendo
3000 3468 3046 3525 si
3075 3469 3152 3524 illi
3175 3469 3470 3540 accipiant,
3500 3465 3789 3526 abstinendo

2225 3559 2274 3616 si
2308 3561 2386 3614 illi
2415 3561 2745 3627 abstineant,
2777 3569 2832 3616 et
2861 3561 2918 3614 in
2943 3561 3176 3616 caeteris.
3207 3560 3278 3614 Et
3307 3577 3414 3616 non
3441 3569 3536 3618 est
3559 3557 3794 3616 miranti

2225 3651 2282 3706 in
2317 3654 2592 3723 apostolos
2613 3653 2815 3708 Christi
2845 3669 2966 3710 sese
2993 3655 3407 3725 transﬁgurant,
3429 3655 3568 3726 quia
3593 3656 3696 3726 ipse
3715 3649 3796 3706 Se-

2227 3755 2403 3812 tanas,
2458 3754 2621 3815 caput
2672 3761 2862 3801 eorum
2885 3788 2901 3812 ,
2937 3746 3257 3818 plerumque
3304 3747 3722 3818 transﬁguntur
3747 3743 3792 3796 is

2226 3835 2470 3906 angelum
2506 3836 2674 3902 lucis;
2711 3845 2766 3892 et
2795 3837 2924 3908 quia
2961 3835 3193 3893 Satanas
3223 3837 3426 3892 transit
3469 3837 3534 3892 in
3573 3836 3792 3909 angelu

2223 3925 2386 3994 lucis,
2414 3943 2542 3998 ergo
2567 3945 2672 3981 non
2693 3937 2769 3982 est
2805 3943 3055 3998 magnum
3098 3927 3486 3982 admirandum
3519 3929 3570 3983 si
3595 3923 3794 3982 ministri

2225 4015 2460 4084 Satanw,
2505 4017 2559 4072 id
2596 4026 2681 4072 est
2719 4017 2958 4088 pseudo,
3006 4016 3468 4089 transﬁgurantur
3507 4017 3642 4074 facti
3675 4015 3796 4071 velut

2224 4109 2464 4165 ministri
2499 4108 2755 4179 iustitiae;
2791 4110 2914 4180 ﬁnis
2955 4125 3180 4180 quorum
3211 4117 3266 4164 et
3295 4109 3684 4166 ministrorum
3709 4106 3792 4161 Sa-

2222 4211 2364 4258 tanae
2409 4211 2464 4257 et
2497 4201 2874 4257 ministrorum
2907 4201 3133 4272 justitite
3177 4201 3280 4256 erit
3321 4201 3622 4258 secundum
3665 4213 3792 4272 opm

2223 4295 2480 4366 ipsorum.

2293 4383 2569 4440 Gloriatus
2596 4393 2680 4440 est
2704 4384 2958 4455 superius
2992 4384 3060 4440 de
3099 4385 3406 4455 apostolatu
3449 4401 3584 4454 suo,
3629 4383 3788 4440 tradito

2224 4477 2327 4532 sibi
2357 4493 2386 4532 a
2423 4475 2562 4543 Deo;
2606 4477 2870 4548 gloriatus
2910 4485 2994 4532 est
3033 4478 3198 4532 etiam
3241 4478 3310 4533 de
3353 4478 3462 4533 hoc
3507 4479 3661 4549 quod
3699 4477 3780 4547 pili

2223 4567 2480 4623 omnibus
2527 4566 2832 4632 laboravit,
2881 4568 3051 4638 gratis
3091 4567 3519 4644 evangelispudo
3575 4567 3776 4636 Evange-

2223 4663 2358 4716 lium
2385 4660 2502 4727 Dei,
2535 4667 2590 4714 et
2621 4660 2688 4715 de
2717 4659 2947 4726 caeteris,
2991 4660 3046 4713 in
3091 4660 3292 4730 quibus
3321 4659 3518 4730 utique
3548 4661 3696 4732 iuste
3717 4669 3786 4728 p0-

2222 4761 2364 4809 terat
2391 4751 2644 4822 gloriari;
2678 4767 2826 4805 nunc
2849 4765 2980 4806 vero
3005 4751 3206 4806 transit
3233 4759 3296 4805 ut
3321 4749 3532 4806 referat
3571 4748 3786 4822 quadam

2224 4845 2525 4901 secundum
2567 4857 2786 4897 carnem
2829 4841 2898 4896 de
2941 4841 3112 4913 gloria
3155 4842 3393 4914 generis,
3437 4844 3596 4913 quod
3639 4852 3788 4897 tamen

2226 4937 2391 5008 (sicut
2417 4943 2602 5005 aperte
2637 4933 2836 5003 innuit)
2871 4933 3076 4988 nullam
3119 4933 3372 5006 intelligit
3411 4933 3678 5006 gloriam;
3715 4926 3790 4986 sed

2225 5037 2408 5086 tamen
2443 5041 2666 5081 necesse
2689 5033 2808 5081 erat
2833 5033 2894 5080 ut
2921 5025 2988 5080 de
3017 5026 3340 5082 carnalitate
3372 5030 3599 5099 generis
3625 5023 3792 5100 gloria-

2223 5129 2392 5175 retur.
2417 5117 2556 5172 Cum
2577 5117 2724 5172 enim
2750 5117 2959 5186 pseudo
2981 5117 3048 5173 de
3068 5118 3385 5188 hujusmodi
3409 5135 3472 5175 se
3493 5119 3786 5176 extolleret!

2223 5211 2330 5267 nisi
2359 5210 2563 5264 Paulus
2595 5209 2736 5264 idem
2759 5209 3002 5278 haberet,
3029 5211 3396 5282 gloriarentur
3423 5213 3534 5269 sibi
3565 5227 3682 5270 esse
3702 5201 3786 5279 ντί·

2221 5307 2476 5377 vilegium
2507 5303 2654 5375 quod
2681 5302 2854 5358 Paulo
2887 5305 3120 5374 deesset,
3155 5315 3212 5363 et
3245 5307 3406 5381 195
3431 5308 3514 5364 sic
3549 5303 3784 5376 inSipien-

2221 5397 2358 5452 tium
2427 5395 2836 5452 Corinthiorum
2896 5397 3056 5453 ﬁdem
3123 5397 3340 5456 facilius
3400 5397 3784 5456 subverterent.

2219 5505 2385 5560 quam
2447 5490 2674 5560 gloriam
2727 5486 2914 5556 Pauli;
2970 5489 3102 5546 dum
3157 5491 3214 5546 in
3277 5507 3338 5547 se
3383 5507 3509 5548 esse
3557 5483 3780 5546 ostendit.

2221 5581 2466 5656 nihilque
2496 5583 2599 5638 sibi
2635 5582 2908 5649 conferre,
2945 5583 3216 5654 vituperat
3252 5599 3350 5639 eos
3387 5585 3484 5654 qui
3519 5583 3587 5639 de
3621 5581 3713 5635 hac
3735 5585 3782 5626 re

2219 5675 2520 5745 gloriantur
2555 5677 2607 5730 in
2640 5693 2748 5747 qua
2773 5676 2982 5732 fructus
3011 5693 3122 5730 non
3147 5685 3249 5732 est.
3291 5677 3494 5732 Littera
3525 5675 3603 5730 sic
3623 5664 3778 5742 jnnﬁi‘

2219 5776 2308 5821 tur
2337 5786 2348 5820 :
2381 5767 2496 5821 Dixi
2522 5771 2808 5839 superius:
2840 5767 3055 5822 Utinam
3081 5770 3412 5824 sustineretis
3441 5761 3772 5837 insipientiam

2217 5875 2423 5928 meam;
2457 5877 2600 5918 nunc
2628 5863 2820 5917 iterum
2843 5861 2912 5918 de
2937 5861 3130 5918 eodem
3154 5863 3295 5928 dico,
3325 5879 3388 5918 ne
3411 5863 3527 5920 auis
3555 5875 3626 5914 me
3647 5853 3770 5922 P'm
