3928 6450
105 426 235 485 Ίῧθ

729 427 1094 486 EXPOSITIO
1134 429 1200 483 IN
1236 427 1616 485 EPISTOLAS
1655 428 1720 484 PA

1822 427 1878 483 .l.
1919 459 1987 504 έ-
2025 427 2089 481 IN
2127 427 2342 484 erisr.
2386 428 2427 482 ιι
2466 429 2558 483 Al)
2595 429 2754 485 con.

3273 428 3375 486 επ·

103 544 462 614 insipientem
493 558 621 610 esse,
651 542 719 600 de
747 545 1028 615 pramissa
1057 545 1398 618 gloriatione.
1435 545 1704 616 Alioquin,
1735 552 1785 610 Α
1811 543 1976 599 alium
2002 543 2321 614 deprimere.
2352 543 2491 600 Vere
2522 546 2576 600 in
2609 561 2720 617 quo
2750 545 2914 601 audet
2940 545 3086 617 quis,
3117 546 3293 604 audeo
3327 557 3382 606 et

104 637 169 690 id
213 643 303 691 est
327 636 375 691 si
405 645 624 706 propter
651 637 990 706 pramissam
1015 638 1244 710 gloriam
1273 637 1596 708 insipientia
1621 653 1710 692 me

98 728 377 798 arguitis,
421 743 565 783 nunc
605 728 829 798 accipite
871 745 950 783 me
993 729 1131 786 velut
1175 730 1525 800 insipientem,
1577 729 1709 783 dum

98 820 178 874 de
211 811 537 874 carnalitate
585 816 809 890 glorior,
849 836 972 890 qua
1012 821 1174 892 longe
1214 821 1494 892 praemissa
1539 820 1709 891 gloria

97 920 196 966 est
225 910 481 967 inferior.
513 910 657 967 Dicit
681 912 819 967 velut
847 914 1219 984 insipientem:
1243 927 1353 968 non
1381 912 1526 968 enim
1558 911 1708 982 judi-

100 1001 335 1060 caudus
361 1011 446 1059 est
468 1019 596 1058 vere
621 1003 914 1075 insipiens,
947 1006 1076 1076 quia
1105 1005 1387 1078 gloriando
1415 1005 1482 1060 de
1510 1019 1710 1060 carna-

102 1093 270 1148 litate
303 1108 415 1148 non
450 1095 646 1164 quarit
682 1095 738 1150 in
786 1096 892 1152 hoc
936 1097 1164 1168 gloriam
1197 1112 1375 1165 suam,
1413 1096 1506 1152 sed
1535 1095 1708 1152 solam

100 1183 534 1240 Corinthiorum
561 1185 998 1255 adiﬁcationem,
1031 1188 1179 1259 quod
1205 1189 1384 1259 palam
1416 1197 1501 1244 est
1541 1174 1616 1242 in“
1642 1202 1710 1243 eo

102 1279 243 1333 dum
271 1277 424 1333 idem
449 1279 703 1348 reprobat
720 1279 904 1336 carnis
925 1281 1175 1351 gloriam.
1206 1281 1443 1351 Accipite
1470 1298 1548 1336 me
1572 1281 1710 1335 velut

111 1371 477 1441 insipientem,
511 1380 569 1424 ut
599 1371 743 1428 sicut
766 1373 973 1443 pseudo
1002 1374 1083 1428 sic
1110 1382 1159 1428 et
1185 1391 1278 1445 ego
1301 1373 1515 1444 glorier,
1545 1373 1597 1428 id
1626 1381 1712 1429 est

121 1464 357 1520 referam
383 1465 453 1520 de
475 1459 649 1537 gloria
679 1467 863 1523 carnis
888 1487 902 1522 :
929 1469 1098 1538 quod,
1143 1469 1368 1536 scilicet,
1412 1470 1518 1525 hoc
1546 1469 1709 1524 modo

117 1556 366 1626 gloriari,
399 1555 664 1632 modicum
700 1556 833 1626 quid
856 1566 958 1624 est,
1001 1573 1103 1613 nec
1129 1573 1256 1614 vere
1282 1557 1468 1630 gloria
1510 1557 1710 1613 immo-

111 1647 379 1702 randum.
408 1645 551 1702 Bene
578 1647 701 1702 dico
726 1648 1092 1718 insipientem;
1121 1649 1249 1719 quia
1271 1649 1408 1720 quod
1435 1648 1622 1719 loquor
1644 1647 1713 1703 de

108 1739 291 1810 gloria
316 1739 518 1805 carnis,
545 1755 649 1793 non
665 1738 853 1810 loquor
873 1740 1358 1808 secundumDeum,
1384 1741 1526 1812 apud
1548 1756 1711 1812 quem

109 1831 405 1886 humilitas
448 1831 861 1886 commendatur
886 1851 899 1886 :
925 1832 1108 1887 carnis
1155 1832 1327 1903 gloria
1365 1832 1709 1902 deprimitur,

1807 652 1925 707 ego.
1958 635 2093 691 Nam
2121 635 2168 690 si
2198 637 2274 691 illi
2303 646 2424 691 sunt
2449 635 2684 705 Hebrwi,
2717 638 2770 692 id
2796 645 2882 693 est
2906 636 3168 695 Hebraica
3195 638 3381 712 lingua

1807 726 2017 793 diserti,
2048 735 2097 780 et
2129 743 2220 797 ego
2251 727 2523 783 similiter.
2566 727 2775 784 Hebraei
2811 727 3067 785 dicuntur
3099 730 3168 785 ab
3194 731 3384 801 heber,

1807 821 2112 893 prudentia,
2150 820 2307 891 cujus
2350 821 2464 877 hac
2502 821 2686 892 lingua
2731 830 3004 877 reservata
3049 831 3152 878 est.
3203 821 3261 878 Si
3306 822 3385 878 illi

1809 912 2006 968 iterum
2037 911 2337 982 gloriantur
2377 911 2523 982 quod
2553 921 2676 965 sunt
2705 910 2991 980 Israelita,
3021 922 3071 966 et
3098 929 3191 983 ego
3230 912 3385 969 simi-

1809 1003 1932 1059 liter
1956 1003 2198 1059 lsraelita
2226 993 2368 1059 sum.
2398 1002 2606 1058 Hebrai
2635 1011 2690 1059 et
2715 1001 2970 1059 Israelita
2995 1012 3220 1075 possent
3243 1019 3386 1073 esse,

1810 1111 1909 1152 nec
1928 1105 2108 1151 tamen
2129 1095 2196 1151 de
2219 1095 2514 1162 Abraham,
2542 1103 2602 1149 ut
2623 1096 2888 1166 proseliti,
2917 1096 3011 1167 qui
3035 1113 3066 1152 a
3093 1097 3388 1169 gentilitate

1809 1188 1867 1243 in
1891 1187 2364 1244 circumcisionem
2395 1187 2719 1244 transibant.
2756 1187 2882 1244 Ideo
2929 1189 3173 1245 addidit:
3207 1189 3264 1245 Si
3309 1190 3387 1246 illi

1809 1289 1931 1335 sunt
1960 1297 2131 1335 semen
2159 1279 2386 1334 Abrahae
2426 1279 2723 1336 secundum
2759 1296 3002 1350 carnem,
3040 1281 3293 1338 similiter
3337 1293 3392 1338 et

1809 1387 1922 1443 ego.
2309 1359 2312 1362 ’

1877 1462 2170 1532 Postquam
2192 1463 2248 1517 in
2271 1463 2440 1534 gloria
2466 1463 2677 1536 generis
2698 1479 2756 1520 se
2783 1463 3010 1520 contulit
3038 1463 3166 1531 illis,
3191 1464 3391 1520 transit

1813 1555 1879 1610 ad
1914 1555 2140 1626 gloriam
2186 1555 2507 1622 ministerii;
2553 1571 2664 1610 non
2710 1555 2857 1610 enim
2915 1555 3071 1626 195
3097 1555 3393 1612 ‘suﬂiceret

1811 1647 1918 1704 illis
1944 1648 2150 1718 pseudo
2179 1647 2232 1701 in
2265 1647 2537 1703 veteribus
2566 1648 2806 1715 gloriari,
2851 1648 2958 1703 nisi
2994 1649 3158 1703 etiam
3188 1648 3389 1722 gloria-

1811 1751 2002 1797 rentur
2030 1741 2086 1795 in
2109 1741 2439 1812 discipulam
2460 1739 2682 1795 Christi.
2725 1738 2876 1796 Unde
2913 1741 2994 1796 sic
3021 1741 3098 1795 ait
3128 1755 3141 1795 :
3174 1740 3234 1796 Si
3273 1741 3391 1812 glo-

1811 1837 2024 1892 riantur
2045 1835 2192 1906 quod
2214 1843 2335 1888 sunt
2363 1834 2595 1888 ministri
2617 1833 2838 1901 Christi,
2863 1833 3219 1904 pradicantes
3239 1833 3397 1888 Chri-

105 1923 200 1975 sed
223 1923 394 1993 quasi
419 1924 473 1976 in
500 1922 807 1993 insipientia
830 1924 937 1980 hoc
964 1925 1176 1995 loquor.
1208 1922 1377 1990 Quasi
1403 1924 1556 1991 dicit.
1585 1924 1714 1994 quia
1741 1919 1790 1980 B
1817 1938 1983 1996 stum,
2012 1938 2062 1984 et
2085 1944 2177 2000 ego
2201 1928 2450 1984 similiter
2474 1927 2799 1983 administro
2827 1927 3130 1983 Christum.
3168 1926 3302 1981 Dico
3342 1935 3397 1983 et

106 2031 223 2069 non
259 2030 391 2070 vere
421 2013 702 2085 insipiens,
727 2016 858 2070 dum
887 2032 997 2072 non
1027 2032 1212 2071 veram
1240 2031 1363 2072 esse
1393 2015 1567 2074 credit
1594 2030 1714 2070 car-

106 2107 200 2161 nis
250 2107 507 2177 gloriam.
546 2105 769 2177 Loquor
807 2107 1026 2178 quidem
1071 2108 1128 2162 in
1166 2107 1477 2178 insipientia
1513 2106 1715 2161 immo-

107 2196 304 2250 rando
330 2197 386 2249 in
409 2196 524 2261 ltac,
554 2195 610 2251 id
643 2204 729 2251 est
756 2197 964 2252 carnali
993 2197 1163 2269 gloria
1183 2238 1198 2264 ,
1234 2197 1326 2252 ubi
1353 2205 1437 2252 est
1463 2196 1714 2250 substan—

108 2288 219 2353 tia,
252 2287 317 2340 id
344 2294 428 2341 est
463 2286 519 2341 in
557 2302 668 2357 qua
711 2287 1010 2344 subsistere
1042 2295 1098 2342 et
1125 2287 1315 2358 pedem
1356 2286 1523 2358 ﬁgere
1551 2272 1715 2342 ἀεὶ)εὲ

108 2396 270 2435 mus.
317 2378 384 2433 Et
427 2379 528 2435 hoc
571 2379 969 2449 ironice_:quia
1018 2378 1073 2434 in
1124 2379 1294 2451 gloria
1338 2378 1520 2437 carnis
1563 2378 1715 2433 nullo

110 2473 286 2527 modo
314 2471 724 2528 subsistendum
756 2487 880 2528 esse
921 2471 1190 2542 intelligit.
1226 2469 1440 2526 Diceret
1465 2469 1666 2540 aliquis
1699 2486 1712 2522 :

112 2562 254 2617 Cum
305 2562 480 2633 gloria
511 2563 694 2617 carnis
723 2577 834 2616 nou
879 2562 948 2617 sit
993 2561 1293 2617 secundum
1327 2559 1517 2626 Deum,
1549 2575 1718 2630 quare

116 2656 172 2708 in
205 2655 318 2709 hac
343 2653 694 2721 immoraris?
719 2652 844 2708 Ideo
870 2653 1058 2724 utique
1079 2654 1329 2725 quoniam
1352 2652 1532 2719 multi,
1557 2652 1611 2706 id
1633 2661 1718 2708 est

123 2749 365 2817 pseudo,
409 2747 711 2818 gloriantur
761 2747 1047 2801 secundant
1099 2763 1330 2814 carnem,
1371 2747 1494 2802 ideo
1534 2756 1584 2800 et
1623 2761 1716 2816 ego

132 2839 416 2909 gloriabor,
461 2839 516 2893 id
555 2849 637 2894 est
680 2855 853 2910 pauca
899 2838 1133 2895 referam
1182 2839 1249 2894 de
1285 2839 1476 2895 eadem
1521 2838 1714 2910 gloria.

132 2931 436 2998 Gloriabor,
467 2939 582 2986 tum
617 2932 746 3002 quia
781 2932 941 2987 multi
977 2932 1058 2987 sic
1100 2931 1428 3002 gloriantur,
1459 2939 1718 3001 praterea

126 3027 243 3093 quia
270 3041 375 3080 vos
401 3023 657 3094 suﬂ'ertis,
686 3023 741 3078 id
768 3033 854 3080 est
881 3039 1046 3095 grave
1073 3038 1215 3080 onus
1244 3038 1434 3079 eorum
1463 3021 1713 3093 portatis.

132 3116 402 3181 Suil‘ertis,
438 3116 581 3182 dico,
627 3117 960 3186 insipientes,
1000 3116 1056 3172 id
1098 3128 1182 3172 est
1219 3115 1342 3171 illos
1381 3114 1610 3185 pseudo,
1661 3113 1718 3169 in

136 3207 445 3278 insipientia
471 3206 788 3277 gloriantes.
815 3205 1087 3273 Suﬂ‘ertis,
1117 3206 1260 3272 dico,
1289 3205 1529 3271 libenter,
1554 3203 1609 3259 id
1634 3211 1720 3260 est

1814 2037 1936 2093 ego;
1958 2020 2076 2090 plus
2106 2020 2271 2074 etiam
2301 2035 2403 2090 ego
2425 2034 2546 2074 sum
2575 2018 2828 2073 minister
2861 2017 3066 2074 Christi
3096 2034 3260 2089 quam
3292 2018 3395 2074 illi.

1815 2110 1883 2166 Et
1902 2111 2006 2166 hoc
2037 2111 2156 2164 dico
2177 2118 2235 2164 ut
2261 2110 2432 2164 minus
2449 2124 2678 2178 sapiens,
2704 2107 2836 2163 dum
2867 2123 2954 2162 me
2987 2107 3238 2178 praiero,
3273 2108 3397 2163 illos

1815 2199 2067 2256 humilio.
2096 2197 2262 2266 Quod
2289 2199 2366 2254 ait
2387 2197 2504 2269 plus
2543 2213 2655 2268 ego,
2696 2197 3015 2267 exsequitur
3043 2197 3118 2251 ita
3145 2213 3242 2268 per
3267 2213 3396 2268 par-

1817 2299 1937 2348 tes:
1972 2290 2238 2346 Ostensus
2277 2306 2400 2346 sum
2450 2289 2572 2360 plus
2616 2304 2740 2345 esse
2778 2289 3026 2344 minister
3071 2287 3298 2354 Christi,
3339 2288 3396 2342 in

1814 2384 2082 2439 laboribus
2116 2381 2380 2454 pluribus,
2409 2397 2568 2452 quos,
2606 2389 2660 2436 et
2701 2377 2957 2435 manibus
2995 2379 3316 2446 laborando,
3343 2388 3399 2435 et

1815 2477 2101 2533 immensis
2123 2475 2380 2548 periculis
2406 2473 2745 2539 sustinendo,
2789 2471 2989 2542 sapius
3030 2471 3138 2527 illis
3175 2472 3396 2543 pertuli.

1813 2570 2187 2625 Abundantius
2214 2569 2380 2623 'etiam
2406 2574 2661 2622 ostensus
2689 2564 2938 2620 minister
2974 2563 3178 2620 Christi
3203 2566 3261 2618 in
3281 2579 3404 2618 car--

1816 2663 2042 2728 ceribus,
2069 2675 2235 2732 quam
2271 2659 2370 2726 illi,
2412 2658 2527 2729 qui,
2559 2665 2620 2712 ut
2648 2658 2961 2713 viderentur
2990 2655 3224 2727 apostoli
3247 2654 3403 2711 Chri-

1817 2754 1908 2820 sti,
1933 2737 2260 2824 quandoque
2283 2767 2342 2808 se
2374 2750 2721 2822 patiebantur
2747 2749 3099 2804 incarcerari.
3135 2745 3403 2804 Osteusus

1815 2846 1985 2902 etiam
2029 2844 2279 2898 minister
2306 2840 2512 2896 Christi
2546 2841 2604 2894 in
2631 2839 2805 2910 plagis
2850 2855 3011 2909 supra
3051 2837 3266 2892 modum
3299 2840 3403 2893 liu-

1817 2952 1994 2992 mana
2027 2935 2245 2990 virtutis
2273 2933 2540 2989 toleratis.
2581 2931 2648 2986 Et
2683 2931 2980 3002 frequenter
3012 2937 3271 2985 ostensus
3305 2927 3404 2982 mi-

1818 3028 1989 3084 nister
2007 3026 2210 3082 Christi
2238 3027 2295 3080 in
2320 3024 2598 3089 mortibus,
2623 3022 2676 3077 id
2705 3030 2789 3076 est
2818 3020 2872 3075 in
2901 3019 3081 3091 panis
3109 3033 3233 3090 qua
3251 3033 3403 3072 mor-

1817 3130 1929 3176 tem
1951 3119 2260 3189 cuicunque
2280 3115 2481 3173 inferre
2510 3114 2837 3178 sullicerent,
2867 3121 2920 3168 et
2945 3111 3079 3166 mihi
3101 3102 3403 3166 secundum

1819 3212 2118 3277 hominem,
2147 3208 2253 3266 nisi
2283 3208 2412 3280 quia
2441 3206 2675 3278 Spiritus
2697 3213 2918 3262 sanctus
2949 3202 3264 3259 reservabat
3291 3215 3402 3258 me.

134 3315 160 3352 a
190 3299 344 3354 nullo
381 3298 579 3364 coacti,
616 3298 746 3368 quia
781 3298 877 3364 sic,
899 3298 1030 3352 libet
1071 3298 1245 3364 vobis,
1293 3313 1412 3352 cum
1457 3296 1575 3351 sitis
1618 3297 1722 3367 ipsi
1749 3297 1790 3355 C
1821 3304 2014 3375 Plagas
2037 3310 2323 3359 enumerat
2343 3301 2532 3357 dicens
2557 3317 2570 3353 :
2593 3296 2651 3352 In
2679 3297 2853 3368 plagis
2877 3296 3016 3351 bene
3054 3295 3209 3361 dico;
3235 3311 3269 3349 a
3303 3293 3406 3348 Ju-

130 3392 413 3460 sapientes,
436 3389 667 3456 ironiee,
693 3389 747 3445 id
768 3398 854 3446 est
877 3405 1000 3445 cum
1033 3389 1188 3445 vobis
1213 3389 1477 3460 arrogetis
1505 3389 1722 3459 sapien-

136 3483 294 3547 tiam,
321 3482 457 3537 male
482 3489 752 3537 consonat
786 3481 894 3537 hoc
920 3481 1065 3552 quod
1097 3480 1338 3537 sullertis
1367 3496 1559 3537 eorum
1587 3481 1722 3536 insi-

140 3574 418 3643 pientiam.
447 3573 508 3628 ln
546 3573 748 3644 quibus
783 3573 907 3628 illos
950 3573 1212 3629 sufferant
1253 3574 1589 3644 exsequitur,
1634 3573 1722 3628 di-

137 3682 302 3721 cens:
336 3665 532 3739 Utique
551 3665 810 3732 suifertis,
835 3666 1107 3720 sustinetis
1133 3666 1272 3720 enim
1296 3668 1343 3720 si
1367 3666 1483 3736 quis
1504 3666 1722 3720 illorum

139 3760 340 3828 pseudo
372 3761 563 3830 redigit
595 3776 682 3814 vos
717 3761 773 3813 in
799 3759 1119 3826 servitutem,
1163 3759 1215 3814 id
1244 3769 1330 3815 est
1360 3759 1505 3830 cogit
1540 3759 1725 3814 deser-

139 3852 244 3905 vire
294 3851 403 3906 sibi
449 3859 508 3906 ut
551 3866 778 3906 servos:
812 3850 873 3906 Si
904 3853 1022 3921 quis
1066 3851 1229 3907 etiam
1271 3867 1462 3906 eorum
1509 3851 1724 3906 devorat

145 3941 273 3998 bona
313 3950 520 3996 vestra.
557 3940 638 3996 llli
670 3942 817 3997 enim
853 3943 1058 4013 pseudo
1093 3943 1360 3998 voraciter
1404 3959 1493 3998 res
1532 3958 1723 3998 eorum

153 4033 554 4089 consumebant.
592 4031 888 4089 Sustinetis
917 4035 1078 4089 etiam
1109 4037 1156 4089 si
1200 4037 1319 4106 quis
1347 4051 1537 4090 eorum
1579 4036 1724 4090 acci—

158 4127 236 4192 pit,
262 4127 319 4181 id
350 4135 440 4180 est
463 4126 610 4196 capit
633 4141 731 4182 vos
770 4127 837 4182 ad
867 4143 925 4182 se
953 4128 1100 4194 dolo,
1143 4129 1194 4182 id
1238 4137 1322 4184 est
1365 4128 1412 4184 si
1458 4128 1582 4198 quis
1626 4143 1726 4184 vos

153 4214 356 4288 decipit.
394 4215 456 4272 Si
494 4218 612 4288 quis
649 4219 814 4274 etiam
847 4233 1036 4274 eorum
1075 4220 1369 4287 extollitur,
1411 4220 1639 4276 dicendo
1668 4235 1728 4276 se

149 4307 206 4363 de
230 4325 433 4382 genere
462 4310 716 4378 Abraba,
746 4325 845 4366 vos
885 4319 1064 4366 autem
1095 4329 1290 4380 canes;
1331 4313 1446 4369 hac
1470 4313 1599 4381 duo,
1631 4313 1726 4368 de-

147 4401 308 4470 cipere
349 4411 403 4456 et
425 4402 640 4470 extolli,
689 4411 996 4474 opportuna
1044 4412 1201 4459 erant
1244 4404 1312 4458 ad
1357 4404 1728 4460 devorandum

147 4491 283 4549 bona
329 4509 524 4550 eorum
552 4557 562 4561 _
587 4504 642 4550 et
707 4494 777 4550 ad
840 4494 1196 4567 redigendum
1246 4511 1341 4552 eos
1390 4495 1446 4551 in
1496 4495 1730 4552 servitu-

151 4592 272 4639 tem.

222 4673 507 4734 Sustinetis
541 4678 588 4733 si
620 4678 748 4749 quis
775 4679 1082 4746 extollitur,
1128 4688 1182 4735 et
1214 4680 1262 4733 si
1304 4681 1420 4751 quis
1455 4696 1514 4735 se
1555 4680 1727 4735 extol-

157 4760 304 4820 lendo
329 4769 483 4822 caedit
513 4785 622 4836 vos,
663 4770 716 4824 id
742 4778 828 4825 est
860 4771 1190 4841 improperat
1213 4771 1368 4826 vobis
1397 4772 1542 4842 quod
1569 4771 1730 4826 incir-

151 4859 369 4914 cumcisi
405 4860 560 4926 estis,
612 4868 667 4915 et
710 4861 1046 4931 hujusmodi.
1082 4862 1290 4929 Cadit,
1336 4863 1480 4930 dico,
1532 4878 1640 4917 non
1670 4863 1727 4916 in

147 4947 432 5018 absconso,
464 4952 560 5007 sed
583 4953 641 5007 in
670 4953 880 5024 faciem,
905 4955 959 5010 id
983 4963 1065 5010 est
1092 4955 1147 5009 in
1169 4955 1343 5011 oculis
1371 4957 1566 5011 vestris
1587 4971 1727 5027 pra-

147 5042 308 5096 sumit
336 5043 709 5115 improperare
733 5046 909 5102 vobis.
942 5046 1112 5104 Cadit
1137 5063 1256 5114 vos,
1285 5047 1424 5115 dico,
1447 5048 1731 5102 secundum

148 5131 527 5200 ignobilitatem
558 5137 794 5206 generis,
831 5155 998 5208 quam
1028 5139 1355 5209 improperat
1390 5139 1561 5195 vobis.
1605 5138 1731 5194 lllos

151 5221 333 5290 utique
360 5225 675 5292 sustinetis;
710 5243 810 5282 nos
838 5237 1016 5282 autem
1047 5228 1272 5283 minime
1296 5230 1448 5300 quasi
1474 5229 1730 5299 fuerimus

151 5310 347 5380 infirmi
376 5316 432 5369 in
466 5316 566 5371 ltac
599 5327 769 5388 parte,
814 5320 868 5374 id
907 5329 989 5376 est
1023 5320 1347 5391 impotentes
1386 5322 1610 5392 gloriari
1640 5338 1730 5377 se-

153 5407 388 5462 cundum
426 5425 670 5466 carnem.
721 5409 827 5466 Sed
864 5429 972 5467 non
1016 5428 1209 5468 sumus
1248 5414 1302 5468 in
1342 5415 1448 5469 hoc
1493 5415 1730 5480 inﬁrmi;

153 5495 279 5561 quia
306 5498 362 5550 in
395 5515 699 5571 quocunque
721 5501 915 5573 aliquis
947 5518 1136 5558 eorum
1164 5505 1323 5559 audet
1361 5505 1602 5577 gloriari,
1633 5524 1734 5561 au-

153 5583 258 5658 deo.
279 5588 521 5644 similiter
552 5608 664 5662 ego.
702 5592 798 5648 Ubi
831 5594 908 5648 ait
936 5593 1093 5649 audet
1147 5605 1200 5650 et
1234 5596 1423 5663 audeo,
1454 5605 1609 5652 notat
1635 5613 1735 5668 po-

157 5674 264 5730 tius
289 5683 758 5753 prasumptionem
785 5702 907 5741 esse
945 5702 1110 5756 quam
1147 5703 1332 5742 veram
1373 5689 1622 5758 gloriam.
1668 5689 1733 5746 Et

159 5770 299 5834 quod
328 5773 467 5841 dico,
508 5793 604 5846 ego
646 5779 832 5844 audeo,
870 5779 974 5832 hoc
1015 5779 1132 5834 dico
1174 5781 1229 5833 in
1273 5782 1597 5850 insipientia,
1641 5800 1732 5838 sa-

157 5858 354 5924 pientia
403 5869 546 5923 enim
595 5870 868 5939 admmiet,
921 5887 1096 5943 neque
1136 5889 1194 5929 se
1233 5875 1506 5945 praferro,
1561 5891 1735 5946 neque

1755 4644 1804 4703 D

1821 3396 1953 3450 dceis
1987 3394 2134 3450 enim
2171 3393 2346 3463 accepi
2389 3390 2775 3463 quadragenas,
2823 3386 2878 3442 id
2918 3396 3004 3444 est
3050 3386 3405 3458 quadraginta

1819 3486 2204 3558 percussiones
2233 3486 2408 3538 minus
2430 3500 2537 3538 una
2570 3481 2748 3553 (Deut.
2774 3497 2900 3548 xxv,
2933 3481 3010 3552 5).
3052 3477 3163 3534 Nec
3193 3479 3298 3534 hoc
3317 3493 3406 3534 se-

1820 3580 1948 3645 mel,
1981 3579 2076 3634 sed
2104 3578 2398 3649 quinquies,
2424 3575 2478 3630 id
2502 3584 2586 3631 est
2617 3574 2861 3646 quinque
2889 3572 3121 3629 vicibus.

1893 3671 2136 3726 Traditio
2169 3669 2484 3724 Judaorum
2510 3667 2592 3724 sic
2627 3666 2880 3731 habebat,
2907 3674 2967 3720 ut
2994 3663 3192 3734 aliquis
3215 3671 3407 3718 contra

1825 3763 2166 3836 Synagogam
2196 3777 2363 3832 agens
2394 3758 2753 3830 quadraginta
2783 3757 2983 3812 ictibus
3022 3753 3328 3827 puniretur,
3355 3755 3404 3810 si
3482 3784 3486 3786 -

1822 3853 2329 3912 immisericorditer
2355 3861 2546 3907 contra
2574 3866 2700 3906 eum
2722 3857 2977 3921 agerent;
3023 3848 3119 3903 sed
3155 3847 3201 3902 si
3250 3846 3408 3902 mise-

1825 3947 2066 4003 ricordes
2087 3952 2290 4010 essent,
2317 3945 2383 4000 de
2413 3942 2773 4014 quadraginta
2819 3948 2954 4011 quot
2999 3940 3217 4004 vellent,
3265 3939 3409 3995 ictus

1824 4039 2096 4096 dimittere
2130 4043 2374 4108 possent.
2415 4034 2574 4090 Modo
2600 4033 2728 4104 quia
2759 4031 2988 4087 Paulum
3020 4048 3051 4087 a
3079 4032 3244 4087 verbo
3269 4046 3409 4102 pra-

1825 4112 2117 4188 dicatiouis
2149 4141 2493 4198 compescere
2541 4124 2859 4196 nequibant,
2894 4121 3193 4178 secundum
3240 4120 3408 4175 ritum

1827 4238 1989 4280 suum
2019 4221 2289 4278 ducebant
2311 4219 2364 4272 in
2399 4216 2742 4289 Synagogam
2769 4233 2781 4268 :
2806 4221 2952 4269 etne
2978 4213 3194 4284 penitus
3222 4211 3408 4266 immi-

1827 4313 2132 4372 sericordes
2164 4319 2542 4384 arguerentur,
2570 4323 2740 4362 unum
2765 4307 2932 4362 ictum
2961 4303 3167 4360 crudeli
3207 4303 3408 4358 astutia

1827 4406 2143 4464 relaxabant
2161 4405 2340 4459 adhuc
2361 4403 2426 4458 de
2450 4401 2640 4474 plagis.
2683 4399 2783 4453 Ter
2817 4397 2982 4454 etiam
3011 4397 3153 4467 apud
3181 4395 3409 4467 gentiles

1830 4501 1884 4556 in
1910 4497 2224 4554 Macedonia
2259 4511 2424 4551 cwsus
2452 4509 2568 4547 sum
2602 4492 2762 4563 virgis
2780 4489 2922 4562 (Act.
2953 4505 3064 4555 xvi,
3087 4487 3200 4557 22).
3240 4484 3412 4541 Semel

1830 4593 1899 4648 ab
1927 4589 2178 4662 Ephesiis
2207 4587 2477 4659 lapidatus
2517 4602 2635 4639 sum
2680 4583 2820 4655 (Act.
2873 4597 2985 4648 xw,
3030 4577 3142 4649 18),
3189 4576 3411 4648 quando

1829 4684 2065 4756 puellam
2111 4699 2141 4737 a
2166 4680 2474 4752 Pythonico
2508 4677 2702 4748 spiritu
2735 4673 2964 4730 liberavi
2991 4670 3169 4741 (ibid.,
3200 4669 3278 4740 9).
3313 4666 3414 4722 Ter

1829 4778 1992 4834 etiam
2017 4777 2116 4847 feci
2143 4775 2502 4845 naufragium,
2530 4773 2582 4827 id
2609 4779 2692 4826 est
2715 4778 2794 4824 ter
2825 4768 2880 4822 in
2906 4765 3045 4821 mari
3058 4761 3414 4833 naufragatus

1833 4886 1999 4928 sum..
2018 4868 2187 4922 Nocte
2214 4867 2380 4922 etiam
2409 4875 2456 4920 et
2489 4865 2574 4918 die
2607 4866 2664 4918 in
2691 4860 2953 4933 profundo
2983 4857 3147 4912 maris
3186 4855 3287 4927 fui.
3337 4854 3414 4910 De

1834 4961 1940 5016 hoc
1981 4976 2090 5014 non
2139 4960 2356 5030 legitur,
2410 4959 2552 5021 sive,
2605 4951 3064 5027 quemadmodum
3110 4949 3308 5016 Jonas,
3357 4948 3413 5004 in

1835 5067 1984 5105 mare
2014 5051 2296 5106 demersus
2327 5049 2399 5104 sit
2427 5048 2608 5118 ibique
2634 5063 2662 5102 a
2692 5045 2802 5101 Deo
2839 5051 3182 5109 reservatus,
3216 5041 3330 5097 sive
3357 5041 3412 5096 in

1833 5143 2126 5216 profundo,
2156 5144 2210 5199 id
2235 5127 2320 5199 est
2345 5144 2398 5198 in
2429 5142 2608 5198 medio
2657 5141 2751 5196 alti
2782 5139 2952 5196 maris
2993 5137 3100 5196 diei
3134 5147 3189 5194 et
3237 5137 3415 5194 noctis

1834 5238 2156 5294 continuum
2207 5251 2402 5316 passus
2438 5233 2511 5290 sit
2550 5232 2914 5305 naufragium.
2967 5229 3094 5288 Hac
3130 5229 3413 5302 naufragia

1832 5329 2158 5398 patiebatur,
2186 5329 2314 5383 dum
2343 5327 2410 5382 ad
2440 5326 2846 5398 pradicandum
2879 5323 3140 5380 transiret
3175 5322 3410 5393 navigio.

1830 5417 2095 5475 Ostensus
2133 5419 2298 5474 etiam
2333 5419 2455 5490 plus
2493 5418 2740 5474 minister
2783 5416 2988 5472 Christi
3037 5417 3093 5470 in
3137 5412 3412 5470 itineribus
3510 5416 3511 5419 “

1831 5528 1986 5584 ηερε.
2022 5510 2306 5578 Periculis,
2338 5511 2391 5567 id
2417 5519 2501 5567 est
2523 5527 2620 5581 per
2649 5509 2892 5582 pericula
2937 5505 3237 5578 fluminum,
3277 5519 3416 5575 quo-

1833 5622 1956 5660 rum
1986 5605 2219 5676 impetus
2245 5619 2445 5675 passus
2482 5620 2625 5668 sum,
2659 5612 2712 5658 et
2739 5619 2831 5673 per
2868 5599 3105 5672 pericula
3145 5598 3412 5651 latronum

1835 5697 2237 5752 verberantium
2268 5704 2322 5751 et
2345 5697 2693 5766 spoliantium
2724 5710 2830 5750 me.
2872 5691 2939 5746 Et
2969 5707 3064 5762 per
3090 5688 3325 5762 pericula
3347 5705 3412 5742 ea.

1837 5805 2017 5859 genere
2041 5805 2174 5864 meo,
2198 5788 2251 5842 id
2277 5797 2362 5842 est
2381 5802 2502 5858 qua
2531 5803 2562 5840 a
2593 5785 2794 5841 Judais
2820 5783 3082 5855 patiebar.
3119 5780 3186 5836 Et
3205 5795 3298 5852 per
3325 5797 3404 5851 pe-

1807 5951 1809 5953 _
1840 5880 2007 5934 ricula
2031 5899 2096 5936 ea:
2117 5880 2374 5951 gentibus,
2418 5879 2470 5934 id
2511 5887 2595 5934 est
2629 5893 2750 5948 qua
2773 5877 3017 5948 patiebar
3043 5893 3074 5931 a
3101 5874 3410 5948 gentilibus-
