3928 6474
598 461 697 516 9.71

593 572 660 629 Et
688 588 782 645 per
811 571 1045 643 pericula
1084 572 1142 625 in
1180 572 1391 626 civitate
1431 588 1571 643 saepe
1603 573 1737 627 mihi
1767 571 1948 641 illata;
1992 582 2047 629 et
2081 590 2172 644 per

592 664 832 741 pericula
857 664 1126 719 latronum
1153 664 1235 719 vel
1264 663 1560 719 bestiarum
1601 663 1657 718 in
1701 647 1990 719 solitudine
2028 663 2177 721 tole-

590 766 730 827 rata,
753 758 889 814 dum‘
905 773 1070 813 causa
1091 754 1488 827 praedicationis
1508 767 1730 811 nemora
1746 754 2130 826 pertransirem
2145 766 2177 823 ;‘

589 867 690 923 per
718 844 958 922 pericula
998 849 1160 904 etiam
1189 846 1549 918 praetermissa
1589 847 1641 901 in
1674 847 1811 902 mari
1859 861 2001 918 saepe
2025 847 2162 903 tole-

591 951 730 1009 rata,
754 958 850 1013 per
870 941 1110 1012 pericula
1134 940 1298 995 etiam
1324 952 1446 1009 qua:
1474 940 1530 993 in
1549 938 1707 1010 falsis
1735 939 1992 1009 fratribus
2022 954 2165 1010 saepe

588 1034 816 1107 pertuli;
848 1050 945 1105 per
963 1033 1077 1088 haec
1099 1031 1283 1086 omnia
1313 1030 1592 1101 praemissa
1619 1038 1872 1087 ostensus
1896 1045 2017 1087 sum
2040 1032 2164 1102 plus

589 1143 711 1184 esse
744 1126 995 1203 minister
1017 1123 1221 1179 Christi
1244 1136 1406 1193 quam
1430 1119 1526 1177 illi.
1562 1120 1826 1179 Ostensus
1848 1137 1968 1178 sum
1998 1120 2163 1179 etiam

590 1220 835 1275 minister
886 1215 1089 1275 Christi
1135 1217 1193 1270 in
1247 1215 1425 1269 labore
1478 1223 1530 1269 et
1577 1226 1833 1281 (erumna,
1885 1212 1939 1270 id
1980 1223 2065 1271 est
2106 1215 2162 1270 in

600 1324 896 1368 erumnoso
917 1303 1122 1375 labore,
1145 1308 1366 1379 quando
1397 1305 1576 1363 febres
1601 1305 1685 1362 vel
1710 1306 1921 1377 aliquos
1940 1307 2162 1364 morbos

589 1403 876 1475 patiebar,
903 1410 959 1458 et
982 1417 1082 1469 me
1119 1410 1303 1457 tamen
1340 1399 1589 1455 laborare
1631 1398 1930 1469 oportebat.
1986 1398 2045 1454 ln
2083 1399 2162 1455 la-

584 1494 737 1562 bore,
774 1490 916 1559 dico,
963 1492 1128 1548 etiam
1171 1491 1357 1546 habito
1404 1490 1462 1544 in
1507 1478 1689 1543 multis
1730 1488 1959 1560 vigiliis;
2009 1489 2160 1560 quia,

581 1603 709 1643 cum
731 1595 844 1642 tota
867 1585 953 1640 die
974 1583 1342 1655 praedicasset,
1364 1575 1523 1637 nocte
1547 1581 1827 1637 laborabat
1846 1582 1989 1637 unde
2015 1581 2163 1638 vive-

582 1688 683 1734 ret.
726 1676 825 1732 Vel
872 1676 1109 1732 orationi
1157 1675 1487 1745 plerumque.
1516 1658 1847 1745 invigilabat.
1898 1671 2161 1731 Osteusus

583 1785 708 1826 sum
741 1769 907 1824 etiam
931 1764 1181 1822 minister
1201 1764 1425 1831 Christi,
1460 1764 1677 1835 infame
1709 1773 1759 1819 et
1786 1765 1898 1833 siti,
1927 1775 1980 1820 et
2001 1765 2056 1818 in
2077 1763 2162 1834 je-

577 1862 747 1933 juniis
771 1859 976 1926 multis,
1019 1858 1180 1914 modo
1206 1865 1418 1928 sponte,
1449 1857 1613 1912 modo
1640 1858 1866 1928 penuria
1897 1856 2162 1912 toleratis.

583 1950 859 2007 Os'tensus'
885 1964 1007 2005 sum
1053 1949 1217 2005 etiam
1249 1948 1497 2004 minister
1531 1946 1735 2003 Christi
1781 1950 1838 2003 in
1874 1948 2069 2019 frigore
2111 1956 2162 2003 et

580 2045 854 2107 nuditate;
884 2040 1032 2112 quia,
1076 2039 1122 2095 si
1150 2038 1324 2112 frigus
1362 2052 1451 2095 me
1497 2040 1743 2111 cogebat,
1790 2039 2011 2096 nuditas
2046 2046 2164 2095 erat

580 2148 703 2204 quae
724 2131 898 2204 frigus
922 2129 1157 2187 fovebat.
1198 2128 1323 2185 Haec
1360 2129 1429 2185 de
1468 2130 1668 2200 quibus
1703 2129 1869 2185 modo
1897 2128 2162 2201 gloriatus

579 2241 726 2293 sum,
757 2226 811 2280 in
834 2239 1064 2295 corpore
1087 2223 1313 2295 pertuli;
1346 2221 1441 2279 sed
1461 2232 1655 2293 praeter
1688 2221 1787 2277 illa
1813 2238 1934 2294 gum
1958 2222 2162 2277 extrin-

576 2335 748 2384 secus,
782 2316 837 2372 id
869 2324 954 2372 est
994 2316 1051 2369 in
1097 2328 1327 2386 corpore
1374 2323 1503 2370 sunt
1533 2315 1784 2384 tolerata,
1824 2322 1909 2371 est
1955 2313 2162 2385 aliquid

576 2408 726 2481 quod
751 2424 836 2464 me
862 2414 1022 2464 vexat
1055 2407 1305 2474 interius,
1342 2407 1569 2473 scilicet,
1605 2406 1920 2478 quotidiana
1966 2406 2163 2461 sollici-

579 2501 707 2555 tudo
732 2500 967 2554 omnium
993 2497 1374 2565 Ecclesiarum,
1403 2499 1457 2554 id
1480 2506 1562 2554 est
1583 2498 1730 2570 quod
1752 2499 1903 2573 omni
1927 2498 2016 2554 die
2045 2498 2160 2555 solo

575 2592 762 2649 licitus
783 2607 905 2647 sum
930 2591 997 2647 de
1021 2598 1165 2645 statu
1199 2590 1367 2646 totius
1394 2589 1670 2647 Ecclesiae.
1708 2589 1835 2646 Haec
1855 2590 2162 2647 sollicitudo

574 2693 660 2740 est
687 2688 808 2739 mea
839 2682 1122 2747 instantia,
1146 2679 1200 2735 id
1220 2691 1304 2737 est
1324 2682 1545 2738 assidue
1565 2681 1701 2737 mihi
1721 2683 1907 2749 instat,
1938 2691 1994 2738 et
2019 2697 2161 2753 pun-

574 2777 671 2847 git,
700 2785 755 2832 et
775 2777 1012 2849 graviter
1034 2793 1123 2833 me
1144 2777 1406 2834 stimulat.
1446 2773 1577 2831 Plus
1601 2781 1687 2830 est
1712 2774 1968 2830 instantia
1993 2788 2159 2845 quam

573 2868 902 2927 sollieitudo.
944 2868 1206 2926 Instantia
1237 2868 1384 2925 enim
1414 2867 1627 2923 vexatio
1668 2865 1869 2923 dicitur
1912 2867 2159 2937 corporis

572 2970 628 3017 et
657 2960 857 3030 animi;
893 2960 1203 3017 sollicitudo
1232 2960 1405 3017 solius
1432 2958 1622 3015 animi.

649 3053 780 3110 Vere
804 3069 902 3126 pro
929 3056 1187 3111 omnibus
1223 3054 1489 3110 sollicitus
1516 3068 1667 3120 sum,
1713 3053 1841 3124 quia
1879 3052 1997 3124 quis
2045 3048 2154 3106 fra-

567 3156 717 3202 trum
739 3147 1063 3218 inﬁrmatur,
1103 3145 1304 3202 cadens
1338 3145 1393 3200 in
1426 3153 1730 3215 peccatum,
1755 3142 1839 3199 vel
1871 3142 2034 3198 etiam
2058 3156 2156 3213 per

575 3240 738 3312 196
799 3239 1053 3295 morbum
1102 3236 1367 3310 corporis,
1415 3246 1469 3293 et
1505 3253 1598 3309 ego
1633 3237 1818 3293 statim
1860 3252 1962 3291 non
2005 3236 2155 3306 inﬁr-

568 3347 704 3396 mor,
729 3326 895 3386 idest
920 3345 1029 3385 non
1057 3329 1243 3400 judico
1283 3329 1653 3387 inﬁrmitatem
1679 3329 1800 3399 ejus
1825 3343 2002 3383 meam
2031 3343 2153 3384 esse

567 3418 927 3475 condolendo.
984 3417 1051 3474 Et
1097 3420 1215 3490 quis
1255 3417 1484 3473 fratrum
1528 3417 1929 3472 scandalizatur
1968 3418 2054 3473 vel
2095 3418 2154 3474 in

564 3511 710 3576 cibo,
743 3511 827 3564 vel
852 3511 907 3565 in
929 3510 1113 3581 aliquo
1141 3511 1269 3578 alio,
1291 3519 1340 3565 et
1363 3527 1454 3581 ego
1477 3510 1659 3567 statim
1686 3527 1789 3564 non
1813 3525 1959 3578 uror,
1990 3510 2044 3566 id
2069 3519 2155 3566 est

564 3612 787 3676 propter
814 3602 1238 3659 scandalizatum
1280 3601 1503 3658 fratrem
1532 3603 1808 3658 anxietate
1845 3602 2013 3657 animi
2040 3618 2152 3658 non

562 3697 904 3754 comburor?
936 3695 1213 3752 Gloriatus
1247 3711 1369 3752 sum
1409 3696 1465 3751 in
1498 3694 1800 3766 praemissis
1827 3694 1892 3749 de
1921 3694 2004 3748 his
2029 3709 2153 3764 qua:

563 3802 701 3860 sunt,
718 3806 853 3846 meae
872 3788 1203 3846 inﬁrmitatis
1230 3806 1242 3843 :
1267 3796 1321 3843 et
1343 3787 1523 3843 adhuc
1545 3786 1613 3842 de
1632 3784 1838 3842 eisdem
1861 3783 2149 3856 gloriabor,

561 3883 611 3935 si
642 3898 729 3936 me
753 3882 976 3953 gloriari
1019 3889 1241 3952 oportet,
1275 3879 1419 3936 sicut
1470 3892 1661 3933 revera
1702 3891 1929 3933 necesse
1967 3884 2053 3932 est
2091 3885 2153 3932 ut

563 3960 945 4045 deprimantur
972 3973 1198 4055 pseudo,
1245 3971 1638 4051 et‘aediiicetur
1676 3970 1938 4028 Ecclesia.
1984 3966 2054 4024 Et
2091 3970 2150 4024 in

560 4067 647 4122 his
671 4068 737 4121 de
765 4067 964 4137 quibus
997 4066 1261 4137 gloriatus
1293 4080 1416 4120 sum
1455 4072 1511 4120 et
1539 4064 1834 4136 gloriabor,
1863 4063 2007 4121 Deus
2047 4062 2148 4117 scit

562 4155 701 4225 quod
726 4157 779 4210 in
805 4157 956 4210 nullo
980 4155 1175 4211 horum
1207 4157 1431 4209 mentior
1454 4170 1472 4209 :
1502 4156 1598 4226 qui
1618 4164 1703 4211 est
1728 4154 1870 4209 Deus
1909 4164 1960 4210 et
1983 4153 2150 4210 Pater

565 4242 778 4303 Domini
817 4248 916 4301 mei
943 4245 1071 4302 Jesu
1098 4246 1298 4302 Christi
1321 4262 1338 4300 :
1361 4256 1415 4302 et
1434 4263 1532 4318 per
1550 4246 1737 4302 Jesum
1760 4245 2043 4303 Christum
2062 4246 2149 4302 fa-

559 4340 794 4395 miliaris
818 4338 950 4394 mihi
978 4359 990 4394 :
1019 4341 1109 4412 qui
1141 4337 1286 4394 Deus
1317 4349 1393 4393 est
1420 4339 1721 4394 benedictus
1744 4340 1802 4393 in
1821 4340 2021 4395 saecula
2050 4355 2150 4412 per

554 4431 837 4487 Christum
870 4429 1089 4499 Jesum;
1130 4439 1186 4486 et
1223 4446 1320 4501 per
1360 4446 1539 4487 meam
1567 4432 2026 4502 praedicationem.
2071 4432 2150 4489 De

552 4514 968 4595 hoc,'inquam,
1010 4539 1122 4579 non
1159 4523 1416 4590 mentior,
1458 4523 1606 4595 quod
1639 4522 1915 4592 Damasci,
1959 4523 2016 4579 id
2063 4533 2150 4580 est

1132 459 1187 513 S.
1232 458 1576 515 BRUNON‘lS
1612 458 2254 516 CARTHUSIANORUM
2293 460 2778 518 l'NSTlTUTORlS
2815 461 2966 517 OPP.
3006 444 3187 519 PARS
3223 446 3286 519 ll.

3681 468 3760 525 τις

2197 578 2245 637 Α
2272 575 2483 631 dixerat
2509 576 2576 632 de
2596 592 2665 632 eo
2693 595 2705 630 :
2736 596 2754 629 ‹
2783 576 2891 632 Vas
2915 576 3197 634 electionis
3209 587 3292 635 est
3314 578 3447 634 mihi
3474 576 3584 645 iste,-
3609 587 3658 634 ut
3677 595 3768 652 μικ-

2264 676 2344 723 tet
2379 682 2576 724 nomen
2603 683 2787 724 meum
2815 683 3000 725 coram
3030 670 3248 741 regibus
3275 679 3332 726 et
3354 671 3478 728 ﬁliis
3503 671 3643 731 Israel
3662 674 3764 742 (Att.

2267 774 2342 826 ix,
2371 760 2482 831 15).
2511 778 2531 812 ι
2583 758 2699 832 Ego
2735 759 2882 816 enim
2921 762 3205 818 ostendam
3240 762 3321 818 illi
3362 773 3556 835 quanta
3581 776 3765 838 oporteat

2263 866 2391 906 eum
2428 864 2528 922 pro
2562 852 2784 908 nomine
2816 866 2939 908 meo
2973 852 3103 940 pati.

2286 948 2291 949 “
2861 943 3090 1001 CAPUT
3122 943 3239 1002 XII.

2339 1054 2359 1089 ‹
2405 1034 2464 1092 Si
2500 1036 2721 1108 gloriari
2756 1045 2969 1108 oportet
3000 1035 3131 1109 (non
3175 1036 3398 1108 expedit
3436 1035 3670 1110 quidem),
3702 1055 3767 1096 vc-

2270 1144 2291 1181 ι
2334 1128 2482 1184 niam
2517 1138 2698 1185 autem
2736 1128 2807 1185 ad
2830 1128 3086 1185 visiones
3116 1136 3172 1186 et
3200 1129 3552 1186 revelationes
3592 1129 3767 1188 Domini.
3834 1186 3835 1195 χ

2270 1239 2290 1273 ι
2335 1219 2463 1277 Scio
2483 1221 2760 1277 hominem
2802 1222 2859 1278 in
2886 1221 3112 1279 Christo
3141 1230 3267 1279 ante
3292 1238 3469 1279 annos
3507 1225 3768 1295 quattuorde-

2269 1327 2289 1362 ι
2331 1311 2461 1377 cim,
2504 1310 2621 1367 sive
2661 1310 2720 1365 in
2740 1324 3015 1383 corpore,
3058 1311 3175 1369 sive
3200 1321 3356 1368 extra
3389 1328 3598 1384 corpus,
3618 1315 3767 1381 nescio,

2269 1419 2289 1453 ι
2329 1398 2477 1456 Deus
2504 1400 2629 1468 scit,
2672 1409 2891 1472 raptum
2934 1400 3250 1473 hujusmodi
3293 1418 3471 1475 usque
3508 1404 3569 1460 ad
3608 1405 3767 1461 tertiam

2269 1508 2288 1542 ε
2330 1491 2549 1546 omium.
2590 1490 2659 1546 Et
2680 1492 2796 1548 scio
2818 1492 3130 1564 hujusmodi
3161 1493 3465 1562 hominem,
3491 1493 3599 1551 sive
3618 1495 3663 1550 in
3681 1511 3768 1551 cot-

2269 1600 2288 1632 ι
2330 1596 2481 1652 pore,
2527 1582 2643 1639 sive
2668 1590 2822 1640 extra
2848 1599 3068 1656 corpus,
3099 1585 3307 1653 nescio,
3356 1585 3498 1643 Deus
3539 1587 3644 1653 scit,
3672 1603 3767 1658 quo-
3834 1642 3835 1667 1

2258 1666 2289 1722 ἰ
2328 1672 2481 1728 niam
2510 1683 2701 1745 raptus
2737 1683 2822 1730 est
2860 1675 2915 1730 in
2945 1676 3286 1747 paradisum,
3321 1685 3376 1733 et
3412 1678 3607 1734 audivit
3627 1693 3766 1734 arcam

2268 1779 2289 1813 ί
2334 1763 2499 1817 verba
2526 1778 2648 1833 quae
2667 1779 2778 1819 non
2805 1765 2929 1820 licet
2953 1765 3160 1820 homini
3185 1767 3358 1839 loqui.
3394 1766 3501 1823 Pro
3524 1768 3765 1839 hujusmodi

2268 1873 2288 1906 ί
2332 1853 2607 1926 gloriabor
2636 1873 2649 1910 :
2680 1871 2781 1927 pro
2808 1872 2896 1913 me
2930 1866 3112 1913 autem
3144 1858 3302 1926 nihil,
3332 1860 3439 1916 nisi
3465 1861 3520 1915 in
3546 1860 3766 1915 inﬁrmiu-

2193 1916 2237 1977 Β
2269 1963 2289 1997 ι
2332 1945 2480 2002 tibus
2500 1946 2656 2002 meis.
2693 1945 2830 2003 Nam
2859 1957 2913 2005 et
2943 1947 2990 2004 si
3026 1950 3250 2006 voluero
3293 1951 3535 2022 gloriari,
3579 1967 3671 2007 non
3706 1966 3766 2006 ero

2269 2057 2287 2091 ι
2328 2039 2614 2111 insipiens.
2637 2039 2949 2097 Neritatem
2996 2043 3139 2098 enim
3181 2042 3386 2120 dicam.
3424 2043 3589 2099 Pareo
3619 2051 3763 2107 autem.

2264 2144 2288 2182 ἀ
2332 2146 2401 2186 ne
2436 2131 2561 2203 quis
2591 2147 2680 2188 me
2707 2133 2986 2189 existimet
3012 2148 3177 2204 supra
3209 2135 3262 2190 id
3293 2134 3439 2206 quod
3465 2134 3600 2190 videt
3631 2134 3676 2189 in
3697 2147 3762 2196 me,

2268 2242 2287 2276 ι
2330 2231 2425 2279 aut
2443 2225 2596 2281 audit
2620 2224 2825 2296 aliquid
2852 2241 2921 2281 ex
2947 2240 3053 2282 me.
3092 2225 3159 2281 Et
3189 2242 3261 2282 ne
3288 2226 3598 2299 magnitudo
3615 2225 3765 2281 reveh-

2267 2335 2287 2367 ‹
2330 2316 2543 2390 tionum
2573 2317 2797 2373 extollat
2815 2332 2924 2386 me,
2951 2306 3113 2375 datus
3136 2326 3226 2375 est
3258 2319 3397 2374 mihi
3426 2317 3658 2374 stimulus
3683 2331 3763 2370 ατο

2268 2426 2286 2462 ι
2331 2408 2418 2466 nis
2467 2424 2622 2477 meat,
2677 2410 2904 2482 angelus
2954 2408 3189 2479 Satanae,
3236 2409 3334 2482 qui
3376 2424 3465 2466 me
3516 2408 3761 2480 colaphitet

2268 2519 2288 2554 ι
2334 2501 2566 2573 Pmpter
2587 2503 2735 2573 quod
2764 2511 2847 2558 ter
2873 2500 3163 2558 Dominum
3189 2503 3380 2574 rogavi
3406 2511 3465 2559 ut
3488 2502 3761 2558 discederet:

2267 2606 2287 2640 ι
2329 2606 2437 2657 me,
2468 2600 2541 2671 ‘et
2573 2592 2710 2648 dixit
2739 2593 2876 2648 mihi
2902 2612 2915 2648 :
2947 2591 3155 2650 Suﬂicit
3180 2594 3281 2649 tibi
3312 2594 3483 2666 gratia
3511 2608 3647 2659 mea;
3679 2604 3760 2644 nan

2266 2700 2286 2735 ι
2333 2683 2507 2739 virtus
2560 2684 2616 2739 in
2658 2684 2974 2741 inﬁrmitate
3018 2674 3319 2755 perﬁcitur.
3379 2685 3620 2741 Libenter
3653 2682 3761 2753 igitur

2265 2793 2285 2827 ‹
2327 2777 2604 2847 gloriabor
2632 2777 2687 2832 in
2729 2776 3136 2832 inﬁrmitatibus
3165 2777 3327 2843 meis,
3375 2787 3437 2833 ut
3474 2775 3696 2832 inhabitet
3723 2771 3757 2825 in

2258 2886 2285 2920 η(
2331 2882 2420 2923 me
2442 2868 2616 2925 virtus
2644 2867 2870 2925 Christi.
2910 2868 3138 2939 Propter
3182 2870 3334 2940 quod
3378 2869 3561 2940 placeo
3596 2865 3699 2921 mihi
3724 2862 3757 2916 in

2263 2976 2283 3011 ι
2325 2957 2738 3016 inﬁrmitatibus
2779 2960 2934 3026 meis,
2981 2959 3037 3015 in
3084 2960 3454 3027 contumeliis,
3491 2960 3545 3014 in
3589 2952 3756 3013 necessi-

2256 3070 2283 3103 ι
2322 3051 2547 3120 tatibus,
2572 3052 2626 3107 in
2657 3050 3144 3124 persecutionibus,
3172 3052 3230 3108 in
3256 3051 3521 3125 angustiis
3553 3064 3637 3123 pro
3656 3044 3755 3103 Chii-

2262 3159 2282 3193 ι
2327 3151 2432 3198 sto.
2470 3130 2611 3198 Cum
2656 3142 2804 3198 enim
2849 3143 3119 3209 inﬁrmor,
3165 3152 3303 3203 tunc
3332 3151 3521 3215 potens
3547 3155 3666 3197 sum.
3691 3134 3753 3191 Fa-

2179 3262 2221 3321 c
2262 3253 2281 3287 ι
2324 3243 2446 3292 ctus
2467 3250 2589 3290 smn
2614 3234 2909 3309 insipiens;
2933 3248 3033 3289 vos
3054 3250 3141 3290 me
3163 3235 3443 3307 coegistis.
3481 3233 3586 3305 Ego
3609 3230 3752 3321 aliut

2259 3344 2279 3378 ‹
2322 3325 2479 3382 vobis
2507 3324 2670 3381 debui
2700 3323 3092 3381 commendari.
3142 3324 3297 3382 Nihil
3326 3327 3471 3382 enim
3511 3325 3665 3381 minus
3690 3313 3751 3373 led
3834 3344 3835 3385 ἢ

2258 3433 2278 3468 ι
2318 3415 2389 3471 ab
2417 3414 2507 3470 his
2547 3414 2642 3486 qui
2670 3422 2802 3470 sunt
2838 3430 3001 3486 supra
3029 3416 3256 3471 modum
3306 3415 3551 3487 apostoli.
3585 3405 3747 3467 Tamen

2257 3526 2276 3560 ι
2320 3508 2459 3564 nihil
2480 3524 2625 3577 sum,
2654 3509 2810 3582 signa
2830 3518 3012 3565 tamen
3042 3510 3389 3581 apostolatus
3417 3512 3518 3566 mei
3540 3508 3656 3564 facta
3671 3508 3752 3559 sunt
3834 3508 3835 3581 ξ

2257 3619 2276 3653 ι
2319 3615 2485 3671 super
2519 3614 2619 3657 vos
2662 3600 2718 3656 in
2759 3601 2909 3656 omni
2944 3602 3229 3673 patientia,
3261 3603 3324 3659 in
3351 3603 3519 3676 signis
3544 3610 3591 3657 et
3622 3593 3752 3669 μυῶν

2256 3711 2276 3744 ‹
2319 3692 2443 3764 giis,
2471 3700 2526 3747 et
2547 3692 2861 3748 virtutibus.
2897 3692 3040 3761 Quid
3067 3703 3153 3749 est
3175 3695 3330 3751 enim
3345 3695 3497 3768 quod
3521 3693 3664 3750 minus
3681 3688 3750 3741 ht-

2255 3803 2275 3836 ι
2319 3784 2515 3840 buistis
2541 3799 2654 3854 prae
2694 3785 2907 3841 caeteris
2948 3784 3229 3855 Ecclesiis,
3261 3789 3377 3845 nisi
3408 3786 3548 3860 quod
3567 3797 3640 3856 ego
3666 3780 3746 3847 ίρεο
3834 3810 3835 3813 η

2262 3894 2281 3930 ι
2325 3890 2436 3930 non
2477 3876 2695 3949 gravavi
2735 3877 2876 3932 vos?
2923 3876 3133 3934 Donate
3178 3878 3325 3934 mihi
3368 3879 3511 3936 hanc
3550 3869 3737 3945 injlﬁm-
3834 3876 3835 3915 Τ

2254 3987 2275 4021 ι
2317 3966 2458 4024 Ecce
2481 3968 2642 4025 tertio
2665 3967 2770 4024 hoc
2789 3978 3014 4040 paratus
3036 3985 3157 4026 sum
3178 3973 3374 4027 venire
3393 3972 3462 4027 ad
3482 3985 3572 4026 vos
3589 3984 3600 4022 :
3620 3970 3741 4019 αωιι

2254 4075 2274 4110 ο
2319 4072 2416 4113 ero
2453 4059 2635 4130 gravis
2660 4059 2835 4114 vobis.
2896 4058 3017 4115 Non
3060 4060 3208 4116 enim
3246 4075 3441 4131 quaero
3486 4071 3594 4132 quae
3626 4055 3746 4106 mm

2253 4172 2274 4206 ι
2316 4160 2464 4219 sunt,
2498 4152 2594 4208 sed
2627 4166 2744 4208 vos.
2793 4150 2905 4208 Nec
2944 4152 3097 4208 enim
3144 4153 3351 4210 debent
3382 4153 3478 4210 ﬁlii
3516 4141 3750 4223 parum

2253 4262 2274 4298 ι
2316 4244 2705 4311 thesaurizare,
2729 4243 2824 4299 sed
2850 4252 3103 4314 parentes
3128 4242 3277 4301 ﬁliis.
3320 4245 3436 4317 Ego
3453 4234 3749 4300 autemlibe"

2254 4353 2273 4386 ι
2314 4335 2531 4391 tissime
2558 4333 2889 4404 impendam,
2917 4342 2971 4389 et
2998 4335 3452 4405 superimpondar
3469 4346 3562 4405 ego
3580 4329 3749 4399 ἰμοομυ

2253 4444 2272 4479 ι
2318 4425 2608 4481 animabus
2630 4426 2855 4491 vestris;
2877 4424 3022 4492 licet,
3046 4425 3170 4496 plus
3185 4441 3287 4483 vos
3299 4409 3750 4499 diligens,mimts‘5'

2224 4532 2227 4533 '
2254 4541 2274 4574 ι
2314 4521 2470 4593 ligar.
2494 4518 2600 4575 Sed
2610 4526 2746 4574 esto.
2763 4518 2877 4591 Ego
2891 4534 2991 4575 vos
3006 4534 3113 4575 non
3127 4521 3371 4592 gravavi,
3384 4519 3476 4575 sed
3494 4528 3604 4572 cum
3624 4514 3745 4565 essel

552 4618 698 4687 apud
726 4614 1054 4673 Damascum
1082 4616 1398 4687 praepositus
1427 4616 1572 4671 illius
1597 4615 1788 4687 gentis,
1810 4619 2134 4687 praepositus
2165 4624 2211 4681 1)
2241 4636 2261 4669 ι
2309 4613 2466 4685 197
2489 4619 2723 4676 astutus,
2753 4610 2880 4665 dolo
2897 4626 2995 4666 vos
3007 4611 3146 4680 coepi
3181 4609 3455 4682 Nunquid,
3476 4620 3564 4679 per
3578 4600 3746 4687 alique!

551 4700 681 4764 dico'
709 4704 886 4764 Areto:
927 4710 1084 4781 regis,
1112 4707 1167 4763 id
1197 4716 1280 4764 est
1303 4708 1406 4763 sub
1436 4708 1598 4763 Arcta
1634 4724 1779 4779 rege,
1809 4708 1905 4779 qui
1928 4698 2005 4764 ibi
2035 4709 2144 4765 im-

551 4801 781 4871 peravit,
820 4798 909 4856 hie
942 4799 1291 4872 praepositus,
1330 4799 1634 4855 conductus
1664 4814 1826 4875 prece
1866 4808 1922 4855 et
1968 4800 2144 4871 pretio

551 4890 885 4957 Jud'morum,
908 4890 1233 4945 custodiebat
1262 4888 1528 4943 civitatem
1558 4886 2045 4956 Damascenorum,
2083 4898 2144 4944 ut

552 4980 645 5036 me
671 4984 1139 5053 comprehenderet.
1175 4980 1380 5038 Paulus
1408 4983 1554 5037 enim
1574 4983 1882 5054 baptizatus
1904 4983 1973 5039 ab
1992 4981 2143 5038 Ana--

552 5074 666 5137 nia,
696 5074 1012 5144 aliquandiu
1058 5083 1365 5130 remoratus
1398 5073 1672 5141 Damasci,
1722 5072 2025 5129 afﬁrmabat
2064 5073 2138 5128 ibi

552 5165 610 5219 in
656 5163 965 5237 Synagoga,
1013 5169 1273 5236 quoniam
1303 5168 1392 5222 hic
1431 5176 1516 5223 est
1565 5165 1822 5222 Christus
1863 5167 2003 5238 (Act.
2059 5183 2136 5234 tx,

554 5250 776 5329 22-24),
802 5260 919 5314 'etc.
958 5257 1078 5326 Quo
1115 5260 1231 5316 zelo
1272 5261 1530 5316 commoti
1566 5258 1738 5316 Judaei
1769 5267 2142 5316 convenerunt

552 5365 678 5405 cum
703 5348 887 5428 judice
921 5350 1093 5416 urbis,
1124 5357 1185 5404 ut
1216 5348 1420 5406 Paulus
1446 5349 2020 5421 comprehenderetur,
2047 5352 2142 5420 qui

548 5438 682 5499 reus
720 5448 885 5499 esset.
924 5440 1251 5513 Praepositus
1286 5443 1501 5497 volebat
1525 5458 1614 5498 me
1657 5442 2139 5514 comprehendere,

548 5544 602 5589 et
622 5534 724 5606 ego
751 5549 843 5604 per
865 5534 1149 5605 fenestram
1182 5535 1239 5587 in
1259 5542 1440 5605 sporta
1468 5534 1725 5589 demissus
1747 5551 1864 5589 sum
1893 5552 1927 5588 a
1952 5534 2141 5605 fratri-

552 5625 648 5680 bus
693 5630 786 5697 per
820 5642 1031 5680 murum
1071 5625 1290 5697 (domus
1330 5625 1475 5681 extim
1512 5626 1570 5680 in
1597 5641 1707 5696 qua
1732 5625 2130 5697 hospitabarur,

551 5719 793 5774 haerebat
819 5718 1021 5790 muro),
1055 5728 1104 5773 et
1148 5718 1225 5772 sic
1270 5719 1432 5789 effugi
1475 5734 1663 5773 manus
1697 5718 1813 5788 ejus
1858 5720 2133 5791 praepositi

552 5810 696 5881 (Act.
735 5827 811 5875 Ix,
839 5811 953 5882 25).
992 5808 1115 5868 Non
1143 5809 1329 5882 eﬂugit
1362 5818 1423 5865 ut
1463 5808 1848 5866 reformidaret
1878 5810 1991 5880 pati
2031 5825 2131 5881 pro

552 5902 772 5957 nomine
811 5901 1043 5971 Christi;
1087 5902 1181 5959 scd
1204 5912 1271 5959 ut
1294 5903 1611 5974 impleretur
1639 5902 1785 5975 quod
1814 5917 1919 5957 vox
1948 5901 2131 5958 divina

2257 4727 2276 4760 ι
2317 4720 2509 4762 eorum
2532 4718 2673 4775 quos
2693 4704 2823 4758 misi
2855 4703 2923 4758 ad
2950 4718 3066 4769 vos,
3089 4702 3443 4760 curcumveni
3468 4694 3587 4755 vos?
3602 4680 3748 4757 ηοεενί

2255 4820 2275 4853 ‹
2316 4798 2520 4864 Titum,
2547 4805 2602 4853 et
2646 4796 2772 4851 misi
2822 4810 2947 4851 cum
2986 4794 3082 4850 illo
3106 4793 3350 4850 fratrem.
3394 4784 3625 4860 Nunquid
3643 4777 3749 4833 Τίιυε

2255 4910 2275 4946 ι
2315 4906 2416 4948 vos
2443 4887 2831 4947 circumvenit?
2866 4885 3059 4942 Nonne
3103 4887 3298 4942 eodem
3349 4883 3536 4956 spiritu
3562 4866 3747 4956 ambo“:

2254 5001 2274 5035 ‹
2317 4982 2705 5049 vimus,nonne
2731 4978 2936 5034 eisdem
2958 4977 3235 5049 vestigiis?
3272 4949 3411 5033 Olim
3437 4969 3621 5046 putatis
3646 4949 3749 5031 quod

2252 5090 2273 5125 ι
2315 5084 2642 5128 excusemus
2663 5082 2763 5124 nos
2794 5067 2939 5139 apud
2979 5048 3115 5124 vos?
3158 5065 3359 5123 Coram
3382 5064 3488 5120 Deo
3518 5061 3569 5115 in
3585 5048 3747 5144 Christo
3834 5050 3835 5113 Ξ

2251 5181 2270 5215 ε
2314 5162 2611 5234 loquimur.
2641 5135 2846 5216 Omnia
2859 5169 3064 5227 autem,
3089 5157 3420 5225 charissimi,
3451 5135 3745 5226 υτοριετθάθ
3834 5172 3835 5233 γ

2249 5271 2269 5307 ε
2309 5244 2615 5310 ilcationem
2643 5264 2902 5309 vestram.
2950 5252 3142 5309 Timeo
3180 5252 3331 5308 enim
3375 5264 3443 5305 ne
3478 5244 3617 5305 forte.
3655 5236 3742 5341 ci“

2247 5364 2269 5398 ι
2312 5361 2535 5415 venero,
2563 5360 2675 5401 non
2700 5345 2893 5415 quales
2920 5345 3048 5400 volo
3069 5344 3347 5400 inveniam
3372 5355 3486 5405 vos,
3512 5344 3559 5390 et
3578 5338 3662 5398 εσυ
3686 5319 3741 5371 ί¹³“

2247 5462 2267 5496 ι
2306 5442 2498 5498 veniar
2525 5458 2557 5498 a
2583 5441 2758 5509 vobis,
2802 5441 3019 5512 qualem
3044 5456 3156 5495 non
3182 5441 3367 5508 vultis,
3392 5452 3458 5493 ne
3489 5431 3612 5488 forte
3643 5426 3739 5512 αφ’

2246 5555 2265 5590 ι
2308 5535 2601 5601 tentiones,
2634 5533 3033 5600 aemulationes,
3069 5532 3479 5594 animositates,
3501 5517 3739 5611 dissenSIll‘

2245 5649 2264 5682 α
2310 5643 2426 5695 nes,
2465 5626 2850 5694 detractiones,
2892 5627 3322 5693 susurrationes,
3351 5617 3643 5678 inﬂationes,
3678 5608 3738 5652 ⁵⁸⁸
3834 5608 3835 5685 i

2244 5740 2263 5772 ι
2306 5719 2561 5786 ditiones,
2604 5718 2715 5774 sint
2757 5718 2899 5773 inter
2925 5733 3047 5784 vos,
3087 5731 3156 5773 ne
3192 5718 3404 5780 iterum,
3434 5722 3545 5766 cum
3570 5698 3735 5754 νεῦσον
3834 5702 3835 5759 1

2243 5828 2262 5862 c
2306 5809 2556 5864 humiliet
2575 5823 2663 5863 me
2691 5807 2838 5863 Deus
2872 5807 3017 5879 apud
3037 5823 3175 5874 vos,
3204 5816 3260 5863 et
3283 5805 3485 5876 lugeam
3508 5787 3732 5876 mum"?

2241 5921 2261 5954 ε
2303 5903 2390 5959 his
2415 5902 2663 5974 quiante
2696 5909 3082 5972 peccaverunt,
3125 5910 3180 5957 et
3221 5915 3328 5957 non
3363 5893 3567 5965 egerunt
3603 5880 3734 5948 ΡΜ·
3834 5886 3835 5965 ᾖ
