3928 6408
130 351 274 414 273
770 356 1141 419 EXPOSITIO
1177 361 1246 416 IN
1282 362 1664 422 EPISTOLAS
1697 367 1923 425 PAULI.
1965 401 2032 411 —
2071 371 2141 427 IN
2179 373 2398 439 EPIST.
2435 375 2481 433 ll
2520 381 2612 436 AD
2645 382 2800 440 COR.
3105 351 3111 355 ν
3312 391 3419 448 274

139 488 168 520 σ
237 469 465 526 tentiam
489 484 655 540 super
682 471 1028 528 immunditia
1067 482 1121 530 et
1154 472 1535 545 fornicatione,
1558 486 1612 532 et
1642 477 1746 532 im-
1771 481 1907 542 Ain
1957 492 2163 553 quanta
2216 488 2548 557 perfectione
2595 495 2685 552 hic
2749 499 2938 555 tertius
2993 502 3127 556 ordo
3179 502 3424 560 intuetur

139 579 166 610 ς
225 560 497 631 pudicitia
517 577 683 632 quam
705 572 1012 634 gesserunt.
1063 584 1081 616 ι
1845 573 2044 643 Deum,
2072 585 2183 634 tam
2205 580 2437 649 perfecte
2459 584 2660 643 Paulus
2687 588 2821 644 vidit
2851 599 2906 646 et
2937 594 3190 664 cognovit
3221 611 3418 650 arcana

1851 664 1967 722 Dei.
2013 667 2110 725 Vel
2147 671 2342 728 aliter:
2394 673 2465 730 Ut
2488 678 2734 734 dicamus
2765 682 2998 751 primum
3031 685 3417 756 198.cmlum

1850 774 2140 830 corporeas
2171 765 2294 820 caeli
2330 777 2630 838 creaturas,
2664 773 2855 839 solem,
2897 775 3104 843 lunam,
3147 787 3281 844 etc.;
3332 795 3418 833 se-

1849 854 2091 910 cundum
2132 857 2352 926 cmlum,
2400 860 2769 932 incorporeas,
2811 872 2870 919 ut
2903 867 3151 938 angelos;
3198 869 3420 937 tertium

1849 947 2069 1015 caelum,
2115 949 2353 1006 divinam
2391 955 2702 1022 essentiam,
2749 956 2815 1011 ad
2865 958 3022 1028 cujus
3054 960 3419 1031 cognitionem

1849 1049 2036 1109 raptus
2061 1051 2144 1097 est
2172 1041 2392 1100 Paulus.
2435 1044 2560 1101 Scio
2582 1047 2744 1103 etiam
2775 1048 3048 1105 hominem
3082 1052 3417 1123 hujusmodi,

1845 1129 1953 1184 sive
1983 1131 2038 1184 in
2081 1148 2294 1202 corpore
2327 1134 2436 1189 sive
2461 1146 2614 1190 extra
2637 1154 2843 1208 corpus,
2873 1141 3078 1206 nescio,
3111 1141 3252 1210 Deus
3278 1145 3418 1210 scit;

1847 1221 1951 1278 hoc
1975 1224 2090 1280 scio
2113 1228 2382 1296 quoniam,
2422 1227 2476 1283 id
2499 1238 2583 1284 est
2605 1232 2772 1301 quod,
2800 1241 2982 1302 raptus
3013 1243 3091 1287 est
3115 1235 3171 1288 in
3200 1237 3420 1306 paradi-

797 671 1102 714 EXPOSITIO.

225 739 515 796 Gloriatus
538 757 661 797 sum
685 744 940 813 superius
967 744 1036 817 de
1060 748 1197 805 meis
1225 748 1656 808 inﬁrmitatibus.
1689 748 1749 805 Si

125 828 363 885 iterum
387 833 611 902 gloriari
638 843 840 904 oportet
878 837 1040 909 (sicut
1072 839 1259 911 utique
1284 850 1507 913 propter
1543 843 1750 913 pseudo

122 931 531 992 opportunum
558 935 661 981 est.
692 925 1083 1003 lnterpositio),
1114 933 1160 987 si
1189 943 1423 1004 oportet.
1451 952 1554 989 non
1590 952 1749 1006 empe-

123 1016 227 1068 dit
251 1017 493 1087 quidem,
529 1017 585 1073 id
618 1028 704 1074 est
724 1036 812 1076 me
842 1021 897 1076 in
943 1024 1094 1079 nullo
1123 1025 1257 1081 facit
1280 1029 1590 1099 expeditum
1634 1029 1751 1084 haec

121 1107 356 1178 gloria.
386 1107 466 1175 Si,‘
489 1110 735 1181 inquam,
767 1123 999 1183 oportet,
1026 1117 1230 1172 veniam
1249 1122 1318 1172 ad
1342 1120 1585 1188 visiones,
1607 1129 1746 1196 etc.v;

126 1209 242 1254 aut
265 1201 525 1273 jungitur
566 1202 639 1258 ibi
667 1222 680 1258 :
734 1203 886 1261 Licet
917 1218 1184 1276 quantum
1215 1213 1283 1266 ad
1312 1227 1399 1268 me
1439 1228 1550 1268 non
1585 1228 1750 1285 expe-

130 1291 287 1358 diat,
341 1302 525 1348 tamen
551 1295 767 1350 veniam
799 1298 866 1352 ad
897 1298 1136 1357 visiones
1163 1310 1217 1358 et
1238 1303 1594 1360 revelationes
1631 1304 1746 1360 Do-

144 1385 306 1450 mini,
355 1394 412 1474 et
436 1386 491 1440 in
535 1387 643 1443 illis
687 1390 978 1459 gloriabor.
1008 1391 1258 1451 Visiones
1285 1397 1421 1452 dicit
1457 1406 1512 1453 et
1542 1399 1748 1454 revela-

142 1476 356 1543 tiones,
404 1477 534 1549 quia
575 1481 723 1551 quod
763 1482 894 1539 vidit
934 1486 1235 1554 revelatum
1277 1498 1360 1544 est
1399 1491 1518 1560 ejus
1556 1492 1745 1562 cogni-

139 1565 325 1632 tioni;
367 1567 464 1622 sed
493 1568 720 1639 quidam
757 1570 1071 1630 habuerunt
1107 1575 1369 1645 visiones,
1422 1589 1484 1635 ut
1531 1579 1746 1638 Pharao

130 1666 194 1711 et
219 1655 765 1729 Nabuchodonosor,
808 1679 911 1720 nec
939 1674 1121 1722 tamen
1162 1668 1436 1726 visionum
1460 1673 1747 1731 revelatio-

1832 1331 1984 1382 .sum,
2018 1315 2072 1371 id
2108 1326 2194 1372 est
2240 1318 2296 1374 in
2345 1327 2454 1374 tam
2492 1321 2804 1378 deliciosam
2847 1325 3086 1394 quietem
3119 1328 3316 1399 mentis
3360 1336 3420 1382 ut

1845 1407 1981 1462 nihil
2016 1409 2238 1464 sentiret
2271 1427 2484 1468 carnea:
2517 1414 2696 1470 molis.
2721 1414 3018 1487 Paradisus
3048 1419 3193 1474 enim
3218 1420 3419 1474 dicitur

1846 1499 2040 1556 hortus
2070 1501 2408 1558 deliciarum.
2446 1503 2514 1558 Et
2542 1505 2629 1561 hic
2656 1507 2838 1574 homo,
2878 1509 2951 1563 ita
2969 1518 3187 1579 raptus,
3214 1511 3419 1565 audivit

1847 1608 2047 1647 arcana
2076 1593 2230 1648 verba
2252 1611 2369 1665 qum
2399 1611 2501 1651 non
2529 1596 2652 1651 licet
2673 1598 2872 1653 homini
2901 1599 3065 1671 loqui,
3101 1603 3154 1672 id
3178 1613 3416 1673 estqute,

1840 1683 1996 1755 juxta
2022 1686 2169 1757 quod
2191 1687 2356 1742 homo
2381 1695 2484 1756 est,
2513 1704 2673 1743 nemo
2695 1690 2992 1762 intelligere
3016 1690 3231 1747 sufﬁcit.
3279 1692 3422 1750 Dicit

130 1765 267 1804 nes.
327 1748 486 1806 Nunc
534 1753 601 1808 de
648 1769 707 1809 se
735 1739 1010 1825 loquendo
1046 1774 1142 1828 per
1171 1762 1389 1818 tertiam
1430 1779 1736 1834 personam,

1840 1739 2399 1849 'beatusjAugustinus
2428 1780 2545 1836 haec
2571 1796 2767 1837 arcana
2799 1739 2922 1838 esse
2938 1784 3082 1854 quod
3114 1785 3260 1851 vidit.
3278 1801 3419 1855 quo-

130 1842 397 1898 visiones
423 1854 660 1912 enarrat,
687 1845 876 1904 dicens
909 1868 922 1903 :
984 1847 1106 1904 Scio
1134 1853 1395 1908 hominem
1448 1856 1558 1926 (me
1590 1858 1736 1912 scili-

1847 1829 1864 1832 ν
1891 1829 2036 1833 η---
2060 1829 2396 1849 ηο----η-
2428 1829 2543 1836 __-
2572 1829 2767 1837 --ηπ
2801 1829 2921 1838 ww
2939 1829 3082 1854 ,μη
3127 1829 3386 1855 ,ίαν

1848 1870 2012 1925 modo
2037 1869 2276 1928 Trinitas
2303 1871 2357 1926 in
2386 1869 2624 1939 Unitate,
2652 1872 2844 1930 Unitas
2876 1886 3024 1931 esset
3047 1876 3101 1930 in
3129 1875 3416 1932 Trinitate.

130 1937 252 2006 cet)
284 1938 530 2008 positum
559 1941 615 1994 in
641 1939 872 2009 Christo,
905 1954 1137 2015 raptum,
1161 1955 1300 2009 etc.:
1343 1958 1398 2003 et
1417 1949 1524 2005 hoc
1537 1949 1740 2006 factum

128 2038 230 2084 est
264 2038 395 2084 ante
423 2047 588 2085 annos
612 2034 1034 2102 quatuordecim,
1062 2053 1209 2092 nunc
1229 2047 1556 2097 transactos.
1588 2040 1742 2110 Quod

132 2131 229 2177 tot
266 2123 433 2179 annis
453 2126 694 2193 reticuit,
725 2129 970 2183 nondum
990 2131 1242 2200 aperiret,
1268 2133 1373 2190 nisi
1400 2144 1743 2207 contemptus

134 2214 242 2268 sui
294 2213 582 2270 ministerii
631 2231 758 2271 eum
811 2219 1159 2276 vehementer
1205 2233 1441 2295 urgeret.
1487 2224 1739 2297 Raptum,

132 2305 263 2358 sive
315 2305 370 2358 in
414 2322 625 2376 corpore
665 2311 861 2376 nescio,
915 2313 1021 2366 sive
1065 2323 1220 2369 extra
1269 2331 1456 2387 corpus
1504 2326 1739 2388 raptum,

134 2397 352 2462 nescio,
378 2397 518 2453 Deus
542 2401 669 2454 scit.
709 2400 768 2456 Si
789 2401 991 2459 Paulus
1014 2404 1068 2459 in
1092 2420 1318 2476 corpore
1340 2417 1528 2479 raptus
1555 2419 1638 2465 est
1674 2411 1741 2466 ad

136 2487 294 2543 hanc
319 2489 610 2570 visionem,
642 2508 843 2564 corpus
878 2495 1096 2564 quidem
1127 2497 1375 2554 localiter
1400 2509 1608 2556 motum
1632 2517 1741 2557 non

140 2590 257 2647 est;
293 2581 393 2637 sed
432 2583 638 2650 anima,
669 2601 792 2654 qua;
823 2586 877 2640 in
901 2603 1065 2642 carne
1088 2591 1378 2659 premitur,
1406 2593 1739 2650 incarcerata

141 2673 292 2726 mole
323 2675 532 2742 carnis,
566 2676 640 2731 ita
690 2686 750 2732 ut
777 2679 915 2733 nihil
945 2682 1164 2748 sentiat,
1214 2684 1321 2738 nisi
1361 2685 1514 2754 prius
1559 2687 1741 2756 aliquo

150 2777 308 2819 sensu
356 2781 624 2836 corporeo
660 2770 926 2837 excitata,
976 2772 1158 2829 anima
1189 2775 1408 2844 quidem
1456 2777 1620 2847 hujus
1666 2780 1740 2835 ita

151 2857 406 2926 expedita
436 2858 542 2914 fuit
565 2861 644 2936 in
687 2871 932 2942 tempore
976 2866 1097 2936 ejus
1127 2869 1475 2927 rcvelationis
1513 2879 1576 2926 ut
1604 2873 1740 2926 nihil

150 2949 380 3005 sentiret
409 2967 622 3009 carnea:
653 2956 841 3020 molis;
868 2959 1047 3030 ipsum
1076 2970 1257 3016 autem
1287 2976 1485 3032 Corpus
1518 2963 1592 3018 ita
1616 2979 1737 3019 cre-

147 3040 298 3097 ditur
339 3052 704 3114 temperatum
739 3057 799 3104 ut
839 3051 990 3106 nullo
1031 3053 1270 3122 pondere
1315 3055 1400 3109 sui
1442 3055 1738 3130 agilitatem

148 3136 344 3192 anima:
392 3139 753 3208 perturbaret.
811 3139 868 3197 Si
927 3158 1057 3198 vero
1104 3154 1256 3202 extra
1312 3162 1511 3216 corpus
1557 3149 1739 3204 anima

146 3229 393 3298 quidem,
449 3231 621 3287 libera
664 3234 904 3308 pondere
959 3239 1162 3306 carnis,
1216 3255 1327 3311 quo
1360 3241 1505 3299 Deus
1543 3244 1736 3311 voluit,

147 3322 330 3389 potuit
365 3321 522 3390 duci,
579 3324 674 3380 sed
718 3327 833 3384 sive
878 3329 987 3385 alio
1038 3331 1201 3387 ducta
1255 3333 1344 3398 sit,
1385 3335 1500 3390 sive
1538 3335 1737 3392 ibidem

153 3411 488 3480 subsisterit,
521 3415 659 3470 nihil
682 3417 926 3490 impedit,
950 3421 1080 3491 quia
1109 3431 1403 3493 postquam
1434 3441 1541 3480 non
1567 3428 1740 3483 sensit

156 3503 359 3559 molem
392 3507 570 3563 carnis
610 3523 678 3563 ex
709 3511 989 3567 voluntate
1029 3512 1145 3581 Dei,
1197 3512 1379 3570 videre
1404 3518 1579 3586 potuit
1610 3534 1736 3574 eum

137 3609 317 3664 quem
348 3597 406 3652 in
436 3597 621 3656 futuro
665 3601 870 3658 videbit
905 3604 1067 3661 sicuti
1106 3614 1208 3676 est.
1243 3606 1523 3664 Hominem
1555 3611 1738 3680 hujus-

153 3686 299 3740 πιοάί
331 3688 448 3743 scio
494 3700 705 3761 raptum
761 3709 924 3764 usque
961 3695 1030 3747 ad
1077 3698 1292 3751 tertium
1335 3698 1544 3766 cwlum,
1573 3700 1624 3755 id
1655 3711 1738 3756 est

147 3792 322 3850 usque
354 3780 423 3835 ad
452 3783 594 3837 tertii
623 3784 832 3840 ordinis
859 3785 1147 3842 visionem.
1192 3788 1344 3848 Visio
1369 3792 1569 3848 coelum
1597 3793 1736 3850 dici-

151 3879 251 3940 tur,
304 3873 437 3944 quia
475 3875 726 3944 pluribus
769 3878 999 3949 celatur,
1055 3881 1246 3951 paucis
1301 3884 1562 3954 aperitur.
1613 3886 1734 3943 Pri-

157 3975 296 4018 mum
344 3965 570 4032 caelum,
608 3966 662 4022 id
690 3976 775 4024 est
804 3969 980 4038 prima
1011 3971 1153 4043 visio
1179 3973 1399 4042 dicitur,
1438 3992 1545 4046 qua
1592 3977 1735 4035 Deus

164 4056 508 4126 corporaliter
539 4059 780 4114 ostendit
807 4060 991 4132 aliqua
1021 4072 1258 4131 secreta;
1310 4074 1371 4123 ut
1411 4066 1648 4123 Gedeoni
1678 4070 1733 4124 in

158 4146 290 4203 sicco
320 4148 526 4204 vellere
565 4158 620 4206 et
659 4151 877 4207 madida
923 4168 1051 4209 area
1093 4153 1246 4225 (Jud.
1271 4172 1348 4222 vr,
1385 4156 1497 4228 '58),
1529 4168 1581 4214 et
1620 4158 1735 4215 Ma-

154 4240 391 4295 chabazis
415 4240 510 4310 qui
540 4241 796 4297 viderunt
820 4240 1022 4315 ignitas
1052 4245 1200 4300 acies
1238 4245 1295 4300 in
1319 4263 1464 4316 aere,
1485 4249 1734 4321 prmﬁgu-

151 4338 326 4386 rantes
363 4329 569 4385 bellum
605 4330 693 4402 (II
719 4331 922 4402 Mucia,
946 4349 1001 4403 v,
1029 4336 1108 4406 2).
1147 4333 1460 4394 Secundum
1498 4340 1729 4407 caelum,

153 4415 200 4470 id
227 4429 312 4475 est
337 4420 582 4476 secunda
627 4421 770 4478 visio
811 4431 897 4480 est
936 4425 1177 4494 quando,
1205 4441 1316 4482 non
1344 4443 1441 4498 per
1464 4445 1579 4484 rem
1611 4417 1753 4485 cor-'

1848 1957 1915 2014 Et
1949 1977 2046 2030 pro
2069 1961 2328 2030 ejusmodi
2360 1962 2581 2027 homine
2605 1963 2698 2034 qui
2735 1949 2815 2020 sic
2859 1974 3048 2035 raptus
3092 1967 3282 2022 audire
3307 1983 3420 2022 me-

1843 2052 1954 2106 ruit
1976 2052 2263 2123 gloriabor,
2291 2055 2381 2109 sed
2417 2072 2512 2125 pro
2549 2072 2650 2122 me,
2696 2055 2751 2110 id
2802 2065 2887 2112 est
2927 2059 3228 2113 secundum
3274 2060 3420 2114 vires

1843 2157 1992 2198 meas
2031 2143 2165 2197 nihil
2192 2160 2438 2214 unquam
2465 2144 2762 2216 gloriabor,
2795 2146 2900 2202 nisi
2939 2148 2994 2200 in
3036 2149 3163 2202 meis
3191 2149 3419 2218 inﬁrmi-

1843 2233 2060 2287 tatibus.
2095 2231 2220 2289 Ideo
2247 2234 2369 2289 dico
2399 2234 2685 2307 gloriabor.
2723 2235 2864 2291 Nam
2895 2247 2946 2292 et
2976 2239 3023 2292 si
3067 2237 3276 2294 voluero
3305 2239 3417 2309 glo-

1843 2324 1996 2388 riari,
2027 2323 2141 2378 sive
2169 2323 2224 2378 in
2252 2323 2679 2381 revelationibus
2718 2325 2846 2392 illis,
2877 2325 2991 2383 sive
3029 2328 3084 2382 in
3131 2328 3416 2384 inﬁrmita-

1843 2414 1987 2469 tibus
2017 2414 2174 2481 meis,
2217 2431 2318 2469 non
2359 2431 2447 2469 ero
2492 2416 2768 2487 insipiens.
2814 2415 2938 2472 Ideo
2983 2419 3108 2492 quia
3145 2420 3417 2494 veritatem

1843 2506 1898 2560 in
1921 2507 2177 2562 omnibus
2199 2507 2407 2572 dicam;
2435 2507 2529 2562 sed
2561 2523 2738 2579 neque
2759 2508 2867 2564 hoc
2891 2509 3070 2564 adhuc
3097 2508 3312 2576 sufﬁcit,
3357 2517 3418 2563 ut

1842 2597 1909 2652 de
1930 2600 2078 2653 omni
2102 2600 2328 2654 veritate
2357 2599 2516 2655 liceat
2557 2600 2801 2670 gloriari,
2835 2601 3139 2655 addendum
3163 2611 3247 2675 est
3286 2602 3416 2671 quia

1840 2699 1895 2745 et
1929 2692 2208 2747 veritatem
2264 2691 2464 2759 dicam,
2500 2701 2555 2748 et
2596 2692 2665 2748 ad
2719 2693 3131 2750 aediﬁcationem
3162 2693 3418 2750 Ecclesiae

1841 2797 1937 2852 per
1951 2782 2054 2838 hoc
2075 2783 2377 2853 proﬁciam.
2406 2782 2562 2852 Quod
2583 2785 2726 2840 idem
2756 2785 2811 2838 in
2841 2785 3193 2856 sequentibus
3221 2787 3376 2856 ponit
3401 2805 3414 2840 :

1841 2873 1907 2930 Et
1936 2876 2061 2930 licet
2081 2876 2154 2930 ita
2182 2875 2386 2945 possim
2409 2875 2652 2947 gloriari,
2672 2885 2846 2931 tamen
2872 2894 3053 2947 parco,
3077 2878 3130 2934 id
3153 2887 3237 2934 est
3257 2895 3419 2948 parce

1814 2968 1908 3024 .de
1951 2968 2125 3038 gloria
2163 2966 2359 3032 refero,
2409 2984 2471 3022 ne
2523 2968 2659 3038 forte
2687 2969 2804 3039 quis
2851 2971 3116 3024 existimet
3161 2987 3242 3024 me
3297 2985 3419 3025 esse

1841 3076 2003 3130 supra
2025 3059 2081 3113 id
2105 3059 2242 3129 quod
2277 3060 2415 3113 videt
2447 3061 2507 3116 in
2529 3075 2628 3115 me.
2661 3058 2816 3115 Videt
2844 3061 2990 3115 enim
3013 3076 3102 3116 me
3136 3061 3416 3116 hominem

1767 3185 1808 3243 Ο
1843 3149 2078 3208 miseriis
2119 3166 2406 3220 pressum;
2463 3151 2559 3208 sed
2598 3152 2727 3222 quia
2776 3167 2842 3207 ex
2871 3153 3041 3208 altera
3086 3162 3240 3223 parte
3272 3154 3418 3210 videt

1839 3258 1938 3312 per
1963 3257 2049 3297 me
2071 3242 2186 3297 ﬁeri
2209 3243 2492 3310 miracula,
2527 3252 2682 3314 putat
2703 3244 2771 3300 de
2800 3260 2886 3300 me
2907 3260 3073 3316 supra
3098 3244 3413 3301 humanita-

1840 3339 1949 3388 tem
1997 3347 2165 3402 quam
2211 3332 2356 3388 videt
2404 3332 2459 3388 in
2494 3348 2602 3400 me,
2654 3342 2713 3389 ut
2741 3333 2821 3388 illi
2855 3334 2951 3404 qui
2998 3335 3288 3390 voluerunt
3338 3335 3414 3388 illi

1839 3431 2155 3480 construere
2179 3440 2305 3480 aras
2329 3424 2468 3495 (Act.
2503 3441 2613 3491 xw,
2642 3425 2753 3497 12).
2792 3425 2884 3481 Vel
2911 3427 3185 3483 existimet
3221 3428 3290 3482 de
3323 3444 3412 3482 me

1805 3579 1810 3588 ι
1839 3532 2004 3586 supra
2035 3515 2089 3571 id
2111 3517 2250 3588 quod
2276 3517 2428 3571 audit
2447 3533 2511 3572 ea:
2537 3534 2636 3585 me,
2655 3533 2818 3589 quem
2849 3519 2999 3574 audit
3015 3520 3188 3585 sitire,
3215 3521 3412 3590 algere,

1837 3607 2052 3664 eat-teris
2100 3607 2338 3664 miseriis
2386 3609 2777 3678 subjacentem.
2817 3609 2991 3666 Pareo
3039 3611 3258 3682 quidem
3299 3613 3415 3683 glo-

1839 3699 1994 3766 riari,
2020 3709 2074 3756 et
2094 3700 2230 3756 bene
2251 3698 2414 3767 facio,
2446 3701 2573 3771 quia
2607 3718 2669 3756 ne
2695 3702 3002 3773 magnitudo
3041 3701 3413 3771 revelationum

1835 3791 2058 3846 extollat
2106 3808 2186 3846 me
2229 3792 2283 3846 in
2335 3793 2666 3862 superbiam,
2704 3794 2861 3848 datus
2888 3803 2967 3847 est
3008 3792 3138 3846 mihi
3165 3790 3412 3846 stimulus

1809 3927 1811 3931 .
1836 3885 2013 3939 carnis
2044 3900 2191 3951 meae,
2224 3884 2428 3939 scilicet
2452 3884 2688 3954 angelus,
2735 3885 2789 3939 id
2819 3893 2902 3941 est
2929 3884 3139 3955 legatus
3169 3882 3407 3948 Satanae,

1835 3975 2099 4046 principis
2133 3977 2559 4044 daemoniorum;
2601 3992 2766 4046 quem
2796 3976 3024 4032 immisit
3048 3985 3109 4030 ut
3147 3993 3228 4030 me
3263 3975 3409 4030 cola—

1833 4069 2028 4139 phizet,
2084 4069 2138 4124 id
2179 4077 2376 4134 estut,
2420 4068 2466 4122 si
2504 4083 2572 4124 ex
2617 4067 2992 4140 magnitudine
3017 4068 3409 4136 revelationum

1830 4160 2041 4232 erigere
2066 4159 2334 4216 cervicem
2374 4159 2522 4228 volo,
2545 4161 2835 4231 colaphum
2880 4160 3111 4216 incutiat
3149 4159 3409 4231 tentatio;

1832 4261 1888 4308 et
1921 4252 2004 4309 sic
2044 4251 2191 4322 quod
2235 4250 2469 4308 Satanas
2515 4251 2766 4325 intelligit
2792 4252 2860 4309 ad
2892 4267 3138 4324 pcenam,
3166 4252 3410 4324 disponit

1833 4344 1966 4399 mihi
1995 4343 2140 4401 Deus
2175 4344 2241 4399 ad
2269 4343 2673 4414 perfectionem.

1901 4435 2132 4503 Quidam
2159 4438 2348 4492 dicunt
2379 4453 2474 4506 per
2505 4438 2788 4493 stimulum
2813 4438 3013 4504 carnis,
3037 4451 3408 4518 quascunque

153 4523 389 4578 porcam,
433 4512 529 4569 sed
572 4529 670 4584 per
721 4515 1012 4588 imaginem
1059 4518 1264 4589 aliquid
1319 4521 1646 4590 ostenditur,
1671 4533 1731 4579 ut
1760 4521 2160 4583 Dtentationes
2215 4527 2469 4597 intelligi;
2525 4528 2618 4583 alii
2663 4529 2840 4584 solum
2878 4515 3235 4583 tentationcin
3283 4527 3406 4582 libi-

157 4600 303 4660 heato
345 4605 512 4662 Petro
558 4607 826 4678 imagines
874 4611 1119 4665 omnium
1169 4612 1442 4683 reptilium
1497 4624 1730 4672 ostensae

162 4704 296 4762 sunt,
341 4699 564 4768 quando
592 4699 800 4754 dictum
840 4709 927 4756 est
953 4701 1002 4756 ei
1038 4720 1050 4755 :
1111 4721 1130 4754 ι
1160 4702 1334 4759 Macta
1379 4714 1432 4760 et
1460 4707 1728 4764 manduca

159 4785 290 4853 (Aet.
342 4805 398 4855 ι,
450 4789 578 4859 ll);
627 4808 648 4842 ι
708 4807 939 4862 quarum
992 4793 1291 4866 imaginum
1348 4812 1436 4852 res
1500 4797 1577 4853 ibi
1617 4814 1726 4854 non

154 4890 314 4936 erant.
360 4880 608 4937 Tertium
647 4885 867 4952 cmlum,
918 4885 972 4940 id
1000 4894 1087 4942 est
1137 4888 1292 4943 tertia
1339 4888 1478 4944 visio
1531 4891 1730 4948 dicitur

153 4968 256 5037 illa,
283 4989 316 5028 a
343 4973 559 5030 duabus
584 4975 857 5044 praedictis
884 4977 1120 5045 diversa,
1165 4981 1384 5050 quando
1428 4997 1602 5053 neque
1631 5000 1729 5054 per

154 5073 279 5131 tem,
307 5080 485 5136 neque
513 5081 610 5136 per
637 5066 928 5138 imaginem
968 5069 1046 5124 rei
1072 5071 1408 5140 ostenditur;
1439 5074 1533 5128 sed
1562 5075 1725 5130 sicuti

152 5155 445 5224 pr0prietas
491 5157 570 5212 rei
625 5167 730 5224 est,
787 5158 1021 5232 simplici
1076 5163 1303 5218 veritate
1347 5164 1606 5234 aperitur.
1658 5165 1726 5220 Et

156 5239 254 5302 hoc
276 5248 434 5303 tertio
465 5251 629 5305 modo
659 5249 945 5307 manifesta
991 5261 1122 5307 sunt
1162 5253 1332 5311 Paulo
1377 5271 1578 5312 arcana
1605 5256 1723 5323 Dci,

157 5345 259 5389 non
281 5353 378 5407 per
405 5354 543 5405 rem,
577 5355 755 5410 neque
784 5358 880 5412 per
909 5343 1220 5414 imaginem.

223 5425 312 5484 Vel
327 5431 484 5486 aliter
511 5451 523 5486 :
559 5432 712 5487 Sicut
731 5433 1020 5506 Dionysius
1047 5435 1372 5509 Areopagita
1394 5455 1584 5495 novem
1626 5455 1720 5496 or-

160 5511 304 5574 dines
332 5522 649 5591 angelorum
672 5522 727 5577 in
762 5532 874 5578 tres
902 5523 1114 5594 redigit,
1152 5527 1396 5596 angelos,
1421 5528 1721 5602 archange-

162 5603 255 5674 los,
298 5610 524 5668 virtutes
567 5613 754 5670 dicens
783 5615 1023 5685 primum
1059 5631 1179 5672 esse
1213 5617 1486 5687 ordinem;
1513 5618 1720 5689 princi-

165 5706 332 5765 patus,
348 5710 664 5771 potestates,
689 5703 1089 5762 dominationes
1106 5710 1437 5786 secundum:
1467 5711 1718 5774 thronos,

167 5783 442 5847 Cherubim
465 5801 517 5848 et
543 5792 853 5865 Seraphim,
885 5795 1074 5854 dicens
1113 5783 1358 5855 ordinem
1374 5797 1624 5856 certium.
1657 5801 1718 5857 Et

1829 4619 1994 4675 dinis.
2042 4618 2267 4690 Propter
2297 4622 2457 4691 quod,
2490 4621 2543 4676 id
2573 4630 2654 4676 est
2689 4619 2820 4691 quia
2851 4618 3083 4674 Satanas
3104 4619 3408 4688 eolaphizat

1830 4726 1937 4775 me,
1963 4712 2141 4782 rogavi
2174 4701 2459 4766 Dominum
2495 4720 2573 4765 ter
2597 4712 2832 4783 (ﬁnitum
2861 4714 2959 4780 pro
2986 4710 3220 4777 inﬁnito)
3244 4709 3296 4763 id
3324 4718 3405 4764 est

1829 4802 2218 4872 multipliciter,
2247 4813 2304 4856 ut
2334 4805 2424 4859 hic
2445 4804 2674 4874 angelus
2697 4803 2987 4857 discederet
3028 4819 3060 4856 a
3078 4817 3199 4865 'me;
3227 4810 3277 4854 et
3300 4800 3405 4855 D0-

1829 4896 2012 4950 minus
2038 4895 2175 4948 dixit
2204 4895 2334 4948 mihi
2357 4896 2570 4967 roganti
2596 4915 2608 4950 :
2642 4894 2780 4962 Quia
2825 4895 2900 4949 ita
2929 4893 3177 4959 tentaris,
3216 4891 3402 4958 Paule,

1828 4987 1932 5043 hoc
1959 4995 2043 5042 est
2067 4987 2237 5056 gratia
2259 5003 2407 5052 mea;
2447 4994 2503 5043 et
2529 4988 2644 5053 haec
2677 4987 2855 5058 gratia
2883 4987 3071 5056 suﬂicit
3091 4985 3296 5052 .tibi,id
3323 4994 3401 5040 est

1824 5085 1910 5131 est
1935 5077 2034 5132 tibi
2078 5076 2350 5132 sufﬁciens
2379 5077 2447 5132 ad
2489 5078 2748 5145 salutem;
2779 5078 2826 5134 si
2858 5078 3008 5134 enim
3050 5078 3167 5133 hate
3207 5078 3400 5149 gratia,

1823 5164 2031 5220 scilicet
2089 5164 2334 5219 custodia
2371 5165 2696 5221 humilitatis
2727 5208 2742 5233 ,
2776 5167 2874 5222 tibi
2917 5166 3156 5242 deesset,
3220 5166 3401 5222 omnis

1822 5257 1996 5328 gratia
2035 5256 2130 5311 tibi
2161 5257 2356 5312 collata
2382 5257 2536 5312 irrita
2563 5257 2722 5313 foret.
2770 5256 2916 5326 Haec,
2955 5259 3203 5328 inquam,
3230 5259 3399 5330 gratia

1822 5347 2038 5402 sullicit.
2087 5345 2231 5399 Nam
2257 5347 2438 5404 omnis
2474 5349 2642 5403 virtus
2670 5350 2942 5419 perficitur
2981 5350 3036 5403 in
3066 5350 3398 5418 inﬁrmitate,

1820 5437 1958 5494 bene
1998 5438 2243 5494 tolerata.
2297 5437 2480 5494 Virtus
2509 5441 2653 5496 enim
2689 5457 2811 5511 quae
2839 5440 3001 5518 habet
3021 5441 3396 5495 infirmitatem

1821 5531 2174 5596 contrariam,
2198 5547 2322 5587 cum
2347 5548 2454 5603 qua
2493 5532 2732 5606 legitime
2755 5541 2922 5588 certet
2947 5539 3007 5587 ut
3031 5541 3217 5601 postea
3242 5544 3396 5584 coro-

1821 5605 2002 5688 netur,
2033 5621 2269 5692 perfecta
2315 5632 2415 5679 est.
2452 5605 2745 5696 ﬂuensque
2789 5624 2952 5679 verba
2981 5621 3217 5688 Domini,
3252 5635 3396 5676 nunc

1822 5712 2018 5768 Pauli:
2068 5713 2204 5780 Quia
2237 5715 2406 5771 virtus
2447 5717 2724 5788 perﬁcitur
2759 5715 2812 5770 in
2857 5713 3186 5779 inﬁrmitate,
3235 5713 3396 5782 igitur

1822 5806 2042 5861 liberator
2085 5807 2280 5862 amodo
2311 5806 2578 5877 gloriabor
2620 5809 2671 5862 in
2695 5804 3103 5879 inﬁrmitatibus
3145 5805 3292 5877 meis,
3337 5821 3394 5868 ut
