3928 6434
592 379 701 437 275

1127 379 1186 432 s.
1226 365 1571 434 cannons
1608 371 2249 433 csnruusmsonuu
2292 356 2778 433 INSTITUTORIS
2811 375 2964 434 ore.
3001 375 3184 432 mus
3219 365 3291 431 ιι
3693 377 3768 433 in

590 493 786 553 merito
816 477 968 550 bene
1011 493 1254 550 tolerata:
1305 491 1653 559 inﬁrmitatis,
1687 490 1946 545 inhabitet
1999 489 2056 542 in
2091 505 2172 542 me
2198 501 2246 558 Α
2272 489 2390 559 pria
2414 476 2679 560 persona;
2711 491 2807 546 sed
2828 491 3021 546 dicetis
3041 490 3146 545 hoc
3167 485 3342 560 quod,
3371 502 3488 541 cum
3509 503 3649 553 essent
3669 501 3770 543 asti-

591 591 760 646 virtus
793 585 1014 654 Christi,
1058 601 1224 657 quam
1249 595 1464 656 oportet
1513 585 1568 640 in
1611 583 1926 639 inﬁrmitate
1959 579 2166 653 perﬁci.

589 681 820 754 Propter
837 680 976 752 quod
991 721 1011 746 ,
1037 681 1168 750 quia
1201 694 1299 749 per
1323 679 1426 733 hoc
1461 677 1785 732 inhabitabit
1812 675 1868 736 in
1889 691 1977 730 me
1997 675 2171 730 virtus

591 774 819 840 Christi,
853 773 1051 828 amodo
1103 772 1240 826 bene
1271 770 1450 840 placeo
1499 769 1628 822 mihi
1671 770 1727 822 in
1769 765 2170 837 inﬁrmitatibus

593 865 749 932 meis,
792 862 1016 928 scilicet,
1063 864 1122 916 in
1162 861 1512 928 contumeliis,
1543 874 1682 931 quas
1727 858 1894 913 verbo
1921 865 1977 912 et
2011 871 2172 942 opere

593 969 694 1023 pro
721 939 943 1010 Christo
982 953 1189 1026 gaudeo
1213 951 1344 1022 pati,
1373 960 1428 1006 et
1465 952 1523 1005 in
1564 949 1960 1004 necessitatibus
1995 939 2171 1002 victus

591 1054 650 1098 et
675 1045 1002 1110 vestimenti,
1025 1053 1080 1100 et
1106 1045 1162 1098 in
1181 1042 1626 1114 persecutionibus
1655 1041 1723 1096 de
1745 1041 1870 1096 loco
1899 1041 1967 1096 ad
1986 1041 2171 1096 locum

591 1135 834 1208 fugatus,
883 1147 938 1191 et
989 1137 1044 1190 in
1089 1136 1351 1206 angustiis
1403 1135 1592 1201 animi,
1643 1133 1730 1188 his
1769 1133 2026 1189 omnibus
2073 1147 2172 1202 pro

591 1227 814 1284 Christo
841 1229 1104 1284 toleratis.
1141 1227 1264 1284 ideo
1287 1229 1344 1282 in
1372 1227 1781 1282 inﬁrmitatibus
1805 1227 1992 1298 placeo
2011 1227 2169 1295 mihi,

593 1320 743 1388 quia,
789 1336 907 1374 cum
941 1321 1186 1390 inﬁrmor
1227 1321 1284 1374 in
1319 1334 1566 1389 corpore,
1615 1329 1736 1372 tunc
1771 1319 1984 1386 merito,
2023 1318 2172 1373 inﬁr-

590 1411 778 1467 mitate
797 1413 1003 1478 carnis,
1023 1421 1206 1482 potens
1229 1428 1346 1465 sum
1367 1412 1582 1482 spiritu.
1605 1409 1761 1466 Nunc
1785 1411 1971 1467 multis
1995 1410 2172 1466 modis

589 1501 856 1572 gloriatus
883 1519 1036 1570 sum;
1067 1511 1122 1558 et
1155 1504 1231 1558 ita
1265 1519 1353 1558 me
1388 1502 1816 1558 commendando
1847 1503 2018 1572 factus
2054 1517 2174 1556 sum

495 1603 507 1616 '
591 1594 871 1664 insipiens,
919 1595 1079 1650 sicut
1133 1609 1275 1664 saepe
1330 1594 1534 1650 dictum
1586 1604 1698 1661 est,
1745 1609 1834 1650 me
1884 1593 2168 1660 extollens,

597 1685 768 1740 alium
783 1686 1113 1756 deprimens;
1131 1687 1225 1743 sed
1244 1703 1332 1741 vos
1343 1687 1582 1758 coegistis
1595 1703 1674 1742 me
1689 1687 1754 1741 ad
1769 1687 1909 1740 hanc
1920 1685 2169 1756 insipien-

595 1775 749 1830 tiam.
775 1775 888 1834 Vos
915 1778 1103 1848 utique
1131 1793 1218 1834 me
1241 1779 1497 1850 coegistis
1523 1787 1584 1833 ut
1607 1795 1694 1834 me
1714 1779 2168 1834 commendarem.

595 1863 743 1922 Nam
770 1885 864 1939 ego
891 1868 1046 1923 debui
1071 1869 1428 1924 commendari
1457 1887 1490 1924 a
1518 1869 1661 1924 vobis
1697 1870 1866 1940 Quod,
1901 1870 2030 1941 quia
2062 1885 2173 1924 non

597 1954 836 2026 fecistis,
881 1961 1121 2030 oportuit
1165 1976 1254 2016 me
1299 1961 1498 2017 facere.
1561 1961 1758 2034 Utique
1805 1961 2173 2018 commendari

591 2054 900 2110 debuissem
930 2050 1092 2122 199
1117 2067 1150 2106 a
1196 2053 1375 2118 vobis,
1409 2053 1536 2123 quia
1558 2052 1694 2120 nihil
1723 2053 1896 2107 minus
1919 2053 2044 2123 fecit
2079 2068 2176 2122 per

590 2143 739 2216 quod
774 2151 1060 2213 separatus
1089 2143 1194 2198 sim
1232 2143 1297 2197 ab
1337 2143 1418 2198 his
1463 2143 1557 2214 qui
1584 2144 1886 2200 secundum
1915 2159 2016 2198 vos
2051 2152 2174 2196 sunt

589 2236 817 2306 apostoli
860 2252 1021 2305 supra
1071 2236 1286 2290 modum
1332 2251 1536 2291 meum.
1594 2235 1674 2290 illi
1724 2237 2024 2292 secundum
2074 2251 2174 2292 vos

592 2339 760 2394 supra
805 2339 896 2379 me
937 2332 1097 2390 sunt;
1155 2323 1252 2380 sed
1307 2324 1434 2379 licet
1483 2325 1619 2380 nihil
1674 2325 1778 2382 sim
1837 2325 2176 2396 reputatione

589 2425 806 2483 vestra,
865 2425 1039 2470 tamen
1097 2417 1249 2486 signa
1306 2411 1633 2486 apostolatus
1693 2420 1795 2472 mei
1854 2419 2001 2489 facta
2053 2431 2174 2474 sunt

591 2523 750 2578 super
797 2523 906 2574 vos,
964 2523 1061 2577 per
1113 2523 1236 2578 quas
1289 2523 1480 2563 revera
1531 2510 1811 2580 apostolus
1860 2496 1982 2568 esse
2027 2529 2175 2568 con-

592 2599 813 2670 probor.

667 2689 832 2745 Facta
859 2689 982 2745 dico
1004 2691 1060 2744 in
1088 2691 1232 2744 omni
1257 2691 1518 2761 patientia
1557 2691 1702 2762 apud
1731 2707 1830 2748 vos
1867 2693 2089 2760 habita,
2121 2703 2175 2749 et

601 2782 661 2836 in
685 2781 875 2854 signis,
909 2781 1154 2837 curando
1191 2782 1439 2850 claudos,
1475 2783 1834 2840 illuminando
1883 2801 2089 2851 caecos;
2122 2795 2178 2840 et

604 2874 662 2928 in
699 2873 982 2944 prodigiis,
1016 2872 1333 2930 suscitando
1357 2883 1634 2943 mortuos;
1664 2883 1718 2930 et
1740 2877 1792 2930 in
1807 2877 2085 2930 virtutibus
2117 2886 2177 2932 ut

595 2963 654 3018 in
693 2963 1072 3018 curationibus
1105 2963 1346 3019 febrium
1377 2973 1432 3019 et
1469 2965 1804 3036 hujusmodi.
1835 2965 1951 3033 Vel,
1986 2967 2040 3022 in
2066 2967 2177 3022 vir-

599 3054 842 3122 tutibus,
879 3055 1213 3122 humilitate,
1262 3057 1554 3112 sobrietate
1587 3065 1639 3113 et
1664 3059 1893 3114 caeteris.
1925 3058 2062 3114 Vere
2091 3059 2175 3114 ni-

599 3146 677 3200 hil
710 3147 896 3202 minus
927 3146 1033 3202 illis
1063 3144 1187 3213 feci,
1209 3147 1335 3217 quia
1363 3147 1491 3218 quid
1513 3157 1592 3202 est
1616 3147 1722 3202 hoc
1745 3148 1885 3219 quod
1912 3148 2172 3202 habuistis
2201 3187 2246 3250 C

595 3239 770 3292 minus
798 3239 1004 3293 caeteris
1031 3237 1309 3305 Ecclesiis,
1331 3255 1428 3309 per
1449 3239 1596 3309 quod
1619 3239 1724 3295 illae
1746 3241 1856 3296 sint
1870 3257 1981 3310 prae
1991 3241 2169 3309 vobis,

600 3330 706 3384 nisi
733 3330 838 3384 hoc
877 3329 1017 3400 quod
1040 3345 1132 3400 ego
1161 3331 1270 3400 ipse
1307 3331 1401 3400 qui
1429 3331 1760 3399 debuissem,
1813 3349 1916 3387 non
1959 3335 2174 3403 gravavi

598 3437 710 3488 vos,
741 3421 949 3492 aliquid
991 3437 1024 3476 a
1065 3421 1220 3477 vobis
1246 3423 1606 3492 accipiendo?
1637 3423 1846 3480 lronice
1900 3443 1913 3479 :
1968 3425 2174 3480 Donate

601 3513 736 3568 mihi
773 3513 909 3568 hanc
941 3513 1226 3584 injuriam,
1275 3514 1404 3585 quia
1448 3515 1683 3584 injurius
1728 3515 1806 3570 l‘ui
1852 3515 1984 3571 dum
2017 3518 2174 3572 vobis

601 3605 847 3672 indulsi,
889 3606 944 3662 in
979 3623 1088 3677 quo
1119 3622 1281 3664 nemo
1306 3607 1447 3663 alius
1475 3607 1601 3663 suis
1629 3607 1856 3664 indulsit
1890 3607 2170 3664 Ecclesiis.

601 3694 672 3750 Et
696 3695 841 3751 sicut
873 3696 926 3750 in
957 3697 1230 3767 praeterito
1257 3713 1368 3752 non
1397 3698 1617 3769 gravavi
1637 3712 1770 3765 vos;
1813 3699 1888 3754 ita
1915 3699 1984 3754 de
2016 3709 2176 3755 caete-

601 3803 670 3844 ro
715 3802 824 3843 non
859 3804 954 3844 ero
984 3789 1166 3861 gravis
1200 3790 1383 3858 vobis,
1423 3805 1526 3862 ego
1560 3791 1654 3862 qui
1687 3801 1908 3861 paratus
1936 3809 2054 3846 sum
2091 3809 2175 3847 ve-

603 3881 718 3935 nire
745 3880 816 3934 ad
847 3895 967 3936 vos.
997 3879 1133 3934 Ecce
1159 3880 1256 3936 hoc
1279 3884 1432 3937 tertio
1457 3893 1756 3953 apparatu;
1784 3883 1907 3940 ideo
1937 3901 2041 3938 non
2085 3901 2174 3938 ero

600 3973 777 4043 gravis
820 3972 962 4027 vobis
993 4014 1012 4040 ,
1050 3975 1178 4044 quia
1203 3991 1305 4028 non
1347 3992 1525 4045 quazro
1555 3991 1672 4045 quae
1697 3985 1868 4030 vestra
1909 3985 2052 4044 sunt,
2082 3977 2174 4030 sed

597 4081 686 4118 vos
710 4065 880 4134 ipsos.
909 4063 972 4119 Et
999 4065 1147 4135 justc
1172 4075 1354 4122 vestra
1385 4083 1494 4122 non
1519 4068 1758 4138 requiro,
1774 4069 1900 4140 quia
1927 4068 2030 4138 ﬁlii
2053 4084 2174 4124 car-

600 4155 753 4210 nales
779 4171 882 4208 non
901 4156 1084 4210 debent
1107 4157 1468 4213 thesaurizare
1506 4157 1810 4229 parentibus
1837 4160 2170 4226 carnalibus,

599 4245 691 4300 sed
717 4255 956 4314 parentes
979 4247 1129 4317 ﬁliis.
1159 4248 1310 4306 Licet
1350 4249 1446 4306 ﬁlii
1481 4250 1792 4320 spirituales
1817 4252 1923 4308 hoc
1941 4252 2176 4308 debeant

599 4337 922 4408 parentibus
949 4341 1358 4410 spiritualibus,
1399 4343 1494 4399 sed
1533 4359 1634 4414 ego
1675 4359 1784 4399 non
1827 4345 2006 4400 solum
2051 4360 2174 4416 quae

603 4429 904 4500 spiritualis
925 4439 1080 4502 pater
1105 4433 1264 4488 debet
1289 4435 1446 4502 ﬁliis;
1481 4435 1574 4490 sed
1597 4435 1760 4491 etiam
1785 4451 2006 4492 omnem
2047 4437 2170 4492 dul-

2275 589 2358 634 tus
2382 590 2436 636 et
2456 597 2522 636 cx
2549 583 2748 636 astutia
2773 583 2888 652 ipse
2909 583 3108 637 nollem
3141 581 3414 650 accipere,
3445 578 3558 632 dolo
3583 595 3656 633 vos
3677 585 3772 650 cepi,

2272 669 2326 724 id
2345 678 2430 725 est
2453 671 2639 726 dolose
2659 671 2847 742 decepi
2857 688 2976 740 vos,
2989 673 3135 743 quod
3155 687 3256 742 per
3279 685 3371 725 me
3399 669 3563 736 nolui,
3582 685 3661 739 per
3679 671 3776 726 alios

2273 780 2304 817 a
2326 763 2480 819 vobis
2511 766 2903 835 extorquendo.

2342 855 2438 912 Vel
2463 857 2618 912 aliter
2641 867 2702 912 ut
2723 867 2837 914 tota
2867 859 3046 914 littera
3068 857 3212 912 dicat
3239 859 3352 912 hoc
3386 857 3558 911 solum
3589 856 3652 910 ita
3671 875 3683 910 :
3701 855 3778 928 Ego

2271 949 2490 1019 quidem
2514 947 2680 1020 (sicut
2721 957 3004 1005 ostensum
3045 949 3150 1019 est)
3198 963 3312 1002 non
3345 945 3558 1017 gravavi
3581 962 3687 1008 vos;
3713 947 3776 1000 sel

2271 1051 2410 1109 esto,
2443 1041 2497 1097 id
2519 1051 2604 1098 est
2633 1025 2788 1097 istud
2801 1041 3112 1097 concedetis
3156 1040 3308 1112 quod
3361 1053 3554 1110 negare
3583 1039 3778 1108 nequitis,

2271 1135 2479 1192 scilicet
2523 1137 2671 1207 quod
2711 1151 2813 1206 ego
2843 1151 2952 1191 non
2987 1135 3207 1206 gravavi
3253 1148 3360 1188 vos
3389 1133 3446 1187 in
3485 1132 3672 1204 pr0pria
3694 1149 3778 1201 per-

2273 1244 2428 1284 sona.
2468 1227 2574 1284 Sed
2614 1240 2792 1284 tamen
2815 1229 3087 1298 olijicietis
3115 1227 3263 1282 istud
3295 1226 3476 1297 quod,
3515 1241 3628 1280 cum
3653 1240 3777 1278 essem

2272 1329 2511 1386 astutus,
2540 1321 2668 1376 dolo
2693 1336 2791 1375 vos
2815 1319 2952 1390 cepi.
2997 1317 3088 1373 Sic
3111 1317 3324 1372 dictum
3352 1325 3475 1372 est:
3507 1313 3616 1370 Non
3649 1313 3779 1383 utique

2257 1412 2460 1483 decepi
2489 1427 2585 1468 vos
2611 1454 2626 1479 ,
2668 1413 2819 1483 quia,
2847 1412 2895 1466 si
2917 1411 3021 1466 hoc
3056 1409 3296 1466 iacerem
3316 1452 3332 1477 ,
3362 1425 3462 1480 per
3495 1408 3697 1477 aliquem
3719 1421 3778 1458 eo-

2273 1520 2395 1559 rum
2427 1519 2568 1575 quos
2598 1504 2758 1570 misi,
2811 1519 2910 1558 vos
2937 1502 3240 1573 deciperem
3259 1543 3276 1568 ,
3311 1501 3412 1556 sed
3441 1515 3536 1570 per
3561 1497 3776 1578 neminem

2271 1613 2462 1652 eorum
2492 1597 2680 1667 decepi
2703 1612 2821 1652 vos.
2862 1595 3018 1662 Quod
3041 1594 3128 1650 sic
3151 1594 3228 1649 ait
3277 1613 3292 1648 :
3336 1591 3588 1662 Nunquid
3615 1607 3690 1660 per
3713 1589 3776 1640 ali-

2272 1705 2424 1760 quem
2447 1706 2627 1744 eorum
2657 1705 2787 1761 quos
2817 1689 2940 1742 misi
2967 1687 3037 1742 ad
3072 1703 3161 1741 vos
3181 1729 3197 1752 ,
3229 1684 3550 1740 circumveni
3579 1683 3684 1737 vos?
3713 1680 3776 1734 ili-

2273 1782 2441 1838 nime.
2467 1779 2918 1848 Circumveniret,
2968 1780 3016 1836 si
3046 1779 3339 1850 discipulis
3387 1777 3504 1832 suis
3539 1775 3776 1844 iniungeret

2273 1882 2335 1930 ut
2355 1874 2786 1931 commendando
2805 1889 2884 1940 se,
2916 1886 3258 1944 quaecunque
3283 1877 3514 1942 possent
3537 1867 3627 1923 sibi
3649 1865 3775 1920 callide

2274 1973 2683 2038 congregarent.
2725 1965 2866 2021 Vere
2891 1981 2986 2036 per
3011 1965 3288 2020 neminem
3313 1978 3507 2019 eorum
3546 1975 3666 2030 quos
3681 1959 3770 2016 misi,

2274 2059 2609 2114 circumveni
2651 2074 2769 2114 vos.
2804 2057 2940 2113 Nam
2976 2073 3154 2129 neque
3177 2073 3276 2128 per
3303 2055 3514 2121 Titum,
3541 2067 3694 2122 neque
3719 2065 3771 2118 pa

2275 2152 2464 2207 alium.
2498 2151 2636 2219 Quia
2668 2152 2748 2208 sic
2775 2153 2853 2206 ait
2877 2171 2891 2207 :
2920 2150 3035 2223 Ego
3062 2149 3284 2222 quidem
3329 2149 3509 2219 rogavi
3537 2145 3716 2208 Titum,
3741 2151 3772 2194 ut

2276 2245 2381 2300 iret
2404 2245 2472 2300 ad
2497 2260 2618 2311 vos,
2641 2253 2692 2299 et
2721 2261 2840 2298 cum
2867 2243 2963 2298 illo
2990 2244 3114 2298 misi
3141 2244 3392 2314 fratrem.
3425 2239 3526 2294 Hic
3549 2237 3773 2292 fratercu-

2275 2337 2424 2392 ditur
2464 2335 2634 2392 fuisse
2667 2335 2945 2392 Barnabas
2965 2378 2981 2403 ,
3012 2335 3108 2407 qui
3137 2334 3310 2390 frater
3334 2343 3390 2390 et
3415 2332 3673 2401 coadjutor
3702 2335 3772 2380 erat

2275 2429 2698 2499 praedicationis.
2713 2428 2883 2484 Paulo
2901 2429 3049 2484 enim
3075 2438 3130 2484 et
3153 2427 3425 2482 Barnabas
3443 2426 3670 2497 leguntur
3691 2435 3772 2487 apo-
3826 2469 3827 2474 η

2275 2521 2400 2576 sloli
2451 2521 2668 2576 dedisse
2715 2521 2936 2576 dextras
2975 2520 3251 2577 societatis
3301 2517 3450 2590 (Gal.
3503 2533 3568 2582 ιι,
3611 2514 3672 2582 9).
3715 2508 3770 2562 Ti-

2275 2624 2390 2670 tum
2428 2615 2615 2684 utique
2667 2614 2792 2669 misi
2820 2633 2832 2668 :
2860 2609 2987 2682 sed,
3031 2613 3270 2684 nunquid
3321 2612 3475 2667 Titus
3517 2601 3770 2663 circumveni!

2275 2707 2402 2760 vos?
2455 2705 2697 2760 Minime.
2757 2705 2947 2760 Nonne
2979 2721 3080 2777 ego
3101 2714 3156 2760 et
3190 2703 3352 2760 Titus
3385 2699 3718 2758 ambularimus
3735 2693 3766 2744 in

2275 2795 2442 2850 verbo
2465 2793 2679 2850 Domini
2701 2795 2880 2848 eodem
2905 2795 3118 2865 spiritu,
3145 2795 3198 2849 id
3224 2802 3312 2849 est
3341 2793 3528 2848 eadem
3549 2788 3766 2842 voluntate,

2274 2885 2360 2939 vel
2398 2887 2588 2941 eodem
2619 2885 2823 2956 Spiritu
2853 2893 3044 2941 sancto
3063 2885 3299 2956 repleti?
3328 2883 3400 2938 Et
3423 2897 3580 2937 nonne
3598 2873 3764 2932 ambub-

2277 2979 2458 3035 vimus
2481 2979 2669 3034 iisdem
2697 2979 2949 3050 vestigiis,
2981 2977 3036 3033 id
3062 2987 3147 3034 est
3173 2979 3373 3034 iisdem
3399 2974 3656 3046 operibus;
3675 2962 3764 3036 quod

2275 3070 2331 3126 id
2355 3081 2412 3127 et
2446 3087 2552 3127 non
2583 3071 2732 3128 aliud
2757 3089 2920 3142 quam
2951 3087 3054 3143 ego
3074 3071 3232 3128 Titus
3253 3079 3510 3142 operatus
3531 3064 3634 3121 est?
3669 3059 3759 3113 Sit!“

2276 3161 2423 3217 enim
2452 3162 2680 3234 vestigia
2713 3163 2912 3217 indicia
2954 3171 3085 3218 sunt
3133 3161 3546 3224 ambulationis,
3573 3157 3641 3211 sic
3660 3163 3758 3220 opm

2275 3254 2592 3310 voluntatis.
2622 3253 2780 3320 Quod
2807 3253 2930 3309 dico
2959 3270 3048 3309 mc
3077 3253 3213 3309 nihil
3243 3253 3519 3324 accepisse
3549 3265 3576 3303 a
3606 3242 3754 3298 vobisti

2275 3355 2472 3402 caetera
2531 3347 2818 3416 praemissa
2884 3346 3034 3414 olim,
3072 3346 3126 3401 id
3155 3355 3242 3402 est
3274 3363 3344 3402 ex
3371 3359 3480 3416 quo
3526 3334 3686 3404 incepi
3711 3343 3748 3382 βε

2275 3437 2678 3500 commendare,
2719 3439 2922 3507 putatis
2952 3437 3102 3508 quod
3128 3453 3225 3507 per
3247 3439 3398 3493 hanc
3425 3423 3753 3490 commendauit

2278 3545 2401 3582 nem
2428 3528 2587 3597 quasi
2613 3526 2694 3582 rei
2725 3528 2781 3582 in
2808 3529 2992 3599 aliquo
3015 3545 3258 3584 excusem
3281 3545 3378 3584 nos
3415 3527 3534 3583 inde
3561 3517 3670 3591 apud
3689 3525 3754 3572 εοεν

2275 3622 2330 3676 id
2359 3631 2444 3676 est
2463 3621 2606 3690 quod
2633 3623 2748 3676 tunc
2767 3639 2876 3677 non
2903 3623 3192 3692 loquamur
3220 3621 3520 3678 secundum
3543 3613 3751 3670 veritatem.

2275 3710 2362 3764 vel
2404 3711 2472 3764 ad
2516 3710 2935 3768 instructionem
2973 3713 3172 3780 vestri;
3212 3714 3311 3769 sed
3365 3719 3426 3767 ut
3474 3709 3548 3764 sic
3591 3703 3748 3794 tegili"?

2276 3803 2494 3874 culpam
2531 3813 2800 3860 nostram.
2843 3805 3006 3875 200
3043 3804 3248 3861 Scitote
3283 3815 3468 3863 autem
3509 3795 3619 3871 quod
3637 3781 3738 3880 quitl'

2275 3895 2407 3966 quid
2441 3895 2739 3968 loquimur,
2752 3913 2930 3951 coram
2955 3897 3086 3965 Deo,
3114 3897 3166 3953 id
3191 3907 3276 3954 est
3295 3896 3454 3970 quasi
3481 3895 3532 3949 in
3557 3883 3742 3961 ριπεθιιίιθ

2247 3989 2250 3991 λ
2275 3984 2372 4040 Dei
2395 3984 2695 4056 loquimur;
2726 3987 2772 4042 si
2802 3986 2948 4041 enim
2977 3987 3094 4056 ipse
3134 3985 3281 4043 Deus
3313 3987 3542 4048 adesset,
3575 3970 3668 4032 nihil
3684 3977 3747 4018 θα·

2275 4093 2399 4132 rum
2430 4095 2554 4148 quae
2581 4079 2706 4134 dico
2733 4080 2932 4134 timore
2981 4077 3238 4135 falsitatis
3289 4087 3502 4154 mutare
3545 4063 3746 4154 oporteret.

2245 4147 2581 4240 ‘Loquimur
2609 4187 2793 4226 coram
2825 4171 2938 4225 Deo
2970 4187 3072 4226 nos
3099 4171 3265 4242 positi
3297 4173 3355 4226 in
3383 4147 3600 4226 Christo;
3635 4147 3750 4242 ὶοφιί·

2275 4239 2402 4316 mur
2431 4262 2547 4317 haec
2590 4279 2699 4317 non
2740 4261 2918 4318 solum
2957 4262 3085 4332 quia
3128 4277 3258 4316 vera
3297 4267 3456 4325 sunt;
3519 4249 3597 4308 sed
3645 4239 3750 4332 cliuli

2273 4363 2486 4424 propter
2531 4364 2758 4408 vestram
2789 4326 3219 4424 aediﬁcationem,
3251 4363 3313 4409 ut
3336 4367 3434 4408 vos
3454 4363 3541 4420 per
3567 4343 3654 4434 hi‘fc

2275 4445 2421 4500 ﬁcati
2451 4461 2482 4501 a
2507 4448 2716 4516 pseudo
2747 4462 2857 4501 non
2879 4445 3240 4502 seducamini.
3269 4444 3315 4500 Ο
3357 4431 3640 4499 charissimi,
3677 4419 3748 4516 ἱάςθ

600 4521 847 4577 oedinem
875 4522 1114 4578 carnalis
1137 4524 1310 4594 patris
1336 4525 1568 4580 exhibeo
1595 4526 1773 4582 vobis.
1826 4525 1946 4582 Non
1989 4543 2176 4598 quaero
2205 4522 2255 4582 D
2281 4535 2397 4592 haec
2417 4507 2602 4592 omnia
2627 4538 2924 4608 loquimur.
2970 4537 3070 4591 Hic
3117 4537 3257 4592 bene
3309 4528 3560 4606 supplevit
3597 4507 3749 4608 dicem“

597 4625 725 4682 qua:
750 4621 931 4668 vestra
961 4621 1110 4682 sunt,
1137 4614 1232 4670 sed
1261 4630 1362 4687 ego
1391 4615 1737 4671 libentissime
1762 4619 2063 4689 impendam
2084 4637 2173 4676 vo-

599 4701 680 4759 bis
714 4713 770 4759 et
790 4704 1097 4775 spiritualia
1138 4725 1152 4761 :
1191 4716 1246 4762 et
1289 4707 1337 4763 si
1369 4724 1476 4779 qua
1511 4708 1755 4765 habuero
1784 4712 2024 4767 carnalia
2052 4728 2174 4783 qua:

597 4796 807 4863 velitis;
846 4805 898 4851 et
921 4813 1081 4869 super
1108 4799 1213 4856 hoc
1235 4800 1399 4854 etiam
1413 4801 1558 4870 quod
1586 4801 1907 4872 impendam,
1933 4804 2048 4875 ipse
2071 4821 2174 4877 ego

597 4885 885 4957 impendar
915 4907 1011 4961 pro
1033 4891 1309 4947 animabus
1335 4895 1549 4961 vestris,
1587 4894 1641 4950 id
1669 4903 1754 4950 est
1773 4904 1996 4966 paratus
2047 4913 2171 4954 sum

601 4979 744 5033 mori
784 4994 884 5050 pro
923 4983 1077 5039 vobis
1107 4983 1420 5059 salvandiso,
1459 4987 1580 5040 licet
1618 5000 1718 5058 ego
1769 4986 1887 5057 plus
1945 4987 2170 5060 diligens

600 5081 731 5136 vos,
771 5071 900 5140 quia
920 5082 976 5128 et
999 5071 1349 5146 spiritualiet
1381 5078 1591 5133 carnali
1619 5079 1737 5150 lege
1759 5081 1933 5135 minus
1973 5081 2173 5154 diligar

605 5179 642 5216 a
667 5161 833 5217 vobis.
870 5162 1022 5220 Licet
1041 5167 1164 5235 plus
1191 5167 1423 5239 diligens
1447 5185 1568 5238 vos,
1592 5170 1776 5227 minus
1801 5171 1998 5244 diligar
2023 5187 2055 5228 a
2075 5189 2174 5228 vo-

601 5255 710 5321 bis,
747 5264 922 5309 tanten
954 5265 1085 5322 esto,
1117 5259 1170 5314 id
1195 5268 1280 5314 est
1302 5263 1633 5317 concedatur
1663 5263 1843 5332 istud;
1879 5279 1990 5320 non
2023 5266 2171 5320 enim

601 5361 737 5402 curo
771 5355 990 5416 propter
1018 5347 1123 5404 hoc
1155 5349 1369 5420 insequi
1396 5367 1496 5406 vos
1530 5353 1712 5408 modo.

671 5436 952 5509 Objieietis
985 5437 1182 5496 iterum
1224 5441 1388 5509 mihi,
1427 5443 1574 5514 quod
1631 5445 1824 5501 callide
1848 5462 1918 5502 ne
1946 5445 2078 5516 quid
2117 5447 2174 5502 in

601 5530 820 5603 propria
852 5546 1086 5603 persona
1113 5549 1146 5588 a
1177 5533 1334 5590 vobis
1365 5536 1667 5606 acciperem
1693 5553 1781 5592 me
1810 5539 2076 5606 continui,
2115 5547 2176 5594 ut

601 5639 697 5694 per
747 5623 955 5696 legatos
1003 5641 1156 5682 meos
1193 5626 1443 5684 callidius
1490 5635 1545 5684 et
1585 5628 1820 5700 amplius
1849 5631 2171 5702 acciperem.

601 5708 757 5780 Quod
802 5716 883 5774 sic
926 5717 1004 5772 ait
1041 5735 1056 5743 ·
1105 5718 1230 5791 Ego
1251 5719 1463 5791 quidem
1499 5736 1604 5774 non
1641 5721 1855 5792 gravavi
1885 5739 1972 5776 vos
2011 5722 2176 5792 (sicut

583 5801 890 5878 probatum
923 5806 1030 5881 est)
1060 5808 1377 5881 accipiendo
1400 5810 1700 5883 quidquam
1723 5825 1752 5865 a
1783 5811 1938 5868 vobis
1959 5811 2014 5866 in
2040 5827 2169 5885 pro-

2275 4639 2488 4698 propter
2547 4603 2775 4683 vestram
2823 4629 3260 4699 ludiﬁcationem,
3303 4625 3446 4699 quod
3499 4603 3748 4709 supra}?

2277 4729 2384 4786 rat,
2414 4720 2507 4775 ubi
2538 4721 2615 4776 ait
2647 4741 2660 4775 :
2693 4721 2845 4776 Licet
2875 4721 3125 4792 gloriari,
3157 4721 3435 4775 veritatem
3463 4710 3588 4769 enim
3615 4701 3749 4794 die?“

2273 4811 2400 4866 ldco
2445 4823 2624 4868 autem
2670 4813 3014 4868 aediﬁcationi
3065 4823 3261 4868 vestrae
3308 4823 3417 4868 tam
3467 4798 3668 4861 studiose
3695 4797 3746 4838 ιη·

2275 4905 2494 4972 cumbo,
2530 4906 2657 4976 quia
2691 4907 2848 4960 timeo
2877 4922 2939 4959 ne
2979 4905 3117 4975 forte
3145 4906 3312 4976 (quod
3339 4901 3488 4960 facile
3520 4885 3749 4949 continiere

2273 4995 2474 5068 potest)
2512 4997 2777 5052 inveniam
2802 5015 2888 5052 vos
2912 5014 3014 5051 non
3043 4998 3226 5070 quales
3262 4998 3394 5063 volo,
3425 4992 3472 5047 id
3491 4977 3748 5043 ‘estincoﬂ'l‘

2272 5097 2390 5144 ctos
2418 5131 2433 5157 ,
2469 5107 2590 5143 cum
2613 5107 2830 5155 venero;
2861 5100 2910 5145 et
2939 5099 3072 5145 tunc
3093 5107 3185 5161 ego
3209 5090 3441 5144 inveniar
3463 5101 3492 5136 a
3517 5071 3632 5164 ωδίξ

2271 5177 2376 5232 lem
2405 5151 2485 5232 me
2527 5177 2770 5232 invenire
2809 5194 2914 5230 non
2949 5151 3153 5242 vultis:
3195 5177 3250 5232 id
3285 5185 3370 5231 est
3399 5187 3459 5228 ex
3493 5151 3744 5242 districti?"

2269 5269 2499 5340 iustitia:
2537 5269 2725 5340 culpas
2763 5279 2975 5324 vestras
3009 5269 3345 5339 punientem.
3387 5263 3499 5318 Haec
3531 5253 3619 5307 duo
3645 5233 3744 5340 stili"

2271 5337 2376 5428 cet,
2413 5377 2482 5416 ne
2511 5360 2785 5416 inveniam
2807 5377 2904 5416 vos
2935 5377 3044 5416 non
3074 5362 3264 5432 quales
3295 5359 3431 5423 volo,
3467 5337 3739 5432 primu!n

2271 5451 2555 5520 sequitur;
2586 5450 2783 5506 deinde
2811 5451 2973 5516 illud,
3007 5466 3075 5506 ne
3109 5451 3358 5508 inveniar
3381 5466 3410 5504 a
3429 5438 3560 5500 vobis
3588 5417 3738 5520 qua}???

2243 5549 2248 5552 “
2273 5556 2384 5595 non
2411 5539 2600 5606 vultis,
2632 5539 2820 5594 dicens
2852 5560 2864 5594 :
2893 5539 3082 5595 Videte
3119 5557 3187 5596 ne
3215 5540 3474 5595 inveniam
3506 5537 3586 5580 vos
3606 5504 3738 5606 quam

2273 5647 2383 5687 non
2403 5631 2548 5698 volo,
2582 5632 2792 5687 scilicet
2833 5650 2894 5686 ne
2925 5633 3060 5702 forte
3105 5633 3195 5704 (ad
3222 5649 3358 5704 quas
3389 5625 3550 5684 leviter

2269 5723 2363 5794 tis)
2387 5724 2494 5777 sint
2518 5725 2654 5778 inter
2682 5741 2769 5778 vos
2792 5693 3145 5779 contentiones
3169 5769 3184 5792 ,
3225 5693 3368 5796 quod
3401 5721 3459 5776 de
3490 5693 3734 5796 benigni"?c

2270 5816 2664 5889 baptizantium
2682 5817 2963 5888 litigabunt
2988 5793 3342 5874 vicissim:Ne
3363 5814 3504 5872 ctiam
3523 5799 3607 5856 sinl
3621 5793 3730 5841 (τπδ’
