3928 6408
49 343 154 398 ΞΠ

707 339 1072 399 EXPOSITIO
1109 339 1176 396 IN
1216 339 1596 398 EPISTOLAS
1631 342 1695 396 Pl

1799 342 1856 396 .l.
1897 371 1969 382 -—
2004 340 2070 397 IN
2113 342 2330 399 EPIST.
2375 343 2418 398 ll
2454 344 2546 399 AD
2583 343 2740 401 COB.
2805 356 2807 359 '
3245 348 3350 404 εἴθ

49 439 322 523 lationes.
354 458 423 514 id
462 467 548 515 est
582 457 799 514 invidiae
839 458 1010 529 (quod
1040 457 1178 513 alter
1218 458 1373 514 alteri
1424 457 1672 529 invidet),
1704 463 1750 518 Α
1781 479 1800 512 ι
1841 476 1925 527 ro,
1962 461 2196 527 fratres,
2223 461 2472 532 gaudete.
2510 460 2742 516 Perfeeti
2768 469 2960 517 estate.
2992 460 3344 520 Exhortanti-

49 552 114 605 de
143 550 375 607 merito
410 551 804 623 baptizatoris;
833 565 969 606 neve
987 550 1101 607 sint
1128 551 1269 606 inter
1294 565 1396 606 vus
1425 551 1684 604 animosi-

51 651 197 696 tates
225 683 245 710 ,
325 645 508 714 quod
565 644 703 698 alter
736 642 966 697 alterum
1006 642 1234 713 cogebat
1264 657 1424 712 agere
1461 655 1685 696 causam

49 750 252 790 coram
297 734 650 792 inﬁdelibus
673 734 983 805 judicibus;
1024 750 1158 789 neve
1179 734 1302 790 ideo
1329 735 1442 789 sint
1479 734 1686 787 dissen-

51 829 240 880 siones
259 843 284 892 ;
330 835 648 898 propterea
687 825 834 882 enim
857 825 1133 882 discordia
1159 833 1278 882 erat
1327 825 1468 880 inter
1495 840 1590 880 eos
1633 832 1689 878 et

50 918 291 984 odium;
343 933 507 973 neve
534 918 644 973 sint
672 917 1024 972 detractiones
1048 959 1064 983 ,
1107 915 1252 987 quod
1286 916 1430 971 bona
1453 915 1686 986 proximi

53 1024 181 1078 qua:
206 1017 365 1064 sunt
398 1007 785 1073 detrahendo,
816 1006 959 1060 mala
988 1022 1114 1076 quae
1138 1021 1247 1061 non
1279 1015 1408 1061 sunt
1442 1006 1690 1076 impona-

55 1100 161 1168 tis;
194 1113 358 1156 neve
385 1098 516 1155 sint
529 1099 945 1165 susurrationes,
964 1097 1017 1152 id
1051 1105 1138 1152 est
1158 1098 1387 1153 occultae
1413 1097 1690 1167 proximo-

61 1208 186 1246 rum
221 1190 720 1261 depravationes;
758 1203 893 1244 neve
921 1188 1032 1243 sint
1063 1189 1391 1258 inﬂationes,
1422 1188 1476 1244 id
1503 1198 1588 1243 est
1620 1203 1690 1244 ne

67 1285 157 1338 hic
181 1282 294 1354 qui
336 1282 563 1338 oculus
589 1291 674 1337 est
696 1281 751 1336 in
773 1279 1047 1347 Ecclesia,
1079 1289 1300 1351 spernat
1322 1295 1450 1334 eum
1475 1279 1571 1350 qui
1592 1293 1690 1348 pes

79 1385 182 1440 est,
205 1391 280 1429 ne
314 1373 485 1430 forte
517 1388 620 1444 pro
663 1373 766 1429 bac
804 1371 1219 1428 inﬂatione'sint
1242 1372 1387 1426 inter
1421 1387 1520 1426 vos
1545 1371 1688 1424 sedi-

86 1469 263 1532 tiones,
312 1475 388 1521 ut
415 1467 562 1521 alter
598 1465 831 1520 alterum
870 1465 1193 1520 verberibus
1228 1470 1524 1534 pratsumat
1555 1461 1692 1518 allii-

78 1574 215 1628 gere.
241 1557 481 1613 Cavete
505 1558 624 1612 haec
651 1571 760 1611 non
792 1555 907 1611 sint
934 1556 1078 1610 inter
1107 1569 1237 1620 vos;
1269 1570 1332 1607 ne
1352 1553 1545 1607 iterum
1571 1568 1692 1606 cum

74 1666 300 1717 tenero,
349 1651 571 1706 iterum
629 1649 906 1716 humiliet,
958 1648 1012 1702 id
1045 1657 1131 1703 est
1163 1646 1365 1718 aliligat
1415 1661 1496 1700 me
1550 1643 1690 1699 Deus

75 1742 216 1811 apud
249 1758 392 1808 vos,
433 1741 485 1797 si
530 1741 866 1796 incorrectos
907 1739 1187 1794 invenero.
1240 1735 1470 1803 Quando
1516 1735 1691 1806 prima

1791 569 1811 603 α
1857 553 1948 620 ni,
1985 551 2221 628 idipsum
2251 552 2443 622 sapite.
2489 551 2684 608 Pacem
2723 553 2917 608 habete
2932 563 3005 620 ,et
3033 553 3178 610 Deus
3201 557 3351 625 pacis

1791 661 1812 695 ι
1851 653 1907 698 ει
1938 643 2244 698 dilectionis
2269 643 2375 698 erit
2407 643 2710 699 vobiscum.
2752 643 2994 699 Salutate
3027 644 3258 700 invicem
3295 647 3350 700 in

1792 752 1811 785 ι
1855 735 2048 790 osculo
2085 743 2294 789 saneto.
2333 732 2583 789 Salutant
2606 750 2704 790 vos
2729 751 2922 791 omnes
2945 737 3118 792 sancti
3168 736 3355 792 Gratia

1792 843 1812 877 ι
1858 824 2074 878 Domini
2117 825 2292 880 nostri
2331 824 2461 881 Jesu
2502 826 2728 892 Christi,
2763 837 2816 882 et
2857 828 3095 883 charitas
3132 828 3262 895 Dei,
3301 839 3356 885 et

1793 935 1812 969 ι
1854 917 2282 972 communicatio
2336 918 2512 974 sancti
2566 916 2803 989 Spiritus
2837 920 3062 976 sitcum
3097 922 3355 978 omnibus

1794 1027 1814 1061 ι
1856 1007 2014 1064 vobis
2044 1006 2236 1062 Amen.
2277 1027 2296 1059 ι

2415 1114 2719 1155 ιςιιιοειτιο.

1857 1191 2108 1247 Ostendit
2129 1191 2260 1262 quid
2289 1191 2626 1264 intelligeret,
2657 1194 2872 1250 dicens:
2897 1211 3001 1248 non
3021 1195 3198 1267 quales
3221 1196 3357 1252 volo.

1787 1281 1946 1338 Nunc
1967 1283 2204 1338 ostendit
2234 1284 2380 1353 quod
2407 1285 2619 1341 dicebat
2645 1303 2659 1340 :
2700 1285 2947 1341 Inveniar
2978 1305 3012 1341 a
3057 1284 3199 1343 vobis
3227 1306 3361 1360 qua-

1789 1373 1891 1428 lem
1926 1390 2030 1428 non
2060 1374 2238 1429 vultis.
2269 1375 2470 1431 Littera
2495 1386 2676 1432 tamen
2709 1376 2784 1432 ibi
2823 1379 3088 1450 jungitur.
3120 1379 3202 1435 Ne
3239 1379 3360 1435 cum
3461 1387 3470 1394 '

1790 1480 1992 1531 venero,
2013 1473 2118 1520 etc.
2135 1464 2504 1521 Dicerentilli:
2526 1466 2606 1521 Tu
2623 1483 2688 1522 ne
2708 1477 2968 1524 venturus
2991 1471 3085 1525 es?
3101 1469 3254 1539 Ecce,
3281 1472 3362 1526 ait
3465 1469 3468 1474 ’

1791 1552 2014 1620 Paulus,
2037 1557 2209 1621 tertio,
2243 1556 2350 1611 hoc
2369 1567 2632 1627 apparatu
2671 1574 2779 1614 non
2815 1561 2936 1616 dico
2969 1562 3219 1627 veniam;
3263 1564 3358 1619 sed

1787 1646 1901 1718 jam
1926 1649 2072 1701 venio
2106 1648 2176 1701 ad
2209 1665 2316 1702 vos.
2360 1647 2471 1704 Nec
2495 1666 2618 1706 cum
2660 1666 2881 1718 venero,
2901 1653 3076 1722 patiar
3109 1669 3235 1721 vos;
3265 1655 3361 1710 sed

1791 1740 1974 1807 stabit,
2027 1740 2080 1795 id
2120 1749 2204 1796 est
2256 1750 2403 1796 stare
2452 1741 2740 1812 oportebit,
2788 1759 2938 1798 omne
2988 1743 3219 1810 verbum,
3265 1761 3364 1800 seu

72 1835 191 1888 vice
256 1833 473 1890 venit:
514 1847 817 1902 omnesque
868 1829 1114 1885 inﬁdeles
1158 1829 1397 1900 reperit;
1438 1804 1692 1882 humilia-
1723 1804 1767 1864 Β
1792 1804 1982 1888 eorum
2019 1833 2114 1904 qui
2137 1842 2416 1899 accusant,
2442 1804 2538 1889 seu
2559 1835 2650 1905 qui
2702 1804 3017 1891 defendunt.
3063 1804 3219 1892 Stare
3239 1853 3368 1892 ver~

78 1937 169 1981 tus
210 1927 461 1998 quidem
486 1935 575 1982 est
609 1925 752 1996 apud
777 1939 873 1979 eos
891 1965 906 1991 ,
929 1931 986 1978 et
1019 1922 1252 1978 amictus
1277 1919 1509 1976 diversis
1528 1934 1691 1974 vexa-

74 2017 339 2073 tionibus
369 2035 388 2083 ;
432 2017 533 2073 sed
564 2031 713 2071 nunc
747 2014 991 2070 deterius
1027 2013 1433 2078 humiliabitur,
1475 2011 1524 2066 si
1548 2025 1691 2080 quos

77 2110 284 2165 ﬁdeles
325 2109 494 2176 fecit,
540 2115 916 2179 apostatantes
957 2106 1138 2160 adhuc
1191 2103 1470 2175 repererit.
1507 2100 1694 2156 Humi—

77 2200 187 2254 liet
219 2216 314 2255 me
349 2200 532 2266 Deus,
564 2209 615 2254 et
654 2190 863 2270 lugeam
885 2197 1110 2254 multos:
1152 2196 1199 2252 si
1236 2195 1382 2251 enim
1409 2203 1520 2250 tres
1543 2201 1688 2262 sunt,

80 2288 252 2342 multi
282 2289 571 2343 videntur.
616 2286 817 2342 Multos
851 2287 1004 2354 dico,
1035 2302 1100 2340 ea:
1135 2285 1217 2340 his
1249 2285 1339 2356 qui
1375 2293 1496 2338 ante
1535 2282 1691 2354 prius

81 2381 326 2436 missam
365 2380 678 2451 Epistulam
733 2368 1111 2451 peccaverunt;
1170 2387 1220 2434 et
1276 2376 1542 2433 admoniti
1597 2390 1693 2445 per

84 2470 448 2541 Epistulam,
488 2489 594 2527 non
643 2481 858 2544 egerunt
905 2471 1268 2542 paenitentiam
1314 2470 1382 2524 de
1423 2467 1692 2540 praedictis

91 2563 272 2618 malis.
324 2563 520 2618 Etiam
549 2579 738 2634 super,
765 2563 820 2618 id
841 2572 928 2618 est
947 2564 1012 2618 de
1035 2561 1400 2628 immunditia,
1435 2575 1560 2615 cum
1581 2575 1695 2614 um-

97 2669 166 2709 ne
203 2656 412 2712 carnis
461 2665 745 2726 peccatum
794 2653 1140 2710 immunditia
1176 2653 1284 2709 dici
1314 2653 1516 2724 possit;
1559 2651 1690 2706 illud

104 2747 365 2818 libidinis,
401 2749 551 2820 quod
600 2758 685 2804 est
733 2756 928 2804 contra
956 2755 1234 2816 naturam,
1262 2745 1694 2802 antonomastice

109 2848 255 2895 vocat
274 2839 721 2895 immunditiam.
745 2837 856 2894 Nec
889 2839 957 2894 de
979 2838 1330 2908 fornicatione
1353 2879 1369 2902 ,
1396 2853 1496 2893 nec
1522 2838 1694 2907 impu—

110 2929 312 2999 dicitia,
351 2947 527 3003 quam
585 2940 874 3002 gesserunt,
930 2930 985 2985 id
1029 2939 1115 2986 est
1151 2946 1315 3001 quam
1344 2931 1400 2984 in
1430 2939 1608 3002 gestu,
1639 2939 1696 2984 et

111 3025 326 3080 assiduo
354 3041 472 3080 usu
499 3024 841 3090 habuerunt,
870 3023 1249 3093 paenitentiam
1275 3027 1526 3094 egerunt.’
1555 3021 1692 3078 For-

119 3123 445 3181 nieationem
471 3133 633 3180 vocat
655 3139 767 3178 non
798 3126 914 3197 lege
944 3125 1218 3195 conj-ugali
1249 3133 1469 3195 tangere
1496 3125 1691 3179 mulie—
1721 3148 1762 3206 ε

119 3226 234 3269 rem.
258 3214 676 3286 lmpudicitiam
699 3224 856 3270 vocat
880 3214 1214 3284 impudicum
1238 3214 1504 3268 habitum.
1554 3212 1692 3269 Cum

120 3308 455 3365 uxore-enim
487 3308 582 3375 qui
608 3323 667 3363 se
694 3307 1120 3377 intemperanter
1151 3306 1334 3373 habet,
1381 3305 1693 3375 impudicus

121 3409 220 3453 Qui».

710 3488 941 3546 CAPUT
970 3487 1110 3543 Xlli.

196 3599 214 3632 ‹
258 3579 402 3638 Ecce
439 3582 607 3638 tertio
643 3582 749 3638 hoc
776 3582 938 3637 venio
972 3581 1040 3636 ad
1079 3596 1201 3648 vos,
1224 3588 1280 3635 et
1309 3599 1328 3631 ι
1359 3579 1413 3634 in
1436 3593 1530 3636 ore
1555 3578 1696 3634 duo-

133 3687 149 3720 ε
193 3687 306 3726 rum
335 3672 430 3727 vel
451 3672 619 3727 trium
648 3672 872 3726 testium
900 3671 1067 3726 stabit
1085 3685 1248 3725 omne
1267 3668 1694 3738 verbum(Deut.

132 3781 147 3812 ι
192 3779 297 3831 xix,
336 3763 457 3835 15).
491 3783 512 3816 ι
553 3763 787 3820 Praedixi
816 3765 966 3819 enim
997 3773 1053 3819 et
1082 3764 1340 3834 praedico,
1369 3771 1430 3818 ut
1458 3777 1697 3833 praesens

136 3874 151 3904 ς
188 3859 360 3926 vobis,
389 3867 446 3914 et
470 3873 617 3914 nunc
644 3857 964 3922 absens,his
987 3857 1082 3926 qui
1103 3865 1229 3910 ante
1257 3864 1625 3925 peccaverunt
1644 3864 1699 3910 et

143 3966 158 3998 ι
190 3953 408 4010 cancris
434 3951 716 4018 omnibus,
751 3951 1010 4020 quoniam
1033 3949 1081 4003 si
1107 3963 1306 4004 venero
1330 3948 1548 4015 iterum,
1586 3963 1698 4002 non

149 4055 164 4087 ι
194 4057 433 4109 paream.
472 4043 556 4097 An
586 4042 1020 4112 experimentum
1049 4040 1294 4110 quaeritis
1320 4039 1462 4109 ejus,
1498 4039 1596 4109 qui
1643 4039 1696 4092 in

145 4147 162 4179 ι
196 4149 272 4191 me
307 4132 566 4205 loquitur
599 4133 903 4189 Christus?
960 4132 1064 4199 Qui
1104 4131 1159 4185 in
1196 4131 1353 4186 vobis
1391 4147 1502 4186 non
1544 4131 1698 4186 inﬁr-

143 4241 158 4272 σ
193 4237 392 4294 matur,
423 4227 518 4283 sed
552 4237 749 4297 potens
773 4234 858 4281 est
886 4225 940 4278 in
973 4223 1150 4278 vobis.
1201 4221 1337 4277 Nam
1369 4224 1474 4278 etsi
1521 4223 1699 4279 cruei-

143 4332 158 4365 ι
192 4316 326 4376 ﬁxus
365 4328 451 4375 est
483 4335 551 4374 ex
587 4319 922 4384 inﬁrmitate,
959 4317 1055 4372 sed
1088 4317 1221 4371 vivit
1257 4332 1325 4371 ex
1349 4316 1550 4372 virtute
1580 4315 1695 4371 Dei.

145 4424 160 4455 ι
193 4407 322 4468 Nam
362 4419 416 4466 et
464 4425 567 4466 nos
607 4409 810 4464 inﬁrmi
851 4424 1042 4465 sumus
1093 4407 1148 4462 in
1183 4408 1296 4475 illo,
1329 4407 1425 4463 sed
1452 4407 1698 4463 vivemus

1789 1924 1918 1980 bum
1945 1923 2164 1989 dicitur,
2195 1939 2320 1979 eum
2343 1941 2532 1980 verum
2562 1941 2682 1980 esse
2703 1927 2981 1994 probatur.
3023 1925 3200 1982 Stabit
3221 1928 3364 1994 dico,

1789 2016 1847 2069 in
1869 2031 1956 2070 ore
1981 2015 2206 2068 duorum
2234 2015 2312 2070 vel
2359 2015 2541 2082 trium,
2584 2032 2684 2071 nec
2717 2018 3082 2087 quarumlibet
3103 2033 3360 2087 persona-

1791 2121 1934 2173 rum,
1958 2107 2053 2162 sed
2095 2107 2327 2173 testium,
2366 2107 2421 2162 id
2455 2116 2539 2162 est
2571 2122 2762 2162 eorum
2791 2109 2886 2178 qui
2917 2108 3096 2163 idonei
3127 2117 3258 2164 sunt
3295 2110 3364 2164 ad

1789 2199 2210 2255 testiﬁcandum.
2238 2198 2487 2254 Dicerent
2519 2199 2595 2252 illi
2621 2218 2633 2252 :
2674 2198 2941 2254 Minitaris
2975 2209 3026 2254 te
3053 2207 3364 2266 venturum,

1792 2291 1886 2346 sed
1915 2306 2041 2346 cum
2089 2291 2324 2357 veneris,
2358 2290 2487 2361 quid
2529 2289 2736 2346 facies?
2761 2289 2962 2345 Contra
2994 2289 3316 2346 hocPaulus
3349 2308 3362 2344 :

1793 2378 2018 2435 Veniam
2049 2380 2238 2451 utique
2264 2388 2320 2436 et
2358 2395 2466 2435 non
2509 2395 2754 2450 parcam,
2785 2380 2910 2450 quia
2943 2379 3170 2451 pradixi
3196 2380 3364 2448 vobis,

1793 2491 1918 2530 cum
1947 2489 2126 2530 essem
2160 2490 2410 2544 praesens,
2450 2489 2538 2529 me
2572 2490 2682 2528 non
2741 2474 3078 2544 parciturum
3115 2471 3367 2538 ulterius,

1791 2577 1846 2623 et
1891 2567 2034 2622 idem
2077 2582 2223 2622 nunc
2277 2567 2478 2622 absens
2526 2565 2758 2636 praedico
2797 2581 2893 2636 per
2949 2563 3272 2635 Epistulam,
3312 2571 3372 2617 ut

1790 2678 2040 2732 premens,
2065 2659 2117 2715 id
2145 2668 2230 2715 est
2263 2668 2413 2714 tanta
2451 2659 2650 2714 virtute
2680 2668 2884 2729 quanta
2919 2672 3160 2728 priesens
3184 2655 3372 2711 vobis-

1793 2771 1918 2812 cum
1945 2755 2194 2826 agebam.
2239 2752 2504 2818 Przedico,
2555 2751 2799 2821 inquam,
2825 2751 2909 2804 Itis
2944 2751 3035 2821 qui
3067 2758 3188 2803 ante
3216 2747 3370 2818 prius

1793 2848 2018 2903 missam
2060 2846 2356 2916 Epistulam
2408 2853 2773 2915 peccaverunt,
2803 2859 2903 2898 nec
2931 2843 3110 2897 adhuc
3140 2839 3370 2896 correcti

1794 2949 1940 3006 sunt,
1967 2949 2021 2994 et
2053 2939 2262 2994 caeteris
2285 2937 2540 2993 omnibus
2567 2936 2880 3006 quicunque
2901 2935 2958 2988 in
2982 2941 3263 3002 peccatum
3287 2932 3372 2984 la-

1794 3029 2018 3094 buntur,
2048 3029 2152 3082 hoc
2181 3029 2370 3097 utique
2419 3027 2654 3096 praedico
2710 3025 2978 3095 quoniam,
3031 3023 3082 3076 id
3108 3032 3189 3077 est
3223 3018 3372 3090 quod

1793 3120 1841 3173 si
1865 3133 2048 3173 venero
2068 3117 2260 3170 iterum
2293 3115 2459 3186 (sicut
2496 3113 2749 3184 dispono)
2778 3127 2882 3164 non
2903 3126 3118 3180 parcam
3149 3110 3368 3176 iterum,

1795 3213 1938 3270 sicut
1969 3210 2124 3281 prius
2151 3207 2386 3280 peperci,
2434 3221 2561 3262 eum
2597 3222 2664 3261 ex
2693 3203 2998 3278 ignorantia
3032 3201 3372 3273 peccavisse-

1795 3305 1885 3360 tis.
1934 3303 2188 3359 Dicerent
2221 3301 2416 3356 iterum
2457 3299 2564 3354 illi:
2603 3297 2878 3368 Quidquid
2919 3296 3082 3352 modo
3111 3296 3370 3361 minetur,

1795 3407 1999 3462 tamen,
2024 3409 2150 3450 cum
2175 3393 2404 3460 venerit,
2435 3391 2625 3447 leviter
2661 3389 2862 3461 poterit
2905 3387 3132 3458 placari.
3159 3387 3239 3441 Ad
3270 3386 3376 3440 hoc

1795 3489 2026 3544 Paulus:
2058 3487 2216 3554 Quod
2253 3501 2362 3540 non
2392 3499 2635 3556 parcam,
2673 3483 2808 3539 satis
2856 3497 2965 3536 non
2993 3479 3246 3545 creditis;
3279 3477 3375 3533 sed

1797 3597 1867 3634 an
1887 3581 2127 3652 quaeritis
2152 3593 2251 3634 vos
2271 3578 2685 3647 experimentum
2715 3574 2828 3644 ejus
2866 3571 3089 3638 Christi,
3121 3571 3174 3626 id
3206 3579 3292 3624 est
3316 3578 3378 3623 ut

1798 3673 1922 3728 ideo
1989 3670 2258 3727 maneatis
2319 3668 2631 3733 incorrecti,
2675 3674 2738 3720 ut
2798 3663 3096 3735 potentiam
3153 3661 3376 3716 ultionis

1795 3763 2002 3821 Christi
2042 3761 2420 3833 experiamini,
2459 3760 2548 3830 qui
2589 3757 2842 3813 Christus
2887 3756 3121 3825 loquitur
3161 3753 3214 3806 in
3251 3767 3330 3805 me
3354 3752 3379 3804 ?

1797 3857 1918 3912 Non
1933 3855 2081 3912 enim
2112 3856 2228 3909 haec
2249 3868 2372 3924 qua:
2400 3853 2596 3920 loquor
2619 3865 2650 3904 a
2678 3863 2766 3904 me
2788 3857 2935 3913 sunt,
2960 3847 3052 3902 sed
3074 3862 3104 3899 a
3132 3842 3372 3898 Christo.

1799 3947 2086 4003 Salubrius
2119 3953 2222 4010 est,
2274 3952 2335 3998 ut
2371 3958 2469 3997 vos
2491 3939 2777 4011 corrigatis
2803 3955 2992 4010 quam,
3024 3937 3378 4006 dedignantes

1799 4037 2022 4108 corrigi,
2046 4036 2281 4091 validam
2318 4048 2540 4088 manum
2592 4030 2804 4085 Domini
2842 4027 3218 4099 experiamini.
3271 4022 3390 4090 Qui

1797 4130 2049 4185 Christus
2079 4144 2184 4181 non
2228 4127 2537 4197 inﬁrmatur
2564 4125 2702 4178 inter
2731 4139 2840 4188 vos,
2879 4121 2932 4176 id
2961 4128 3045 4176 est
3072 4135 3180 4174 non
3223 4118 3377 4172 inﬁr-

1799 4237 1924 4277 mus
1969 4218 2221 4291 apparuit
2271 4217 2448 4283 vobis,
2487 4231 2597 4272 non
2633 4214 2907 4285 operando
2956 4211 3246 4278 miracula;
3288 4210 3377 4264 sed

1798 4323 1978 4385 potens
2001 4321 2078 4366 est
2100 4312 2157 4365 in
2185 4310 2348 4377 vobis,
2373 4309 2426 4364 id
2473 4317 2560 4364 est
2601 4305 2840 4378 potentia
2867 4305 2988 4376 ejus
3036 4301 3381 4359 manifestata

1799 4415 1885 4462 est
1912 4405 2069 4461 vobis
2111 4420 2209 4474 per
2253 4401 2520 4457 miracula
2565 4414 2686 4470 qua:
2715 4397 2967 4453 Christus
3003 4403 3258 4465 operatus
3296 4404 3381 4447 est

147 4515 163 4546 ι
201 4515 316 4558 cum
347 4519 415 4558 eo
437 4519 504 4558 ex
525 4504 730 4558 virtute
774 4501 870 4556 Dei
893 4503 948 4556 in
975 4501 1149 4556 vobis.
1184 4499 1557 4570 Vosmetipsos
1581 4507 1700 4554 ten-
1729 4485 1776 4544 υ
1801 4514 1896 4569 per
1925 4512 2028 4552 nos
2050 4496 2104 4550 in
2135 4495 2314 4550 medio
2341 4491 2528 4548 vestri.
2588 4489 2722 4544 Vere
2757 4488 3010 4543 Christus
3044 4493 3236 4556 potens
3269 4491 3373 4537 est.

155 4605 172 4637 ι
207 4599 304 4650 tate
334 4595 384 4649 si
413 4594 548 4650 estis
578 4595 634 4648 in
667 4593 806 4661 ﬁde;
838 4592 942 4663 ipsi
965 4607 1066 4647 vos
1087 4593 1328 4661 probate.
1359 4590 1443 4645 An
1474 4607 1583 4647 non
1605 4605 1699 4645 cu-

157 4696 174 4730 t
209 4686 458 4754 gnoscitis
494 4684 859 4755 vosmetipsos
901 4683 1029 4754 quia
1057 4682 1310 4738 Christus
1330 4680 1491 4738 Jesus
1519 4681 1575 4736 in
1597 4697 1698 4736 vo-

152 4788 170 4822 (
207 4773 280 4832 bis
299 4779 420 4833 est?
443 4775 559 4832 Nisi
584 4775 724 4831 forte
745 4774 961 4845 reprobi
987 4772 1140 4828 estis.
1161 4771 1334 4845 Spero
1347 4782 1529 4825 autem
1552 4769 1698 4840 quod

151 4878 167 4911 ι
202 4867 526 4938 cognoscitis
555 4865 685 4936 quia
713 4879 814 4918 nos
845 4878 956 4917 non
988 4877 1181 4916 sumus
1203 4860 1439 4930 reprobi.
1465 4858 1698 4916 Oramus

149 4967 164 5000 ε
206 4966 382 5011 autem
409 4955 584 5012 Deum
615 4963 676 5010 ut
702 4955 842 5008 nihil
878 4953 1008 5008 mali
1052 4951 1302 5018 faciatis;
1341 4966 1450 5006 non
1497 4962 1558 5006 ut
1597 4967 1700 5007 nos

150 5060 165 5094 ι
205 5048 411 5116 probati
435 5062 747 5118 parcamus,
771 5047 866 5101 sed
889 5054 950 5100 ut
969 5060 1069 5100 vos
1094 5045 1240 5114 quod
1265 5043 1468 5098 bonum
1489 5052 1592 5111 est,
1614 5043 1700 5098 fa-

149 5139 370 5196 tciatis.
422 5138 534 5196 Nos
581 5149 765 5195 autem
817 5148 880 5193 ut
933 5137 1153 5208 reprobi
1185 5137 1378 5193 simus.
1412 5133 1532 5191 Non
1553 5135 1699 5190 enim

152 5244 167 5277 ε
205 5245 493 5300 possumus
519 5231 724 5302 aliquid
753 5231 1017 5286 adversus
1041 5229 1344 5296 veritatem,
1368 5231 1461 5286 sed
1483 5243 1583 5298 pro
1608 5244 1702 5284 ve-

153 5335 166 5365 ι
209 5323 377 5379 ritate.
410 5322 726 5379 Gaudemus
751 5323 900 5377 enim
931 5321 1192 5392 quoniam
1225 5335 1327 5375 nos
1366 5319 1568 5376 inﬁrmi
1605 5334 1702 5374 su-

154 5425 169 5456 σ
209 5428 342 5481 mus,
368 5431 469 5471 vos
511 5422 694 5470 autem
749 5422 1003 5484 potentes
1037 5414 1190 5468 estis.
1244 5411 1360 5468 Hoc
1397 5421 1450 5467 et
1477 5426 1701 5468 oramus

153 5520 168 5550 ι
209 5516 434 5564 vestram
456 5493 1012 5568 consummationem.
1037 5506 1164 5562 Ideo
1193 5507 1338 5562 enim
1360 5508 1476 5565 hzee
1504 5507 1702 5562 absens

156 5612 169 5638 ι
208 5601 384 5656 scribo
408 5610 469 5656 ut
501 5617 609 5656 non
640 5617 886 5672 praesens
913 5600 1108 5655 durius
1133 5599 1289 5670 201
1318 5615 1475 5670 agam
1501 5614 1700 5654 secun-

155 5703 172 5735 ι
207 5691 324 5746 dum
360 5701 684 5762 potestatem
709 5735 726 5758 ,
766 5706 932 5763 quam
970 5689 1242 5746 Dominus
1269 5689 1415 5746 dedit
1461 5689 1597 5744 mihi
1645 5689 1700 5744 in

158 5796 174 5826 ι
213 5783 635 5852 ωὐὶιιειιιίοηεω,
658 5793 712 5841 ει
735 5801 842 5841 non
875 5783 929 5838 in
959 5781 1408 5839 destructionem.
1441 5779 1516 5837 De
1537 5789 1699 5838 caete-

1806 4587 1950 4642 Nam
1996 4587 2113 4642 etsi
2151 4584 2389 4655 objicitis
2414 4581 2548 4637 mihi
2577 4595 2703 4635 eum
2748 4578 2802 4631 in
2824 4592 2984 4632 cruce
3031 4575 3371 4636 damnatum,

1803 4679 2158 4750 impotentem
2185 4675 2521 4747 apparuisse,
2545 4671 2717 4726 fateor
2734 4669 2954 4739 quidem
2975 4666 3261 4734 cruciﬁxus
3275 4673 3376 4728 est,

1805 4771 1900 4827 sed
1952 4787 2018 4826 ea:
2061 4770 2398 4840 inﬁrmitate,
2448 4767 2502 4822 id
2549 4773 2634 4820 est
2672 4762 2971 4819 secundum
3006 4757 3377 4813 inﬁrmitatem

1804 4862 2154 4918 mortalitatis
2190 4869 2246 4916 et
2272 4857 2648 4932 passibilitatis
2684 4870 2850 4926 quam
2895 4854 2952 4907 in
2992 4865 3154 4906 carne
3190 4857 3379 4904 nostra

1804 4952 2133 5024 assumpsit;
2167 4952 2262 5007 sed
2296 4951 2418 5005 licet
2439 4949 2512 5002 ita
2545 4946 2840 5002 cruciﬁxus
2877 4945 2967 5010 sit,
3011 4953 3186 4996 tamen
3229 4940 3376 5008 vivit,

1805 5045 1860 5101 id
1883 5053 1969 5100 est
1993 5035 2360 5114 potentialiter
2382 5040 2492 5111 agit
2520 5055 2585 5093 ex
2624 5038 2816 5092 virtute
2839 5035 2958 5103 Dei,
2991 5035 3044 5090 id
3066 5043 3150 5089 est
3183 5049 3379 5090 secun-

1805 5138 1933 5193 dum
1978 5136 2232 5190 deitatem
2254 5175 2269 5199 ,
2302 5132 2460 5202 cujus
2503 5130 2678 5185 virtus
2709 5129 2777 5182 ab
2805 5143 2871 5183 eo
2901 5142 3009 5182 non
3049 5126 3295 5192 recessit,
3325 5133 3380 5180 et

1805 5229 1862 5285 in
1884 5243 1994 5299 quo
2013 5226 2194 5282 omnis
2207 5224 2464 5280 divinitas
2487 5220 2843 5292 corporaliter
2865 5217 3147 5275 habitavit.

1876 5320 2015 5375 Vere
2033 5318 2288 5374 Christus
2317 5316 2449 5370 vivit
2471 5331 2538 5372 ex
2563 5315 2764 5368 virtute
2796 5312 2923 5381 Dei;
2957 5327 3080 5366 nam
3100 5327 3194 5364 nos
3217 5307 3377 5380 longe

1807 5413 2092 5469 inferiores
2115 5411 2208 5466 illo
2230 5410 2478 5465 vivemus
2507 5424 2574 5464 ex
2596 5407 2794 5462 virtute
2819 5405 2932 5461 Dei.
2965 5403 3118 5471 Quod
3156 5403 3236 5457 sic
3266 5401 3374 5454 ait.

1805 5503 1917 5560 Nos
1940 5505 2158 5575 quidem
2186 5502 2387 5572 inﬁmi
2444 5515 2624 5554 sumus
2653 5499 2710 5552 in
2748 5497 2866 5562 illo,
2890 5495 2945 5550 id
2969 5503 3052 5550 est
3076 5494 3131 5548 in
3175 5489 3373 5546 simili-

1810 5596 1992 5652 tudine
2031 5596 2196 5662 illius,
2230 5603 2292 5649 ut
2327 5590 2787 5664 quemadmodum
2821 5589 2909 5642 ille
2945 5601 3046 5656 pro
3075 5583 3262 5650 nobis,
3296 5582 3376 5638 sic

1807 5695 1862 5742 et
1891 5701 1990 5740 nos
2016 5701 2112 5755 pro
2136 5700 2202 5739 eo
2226 5683 2517 5754 patiamur.
2552 5679 2644 5734 Sic
2663 5678 2881 5748 quidem
2920 5674 3120 5729 inﬁrmi
3145 5689 3372 5738 sumus;

1808 5779 1900 5836 sed
1922 5780 2172 5846 vivemus,
2204 5778 2256 5834 id
2279 5784 2362 5833 est
2403 5771 2767 5845 potentialiter
2797 5782 3020 5840 agemus
3041 5767 3094 5821 in
3132 5766 3288 5821 vobis
3312 5781 3376 5818 es
