3928 6412
27 335 110 391 l3!
715 325 1080 396 EXPOSlTlO
1117 337 1190 403 1N
1222 336 1606 395 EPISTOLAS
1640 339 1868 397 PAULI.
1905 366 1975 381 —-
2009 340 2078 396 IN
2112 339 2332 408 EPIST'.
2373 341 2465 395 AD
2501 341 2654 399 GAL.
3215 344 3325 403 282

28 457 216 505 uerat
255 450 332 506 in
375 451 550 516 terris,
581 466 680 507 nec
703 452 773 506 ab
811 467 880 507 eo
918 453 1143 508 edoctus
1172 452 1258 508 vel
1281 453 1505 520 electus,
1553 467 1654 509 nec
1680 458 1723 514 A
1750 455 1937 511 docuit
1973 456 2271 512 secundum
2316 456 2687 512 infirmitatem
2721 459 2954 521 carnalis
2987 459 3323 527 intellectus;

27 543 234 596 .altem
265 559 308 597 a
344 543 529 609 Petro,
571 543 656 598 vel
691 543 762 598 ab
803 544 890 598 his
913 545 1153 615 quicum
1176 543 1395 599 Christo
1427 558 1654 600 conver—
1753 546 1934 603 adhuc
1952 547 2099 602 enim
2129 548 2376 602 carnales
2415 557 2592 615 erant,
2622 564 2722 603 nec
2746 550 2999 620 mysteria
3028 550 3327 608 divinitatis
3372 535 3381 542 “

27 640 124 693 sati
150 639 417 695 fuerant
440 648 558 696 erat
592 640 916 696 instructus.
942 638 1010 694 Hi
1043 641 1207 695 etiam
1233 639 1440 710 pseudo
1468 639 1652 711 gratia:
1753 655 1946 710 capere
1985 648 2271 711 poterant,.
2305 641 2434 712 quia
2479 641 2605 697 licet
2652 641 2986 712 accepissent
3042 641 3324 712 Spiritum,

27 733 117 788 Dei
153 732 495 803 plurimum
531 733 887 803 derogabant,
915 731 1159 787 dicentes
1192 747 1316 787 eam
1358 747 1467 786 non
1508 729 1657 794 suili—
1754 731 1996 786 nondum
2021 744 2202 787 tamen
2230 733 2390 788 datus
2413 740 2549 800 erat,
2594 733 2700 787 nisi
2729 741 2939 786 tantum
2962 733 3027 788 ad
3046 733 3328 790 remissio-

28 840 152 880 εει-ει
197 825 286 878 ad
344 825 579 880 salutem
610 823 716 879 nisi
747 823 1114 890 circumcisio,
1147 833 1201 878 et
1231 831 1423 878 caetera
1457 822 1657 878 veteris
1753 837 1899 877 nem.
1920 820 2075 888 Quod
2095 822 2234 877 idem
2253 821 2410 878 Jesus
2438 824 2596 893 plane
2625 823 2822 889 innuit,
2852 823 2943 877 ubi
2967 823 3044 878 ait
3075 842 3086 854 -
3120 842 3139 876 ι
3163 823 3332 878 Multa

27 916 168 986 legis
200 923 573 980 tenerentur.
605 913 667 968 in
698 930 811 986 quo
838 914 1070 970 Paulum
1105 915 1250 970 male
1284 914 1537 972 docuisse
1569 930 1658 969 ar-
1756 912 1932 966 habeo
1954 912 2111 967 vobis
2137 913 2347 978 dicere,
2377 914 2473 968 sed
2500 930 2609 968 non
2649 914 2876 983 potestis
2906 922 3123 983 portare
3145 915 3329 982 modo.

27 1007 324 1079 guebant,
359 1022 488 1061 cum
518 1007 690 1077 legem
735 1007 1040 1064 destrueret
1081 1023 1244 1078 quam
1271 1007 1435 1078 (sicut
1480 1007 1659 1062 omni-
1756 1002 1895 1060 Cum
1929 1013 2111 1060 autem
2147 1005 2354 1059 venerit
2377 1005 2609 1075 Spiritus
2645 1005 2826 1077 (Joan.
2866 1023 2977 1074 1m,
3009 1007 3120 1077 l2),
3159 1026 3177 1058 ι
3203 1015 3332 1074 etc.,

28 1097 136 1155 bus
157 1107 386 1152 notum
417 1097 523 1166 est)
548 1097 690 1154 Deus
711 1114 806 1168 per
833 1097 1054 1171 Moysen
1077 1099 1330 1166 dederat;
1354 1113 1519 1169 quam
1545 1099 1660 1168 ipse
1757 1097 1902 1164 illos,
1933 1097 2177 1167 inquam,
2208 1097 2386 1152 adhuc
2402 1098 2650 1153 mortalis
2671 1099 2829 1168 quasi
2850 1099 3098 1154 carnales
3124 1099 3333 1166 docuit,

28 1188 344 1254 Christus,
373 1190 509 1244 dum
543 1189 685 1245 inter
706 1190 957 1246 homines
990 1192 1440 1257 conversabatur,
1471 1191 1661 1246 obser-
1758 1189 1853 1244 sed
1899 1187 2102 1244 Paulus
2126 1190 2239 1259 jam
2288 1188 2466 1245 factus
2511 1189 2856 1257 immortalis,
2889 1192 3004 1260 jam
3045 1189 3244 1246 sedens
3279 1191 3338 1246 in

33 1289 303 1345 vaverat,
327 1280 513 1336 ethoc
534 1280 774 1336 dicentes
795 1279 939 1350 apud
953 1295 1049 1336 eos
1069 1281 1163 1351 qui
1186 1280 1461 1351 simplices
1482 1287 1659 1346 erant,
1758 1281 1979 1337 dextera
2014 1281 2214 1349 Patris,
2246 1282 2361 1353 jam
2399 1284 2526 1339 dato
2571 1282 2775 1353 Spiritu
2804 1293 2993 1338 sancto
3021 1284 3206 1354 elegit,
3236 1299 3338 1338 vo—

49 1371 393 1426 videbantur
421 1372 681 1428 inducere
719 1387 992 1442 congruas
1017 1372 1279 1427 rationes.
1315 1370 1527 1438 Quibus
1557 1369 1661 1425 fal-
1759 1375 1904 1430 cavit
1923 1384 1978 1430 et
1999 1376 2204 1443 docuit,
2229 1384 2283 1432 et
2317 1377 2398 1431 sic
2431 1384 2654 1446 apparet
2687 1375 2851 1446 quod,
2898 1374 2952 1429 in
2993 1389 3102 1446 quo
3136 1374 3341 1430 Paulus

52 1464 207 1518 laciis
227 1465 367 1534 jam
394 1463 533 1520 adeo
559 1463 774 1519 fuerant
799 1463 1008 1519 seducti
1029 1463 1196 1533 quod,
1219 1463 1328 1518 nisi
1352 1462 1662 1518 sollicitudo
1759 1466 2044 1521 videbatur
2066 1465 2312 1535 inferior,
2349 1467 2508 1537 longe
2539 1466 2750 1522 caeteris
2778 1474 2864 1520 est
2888 1465 3190 1536 gloriosior.
3230 1464 3338 1519 Ve~

50 1555 200 1609 Pauli
231 1555 367 1610 cito
395 1569 494 1624 per
513 1554 658 1610 hanc
681 1552 978 1624 Epistolam
1000 1561 1329 1619 occurreret,
1351 1552 1466 1622 jam
1483 1566 1541 1606 se
1552 1550 1601 1606 di

1791 1574 1930 1614 erem
1965 1559 2137 1630 legem
2165 1559 2244 1615 sic
2277 1559 2568 1630 improbat,
2600 1558 2893 1614 ostendens
2923 1573 3043 1612 eam
3073 1558 3252 1612 datam
3283 1569 3342 1616 ut

45 1649 354 1723 ponebant
387 1647 457 1702 ad
495 1645 996 1703 circumcidendum
1037 1654 1092 1701 et
1120 1644 1190 1700 ad
1226 1655 1418 1701 cuneta
1445 1641 1661 1714 legalia-
1761 1661 1908 1708 esset
1927 1651 1983 1705 in
2012 1659 2275 1722 tempore,
2299 1660 2355 1706 et
2377 1651 2628 1706 veniente
2648 1651 2820 1720 gratia
2842 1649 3025 1704 statim
3055 1649 3216 1703 linem
3242 1649 3343 1702 ha-

46 1738 104 1792 ln
128 1740 243 1799 hac
263 1745 468 1795 autem
487 1736 733 1809 Epistola
752 1736 955 1795 Paulus
974 1738 1086 1808 agit
1105 1737 1174 1792 de
1192 1735 1665 1792 commendatione
1691 1807 1727 1811 _
1763 1742 1934 1809 heret,
1955 1742 2327 1810 velutumbra,
2350 1743 2598 1798 veniente
2614 1756 2870 1811 corpore;
2895 1755 3017 1811 quae
3036 1739 3142 1807 lex,
3166 1754 3342 1809 quan-

42 1846 312 1900 personae
349 1846 484 1900 sum,
506 1807 671 1901 quam
701 1831 909 1901 pseudo
935 1807 1329 1900 deprimebant.
1355 1829 1481 1901 Agit
1498 1828 1661 1884 etiam
1690 1807 1740 1868 Β
1765 1835 1859 1891 diu
1892 1807 2129 1901 duravit,
2179 1807 2321 1889 nihil
2350 1834 2498 1890 aliud
2520 1849 2685 1904 quam
2712 1807 2890 1904 grave
2912 1807 3104 1903 iugum
3130 1807 3350 1886 et'onus

49 1923 112 1976 de
159 1923 559 1979 destructione
588 1922 789 1979 veteris
835 1922 994 1994 legis,
1042 1937 1153 1978 non
1200 1922 1346 1992 quod
1394 1922 1666 1992 improbet
1764 1927 2110 1996 importabile
2141 1935 2195 1982 et
2217 1926 2412 1982 inutile
2437 1924 2558 1991 fuit,
2587 1925 2719 1994 quia
2748 1925 3021 1979 neminem
3049 1922 3350 1994 iustiﬁcam

46 2031 201 2081 eam,
237 2031 322 2070 eo
347 2015 493 2087 quod
520 2015 753 2071 tenenda
781 2014 903 2070 fuit.
932 2014 1060 2086 Agit
1085 2014 1251 2070 etiam
1280 2014 1348 2069 de
1381 2029 1665 2070 commen-
1762 2015 1958 2086 potuit.
1997 2014 2283 2071 Destructa
2325 2016 2442 2086 lege
2471 2015 2702 2086 gratiam
2730 2013 2934 2068 Christi
2982 2014 3348 2078 commendat,

47 2107 292 2163 datione
333 2108 516 2180 gratia:
537 2106 762 2163 Christi.
795 2105 923 2163 Haec
956 2105 1064 2161 tria
1090 2114 1233 2161 sunt
1260 2105 1350 2160 hic
1380 2105 1610 2161 materia
1649 2122 1662 2159 :
1766 2115 1829 2162 ut
1849 2123 1970 2162 eam
1999 2123 2122 2177 quae
2143 2109 2260 2162 sola
2281 2106 2480 2163 suliicit
2513 2105 2582 2160 ad
2618 2105 2871 2172 salutem,
2896 2113 2951 2159 et
2970 2105 3088 2160 sine
3115 2120 3221 2174 qua
3249 2119 3352 2158 nec

48 2198 122 2254 Se
151 2201 222 2254 in
250 2200 415 2257 hunc
444 2200 668 2256 modum
702 2199 1052 2256 commendat
1079 2197 1248 2268 quod,
1273 2213 1399 2252 cum
1428 2197 1504 2251 illi
1524 2197 1667 2266 obji-
1773 2209 1899 2253 ante
1927 2199 2108 2253 datam
2132 2198 2366 2268 gratiam
2393 2213 2495 2253 nec
2531 2205 2674 2267 post,
2701 2195 2900 2265 aliquis
2928 2194 3105 2264 potuit
3129 2193 3348 2249 salvari.

51 2291 217 2346 ciant
244 2292 304 2347 ei
340 2307 397 2346 se
425 2307 531 2346 non
550 2291 755 2347 vidisse
783 2289 1096 2357 Christum,
1125 2305 1226 2344 nec
1251 2288 1320 2343 ab
1340 2303 1406 2343 eo
1435 2288 1669 2343 electum
1777 2290 1855 2346 De
1883 2291 1970 2346 his
1997 2291 2254 2347 omnibus
2297 2291 2379 2347 sic
2425 2291 2557 2362 agit,
2595 2307 2659 2346 ea
2708 2288 3011 2345 intentione
3044 2296 3105 2342 ut
3136 2286 3354 2342 Galatas

53 2384 142 2438 vel
173 2385 524 2440 instructum
547 2385 745 2455 probat
763 2383 912 2455 quod
940 2383 1100 2453 longe
1132 2381 1352 2452 dignius
1381 2381 1505 2437 aliis
1538 2394 1670 2450 apo—
1772 2379 2018 2436 volentes
2057 2380 2337 2451 judaizare
2377 2379 2622 2436 retrahat
2669 2394 2739 2434 ne
2790 2376 3023 2444 faciant,
3079 2391 3180 2431 nec
3212 2375 3357 2430 ultra

60 2475 220 2530 stolis
250 2477 469 2533 electus
520 2476 596 2532 sit
639 2491 672 2532 a
717 2474 939 2532 Christo
971 2482 1028 2531 et
1047 2475 1302 2542 edoctus;
1342 2473 1466 2530 illos
1497 2473 1668 2540 enim,
1774 2473 2274 2546 pseudomagistros
2295 2474 2539 2530 audiant.

59 2566 192 2654 dum
216 2569 481 2625 mortalis
515 2569 658 2624 inter
678 2568 941 2624 mortales
963 2574 1400 2633 conversaretur,
1431 2564 1592 2636 elegit
1615 2574 1670 2620 et

85 2748 2922 2782 Μ

993 2919 1575 3016 EPISTOLA
1640 2919 1793 3008 AD
1864 2894 2414 3007 GALATAS.

499 3115 664 3188 205
696 3113 927 3172 CAPUT
962 3113 1256 3170 PRIMUM.
1699 3109 1746 3173 C
1783 3128 1803 3163 ι
1844 3122 2044 3164 narum
2082 3095 2330 3162 mearum
2372 3102 2750 3159 traditionum.
2780 3097 2920 3153 Cum
2950 3092 3362 3190 autemlplacuit

157 3230 174 3263 ι
214 3209 428 3266 Paulus
459 3207 744 3280 apostolus
771 3223 883 3263 non
908 3209 978 3263 ab
1006 3207 1346 3273 hominibus,
1373 3219 1552 3275 neque
1579 3219 1676 3274 per
1783 3221 1804 3256 ι
1845 3203 1897 3260 ei
1925 3204 2022 3272 qui
2044 3217 2132 3257 me
2162 3196 2468 3272 segregavit
2495 3212 2564 3252 ex
2596 3204 2754 3250 utero
2778 3191 2971 3249 matris
2999 3205 3152 3255 meat,
3187 3197 3241 3243 et
3270 3203 3362 3242 vo-

95 3319 114 3354 σ
153 3303 456 3380 hominem,
480 3302 578 3357 sed
607 3317 705 3371 per
737 3299 928 3358 Jesum
951 3298 1255 3365 Christum,
1280 3307 1336 3354 et
1363 3295 1535 3352 Deum
1563 3295 1672 3350 Pa-
1783 3313 1804 3348 ι
1844 3292 1990 3350 cavit
2013 3307 2109 3363 per
2140 3290 2376 3382 gratiam
2391 3303 2578 3382 suam,
2695 3284 2963 3382 revelaret
2981 3280 3178 3382 Filium
3203 3294 3363 3382 suum

93 3416 114 3448 ι
156 3405 322 3462 trem,
347 3375 437 3468 qui
467 3395 758 3452 suscitavit
778 3409 904 3450 eum
927 3409 956 3448 a
980 3393 1234 3458 mortuis,
1265 3399 1319 3448 et
1343 3391 1436 3461 qui
1458 3403 1674 3444 mecum
1785 3406 1804 3441 ι
1849 3385 1908 3441 in
1937 3401 2047 3452 me,
2074 3392 2135 3439 ut
2158 3380 2592 3453 evangelizarem
2615 3379 2768 3433 illum
2798 3375 2854 3430 in
2872 3375 3159 3472 gentibus,
3187 3375 3364 3472 conti:

100 3507 119 3540 ι
163 3499 295 3545 sunt
320 3464 508 3545 omnes
540 3488 758 3552 fratres,
802 3485 1064 3542 Ecclesiis
1096 3484 1341 3548 Galatiae,
1373 3482 1546 3554 gratia
1581 3496 1676 3535 vo—
1784 3497 1804 3531 ‹
1849 3492 1962 3533 nuo
1988 3492 2100 3532 non
2121 3473 2371 3546 acquievi
2401 3473 2554 3529 carni
2597 3478 2652 3526 et
2691 3467 2968 3540 sanguini.
3015 3464 3202 3535 Neque
3243 3464 3364 3554 veni

97 3597 117 3630 ι
161 3580 246 3636 bis
292 3589 345 3635 et
384 3595 489 3650 pax
532 3593 565 3633 a
589 3577 703 3633 Deo
747 3574 910 3632 Patre
941 3581 1149 3640 nostro,
1187 3583 1242 3628 et
1275 3570 1507 3626 Domino
1546 3568 1676 3625 Jesu
1785 3585 1805 3622 ι
1851 3567 2364 3640 Hierosolymamad
2384 3574 2760 3620 antecessores
2784 3575 2938 3614 meos
2961 3556 3256 3650 apostolos,
3271 3553 3366 3608 sed

46 3689 53 3696 ·
105 3691 120 3721 ι
162 3645 406 3738 Christo,
445 3671 542 3742 qui
593 3669 741 3725 dedit
767 3667 1120 3736 semetipsum
1167 3679 1268 3734 pro
1309 3662 1542 3734 peccatis
1580 3678 1680 3718 no—
1786 3681 1805 3716 ι
1853 3663 1963 3718 abii
2005 3662 2062 3716 in
2113 3660 2394 3725 Arabiam,
2423 3666 2477 3712 et
2500 3657 2696 3720 iterum
2730 3664 3138 3742 reversusisurn
3174 3645 3409 3742 Damae

103 3783 119 3815 ι
156 3766 304 3834 stris,
335 3737 401 3818 ut
419 3737 656 3832 eriperet
678 3775 780 3816 nos
808 3759 874 3814 de
905 3757 1161 3828 praesenti
1191 3755 1392 3811 saeculo
1417 3769 1677 3824 nequam,
1786 3770 1805 3806 ι
1851 3769 2028 3810 scum.
2087 3751 2293 3808 Deinde
2331 3757 2456 3819 post
2509 3762 2685 3802 annos
2727 3753 2838 3799 tres
2893 3741 3016 3834 veni
3059 3737 3366 3834 Hierosoly-

108 3874 125 3906 ί
161 3827 464 3913 secundum
491 3827 825 3908 voluntatem
860 3827 956 3904 Dei
983 3857 1039 3905 et
1065 3847 1242 3903 Patris
1264 3847 1458 3904 nostri.
1485 3846 1572 3900 cui
1598 3853 1682 3901 est
1787 3866 1806 3900 ι
1849 3863 1996 3901 mam
2030 3844 2215 3900 videre
2238 3841 2481 3906 Petrum,
2523 3847 2578 3894 et
2624 3834 2803 3891 mansi
2833 3832 2976 3928 apud
3010 3845 3151 3928 eum.
3177 3827 3368 3928 diebus

77 3950 80 3955 ’
116 3965 131 3995 ι
163 3949 320 4017 gloria
347 3948 408 4001 in
429 3944 629 4002 smcula
652 3943 998 3998 saeculorum.
1023 3941 1216 3994 Amen.
1237 3938 1404 3993 Miror
1426 3937 1570 4007 quod
1598 3937 1680 3992 sic
1787 3956 1806 3990 α
1852 3935 2188 4008 quindecim.
2222 3933 2406 3986 Alium
2436 3937 2616 3984 autem
2641 3919 3156 4017 apostolorumAvidi
3182 3919 3366 3999 nemi—

124 4010 260 4093 Itam
295 4039 413 4095 cito
463 4034 862 4091 transferimini
891 4033 960 4087 ab
989 4047 1055 4086 eo
1092 4031 1186 4101 qui
1229 4045 1328 4086 vos
1366 4027 1582 4084 vocavit
1623 4028 1680 4083 in
1769 4046 1809 4090 ,ι
1851 4042 1999 4092 nem,
2048 4024 2155 4080 nisi
2177 4022 2440 4078 Iacobum
2486 4018 2708 4072 fratrem
2738 4013 2977 4070 Domini.
3010 4010 3142 4078 Qua:
3187 4017 3370 4111 autem

120 4145 136 4178 ι
166 4132 393 4201 gratiam
416 4129 622 4184 Christi
652 4129 706 4183 in
728 4126 875 4182 aliud
909 4124 1280 4194 Evangelium,
1305 4123 1451 4192 quod
1471 4139 1577 4176 non
1600 4131 1684 4178 est
1734 4171 1741 4179 .
1789 4135 1810 4171 ι
1851 4118 2034 4175 scribo
2055 4116 2230 4182 vobis,
2265 4129 2394 4169 ecce
2419 4127 2605 4168 coram
2649 4108 2781 4175 Deo,
2809 4107 3367 4201 quianon-mentior.

117 4238 132 4270 ι
167 4193 330 4291 ξιὶιιᾱ,
366 4223 478 4277 nisi
501 4229 630 4277 sunt
656 4219 824 4290 aliqui
858 4218 953 4288 qui
989 4193 1086 4272 vos
1126 4217 1474 4280 conturbant,
1500 4224 1555 4270 et
1582 4229 1682 4269 vo—
1791 4229 1810 4265 ι
1856 4211 2060 4267 Deinde
2081 4210 2204 4265 veni
2242 4210 2298 4262 in
2327 4214 2509 4278 partes
2536 4202 2708 4295 Syrias
2723 4209 2785 4295 et
2803 4198 3034 4295 Ciliciae.
3067 4193 3245 4248 Eram
3273 4208 3372 4295 au-

115 4329 132 4362 ι
167 4313 279 4371 lunt
302 4323 624 4371 convertere
649 4311 1002 4383 Evangelium
1029 4309 1254 4364 Christi.
1281 4307 1387 4364 Sed
1409 4310 1535 4364 licet
1560 4325 1681 4376 nos,
1787 4323 1806 4356 ε
1854 4312 1962 4358 tem
1992 4303 2211 4374 ignotus
2241 4299 2379 4356 facie
2430 4294 2690 4352 ECCleSiiS
2717 4291 2936 4355 JUdIBIB.
2984 4304 3112 4383 illi?
3133 4293 3290 4342 erant
3317 4291 3374 4339 in

115 4423 132 4455 ι
167 4421 254 4465 aut
300 4409 534 4480 angelus
581 4407 649 4462 de
685 4381 828 4460 caan
873 4404 1208 4474 evangelizet
1258 4402 1414 4457 vobis
1459 4412 1685 4472 praeter-
1794 4413 1814 4447 ‹
1858 4394 2099 4449 Christo.
2129 4391 2365 4448 Tantum
2406 4397 2588 4444 autem
2632 4384 2880 4480 auditum
2911 4381 3201 4480 habebant,
3230 4392 3374 4448 quo-

117 4516 133 4551 ι
166 4517 325 4571 quam
363 4473 514 4571 quod
549 4497 1041 4569 cvangelizavimus
1064 4494 1240 4560 vobis,
1276 4494 1565 4549 anathema
1589 4492 1679 4548 sit.
1717 4504 1762 4563 ο
1794 4504 1813 4538 ι
1859 4485 2006 4540 niam
2028 4484 2121 4554 qui
2139 4482 2566 4554 persequebatur
2585 4495 2686 4533 nos
2700 4473 3018 4544 aliquando,
3045 4486 3190 4571 nunc
3210 4485 3377 4571 evan-

123 4607 140 4640 ι
179 4567 323 4648 Sicut
342 4567 722 4665 praediximus,
769 4597 826 4645 et
866 4603 1015 4643 nunc
1042 4587 1236 4642 iterum
1265 4571 1386 4640 dico
1416 4604 1428 4638 :
1457 4584 1514 4638 Si
1557 4583 1684 4654 quis
1796 4603 1816 4636 ι
1861 4583 2057 4654 gelizat
2083 4581 2266 4647 fidem,
2293 4595 2457 4650 quam
2484 4570 3180 4665 aliquandoexpugnabat;
3217 4575 3271 4620 et
3317 4567 3374 4619 in

126 4695 144 4732 ι
182 4685 328 4741 vobis
348 4663 827 4756 vevangelizaverit
872 4689 1070 4751 praeter
1103 4679 1157 4733 id
1202 4677 1349 4748 quod
1378 4677 1682 4747 accepistis,
1797 4694 1816 4728 ι
1859 4689 1948 4731 me
1971 4663 2792 4744 clariﬁcabant[gloriﬁcabant]
2820 4663 3008 4718 Deum.
3057 4679 3075 4711 ›

122 4789 140 4822 ι
175 4779 458 4832 anathema
492 4777 582 4831 sit.
624 4774 781 4830 Modo
813 4773 960 4828 enim
993 4771 1309 4826 hominibus
1351 4768 1578 4834 suadeo,
1615 4784 1685 4821 an
1914 4775 1922 4780 '
2430 4773 2734 4816 exposmo.

120 4885 136 4917 ι
171 4867 389 4927 Deo?an
410 4883 600 4940 quaero
625 4867 938 4922 hominibus
966 4862 1214 4935 placere?
1236 4860 1294 4916 Si
1313 4861 1492 4916 adhuc
1513 4859 1688 4914 homi—
1861 4860 2094 4927 Paulus,
2147 4865 2252 4915 etc.
2276 4855 2336 4910 1n
2360 4855 2467 4946 hoc
2499 4849 2766 4922 principio
2789 4847 2916 4946 haec
2929 4843 3059 4946 tria,
3083 4841 3231 4942 circa
3254 4854 3376 4942 qua:

119 4972 134 5009 ι
173 4962 330 5017 nibus
349 4935 648 5032 placerem,
675 4956 880 5013 Christi
907 4970 1100 5012 servus
1128 4968 1238 5008 non
1262 4965 1459 5007 essem.
1484 4948 1685 5004 Notum
1791 4951 2030 5008 maxime
2055 4955 2326 5011 versatur,
2346 4942 2556 5000 scilicet
2579 4935 3106 5037 commendationem
3137 4935 3242 5037 sui,
3271 4935 3371 5035 im-

121 5069 137 5103 σ
171 5055 314 5110 enim
335 5025 497 5109 vobis
512 5051 676 5118 facio,
711 5049 932 5115 fratres,
958 5045 1333 5116 Evangelium,
1359 5042 1506 5112 quod
1530 5057 1690 5097 evan—
1792 5043 2168 5117 probationem
2222 5037 2379 5109 legis,
2421 5031 2866 5104 approbationem
2914 5025 3102 5100 gratim
3143 5025 3379 5118 breviter

121 5159 138 5196 ι
171 5149 460 5218 gelizatum
487 5154 575 5200 est
593 5160 625 5199 a
648 5115 755 5209 me,
778 5141 909 5213 quia
938 5154 1048 5194 non
1070 5115 1156 5194 est
1179 5135 1479 5192 secundum
1507 5133 1688 5187 hcmi-
1791 5115 2015 5208 colligit,
2032 5134 2221 5190 dicens
2246 5149 2260 5186 :
2284 5126 2490 5184 Paulus
2517 5121 2786 5218 apostolus
2807 5134 3008 5218 nomen
3021 5133 3185 5218 suum
3209 5115 3377 5188 (quod

124 5253 140 5286 ί
174 5211 315 5296 hem.
361 5237 551 5308 Neque
563 5237 712 5292 enim
737 5211 838 5307 ego
861 5233 931 5288 ab
952 5232 1177 5288 homine
1199 5229 1385 5299 accepi
1407 5227 1564 5295 illud,
1590 5243 1690 5284 ne-
1791 5231 1850 5287 in
1881 5227 2036 5285 omni
2059 5223 2302 5281 Ecclesia
2336 5227 2527 5276 notum
2547 5216 2746 5311 fuerat)
2772 5214 2841 5269 ad
2877 5211 3380 5311 auctoritatempo-

124 5343 271 5401 tque
323 5298 519 5396 didici,
551 5329 646 5385 sed
691 5298 799 5399 per:
840 5325 1228 5381 revelationem
1278 5298 1410 5378 Jesu
1462 5319 1687 5378 Christi.
1794 5321 1895 5377 nit.
1927 5316 2155 5381 Paulus,
2188 5314 2436 5383 inquam,
2481 5304 2774 5379 apostolus,
2817 5320 2920 5357 non
2969 5301 3033 5356 ab
3056 5298 3377 5362 hominibus,

125 5437 141 5470 ι
173 5400 416 5481 Audistis
449 5422 596 5477 enim
619 5418 1094 5477 conversationem
1114 5431 1292 5471 meam
1314 5415 1608 5485 aliquando
1636 5414 1693 5468 in
1793 5411 2120 5484 eligentihus
2139 5423 2287 5472 eum,
2317 5419 2481 5478 neque
2520 5419 2610 5473 per
2643 5400 2928 5464 hominem,
2965 5400 3378 5485 consecrantem

126 5529 142 5563 ι
178 5515 502 5574 ludaismo:
559 5514 819 5585 quoniam
858 5525 1022 5581 supra
1066 5508 1293 5564 modum
1329 5481 1697 5578 persequebar
1794 5481 1942 5572 eum,
1980 5513 2041 5560 ut
2060 5502 2136 5558 illi
2164 5499 2434 5570 objiciunt
2459 5512 2556 5566 per
2579 5492 2868 5588 Ananiarn.
2895 5489 3022 5588 ideo
3045 5488 3142 5558 ait,
3165 5501 3283 5588 non
3307 5481 3380 5538 ab

126 5622 143 5655 ι
179 5605 484 5666 Ecclesiam
504 5580 1332 5675 Dei,etexpugnabamillam,et
1345 5599 1694 5669 proﬁciebam
1796 5595 2115 5652 hominibus
2149 5606 2327 5663 neque
2355 5604 2453 5680 per
2494 5585 2796 5680 hominem.
2821 5580 3055 5680 Quidam
3093 5580 3238 5680 enim
3267 5588 3379 5628 non

129 5716 144 5749 ι
181 5702 226 5759 in
248 5701 539 5758 Judaismo
562 5713 726 5768 supra
755 5673 958 5752 multos
1000 5701 1308 5749 coaetaneos
1347 5706 1500 5748 meos
1524 5691 1580 5746 in
1603 5705 1696 5762 ge-
1796 5687 1866 5743 ab
1893 5687 2227 5751 hominibus,
2248 5682 2344 5740 sed
2365 5697 2396 5736 a
2420 5679 2532 5735 Deo
2559 5676 2716 5733 electi
2731 5688 2873 5768 ;_
2896 5673 3173 5768 hominem
3197 5674 3378 5722 tamen

132 5809 147 5844 ι
185 5758 307 5853 nere
341 5805 486 5862 meo,
523 5758 890 5862 abundantius
920 5786 1207 5845 amulator
1240 5785 1482 5843 existens
1515 5758 1694 5854 pater-
1795 5790 1928 5838 sunt
1951 5777 2279 5843 consecrati,
2302 5783 2357 5830 et
2377 5789 2409 5830 e
2429 5784 2714 5829 converso.
2733 5764 2931 5835 Velita
2970 5781 2982 5818 :
3013 5758 3217 5815 Paulus
3244 5772 3376 5830 apo~
