3928 6418
633 341 742 398 285

636 460 813 515 stolus
847 471 956 512 non
992 455 1062 511 ab
1081 455 1396 511 hominibus
1418 451 1763 522 eligentibus,
1785 449 1869 504 vel
1889 463 2216 506 consecran-

635 553 786 606 tibus
838 564 984 614 eum,
1025 563 1202 617 neque
1245 563 1341 618 per
1387 544 1683 608 hominem,
1735 543 1790 598 id
1844 549 1930 597 est
1957 555 2068 596 non
2112 555 2210 610 per

635 641 918 697 Christum
951 641 1254 706 mortalem,
1280 647 1332 694 et
1355 639 1408 692 in
1443 636 1780 691 humanitate
1799 634 2090 700 viventem,
2119 632 2210 686 sed

636 751 730 805 per
755 731 938 788 Iesum
967 731 1236 787 Christum
1274 729 1618 785 suscitatam.
1651 726 1727 782 De
1755 741 1821 780 eo
1849 726 1998 796 quod
2023 724 2210 794 sequi-

640 835 750 892 tur,
775 823 1072 890 suscitavit,
1103 821 1492 877 convenienter
1532 818 1832 888 accipimus
1862 817 2208 871 suscitatum.

639 916 890 973 Dicerent
939 915 1014 968 illi
1050 933 1064 969 :
1095 913 1267 968 Etiam
1324 913 1370 968 si
1413 909 1667 966 Christus
1711 909 1884 979 legem
1947 906 2210 972 destruat,

637 1023 748 1062 non
776 1007 1068 1072 credimus,
1104 1005 1232 1076 quia
1271 1003 1526 1059 dissentit
1554 1019 1586 1056 a
1619 1001 1750 1066 Deo,
1787 1001 1879 1070 qui
1909 1000 2082 1070 legem
2113 999 2210 1053 de-

635 1098 734 1153 dit.
766 1096 889 1152 ldeo
917 1096 1100 1151 subdit
1121 1094 1417 1166 Apostolus
1439 1109 1536 1164 per
1561 1091 1840 1146 Christum
1867 1089 2210 1154 suscitalum,

633 1199 685 1243 et
709 1204 808 1260 per
827 1188 992 1242 Deum
1021 1187 1258 1253 Patrem,
1288 1188 1378 1257 qui
1409 1184 1684 1239 suscitavit
1731 1197 1848 1236 eum
1884 1199 1916 1233 a
1944 1180 2168 1233 mortuis
2193 1195 2212 1244 ;

635 1295 796 1350 quem
828 1277 1032 1334 frustra
1057 1277 1198 1332 mori
1222 1277 1400 1342 vellet,
1432 1275 1478 1330 si
1500 1274 1607 1328 alio
1629 1273 1791 1327 modo
1809 1286 1908 1341 per
1931 1271 2104 1340 legem
2125 1270 2215 1338 ju-

633 1371 872 1426 stiﬁcare
910 1379 1096 1441 posset
1137 1368 1446 1434 hominem;
1485 1367 1578 1422 sed
1607 1365 1735 1436 quia
1779 1365 1950 1434 legem
2003 1362 2214 1416 irritam

629 1463 784 1530 vidit,
823 1462 995 1533 legem
1028 1461 1282 1526 exclusit,
1305 1467 1365 1513 ut
1389 1473 1485 1529 per
1508 1458 1735 1528 gratiam
1759 1454 1962 1510 Christi
1989 1454 2214 1524 perlice-

628 1561 716 1607 ret
743 1551 798 1606 in
833 1568 942 1622 quo
973 1552 1060 1606 lex
1083 1550 1384 1605 deﬁciebat.
1421 1547 1646 1614 Paulus,
1675 1547 1921 1616 inquam,
1943 1554 1994 1598 et
2039 1561 2214 1599 omnes

634 1644 830 1713 fratres
853 1644 944 1712 qui
967 1659 1168 1696 mecum
1191 1651 1334 1708 sunt,
1365 1641 1656 1696 scribimus
1683 1637 1936 1692 Ecclesiis
1963 1635 2212 1692 Galatiw.

633 1733 764 1788 ideo
801 1733 998 1790 fratres
1035 1733 1139 1788 sibi
1163 1737 1216 1788 in
1251 1733 1580 1788 salutatione
1595 1732 1796 1803 jungit,
1827 1731 1955 1800 quia
1983 1729 2212 1800 objicie-

633 1825 770 1880 bant
793 1827 999 1895 pseudo
1011 1824 1238 1880 Paulum
1251 1825 1410 1896 205
1425 1826 1601 1880 solum
1625 1839 1747 1879 esse
1766 1825 1820 1878 in
1843 1823 2216 1880 destructione

634 1917 790 1989 legis,
821 1933 986 1987 quam
1011 1917 1206 1972 Petrus
1249 1927 1304 1972 et
1343 1918 1434 1972 alii
1471 1917 1526 1970 in
1553 1917 1668 1971 suis
1689 1924 2004 1986 paterentur
2025 1913 2214 1970 Eccle-

635 2007 754 2064 siis.
781 2007 884 2063 Ubi
920 2009 997 2063 ait
1021 2024 1079 2064 se
1109 2025 1213 2062 non
1245 2009 1314 2064 ab
1341 2008 1588 2074 homine,
1617 2009 1712 2062 sed
1740 2023 1769 2061 a
1797 2006 2016 2062 Christo
2039 2005 2217 2060 suscio

633 2107 764 2166 tato,
791 2107 846 2155 et
878 2116 910 2156 a
937 2099 1048 2156 Deo
1077 2100 1235 2156 Patre
1269 2100 1472 2155 factum
1511 2099 1840 2170 apostolum,
1869 2099 2008 2154 satis
2029 2098 2083 2151 in
2111 2099 2216 2152 hoc

629 2205 690 2245 se
717 2190 1137 2246 commendavit.
1179 2189 1358 2256 Vobis,
1386 2206 1418 2244 ο
1449 2189 1672 2255 Galatae,
1702 2189 1776 2244 sit
1814 2188 2012 2258 gratia,
2043 2187 2093 2242 id
2133 2195 2217 2242 est

631 2281 720 2336 his
742 2282 836 2351 qui
859 2290 1242 2352 peccaverunt,
1271 2281 1342 2336 sit
1363 2281 1600 2335 secunda
1629 2281 1902 2335 remissio.
1930 2278 2024 2334 llis
2041 2279 2136 2349 qui
2160 2279 2214 2332 in

627 2369 840 2441 iustitia
879 2381 1319 2442 permanserunt,
1365 2372 1437 2426 sit
1463 2371 1864 2441 perseverantia
1893 2371 2097 2442 gratiae.
2135 2368 2218 2424 Sit

629 2464 798 2518 etiam
826 2463 984 2518 vobis
1025 2479 1152 2533 pax,
1189 2463 1243 2517 id
1287 2471 1372 2517 est
1415 2461 1782 2532 tranquillitas
1825 2463 2014 2526 animi,
2042 2477 2074 2514 a
2105 2461 2214 2514 Deo

633 2553 800 2607 Patre
825 2563 1003 2608 nostra
1017 2562 1066 2608 et
1091 2553 1317 2608 Domino
1350 2553 1478 2608 Iesu
1509 2553 1744 2622 Christo,
1779 2554 1876 2624 qui
1913 2561 2141 2624 uterque
2161 2561 2216 2606 et

633 2654 816 2716 potest
835 2653 892 2701 et
911 2647 1044 2700 vult.

702 2735 862 2790 Modo
877 2737 1286 2792 commendabit
1307 2736 1537 2808 gratiam
1563 2735 1763 2792 Christi
1783 2751 1882 2806 per
1905 2736 2214 2806 oppositum

635 2827 998 2897 improbando
1035 2828 1207 2900 legem
1254 2829 1440 2884 dicens
1468 2847 1480 2883 :
1508 2827 1612 2893 Qui
1653 2827 1907 2884 Christus
1946 2827 2092 2882 dedit
2128 2843 2214 2880 se-

632 2918 915 2988 metipsum
955 2933 1064 2972 non
1097 2917 1246 2972 aliud
1279 2917 1642 2985 sacriﬁcium,
1684 2917 1811 2988 quia
1849 2917 1986 2971 nihil
2021 2924 2216 2987 praeter

631 3022 758 3062 eum
791 3008 1079 3064 sufficeret.
1129 3007 1492 3080 Semetipsum
1526 3009 1682 3078 dico,
1733 3009 1830 3080 qui
1857 3017 2043 3064 tantus
2071 3017 2208 3065 erat.

632 3097 827 3166 Semet,
851 3101 916 3155 ad
941 3099 1347 3167 discretionem,
1373 3102 1546 3172 ipsum
1569 3103 1644 3156 ait
1667 3103 1733 3157 ad
1759 3101 2208 3174 magnitudinem.

629 3187 787 3246 Dedit
811 3193 1164 3262 semetipsum
1187 3207 1282 3261 pro
1303 3193 1531 3262 peccatis
1555 3193 1751 3246 nostris
1777 3192 2057 3258 delendis;
2089 3207 2212 3262 quae

634 3281 682 3336 si
710 3283 796 3337 lex
838 3283 1120 3339 destruere
1148 3293 1361 3354 posset,
1391 3293 1698 3339 monstrum
1729 3293 2013 3354 putaretur
2033 3325 2050 3352 ,
2081 3285 2212 3355 quia

627 3371 742 3442 jam
765 3371 928 3428 Pater
950 3374 1220 3444 superﬂue
1245 3374 1298 3428 in
1319 3384 1552 3428 mortem
1587 3375 1824 3430 traderet
1849 3372 2213 3429 Filium.'Nec

631 3473 695 3521 ut
737 3476 958 3535 peccata
991 3467 1348 3538 pmcedentia
1396 3467 1744 3524 solummodo
1783 3467 2026 3534 tolleret,
2071 3465 2212 3522 mori

632 3558 837 3624 voluitv,
886 3560 980 3614 sed
1001 3569 1096 3625 ut,
1145 3559 1445 3614 destructis
1468 3559 1737 3629 peccatis,
1766 3560 1988 3630 eriperet
2031 3575 2124 3614 nos
2149 3559 2214 3614 de

630 3650 880 3722 presenti
902 3649 1098 3704 swculo
1115 3693 1131 3718 ,
1160 3650 1216 3704 in
1236 3665 1347 3720 quo
1369 3649 1502 3704 vidit
1529 3649 1801 3704 neminem
1823 3665 1985 3720 posse
2007 3649 2214 3704 morari

629 3741 750 3797 sine
767 3749 1009 3810 peccato.
1037 3739 1094 3794 ln
1117 3755 1229 3810 quo
1255 3747 1476 3794 notatur
1507 3739 1745 3793 maxima
1779 3740 1956 3795 virtus
1983 3739 2212 3806 Christi,

630 3831 724 3902 qui
761 3831 815 3886 in
847 3829 1070 3887 fornace
1105 3839 1458 3901 peccatorum
1488 3846 1587 3886 nos
1619 3830 1817 3885 liberat
1846 3831 1916 3885 ab
1959 3830 2214 3885 incendio

629 3923 840 3995 peccati
867 3923 1116 3996 [eriperet
1155 3923 1220 3977 de
1247 3923 1492 3993 presenti
1534 3921 1730 3978 steculo
1757 3939 1979 3994 nequam
1997 3965 2012 3990 ,
2049 3922 2104 3978 id
2131 3931 2217 3978 est

627 4018 696 4074 de
736 4017 1120 4073 conformitate
1158 4017 1443 4088 praesentis
1485 4016 1710 4085 mundi,
1745 4017 1841 4087 qui
1870 4031 1981 4072 non
2011 4017 2211 4084 allicit,

631 4115 688 4161 et
710 4115 866 4163 tanto
895 4109 1018 4179 plus
1039 4107 1186 4178 capit
1203 4149 1218 4174 ,
1247 4115 1453 4177 quanto
1473 4115 1676 4161 mterna
1701 4107 1883 4162 minus
1911 4105 2211 4180 videntur].

627 4195 908 4268 Eriperet,
959 4198 1114 4266 dico,
1167 4199 1328 4268 quasi
1371 4197 1426 4252 vi
1475 4199 1907 4255 conversationis
1945 4199 2104 4254 bona:
2147 4199 2218 4254 de

635 4289 862 4355 saeculo,
887 4289 983 4344 sed
1009 4305 1251 4360 nequam,
1269 4289 1320 4343 id
1343 4296 1428 4344 est
1447 4289 1748 4344 secundum
1773 4290 2074 4360 nequitiam
2089 4305 2216 4360 pec-

631 4380 780 4448 cati,
809 4379 1065 4436 Christus
1087 4395 1120 4434 a
1151 4381 1350 4436 saeculo
1395 4395 1525 4436 suos
1556 4381 1733 4452 eripit.
1765 4379 1924 4448 Quod
1960 4381 2215 4438 Christus

1167 340 1233 397 5.
1274 333 1620 394 BRUNONIS
1655 330 2294 392 CARTHUSIANORUM
2333 303 2828 386 lNSTlTUTORlS
2865 309 3242 386 OPPrPARS
3285 327 3354 384 ll.

3753 333 3826 390 9.85

2243 449 2290 506 Α
2317 463 2346 500 a
2375 448 2550 502 vobis.
2579 446 2773 512 Miror,
2805 447 3055 516 inquam,
3079 445 3144 500 de
3163 446 3282 500 hoc
3309 443 3468 514 quod
3497 449 3830 514 transferiltilu'.

2315 537 2382 592 Ut
2419 541 2638 609 gravius
2687 555 2784 594 eos
2830 538 3130 608 deprimat,
3177 538 3268 592 sic
3317 535 3422 591 ait.
3481 525 3832 600 TranSferuntm

2311 633 2457 687 enim
2483 631 2820 687 insensibilia
2839 674 2854 696 ,
2881 639 2940 685 ut
2959 630 3164 700 lapides
3181 671 3196 696 ,
3227 629 3526 684 ducuntur
3545 629 3832 690 irrationalis.

2311 724 2561 794 Aguntur
2584 725 2794 780 ratione
2827 723 3076 778 homines
3101 741 3115 789 ;
3143 722 3242 778 sed
3267 721 3418 777 istos
3432 721 3638 792 iudicat
3657 723 3832 782 insensi-

2312 817 2468 872 biles.
2509 815 2664 872 Unde
2691 816 2746 870 in
2775 815 3026 886 sequenti
3047 823 3206 868 vocat
3239 828 3348 868 eos
3379 813 3700 868 insensatos.
3721 816 3834 870 Miror

2311 909 2458 978 quod
2481 907 2876 964 transferimini
2908 906 2971 960 ab
2997 923 3055 960 eo
3075 947 3090 972 ,
3123 905 3350 961 scilicet
3365 904 3513 973 Deo,
3535 907 3624 976 qui
3647 906 3764 963 Deus
3779 927 3832 962 ro-

2313 1001 2452 1054 cavit
2476 1017 2563 1054 vos
2583 1016 2692 1054 non
2719 998 2913 1054 merito
2937 999 3072 1069 legis
3089 1039 3104 1064 ,
3136 996 3232 1052 sed
3261 1013 3370 1068 per
3395 998 3650 1068 gratiam.
3674 997 3832 1054 Vocant

2311 1091 2435 1146 dico
2463 1100 2518 1146 et
2545 1091 2774 1146 interius
2799 1090 3118 1161 aspirando,
3143 1098 3196 1144 et
3221 1089 3626 1158 praedicatores
3643 1088 3816 1144 adhibes

2312 1184 2382 1239 do
2405 1185 2461 1236 in
2486 1185 2718 1254 gratiam
2742 1182 2946 1238 Christi
2969 1224 2984 1250 ,
3015 1182 3070 1236 id
3101 1191 3184 1236 est
3211 1181 3289 1236 ad
3317 1181 3433 1236 hoc
3467 1191 3530 1235 ut
3553 1183 3728 1236 essetis
3751 1198 3834 1252 par-

2313 1275 2506 1346 ticipes
2543 1275 2728 1345 gratiae
2767 1273 2991 1329 Christi.
3026 1271 3468 1328 Transferimini
3505 1271 3626 1326 dico
3657 1272 3706 1325 in
3735 1273 3832 1326 aliis

2315 1366 2678 1438 Evengelium.
2711 1365 3022 1422 Secundum
3049 1365 3172 1420 illos
3195 1406 3209 1430 ,
3249 1373 3506 1418 veterem
3551 1363 3706 1432 legem
3729 1375 3828 1418 voca

2313 1457 2699 1528 Evangelium;
2732 1457 2870 1528 quod
2895 1465 3074 1512 tamen
3104 1455 3478 1526 Evangelium
3507 1471 3608 1508 non
3649 1464 3716 1508 est
3735 1456 3826 1508 elisa

2314 1559 2346 1604 a
2374 1558 2592 1616 nostro,
2621 1550 2727 1603 nisi
2746 1559 2870 1603 sunt
2909 1549 2987 1604 illi
3012 1548 3180 1618 aliqui
3207 1550 3307 1619 qui
3335 1565 3430 1602 vos
3475 1547 3778 1612 conturbant,
3797 1549 3824 1602 id

2313 1649 2398 1695 est
2423 1641 2629 1730 pseudo
2667 1683 2682 1706 ,
2710 1641 2806 1712 qui
2833 1649 3070 1696 veterem
3101 1641 3278 1710 legem
3303 1639 3610 1694 carnaliter
3627 1639 3826 1702 docentes,

2315 1733 2602 1788 dissentire
2649 1732 2860 1788 faciunt
2909 1733 2978 1787 ab
3019 1731 3320 1802 Evangelia
3349 1730 3593 1796 Christi;
3639 1745 3824 1798 cuqu

2243 1802 2289 1862 Β
2319 1825 2460 1880 idem
2486 1833 2570 1880 est
2593 1825 2926 1880 intellectum
2955 1823 3342 1894 spiritualiter.
3378 1821 3725 1886 Conturbant,
3756 1821 3820 1874 dic-

2315 1925 2430 1971 tum
2456 1925 2540 1970 est
2576 1931 2606 1970 a
2641 1916 3002 1972 similitudine
3023 1915 3257 1970 turbatae
3285 1929 3456 1984 aquai
3481 1955 3499 1979 ,
3547 1913 3600 1967 in
3627 1927 3721 1982 qua
3743 1911 3816 1964 nihil

2313 2008 2460 2062 clare
2489 2007 2726 2062 discerni
2747 2015 2944 2078 potest.
2971 2005 3050 2062 lta
3079 2007 3168 2062 isti
3211 2005 3564 2061 intellectum
3591 2003 3812 2076 Galatam

2316 2099 2704 2166 turbaverant,
2735 2100 2882 2169 quod
2906 2099 3018 2168 jam
3050 2099 3254 2153 malum
3289 2113 3324 2151 a
3368 2097 3521 2152 bono
3549 2111 3652 2152 non
3683 2095 3814 2150 discet-

2315 2191 2533 2245 nebant.
2569 2191 2912 2246 Conturbant
2939 2205 3065 2258 vos,
3096 2200 3146 2244 et
3185 2190 3376 2243 uolunt
3403 2195 3690 2242 conuertere
3709 2185 3818 2238 Erat-

2315 2282 2508 2353 gelium
2535 2281 2758 2338 Christi.

2385 2373 2694 2428 Convertere
2715 2373 2920 2429 dictum
2947 2381 3031 2428 est
3046 2415 3062 2440 ,
3079 2361 3526 2434 ~a,similitudine
3549 2371 3746 2438 alicujus
3761 2367 3820 2419 ita

2314 2463 2555 2533 agentis,
2585 2463 2682 2533 qui
2707 2463 2777 2517 ab
2797 2461 3048 2518 obstante
3075 2463 3180 2518 sibi
3205 2471 3394 2529 retro,
3427 2459 3752 2520 convertitur;
3773 2455 3818 2508 sic

2313 2562 2368 2610 et
2387 2554 2482 2609 ‘isti
2509 2555 2747 2621 Galatae,
2775 2562 2996 2625 accepta
3029 2555 3134 2610 fide
3165 2553 3383 2610 Christi
3409 2567 3510 2624 per
3539 2549 3812 2620 Evangeliuu

2312 2645 2500 2715 Pauli,
2525 2647 2640 2718 jam
2665 2648 2804 2702 bene
2831 2647 3022 2703 directi
3049 2646 3269 2702 fuerant
3299 2647 3358 2701 in
3387 2645 3583 2702 semita
3606 2641 3712 2698 boni
3733 2653 3810 2707 ope-

2277 2793 2282 2798 .
2313 2739 2421 2806 ris,
2459 2755 2489 2794 a
2516 2754 2626 2810 quo
2659 2739 2913 2794 volebant
2938 2753 3032 2794 eos
3056 2747 3382 2794 convertere
3411 2737 3492 2792 illi
3519 2735 3717 2807 pseudo.
3747 2727 3808 2783 Ubi

2301 2832 2395 2906 ait
2428 2830 2612 2885 volunt
2633 2871 2649 2897 ,
2697 2829 2876 2884 innuit
2895 2829 3114 2886 Galatas
3133 2829 3386 2884 nondum
3407 2841 3570 2898 Opere
3587 2813 3810 2880 consensis—

2315 2938 2376 2978 se
2405 2922 2542 2990 illis,
2569 2923 2696 2978 licet
2721 2937 2970 2978 assensu.
2999 2921 3079 2976 llli
3107 2921 3302 2976 volunt
3321 2926 3634 2976 convertere
3651 2957 3664 2980 ,
3690 2911 3752 2966 ut
3770 2909 3808 2960 li-

2316 3027 2394 3072 cet
2423 3035 2516 3072 nos
2535 3059 2551 3085 ,
2583 3017 2637 3072 id
2665 3026 2750 3072 est
2777 3031 2878 3087 ego
2909 3016 2994 3070 vel
3015 3015 3130 3086 ipse
3152 3013 3356 3070 Petrus
3374 3057 3390 3081 ,
3421 3021 3514 3066 aut
3539 3007 3722 3080 angelus
3739 3017 3806 3056 tn:-

2315 3110 2493 3181 lignus
2519 3109 2744 3164 veniens
2771 3109 2835 3163 de
2859 3107 2988 3162 caelo
3015 3149 3031 3176 ,
3059 3107 3113 3163 id
3135 3115 3221 3162 est
3245 3107 3303 3163 in
3333 3103 3614 3176 splendida
3638 3101 3806 3168 ﬁgunt“

2314 3201 2532 3257 facilius
2555 3201 2787 3256 suadere
2809 3200 3007 3270 possit.
3043 3197 3100 3253 Si
3144 3202 3296 3254 enim
3343 3209 3622 3268 emergens
3643 3191 3698 3246 de
3717 3196 3802 3240 tent-

2311 3293 2428 3350 bris
2463 3293 2660 3348 inferni
2707 3302 2922 3348 torvum
2961 3299 3016 3347 et
3043 3289 3342 3345 informem
3379 3303 3502 3346 sese
3529 3275 3796 3357 ingererent

2311 3385 2722 3454 decipiendum,
2753 3398 2864 3438 non
2895 3391 3007 3438 tam
3050 3381 3280 3437 idoneus
3313 3389 3483 3438 esset.
3513 3377 3622 3441 Vel,
3659 3367 3798 3438 anniti

2311 3475 2492 3532 bonus
2521 3475 2745 3530 veniens
2787 3474 2855 3529 de
2881 3473 3050 3540 caelo,
3084 3473 3130 3528 si
3157 3473 3488 3544 evangelizet
3515 3472 3803 3538 proteram.

2313 3567 2369 3622 id
2399 3575 2485 3622 est
2525 3573 2720 3637 praeter
2753 3564 2861 3620 hoc
2891 3564 3029 3636 quod
3067 3562 3552 3633 euangelizavimus
3577 3555 3711 3616 vobis,
3733 3547 3805 3600 sive

2313 3660 2386 3716 sit
2413 3659 2694 3730 apostolus
2731 3673 2828 3713 seu
2865 3657 3122 3728 angelus,
3156 3655 3316 3710 illum
3354 3669 3467 3709 non
3499 3650 3652 3708 solum
3681 3637 3800 3696 διιδθο

2311 3765 2568 3822 separare
2598 3766 2630 3804 a
2655 3764 2884 3819 corpore
2911 3747 3146 3812 Christi,
3193 3747 3288 3802 sed
3321 3745 3494 3800 etiam
3522 3742 3586 3796 sit
3605 3731 3797 3826 restituta

2311 3815 2394 3898 ut.
2415 3843 2532 3913 ipse
2577 3815 2860 3912 separatus
2893 3839 2964 3894 sit
2999 3837 3270 3908 separatio
3309 3839 3549 3894 illorum.
3569 3829 3640 3884 llic
3661 3815 3796 3913 auide

2310 3907 2604 4006 respondet
2627 3907 2768 4000 illis,
2797 3931 2890 4003 qui
2914 3907 3244 4001 objiciebant
3285 3930 3402 3996 illi,
3433 3925 3588 3998 203
3607 3913 3710 3990 quod
3729 3907 3798 3962 tu-

2312 4028 2500 4083 daicos
2526 4026 2668 4081 ritus
2715 4039 2826 4080 non
2851 4029 3132 4093 pateretur
3185 4022 3239 4075 in
3273 4019 3537 4077 Ecclesiis
3580 4010 3692 4070 suis.
3726 4009 3800 4052 ¹ι⁰¹¹

2311 4119 2674 4190 intelligentes
2693 4115 2914 4172 Petrum
2940 4115 3061 4169 ideo
3083 4113 3217 4184 pati,
3241 4127 3359 4168 non
3382 4109 3525 4183 quod
3551 4099 3660 4160 illud
3672 4101 3800 4190 ηραν

2311 4189 2506 4276 baret,
2537 4208 2634 4265 sed
2661 4223 2731 4264 ne
2757 4207 3052 4262 ruditatem
3081 4205 3203 4260 fidei
3227 4220 3425 4261 eorum
3457 4199 3622 4273 potius
3639 4189 3798 4283 his

2312 4299 2656 4358 cessionibus
2707 4297 3054 4352 nutriendam
3077 4337 3092 4363 ,
3135 4311 3302 4365 quam
3373 4291 3539 4349 nimia
3592 4277 3798 4350 asptlfime

2315 4391 2699 4449 destruendam
2745 4397 2992 4444 terreret.
3039 4386 3152 4442 Hoc
3187 4395 3374 4442 autem
3412 4383 3538 4440 solis
3577 4367 3796 4446 patiebatur

629 4479 688 4534 in
705 4485 938 4534 mortem
953 4476 1188 4544 sededit,
1217 4478 1321 4533 hoc
1347 4479 1550 4535 factum
1565 4475 1949 4533 estsecundum
1963 4476 2210 4530 volunta-
2239 4499 2290 4560 υ
2312 4484 2545 4540 ,ιυιιεεὶεε
2583 4483 2678 4538 sed
2709 4481 2912 4536 Paulus
2963 4481 3058 4551 qui
3087 4479 3343 4550 gentibus
3387 4466 3696 4548 praedicabat.
3729 4461 3790 4560 ut

632 4579 734 4626 tem
763 4570 864 4626 Dei
899 4579 951 4626 et
978 4569 1168 4624 Patris
1199 4572 1390 4637 nostri,
1435 4570 1529 4641 qui
1567 4570 1696 4640 quia
1745 4568 1917 4639 legem
1963 4567 2210 4624 inutilem

627 4663 766 4719 vidit
786 4703 806 4733 ,
841 4671 903 4718 ut
931 4677 1034 4719 nos
1062 4662 1329 4730 salvaret,
1355 4677 1424 4718 ex
1450 4662 1648 4733 pietate
1671 4659 1872 4715 Filium
1897 4660 1954 4714 in
1979 4668 2210 4714 mortem

627 4755 872 4811 tradidit.
905 4753 974 4810 Et
1003 4755 1135 4826 quia
1168 4753 1424 4810 Christus
1473 4753 1683 4809 dederit
1727 4769 1786 4808 se
1825 4768 1923 4822 pro
1971 4753 2211 4823 peccatis

627 4847 834 4904 nostris
883 4847 939 4902 in
972 4856 1204 4904 mortem
1244 4861 1342 4917 per
1375 4847 1711 4902 voluntatem
1757 4843 1891 4910 Dei,
1923 4844 2116 4898 scitote
2141 4859 2209 4899 ex

625 4939 722 5004 eo',
764 4939 894 5008 quia
917 4939 1002 4993 cui
1035 4938 1255 4994 Christo
1291 4953 1417 4994 cum
1447 4937 1561 4993 Deo
1603 4945 1682 4993 est
1706 4936 1879 5008 gloria
1921 4935 1988 4991 de
2017 4937 2211 4994 remis-

627 5027 782 5083 sione
807 5038 1155 5098 peccatorum
1175 5072 1190 5096 ,
1221 5045 1328 5084 non
1357 5029 1462 5100 legi
1493 5030 1552 5083 in
1580 5029 1697 5083 haec
1725 5027 2012 5098 praesentia
2037 5043 2176 5081 swcu
2193 5059 2208 5069 -

629 5115 684 5170 la
711 5130 732 5170 :
753 5124 808 5171 et
839 5119 1180 5186 permanebit
1203 5119 1258 5172 in
1287 5119 1487 5173 saecula
1511 5119 1708 5172 horum
1739 5116 2054 5172 seculorum
2075 5133 2208 5172 con-

629 5209 889 5264 secutiva.
917 5207 1082 5263 Amen
1097 5251 1112 5276 ,
1145 5209 1202 5265 id
1219 5219 1304 5266 est
1323 5227 1436 5264 vere
1455 5211 1534 5264 ita
1556 5217 1660 5278 est,
1688 5211 1834 5280 quod
1853 5209 2072 5265 Christo
2091 5210 2207 5282 glo-

629 5301 745 5368 ria,
815 5315 925 5356 non
975 5301 1100 5372 legi.
1156 5301 1324 5356 Amen
1397 5303 1726 5374 quandoque
1781 5301 2200 5372 aﬂirmativum,

627 5391 960 5463 quandoque
983 5392 1286 5462 optativum
1321 5400 1423 5448 est.
1457 5391 1676 5464 Et‘quia
1699 5394 1951 5450 Christus
1976 5395 2124 5451 dedit
2146 5411 2207 5451 se

625 5499 730 5556 pro
772 5485 1012 5556 peccatis
1057 5484 1262 5540 nostris
1296 5484 1595 5540 secundum
1635 5484 1966 5540 voluntatem
1997 5485 2126 5552 Dei,
2153 5495 2209 5541 et

624 5575 802 5647 legem
847 5575 1164 5642 evacuavit,
1206 5575 1373 5629 miror
1403 5589 1533 5646 ergo
1563 5574 1702 5647 quod
1743 5575 1855 5642 sic,
1887 5576 1940 5631 id
1973 5585 2058 5632 est
2097 5589 2206 5632 tam

623 5667 978 5725 vehementer
1005 5669 1262 5724 omnibus
1309 5668 1580 5724 mandatis
1634 5669 1771 5724 meis
1803 5669 2105 5737 derelictis;
2155 5679 2212 5726 et

628 5773 740 5812 tam
769 5761 876 5816 cito
898 5775 916 5816 :
939 5777 1134 5834 parum
1161 5761 1309 5819 enim
1339 5767 1424 5818 est
1459 5757 1724 5832 temporis
1747 5773 1814 5816 ex
1842 5773 1954 5831 quo
1979 5759 2210 5818 discessi

2313 4575 2551 4630 habebat
2585 4575 2666 4630 eis
2720 4573 3004 4643 indulgere
3043 4571 3100 4625 in
3134 4571 3222 4625 his
3277 4571 3336 4625 in
3361 4567 3553 4640 quibus
3593 4552 3792 4643 nulffluf'f

2309 4666 2544 4723 fuerant.
2577 4665 2734 4733 Quod
2767 4637 2934 4718 etiam
2981 4637 3472 4734 postmodum,_ut
3498 4651 3618 4709 fides
3655 4637 3794 4734 Chiis?

2310 4761 2484 4818 solida
2523 4729 2688 4827 esset,
2717 4729 3007 4814 diiiiciliori
3047 4755 3230 4810 labore
3257 4755 3531 4810 destruere
3577 4729 3792 4827 oportetcf

2319 4853 2386 4909 Et
2431 4853 2561 4924 quia
2610 4821 2712 4908 nec
2755 4849 3044 4921 angelum,
3075 4861 3178 4902 nec
3221 4843 3520 4918 apostolum
3563 4821 3794 4924 P33”???

2309 4913 2466 5000 aliud.
2479 4943 2634 4998 vobis
2651 4913 3062 5013 praedicantem,
3088 4913 3330 5008 igitur—si
3349 4931 3470 5006 quis
3490 4917 3668 5013 ρεειξδο
3683 4913 3794 5013 €va

2309 5034 2621 5107 gelizaverit
2651 5003 2828 5087 nobis
2861 5039 3058 5101 praeter
3103 5003 3158 5084 id
3205 5028 3352 5098 quod
3367 5003 3635 5107 accepistis
3665 5003 3788 5107 alii?

2308 5083 2599 5182 Znathema
2621 5125 2711 5180 sit.
2744 5123 2812 5177 Et
2835 5083 2940 5178 hroc
2973 5137 3120 5176 nunc
3145 5083 3342 5174 iterum
3368 5115 3485 5172 dico
3521 5105 3582 5162 de

2305 5181 2450 5274 sicut
2478 5215 2644 5272 modo
2675 5214 2904 5285 praedixi
2935 5215 3004 5268 de
3031 5213 3190 5269 nobis
3218 5220 3276 5266 et
3297 5210 3366 5266 de
3393 5181 3790 5312 anﬂelo‘jfrfd;

2303 5307 2532 5362 Praedixi
2559 5305 2714 5361 vobis
2735 5321 2860 5360 cum
2881 5303 3023 5375 apud
3033 5319 3130 5359 vos
3143 5317 3341 5368 essem,
3369 5311 3451 5398 me
3471 5279 3784 5400 θωπιθῖξῖυὲ

2309 5397 2948 5462 escommunicaturum;
2981 5395 3062 5450 sic
3089 5393 3255 5449 etiam
3280 5405 3410 5445 nunc
3430 5386 3597 5440 iterum

2307 5493 2426 5562 quis
2451 5489 2594 5544 vobis
2619 5487 3056 5560 evangelizauerit
3073 5528 3089 5552 ,
3122 5495 3316 5556 praeter
3337 5481 3391 5536 id
3409 5471 3534 5550 ᾳαοά
3557 5453 3782 5562 “uegit?

2311 5539 2596 5634 anathema
2621 5578 2712 5632 sit.
2747 5539 2881 5631 Dico
2909 5539 3194 5630 anathema
3241 5576 3343 5640 sit,
3373 5577 3425 5625 et
3449 5562 3609 5658 hoc.et
3633 5539 3780 5684 fni:

2483 5669 2495 5682 ι
2721 5668 2733 5684 ι
2857 5667 2916 5684 ιη
2971 5667 3053 5684 ,-,.-,
3089 5663 3425 5684 1_L-__J2--
3481 5655 3631 5684 nullan

2309 5669 2624 5741 Praemissa,
2657 5668 2834 5724 zelum
2855 5667 3056 5722 Christi
3089 5663 3458 5723 habensdic0.
3481 5646 3659 5741 σιὼ-³⁸

2311 5719 2508 5819 :uadco
3089 5719 3174 5816 an
3205 5719 3513 5816 secundum
3531 5719 3775 5794 volunt“em
