3928 6444
9 363 168 421 ὣδ

766 370 1132 428 ΕΧΡΟΒΙΤΙΟ
1169 371 1234 427 ΙΝ
1271 371 1654 430 EPISTOLAS

1790 372 1918 430 ULl.
1959 406 2026 418 -—-
2063 373 2132 430 IN
2168 375 2387 434 EPIST.
2429 379 2520 433 AD
2554 379 2712 439 GAL.

3267 387 3373 444 286

9 485 414 543 nominum
435 487 773 544 suasibiliter
791 489 989 559 loquor
1017 507 1030 542 :
1060 505 1128 542 an
1150 489 1354 544 suadeo
1377 488 1484 543 Deo
1504 531 1519 558 ,
1549 489 1603 543 id
1617 498 1700 544 est
1729 497 1774 552 Α
1805 489 1880 546 ita
1898 506 2253 562 persequerer
2273 491 2571 550 Ecclesiam
2592 496 2818 564 Christi,
2846 510 3066 569 apparet
3086 501 3228 571 quod
3251 511 3376 558 ante

9 578 106 631 ad
155 580 458 650 gloriam
475 579 604 635 Dei?
627 579 1022 647 Quasi‘diceret
1047 599 1060 634 :
1088 579 1214 636 Ideo
1233 580 1356 636 dico
1372 623 1388 647 ,
1413 581 1696 636 anathema

9 671 147 736 rit,
193 683 394 740 θεία,
425 674 554 744 quia
601 674 731 729 olim
778 673 998 744 quidem
1036 684 1160 729 ante
1186 674 1362 729 ﬁdem
1397 674 1695 730 suadebam

9 764 470 831 hominibus,
503 765 806 836 praedicans
826 767 1028 836 legem;
1054 767 1148 822 sed
1177 767 1338 822 modo
1362 767 1418 821 in
1439 766 1544 822 ﬁde
1575 781 1698 822 sua-

9 855 158 911 ieo
203 859 480 928 gloriam
510 858 632 925 Dei;
663 858 785 914 ideo
814 874 925 914 non
945 859 1062 928 jam
1102 859 1308 914 suadeo
1344 859 1692 926 hominibus,

9 950 206 1017 quia
241 967 380 1006 non
405 966 590 1021 quaero
608 951 820 1021 placere
841 951 968 1005 illis.
993 949 1076 1004 An
1095 950 1242 1006 enim
1263 967 1442 1022 quaero
1465 949 1694 1021 amplius

9 1040 319 1106 placere
338 1043 682 1096 hominibus?
712 1041 768 1097 Si
801 1043 973 1113 legem
1009 1041 1362 1112 praedicaret,
1391 1058 1558 1112 quam
1589 1044 1693 1097 ho-

15 1148 147 1186 mo
183 1133 436 1189 virtute
455 1150 554 1190 sua
579 1142 792 1206 poterat
821 1134 1068 1204 operari,
1099 1142 1230 1189 tunc
1250 1135 1489 1204 placeret
1515 1135 1694 1189 homi-

15 1225 262 1280 nibus
298 1245 312 1280 :
340 1226 438 1282 sed
463 1227 592 1280 nolo
623 1226 864 1296 placere,
893 1227 1022 1296 quia
1047 1227 1094 1280 si
1114 1226 1286 1279 adhuc
1307 1225 1569 1296 placerem
1594 1227 1692 1279 ho-

25 1316 371 1384 minibus,
405 1317 752 1388 praedicando
781 1317 984 1388 legem,
1012 1318 1133 1387 jam
1175 1334 1278 1372 non
1319 1334 1482 1372 essem
1514 1335 1693 1372 servus

43 1407 310 1462 Christi
343 1452 356 1465 .
397 1409 528 1464 dum
578 1409 725 1479 quod
788 1409 1140 1465 attribuerem
1167 1409 1304 1480 legi,
1349 1409 1691 1465 detraherem

49 1499 296 1570 gratia
319 1499 551 1555 Christi.
585 1498 674 1554 Vel
705 1500 780 1554 ita
809 1519 821 1554 :
847 1500 929 1553 An
959 1500 1114 1554 modo
1141 1500 1338 1555 suadeo
1363 1501 1690 1568 hominibus,

39 1610 134 1645 an
164 1591 308 1647 Deo
333 1594 361 1647 2’
385 1591 441 1647 Si
465 1593 636 1664 legem
679 1594 1026 1664 praedicaret,
1053 1594 1369 1650 hominibus
1400 1593 1650 1650 suaderet
1674 1612 1688 1662 ;

39 1700 210 1754 qua
268 1685 428 1740 enim
458 1685 546 1740 lex
577 1685 849 1756 praecipit,
877 1686 1043 1741 homo
1073 1687 1208 1742 satis
1246 1695 1426 1757 potest
1446 1686 1689 1756 operari,

40 1786 114 1830 ut
156 1777 518 1833 abscindere
543 1777 850 1847 pelliculam
869 1819 887 1846 ,
919 1777 1205 1832 immolare
1228 1778 1489 1848 pecudem
1515 1789 1567 1832 et
1589 1777 1692 1832 hu—

1797 583 2212 637 conversionem
2231 581 2584 656 Evangelium
2615 603 2725 642 non
2754 587 2940 643 didici.

1868 671 2062 729 Subdit
2088 675 2234 744 quod
2261 686 2386 745 post
2407 678 2772 734 subditionem
2816 695 2926 734 non
2970 678 3238 734 didicerit.
3262 677 3378 750 Ego

1794 763 1871 820 ita
1894 767 2260 838 persequebar
2302 767 2598 824 Ecclesiam
2631 771 2864 832 Christi;
2906 771 2996 825 sed
3025 787 3143 824 cum
3172 769 3376 841 placuit

1793 858 1868 925 ei,
1915 873 1984 914 ex
2032 858 2226 930 gratia,
2282 875 2390 914 non
2441 876 2509 916 ex
2543 861 2758 929 merito,
2805 863 2856 917 ei
2905 862 3029 918 dico
3079 862 3174 932 qui
3219 879 3377 933 quam

1793 949 2157 1019 potentialiter
2180 967 2261 1006 me
2287 955 2574 1023 segregavit
2614 953 2677 1008 de
2706 965 2856 1008 utero
2888 957 3077 1009 matris
3113 971 3260 1021 mete,
3310 954 3379 1009 de

1794 1057 1904 1111 quo
1927 1058 2206 1112 nunquam
2235 1044 2458 1111 exirem,
2507 1046 2612 1101 nisi
2649 1046 3024 1101 misericordia
3052 1047 3172 1116 ejus
3197 1053 3379 1100 extra-

1794 1133 1947 1188 heret
1968 1149 2075 1200 me,
2106 1143 2216 1188 tam
2243 1135 2666 1192 misericorditer
2693 1139 2895 1192 vocavit
2920 1155 3002 1192 me
3027 1154 3119 1208 per
3149 1138 3378 1210 gratiam

1793 1241 1946 1278 suam
1969 1225 2038 1279 ad
2064 1225 2244 1280 ﬁdem.
2277 1225 2373 1282 Vel
2395 1228 2468 1282 ita
2495 1247 2508 1283 :
2554 1227 2656 1295 Qui
2677 1245 2765 1285 me
2792 1230 3093 1302 segregavit
3116 1230 3183 1286 de
3205 1239 3380 1285 matre

1793 1329 1934 1380 mea,
1986 1315 2038 1369 id
2068 1324 2151 1370 est
2194 1331 2225 1370 a
2271 1315 2576 1390 Synagoga,
2609 1320 2664 1374 in
2718 1336 2825 1391 qua
2867 1337 3002 1390 puer
3038 1321 3276 1376 nutritus
3323 1330 3379 1376 et

1792 1405 1986 1462 doctus
2013 1405 2243 1474 fueram,
2290 1424 2400 1463 nec
2420 1410 2486 1464 de
2512 1410 2637 1465 sinu
2664 1412 2748 1466 vel
2777 1412 3004 1482 gremio,
3046 1413 3140 1468 sed
3165 1413 3232 1467 de
3258 1413 3378 1482 ipso

1791 1505 1948 1551 utero
1992 1495 2308 1570 Synagogm.
2340 1499 2647 1557 Pharisazus
2691 1503 2834 1557 enim
2865 1519 3014 1558 eram
3055 1504 3195 1558 inter
3225 1504 3376 1574 prin-

1792 1589 1938 1658 cipes
1980 1589 2135 1660 legis,
2164 1599 2219 1646 et
2251 1607 2339 1646 me
2361 1591 2488 1648 inde
2513 1602 2853 1665 segregatum
2882 1596 3096 1649 vocavit
3125 1595 3192 1650 ad
3218 1595 3379 1650 ﬁdem

1790 1695 1888 1750 per
1908 1682 2137 1752 gratiam
2170 1699 2348 1750 suam,
2376 1700 2484 1739 non
2512 1685 2639 1755 quia
2669 1686 2844 1740 zelum
2875 1686 3012 1757 legis
3059 1687 3376 1759 habueram.

1792 1769 2039 1840 Vocavit,
2071 1773 2318 1844 inquam,
2350 1784 2407 1828 ut
2438 1774 2688 1829 reuelaret
2729 1777 2784 1829 in
2826 1793 2906 1830 me
2958 1775 3158 1830 Filium
3203 1793 3376 1831 suum.

39 1869 371 1938 jusmodi.
396 1868 554 1936 Quod
577 1870 622 1925 si
653 1885 750 1939 per
776 1870 893 1925 haec
926 1871 1135 1926 salvum
1167 1869 1369 1926 diceret
1390 1869 1686 1936 hominem,
1720 1853 1766 1914 Β
1795 1860 1851 1918 Si
1896 1864 2021 1934 quis
2065 1865 2210 1921 enim
2240 1867 2581 1922 vocationem
2610 1868 2717 1922 mei
2758 1868 3090 1936 considerat,
3123 1869 3383 1938 intelliget

41 1960 188 2015 Deo
228 1961 562 2018 detraheret
587 1961 818 2016 salutem
862 1962 1130 2029 hominis,
1170 1970 1226 2017 et
1249 1961 1546 2017 ascriberet
1584 1960 1687 2016 ho-

33 2053 257 2107 mini-
294 2052 506 2108 Caetera
526 2051 647 2107 'non
675 2060 980 2107 mutantur.

137 2167 264 2223 Ad
295 2167 437 2222 illud
469 2168 612 2237 quod
651 2168 904 2239 superius
931 2168 1097 2235 dixit,
1140 2184 1243 2221 non
1264 2167 1330 2221 ab
1353 2166 1650 2228 hominibus
1669 2209 1685 2234 ,

36 2277 274 2330 neque
299 2276 396 2330 per
433 2260 718 2325 hominem,
748 2260 838 2316 hic
866 2261 1196 2331 respondere
1240 2260 1446 2329 incipit.
1485 2258 1687 2314 Littera

47 2365 292 2406 tamen
315 2367 484 2422 prope
498 2352 748 2423 jungitur
779 2371 792 2407 :
825 2353 948 2408 ideo
975 2352 1290 2407 hominibus
1313 2353 1529 2423 placere
1575 2367 1686 2406 non

43 2459 324 2513 quam,
360 2444 455 2498 sed
484 2442 742 2511 Christo,
772 2444 902 2515 quia
945 2443 1299 2515 Evangelium
1349 2459 1530 2498 meum
1575 2459 1685 2498 non

61 2545 158 2590 est
205 2535 527 2590 secundum
567 2536 873 2601 hominem,
924 2537 1019 2592 sed
1053 2551 1085 2590 a
1117 2534 1247 2590 Deo.
1286 2534 1353 2590 Et
1378 2536 1500 2591 ideo
1543 2537 1685 2606 facio

64 2625 237 2678 vobis
271 2635 494 2692 notum,
523 2625 749 2696 fratres,
793 2625 1141 2698 Evangelium
1166 2642 1184 2680 :
1214 2642 1322 2681 non
1348 2627 1480 2682 illud
1507 2635 1682 2694 vetus,

73 2717 191 2770 sed
222 2716 366 2786 quod
390 2717 811 2788 evangelisatum
850 2727 928 2773 est
963 2737 996 2773 a
1039 2734 1161 2784 me;
1189 2719 1293 2775 hoc
1339 2719 1406 2774 de
1433 2734 1499 2774 eo
1543 2718 1683 2774 facio

79 2808 264 2862 vobis
289 2818 475 2862 notum
491 2848 508 2875 ,
533 2809 676 2880 quod
717 2826 821 2863 non
843 2819 922 2864 est
946 2809 1080 2864 mihi
1106 2811 1366 2866 traditum
1393 2812 1683 2865 secundum

82 2897 386 2953 hominem.
416 2898 485 2953 Et
511 2901 618 2954 hoc
645 2900 840 2970 probat
871 2918 885 2954 :
920 2899 1056 2956 Vere
1095 2917 1207 2956 non
1232 2902 1535 2957 secundum
1585 2903 1685 2958 ho-

79 2990 330 3056 minem,
351 2993 446 3062 qui
469 3008 630 3063 neque
650 2993 973 3064 accepiillud
989 2993 1343 3065 Evangelium
1365 2995 1428 3049 ab
1452 2997 1680 3063 homine,

88 3097 462 3144 consecrante
508 3105 597 3144 me
631 3088 688 3142 in
739 3089 845 3144 hoc
891 3089 1278 3156 ministerium,
1327 3107 1488 3162 neque
1515 3092 1683 3146 didici

94 3177 222 3233 iilnd
250 3179 329 3233 ab
352 3179 594 3235 homine.
633 3178 825 3236 Posset
845 3181 1154 3236 consecrari
1178 3197 1209 3235 a
1240 3180 1383 3248 Deo,
1411 3190 1465 3236 et
1495 3190 1678 3237 tamen
1709 3194 1752 3252 C

89 3281 289 3340 postea
317 3272 529 3328 discere
549 3283 817 3343 praecepta
841 3274 931 3328 illa
967 3275 1036 3328 ab
1057 3275 1315 3329 thomine.
1341 3273 1461 3330 Non
1495 3277 1680 3346 accepi

83 3363 156 3417 ab
181 3363 448 3429 homine,
477 3379 578 3420 nec
620 3364 822 3432 didici,
871 3366 962 3418 sed
1010 3381 1104 3435 per
1147 3366 1511 3420 revelationem
1553 3366 1682 3422 Iesu

85 3451 350 3517 Christi,
385 3452 436 3506 id
457 3462 541 3508 est
568 3469 666 3524 per
698 3453 886 3510 Jesum
913 3454 1194 3509 Christum
1224 3464 1410 3525 aperte
1430 3457 1680 3510 revelan—

84 3555 208 3600 tem
233 3545 404 3614 mihi,
429 3561 537 3600 non
565 3563 662 3617 per
688 3548 976 3616 parabolas
998 3549 1309 3617 loquentem
1330 3590 1344 3614 ,
1378 3548 1522 3604 sicut
1545 3550 1682 3606 alios

87 3637 386 3707 apostolos
405 3638 624 3704 docuit,
661 3639 793 3694 dum
823 3640 877 3693 in
901 3655 1068 3694 carne
1101 3648 1248 3695 esset
1271 3641 1451 3696 adhuc
1477 3650 1684 3696 morta-

91 3729 193 3794 lis,
221 3740 284 3786 et
335 3731 414 3784 illi
450 3731 730 3786 intellectu
784 3731 1113 3786 inﬁrmiores
1147 3751 1163 3787 :
1192 3748 1318 3789 vere
1364 3750 1473 3789 non
1518 3735 1684 3791 didici

93 3822 223 3878 illud
259 3823 336 3878 ab
365 3823 618 3889 homine,
651 3822 778 3894 quia
806 3839 908 3879 nec
937 3835 1061 3879 ante
1095 3827 1508 3882 conversionem
1538 3869 1553 3894 ,
1583 3843 1684 3882 nec

98 3926 217 3983 post
244 3915 692 3971 conversionem.
720 3915 860 3970 Ante
885 3917 1296 3972 conversionem
1320 3919 1471 3988 prius
1499 3927 1684 3974 osten-

105 4007 207 4073 dit,
235 4008 439 4063 dicens
464 4027 478 4062 :
506 4009 746 4062 Audistis
768 4010 1214 4063 conversationem
1241 4027 1412 4064 meum
1439 4010 1684 4081 aliquan-

107 4097 184 4165 do,
215 4100 273 4156 id
300 4109 389 4156 est
413 4109 658 4171 tempore
681 4101 1014 4157 inﬁdelitatis
1040 4101 1280 4156 habitam
1302 4102 1356 4156 in
1377 4101 1680 4168 Judaismo;

102 4187 200 4245 hoc
224 4191 468 4246 audistis
499 4193 748 4261 quoniam
766 4234 780 4256 ,
815 4192 869 4247 id
899 4200 982 4247 est
1009 4192 1157 4262 quod
1198 4191 1545 4263 persequebar
1573 4192 1681 4245 Ec-

104 4278 315 4335 clest'am
337 4281 442 4334 Dei
461 4297 622 4350 supra
645 4281 860 4334 modum
880 4289 1289 4350 persecutorum
1317 4300 1329 4335 :
1353 4297 1514 4337 nemo
1534 4280 1682 4337 enim

105 4379 205 4427 tam
237 4373 459 4428 violens
489 4381 606 4427 erat
633 4374 685 4427 in
712 4389 901 4428 servos
927 4372 1040 4427 Dei.
1074 4373 1449 4444 Persequebar
1482 4375 1607 4430 dico
1628 4384 1678 4430 et

105 4466 470 4535 expugnabam
494 4464 647 4519 illam
676 4466 976 4521 secundum
1003 4466 1272 4536 quosdam
1294 4467 1498 4524 multos
1530 4469 1678 4524 enim

106 4553 348 4610 volentes
369 4556 647 4624 converti,
677 4557 857 4611 adhuc
882 4556 1097 4626 spirans
1121 4558 1394 4613 minarum
1423 4568 1476 4614 et
1496 4561 1679 4628 caedis,

117 4645 405 4702 retroduxi.
443 4646 638 4703 Plures
682 4649 847 4703 etiam
897 4649 1013 4718 jam
1059 4648 1244 4704 ﬁdeles
1291 4649 1453 4706 ﬁdem
1483 4667 1683 4722 negare

113 4735 261 4807 coegi
285 4755 300 4802 ;
326 4739 701 4811 expugnabat]:
726 4781 741 4804 ,
766 4739 916 4805 dico,
949 4748 999 4793 et
1038 4739 1376 4809 proﬁciebam
1404 4741 1460 4794 in
1482 4739 1681 4795 Judai-

109 4842 235 4884 smo.
262 4828 374 4885 Lex
411 4831 559 4885 enim
589 4847 707 4885 mea
745 4831 919 4901 magis
955 4847 1019 4886 ac
1047 4831 1222 4901 magis
1248 4845 1346 4901 per
1371 4847 1460 4887 me
1493 4832 1551 4886 in
1593 4833 1682 4888 in-

105 4933 437 4979 crementum
459 4924 794 4995 proﬁciebat.
827 4925 1184 4980 Proﬁciebam
1208 4924 1330 4980 dico
1359 4926 1569 4996 agendo
1592 4943 1685 4980 su-

107 5029 192 5078 pra
238 5016 438 5070 multos
488 5027 813 5084 cowtaneos,
883 5017 977 5088 qui
1025 5017 1258 5087 juvenes
1312 5027 1366 5071 et
1421 5016 1683 5072 laboriosi

109 5116 292 5173 erant,
329 5117 388 5162 ut
401 5123 521 5178 ego.
551 5109 869 5164 Coaetaneos
896 5109 1021 5164 dico
1039 5151 1053 5174 ,
1091 5123 1202 5162 non
1228 5109 1564 5179 proselytos,
1589 5109 1683 5164 sed

109 5195 155 5249 ‘n
179 5215 369 5268 genere
394 5216 534 5267 meo,
589 5201 664 5256 ita
700 5201 844 5256 ﬁlios
868 5200 1100 5256 Abrahae
1131 5209 1191 5256 ut
1224 5216 1326 5270 ego
1378 5209 1434 5255 et
1478 5201 1534 5254 in
1569 5201 1684 5270 lege

109 5293 360 5348 nutritas.
389 5291 456 5348 Et
486 5293 608 5350 dico
637 5277 865 5348 eaiistens
896 5292 1209 5358 aemulator,
1246 5291 1302 5346 id
1326 5299 1411 5346 est
1444 5291 1685 5347 imitator

110 5387 417 5450 aamator;
448 5399 555 5438 non
583 5391 797 5438 tantum
830 5384 962 5454 legis
981 5424 996 5450 ,
1023 5383 1117 5438 sed
1146 5382 1311 5437 etiam
1341 5390 1685 5452 paternarum

113 5478 471 5531 traditionum.
496 5476 780 5548 Propheta:
799 5477 966 5543 enim,
989 5485 1182 5548 praeter
1203 5476 1399 5547 legem,
1415 5475 1679 5545 quasdam

108 5568 425 5625 traditiones
446 5569 734 5635 dederunt,
759 5577 821 5624 ut
849 5568 1139 5624 Zacharias
1169 5567 1441 5638 jejunium
1486 5566 1679 5636 primi,

113 5666 161 5711 et
169 5659 430 5730 jejunium
453 5661 639 5734 quarti
663 5660 1121 5732 (Zach.vm,l9.),
1145 5669 1248 5716 etc.
1275 5659 1678 5725 Traditionum,

118 5748 266 5823 207
306 5753 459 5821 dico,
496 5771 751 5819 mearum,
781 5755 908 5824 quia
946 5762 1057 5808 tam
1087 5754 1222 5806 bene
1249 5753 1516 5822 operabar
1538 5753 1678 5817 illas,

119 5845 254 5911 quod
270 5846 425 5916 quasi
445 5861 580 5902 mea
592 5846 822 5916 propriae
842 5860 961 5902 esse
985 5844 1331 5913 videbantur,
1356 5854 1409 5901 et
1432 5851 1554 5902 cum
1580 5859 1680 5901 eno

1789 1969 2006 2010 omnem
2054 1956 2283 2012 salutem
2330 1974 2396 2012 ex
2451 1957 2692 2026 Christo,
2721 1960 2926 2014 nullam
2952 1975 3019 2015 ex
3049 1961 3199 2031 lege,
3260 1974 3383 2030 qua:

1787 2047 1924 2103 mihi
1971 2064 2079 2104 non
2113 2049 2337 2119 proluit.
2391 2048 2504 2104 Nec
2545 2051 2667 2106 ideo
2715 2053 2892 2107 solum
2944 2052 3158 2107 vocavit
3208 2061 3270 2105 ut
3324 2051 3381 2105 in

1788 2137 2145 2194 similitudine
2171 2139 2276 2194 mei
2302 2139 2565 2194 revelaret
2594 2141 2823 2210 gratiam
2847 2157 3024 2208 suam,
3055 2141 3148 2196 sed
3177 2141 3244 2195 ad
3277 2138 3395 2196 hoc

1786 2229 1952 2284 etiam
1982 2239 2038 2284 ut
2079 2231 2489 2302 evangelizarem
2520 2231 2676 2286 illum
2700 2233 2757 2285 in
2791 2233 3050 2303 gentibus,
3095 2241 3149 2287 et
3194 2241 3381 2286 notam

1786 2319 2025 2376 facerem
2071 2323 2506 2379 misericordiam
2549 2310 2670 2378 Dei.
2715 2322 2852 2379 Cum
2901 2325 2974 2379 ita
3016 2321 3128 2379 Deo
3177 2324 3244 2378 de
3293 2338 3383 2378 me

1785 2413 2012 2484 placuit,
2063 2416 2312 2468 continuo
2361 2431 2464 2468 non
2504 2415 2738 2485 acquievi
2770 2416 2920 2469 carni
2945 2424 2994 2469 et
3016 2415 3283 2485 sanguini,
3329 2414 3384 2468 id

1785 2512 1871 2560 est
1915 2503 2118 2561 Judaeis
2147 2506 2290 2560 male
2320 2505 2680 2561 suadentibus
2721 2505 2880 2570 mihi,
2924 2505 3019 2576 qui
3061 2505 3199 2559 nihil
3234 2504 3382 2558 aliud

1785 2604 1915 2650 sunt
1929 2611 2093 2666 quam
2123 2611 2252 2650 caro
2275 2596 2622 2666 voluptuosa.
2652 2594 2720 2650 Et
2741 2595 2986 2666 sanguis,
3017 2594 3072 2650 id
3098 2603 3183 2650 est
3203 2595 3384 2648 anima

1788 2702 1897 2741 non
1932 2687 2229 2742 secundum
2259 2688 2556 2754 rationem,
2600 2687 2695 2742 sed
2739 2688 3038 2742 secundum
3088 2686 3236 2757 quod
3281 2702 3379 2756 per

1785 2788 1994 2835 motum
2029 2780 2309 2852 sanguinis
2339 2780 2516 2851 turpia
2544 2779 2712 2850 cupit.
2752 2779 2932 2851 Neque
2960 2780 3223 2835 continuo
3263 2779 3384 2833 veni

1787 2871 2209 2942 Hierosolymam
2234 2872 2303 2926 ad
2334 2873 2611 2942 apostolos
2657 2880 3006 2926 antecessores
3045 2888 3205 2936 meos,
3249 2871 3378 2941 quia

1784 2980 1873 3018 me
1916 2965 1972 3018 in
2013 2965 2118 3020 ﬁde
2166 2973 2595 3033 antecesserant,
2643 2973 2705 3020 ut
2748 2965 2977 3021 docerer
3017 2965 3087 3020 ab
3115 2965 3242 3029 illis,
3291 2965 3382 3018 sed

1785 3056 2045 3110 continuo
2073 3057 2182 3110 abii
2218 3059 2272 3111 in
2308 3056 2583 3111 Arabiam.
2635 3056 2762 3112 Huic
2804 3057 3003 3111 Arabia
3048 3065 3131 3112 est
3177 3057 3230 3110 in
3271 3072 3381 3126 qua

1784 3157 2047 3202 estmons
2071 3147 2222 3214 Sina,
2241 3164 2410 3220 pr0pe
2435 3147 2730 3220 Egyptum
2753 3148 2807 3201 in
2831 3147 3068 3202 deserto.
3098 3147 3167 3200 Et
3192 3149 3384 3200 iterum

1784 3237 1854 3292 ab
1919 3237 2120 3292 Arabia
2176 3255 2406 3293 reversus
2451 3257 2568 3293 sum
2623 3238 2965 3293 Damascum.
3023 3239 3224 3293 Deinde
3265 3248 3381 3308 post

1785 3345 1949 3383 annos
1974 3339 2077 3383 tres
2101 3332 2214 3383 veni
2239 3328 2684 3402 Hierosolymam,
2729 3346 2839 3385 non
2889 3341 2950 3384 ut
2993 3331 3148 3400 quasi
3199 3330 3384 3386 minus

1785 3420 2003 3488 sapiens
2024 3417 2440 3490 interrogarem,
2465 3421 2558 3475 sed
2575 3421 2923 3476 solummodo
2940 3422 3111 3474 videre
3135 3419 3377 3474 Petrum.

1785 3510 1856 3565 Et
1884 3513 2058 3565 mansi
2082 3512 2223 3582 apud
2251 3529 2370 3566 eum
2391 3513 2571 3567 diebus
2600 3513 2920 3584 quindecim,
2963 3521 3018 3566 et
3066 3521 3176 3566 tam
3227 3512 3380 3566 brevi

1783 3604 1978 3674 spatio,
2009 3603 2054 3658 si
2081 3604 2342 3675 indigere,
2365 3620 2476 3660 non
2507 3605 2640 3660 satis
2663 3620 2880 3674 possem
2913 3603 3118 3659 doceri.
3151 3602 3377 3658 Petrum

1784 3695 1858 3750 ibi
1885 3695 2025 3762 vidi;
2050 3694 2140 3750 sed
2158 3695 2326 3749 alium
2352 3694 2711 3765 apostolorum
2734 3697 2990 3749 neminem
3030 3694 3122 3748 illo
3138 3701 3384 3762 tempore

1784 3787 1914 3854 vidi,
1958 3787 2064 3841 nisi
2103 3785 2366 3840 Iacobum
2394 3787 2616 3856 fratrem
2658 3784 2894 3850 Domini,
2946 3785 3038 3854 qui
3087 3785 3380 3853 episcopus

1783 3889 1901 3934 erat
1930 3877 2342 3950 Hierosolymis.
2383 3877 2452 3932 Et
2494 3877 2574 3933 sic
2625 3883 2851 3947 apparet
2882 3875 3025 3944 quod
3071 3884 3194 3944 post
3243 3889 3379 3928 cona-

1783 3972 2089 4028 versionem
2148 3972 2285 4026 nihil
2330 3971 2537 4038 didici;
2586 3987 2704 4042 quae
2758 3977 2934 4022 autent
2981 3966 3153 4020 scribo
3209 3965 3376 4032 vobis,

1785 4065 1993 4120 scilicet
2035 4065 2181 4137 quod
2226 4082 2327 4122 nec
2367 4075 2513 4132 ante,
2545 4080 2644 4120 nec
2689 4072 2812 4134 post
2836 4063 3139 4128 didicerim,
3170 4062 3375 4118 credite

1783 4158 1910 4228 quia
1940 4159 1996 4213 in
2019 4159 2108 4213 his
2135 4176 2236 4212 non
2263 4159 2506 4212 mentior.
2532 4157 2668 4211 Ecce
2690 4158 2834 4212 enim
2859 4156 3044 4227 loquor
3065 4156 3178 4214 haec
3199 4173 3378 4209 coram

1783 4249 1916 4305 Deo.
1945 4249 2100 4317 Quod
2121 4250 2167 4306 si
2192 4251 2334 4306 Deus
2355 4265 2599 4321 praesens
2624 4249 2856 4315 adesset,
2887 4247 3025 4302 nihil
3048 4247 3100 4301 in
3124 4262 3378 4302 sermone

1784 4357 1907 4397 meo
1937 4342 2187 4398 falsitatis
2212 4351 2480 4413 argueret.
2504 4340 2706 4395 Deinde
2725 4340 2859 4395 visis
2888 4339 3050 4394 Petro
3077 4349 3130 4394 et
3149 4338 3378 4406 Jacobo,

1784 4435 1898 4489 veni
1927 4435 1982 4488 in
2009 4444 2184 4505 partes
2209 4432 2378 4504 Syrica
2405 4443 2454 4487 et
2487 4432 2711 4488 Ciliciae.
2759 4430 2874 4503 Ego
2901 4447 3032 4486 vero
3053 4447 3199 4484 eram
3228 4431 3380 4500 igno-

1714 4535 1872 4615 Dtus
1917 4527 2055 4596 facie
2103 4525 2355 4580 Ecclesiis
2383 4525 2612 4591 ludicre,
2653 4541 2768 4595 quw
2817 4531 2971 4578 erant
3019 4523 3076 4576 in
3125 4521 3379 4585 Christo;

1785 4619 1930 4688 quod
1975 4619 2022 4674 si
2051 4635 2138 4673 me
2173 4634 2279 4672 non
2318 4617 2570 4684 viderint,
2615 4623 2838 4686 apparet
2867 4630 2955 4669 me
3001 4615 3138 4668 nihil
3178 4614 3247 4667 ab
3295 4613 3377 4667 eis

1785 4712 2061 4767 didicisse.
2102 4710 2260 4765 Facie
2282 4711 2500 4781 quidem
2528 4725 2676 4764 eram
2709 4709 2948 4781 ignotus,
3000 4708 3090 4761 sed
3131 4709 3375 4760 auditum

1789 4802 2151 4857 tantummodo
2189 4801 2446 4855 habebant
2472 4800 2538 4855 de
2565 4815 2671 4855 me.
2723 4798 2860 4866 Hoc,
2902 4799 3149 4868 inquam,
3193 4796 3380 4851 audie-

1785 4903 1912 4950 rant
1937 4895 2208 4966 quoniam,
2239 4893 2293 4949 id
2321 4902 2404 4949 est
2427 4891 2572 4963 quod
2600 4891 2803 4946 Paulus
2841 4891 2932 4962 qui
2963 4889 3378 4960 persequebatur

1787 5004 1880 5041 nos
1933 4985 2252 5058 aliquando,
2305 4985 2358 5041 id
2404 4991 2488 5040 est
2539 4993 2782 5054 tempore
2832 4981 3190 5048 inﬁdelitatis,
3238 4997 3377 5034 nunc

1783 5078 2112 5150 evangelizat
2152 5079 2310 5148 ﬁdem
2352 5076 2578 5143 Christi,
2626 5092 2783 5147 quam
2827 5074 2988 5130 ﬁdem
3038 5074 3376 5145 expugnabat

1785 5169 2094 5241 aliquando.
2145 5168 2214 5223 Et
2259 5169 2366 5224 hoc
2410 5168 2692 5223 audientes
2744 5166 2802 5219 in
2857 5182 2938 5220 me
2983 5179 3271 5230 converso,
3325 5173 3378 5218 et

1781 5262 1865 5317 sic
1893 5261 2222 5333 praedicante
2249 5259 2616 5330 clariﬁcabant
2646 5257 2837 5326 Deum,
2867 5265 2922 5314 et
2952 5257 3378 5329 magniﬁcabant

1783 5354 2213 5411 misericordiam
2239 5352 2355 5408 Dei.

2415 5471 2642 5530 CAPUT
2669 5473 2733 5529 ll.

1861 5588 1881 5622 ι
1927 5569 2129 5625 Deinde
2181 5576 2306 5639 post
2339 5583 2514 5624 annos
2549 5567 2988 5640 quatuordecim,
3036 5566 3229 5621 iterum
3281 5575 3374 5616 as-

1791 5681 1810 5714 ι
1856 5662 2013 5718 cendi
2047 5661 2479 5736 Hierosolymam
2526 5678 2652 5721 cum
2698 5661 2967 5726 Barnaba,
2999 5663 3282 5726 assumpto
3313 5661 3372 5709 et

1790 5773 1810 5808 ι
1856 5753 1998 5810 Tito.
2046 5753 2278 5812 Ascendi
2316 5765 2502 5813 autem
2547 5757 2846 5813 secundum
2875 5750 3280 5815 revelationemo
3315 5754 3374 5802 ει

1791 5868 1809 5901 ι
1853 5847 2056 5906 contuli
2102 5864 2230 5907 cum
2280 5848 2386 5906 illis
2431 5847 2804 5920 Evangelium,
2847 5845 2995 5918 quod
3033 5841 3270 5917 praedico
3303 5839 3370 5895 in
