  <div class='ocr_page' id='page_1' title='image "/cluster/home/n/w/nwhite01/storage/ocr_20150623/153/hvd.32044015473812/149.png"; bbox 0 0 3928 6422; ppageno 0'>
   <div class='ocr_carea' id='block_1_1' title="bbox 663 371 771 426">
    <p class='ocr_par' dir='ltr' id='par_1_1' title="bbox 663 371 771 426">
     <span class='ocr_line' id='line_1_1' title="bbox 663 371 771 426; baseline -0.019 0"><span class='ocrx_word' id='word_1_1' title='bbox 663 371 771 426; x_wconf 70' lang='lat'><strong>287</strong></span> 
     </span>
    </p>
   </div>
   <div class='ocr_carea' id='block_1_2' title="bbox 1197 354 3832 444">
    <p class='ocr_par' dir='ltr' id='par_1_2' title="bbox 1197 354 3832 444">
     <span class='ocr_line' id='line_1_2' title="bbox 1197 354 3832 444; baseline -0.005 -22"><span class='ocrx_word' id='word_1_2' title='bbox 1197 365 1255 422; x_wconf 84' lang='lat' dir='ltr'><strong>S.</strong></span> <span class='ocrx_word' id='word_1_3' title='bbox 1298 361 1646 420; x_wconf 78' lang='lat' dir='ltr'><strong>BRUNONIS</strong></span> <span class='ocrx_word' id='word_1_4' title='bbox 1682 357 2325 418; x_wconf 77' lang='lat' dir='ltr'><strong>CARTHUSIANORUM</strong></span> <span class='ocrx_word' id='word_1_5' title='bbox 2363 355 2853 414; x_wconf 77' lang='lat' dir='ltr'><strong>INSTITUTORIS</strong></span> <span class='ocrx_word' id='word_1_6' title='bbox 2889 355 3041 426; x_wconf 78' lang='lat' dir='ltr'><strong>OPP.</strong></span> <span class='ocrx_word' id='word_1_7' title='bbox 3081 355 3272 444; x_wconf 54' lang='lat' dir='ltr'><strong>PADS</strong></span> <span class='ocrx_word' id='word_1_8' title='bbox 3313 354 3380 410; x_wconf 85' lang='lat' dir='ltr'><strong>Il.</strong></span> <span class='ocrx_word' id='word_1_9' title='bbox 3765 363 3832 420; x_wconf 56' lang='lat' dir='ltr'><strong>ea</strong></span> 
     </span>
    </p>
   </div>
   <div class='ocr_carea' id='block_1_3' title="bbox 666 470 3838 554">
    <p class='ocr_par' dir='ltr' id='par_1_3' title="bbox 666 470 3838 554">
     <span class='ocr_line' id='line_1_3' title="bbox 666 470 3838 554; baseline -0.005 -17"><span class='ocrx_word' id='word_1_10' title='bbox 666 500 690 536; x_wconf 87' lang='grc'><em>‹</em></span> <span class='ocrx_word' id='word_1_11' title='bbox 727 483 1000 554; x_wconf 94' lang='lat' dir='ltr'><strong>gentibus.</strong></span> <span class='ocrx_word' id='word_1_12' title='bbox 1061 479 1316 536; x_wconf 88' lang='lat' dir='ltr'><strong>Seorsum</strong></span> <span class='ocrx_word' id='word_1_13' title='bbox 1377 488 1555 534; x_wconf 86' lang='lat' dir='ltr'><strong>autem</strong></span> <span class='ocrx_word' id='word_1_14' title='bbox 1611 478 1695 533; x_wconf 91' lang='lat' dir='ltr'><strong>his</strong></span> <span class='ocrx_word' id='word_1_15' title='bbox 1766 477 1860 548; x_wconf 92' lang='lat' dir='ltr'><strong>qui</strong></span> <span class='ocrx_word' id='word_1_16' title='bbox 1916 477 2243 532; x_wconf 77' lang='lat' dir='ltr'><strong>videbantur</strong></span> <span class='ocrx_word' id='word_1_17' title='bbox 2271 477 2318 536; x_wconf 77' lang='grc' dir='ltr'><strong>Α</strong></span> <span class='ocrx_word' id='word_1_18' title='bbox 2344 473 2412 528; x_wconf 90' lang='lat' dir='ltr'><strong>de</strong></span> <span class='ocrx_word' id='word_1_19' title='bbox 2440 471 2661 540; x_wconf 73' lang='lat' dir='ltr'><strong>Iudaeis,</strong></span> <span class='ocrx_word' id='word_1_20' title='bbox 2692 471 2876 528; x_wconf 80' lang='lat' dir='ltr'><strong>Titum</strong></span> <span class='ocrx_word' id='word_1_21' title='bbox 2906 471 2974 528; x_wconf 91' lang='lat' dir='ltr'><strong>de</strong></span> <span class='ocrx_word' id='word_1_22' title='bbox 3000 472 3326 544; x_wconf 76' lang='lat' dir='ltr'><strong>gentilibus,</strong></span> <span class='ocrx_word' id='word_1_23' title='bbox 3371 471 3500 540; x_wconf 92' lang='lat' dir='ltr'><strong>quia</strong></span> <span class='ocrx_word' id='word_1_24' title='bbox 3527 470 3740 530; x_wconf 71' lang='lat' dir='ltr'><strong>Ecclesia</strong></span> <span class='ocrx_word' id='word_1_25' title='bbox 3765 483 3838 548; x_wconf 62' lang='lat' dir='ltr'><strong>qui.</strong></span> 
     </span>
    </p>
   </div>
   <div class='ocr_carea' id='block_1_4' title="bbox 665 575 2244 650">
    <p class='ocr_par' dir='ltr' id='par_1_4' title="bbox 665 575 2244 650">
     <span class='ocr_line' id='line_1_4' title="bbox 665 575 2244 650; baseline -0.003 -20"><span class='ocrx_word' id='word_1_26' title='bbox 665 597 685 630; x_wconf 72' lang='grc' dir='ltr'><strong>ε</strong></span> <span class='ocrx_word' id='word_1_27' title='bbox 729 579 934 650; x_wconf 88' lang='lat' dir='ltr'><strong>aliquid</strong></span> <span class='ocrx_word' id='word_1_28' title='bbox 975 593 1119 645; x_wconf 87' lang='lat' dir='ltr'><strong>esse,</strong></span> <span class='ocrx_word' id='word_1_29' title='bbox 1167 591 1235 632; x_wconf 90' lang='lat' dir='ltr'><strong>ne</strong></span> <span class='ocrx_word' id='word_1_30' title='bbox 1279 575 1417 632; x_wconf 88' lang='lat' dir='ltr'><strong>forte</strong></span> <span class='ocrx_word' id='word_1_31' title='bbox 1457 575 1510 630; x_wconf 93' lang='lat' dir='ltr'><strong>in</strong></span> <span class='ocrx_word' id='word_1_32' title='bbox 1537 589 1766 628; x_wconf 88' lang='lat' dir='ltr'><strong>vacuum</strong></span> <span class='ocrx_word' id='word_1_33' title='bbox 1814 588 2110 638; x_wconf 85' lang='lat' dir='ltr'><strong>cur-rerem,</strong></span> <span class='ocrx_word' id='word_1_34' title='bbox 2151 579 2244 626; x_wconf 88' lang='lat' dir='ltr'><strong>aut</strong></span> 
     </span>
    </p>
   </div>
   <div class='ocr_carea' id='block_1_5' title="bbox 667 663 2246 736">
    <p class='ocr_par' dir='ltr' id='par_1_5' title="bbox 667 663 2246 736">
     <span class='ocr_line' id='line_1_5' title="bbox 667 663 2246 736; baseline -0.002 -16"><span class='ocrx_word' id='word_1_35' title='bbox 667 687 686 720; x_wconf 74' lang='grc' dir='ltr'><strong>ε</strong></span> <span class='ocrx_word' id='word_1_36' title='bbox 729 671 1115 726; x_wconf 90' lang='lat' dir='ltr'><strong>cucurrissem.</strong></span> <span class='ocrx_word' id='word_1_37' title='bbox 1162 667 1266 724; x_wconf 86' lang='lat' dir='ltr'><strong>Sed</strong></span> <span class='ocrx_word' id='word_1_38' title='bbox 1309 681 1484 736; x_wconf 87' lang='lat' dir='ltr'><strong>neque</strong></span> <span class='ocrx_word' id='word_1_39' title='bbox 1533 663 1687 720; x_wconf 88' lang='lat' dir='ltr'><strong>Titus</strong></span> <span class='ocrx_word' id='word_1_40' title='bbox 1727 663 1822 734; x_wconf 87' lang='lat' dir='ltr'><strong>qui</strong></span> <span class='ocrx_word' id='word_1_41' title='bbox 1869 679 2082 718; x_wconf 89' lang='lat' dir='ltr'><strong>mecum</strong></span> <span class='ocrx_word' id='word_1_42' title='bbox 2127 673 2246 724; x_wconf 84' lang='lat' dir='ltr'><strong>erat</strong></span> 
     </span>
    </p>
   </div>
   <div class='ocr_carea' id='block_1_6' title="bbox 667 755 2242 832">
    <p class='ocr_par' dir='ltr' id='par_1_6' title="bbox 667 755 2242 832">
     <span class='ocr_line' id='line_1_6' title="bbox 667 755 2242 832; baseline 0 -20"><span class='ocrx_word' id='word_1_43' title='bbox 667 780 686 812; x_wconf 78' lang='grc' dir='ltr'>ι</span> <span class='ocrx_word' id='word_1_44' title='bbox 729 777 853 816; x_wconf 90' lang='lat' dir='ltr'><strong>cum</strong></span> <span class='ocrx_word' id='word_1_45' title='bbox 875 770 1021 816; x_wconf 86' lang='lat' dir='ltr'><strong>esset</strong></span> <span class='ocrx_word' id='word_1_46' title='bbox 1047 760 1279 832; x_wconf 79' lang='lat' dir='ltr'><strong>gentilis,</strong></span> <span class='ocrx_word' id='word_1_47' title='bbox 1321 758 1634 828; x_wconf 84' lang='lat' dir='ltr'><strong>compulsus</strong></span> <span class='ocrx_word' id='word_1_48' title='bbox 1657 765 1742 812; x_wconf 88' lang='lat' dir='ltr'><strong>est</strong></span> <span class='ocrx_word' id='word_1_49' title='bbox 1768 757 2101 822; x_wconf 80' lang='lat' dir='ltr'><strong>circumcidi,</strong></span> <span class='ocrx_word' id='word_1_50' title='bbox 2149 755 2242 812; x_wconf 91' lang='lat' dir='ltr'><strong>sed</strong></span> 
     </span>
    </p>
   </div>
   <div class='ocr_carea' id='block_1_7' title="bbox 667 847 2241 922">
    <p class='ocr_par' dir='ltr' id='par_1_7' title="bbox 667 847 2241 922">
     <span class='ocr_line' id='line_1_7' title="bbox 667 847 2241 922; baseline -0.003 -16"><span class='ocrx_word' id='word_1_51' title='bbox 667 870 686 906; x_wconf 75' lang='grc' dir='ltr'>ι</span> <span class='ocrx_word' id='word_1_52' title='bbox 735 853 955 922; x_wconf 77' lang='lat' dir='ltr'><strong>propter</strong></span> <span class='ocrx_word' id='word_1_53' title='bbox 981 851 1423 908; x_wconf 68' lang='lat' dir='ltr'><strong>sultintroductos</strong></span> <span class='ocrx_word' id='word_1_54' title='bbox 1467 849 1632 904; x_wconf 85' lang='lat' dir='ltr'><strong>falsos</strong></span> <span class='ocrx_word' id='word_1_55' title='bbox 1663 847 1879 910; x_wconf 83' lang='lat' dir='ltr'><strong>fratres,</strong></span> <span class='ocrx_word' id='word_1_56' title='bbox 1931 849 2022 918; x_wconf 90' lang='lat' dir='ltr'><strong>qui</strong></span> <span class='ocrx_word' id='word_1_57' title='bbox 2049 847 2241 903; x_wconf 91' lang='lat' dir='ltr'><strong>subin-</strong></span> 
     </span>
    </p>
   </div>
   <div class='ocr_carea' id='block_1_8' title="bbox 667 943 2240 1014">
    <p class='ocr_par' dir='ltr' id='par_1_8' title="bbox 667 943 2240 1014">
     <span class='ocr_line' id='line_1_8' title="bbox 667 943 2240 1014; baseline 0.001 -19"><span class='ocrx_word' id='word_1_58' title='bbox 667 963 686 995; x_wconf 81' lang='grc'>‹</span> <span class='ocrx_word' id='word_1_59' title='bbox 736 945 1005 1000; x_wconf 87' lang='lat' dir='ltr'><strong>troierunt</strong></span> <span class='ocrx_word' id='word_1_60' title='bbox 1053 945 1336 1014; x_wconf 83' lang='lat' dir='ltr'><strong>explorare</strong></span> <span class='ocrx_word' id='word_1_61' title='bbox 1383 943 1684 996; x_wconf 85' lang='lat' dir='ltr'><strong>libertatem</strong></span> <span class='ocrx_word' id='word_1_62' title='bbox 1743 952 2027 1006; x_wconf 88' lang='lat' dir='ltr'><strong>nostram,</strong></span> <span class='ocrx_word' id='word_1_63' title='bbox 2076 957 2240 1012; x_wconf 88' lang='lat' dir='ltr'><strong>quam</strong></span> 
     </span>
    </p>
   </div>
   <div class='ocr_carea' id='block_1_9' title="bbox 667 1033 2240 1100">
    <p class='ocr_par' dir='ltr' id='par_1_9' title="bbox 667 1033 2240 1100">
     <span class='ocr_line' id='line_1_9' title="bbox 667 1033 2240 1100; baseline 0 -12"><span class='ocrx_word' id='word_1_64' title='bbox 667 1055 684 1088; x_wconf 74' lang='grc' dir='ltr'>ι</span> <span class='ocrx_word' id='word_1_65' title='bbox 729 1037 994 1092; x_wconf 86' lang='lat' dir='ltr'><strong>habemus</strong></span> <span class='ocrx_word' id='word_1_66' title='bbox 1037 1037 1090 1090; x_wconf 92' lang='lat' dir='ltr'><strong>in</strong></span> <span class='ocrx_word' id='word_1_67' title='bbox 1119 1035 1336 1090; x_wconf 86' lang='lat' dir='ltr'><strong>Christo</strong></span> <span class='ocrx_word' id='word_1_68' title='bbox 1371 1033 1520 1100; x_wconf 87' lang='lat' dir='ltr'><strong>Jesu,</strong></span> <span class='ocrx_word' id='word_1_69' title='bbox 1569 1044 1628 1088; x_wconf 91' lang='lat' dir='ltr'><strong>ut</strong></span> <span class='ocrx_word' id='word_1_70' title='bbox 1675 1049 1774 1088; x_wconf 91' lang='lat' dir='ltr'><strong>nos</strong></span> <span class='ocrx_word' id='word_1_71' title='bbox 1825 1034 1880 1088; x_wconf 90' lang='lat' dir='ltr'><strong>iu</strong></span> <span class='ocrx_word' id='word_1_72' title='bbox 1925 1033 2240 1088; x_wconf 79' lang='lat' dir='ltr'><strong>servitutem</strong></span> 
     </span>
    </p>
   </div>
   <div class='ocr_carea' id='block_1_10' title="bbox 666 1125 2241 1200">
    <p class='ocr_par' dir='ltr' id='par_1_10' title="bbox 666 1125 2241 1200">
     <span class='ocr_line' id='line_1_10' title="bbox 666 1125 2241 1200; baseline 0.001 -20"><span class='ocrx_word' id='word_1_73' title='bbox 666 1148 684 1180; x_wconf 72' lang='grc' dir='ltr'>ι</span> <span class='ocrx_word' id='word_1_74' title='bbox 731 1130 1053 1200; x_wconf 85' lang='lat' dir='ltr'><strong>redigereut.</strong></span> <span class='ocrx_word' id='word_1_75' title='bbox 1101 1127 1310 1195; x_wconf 83' lang='lat' dir='ltr'><strong>Quibus</strong></span> <span class='ocrx_word' id='word_1_76' title='bbox 1371 1142 1546 1196; x_wconf 87' lang='lat' dir='ltr'><strong>neque</strong></span> <span class='ocrx_word' id='word_1_77' title='bbox 1605 1125 1672 1180; x_wconf 90' lang='lat' dir='ltr'><strong>ad</strong></span> <span class='ocrx_word' id='word_1_78' title='bbox 1723 1125 1911 1178; x_wconf 90' lang='lat' dir='ltr'><strong>horam</strong></span> <span class='ocrx_word' id='word_1_79' title='bbox 1975 1125 2241 1181; x_wconf 81' lang='lat' dir='ltr'><strong>cessimus</strong></span> 
     </span>
    </p>
   </div>
   <div class='ocr_carea' id='block_1_11' title="bbox 665 1217 2241 1290">
    <p class='ocr_par' dir='ltr' id='par_1_11' title="bbox 665 1217 2241 1290">
     <span class='ocr_line' id='line_1_11' title="bbox 665 1217 2241 1290; baseline 0 -18"><span class='ocrx_word' id='word_1_80' title='bbox 665 1240 684 1272; x_wconf 75' lang='grc' dir='ltr'>ι</span> <span class='ocrx_word' id='word_1_81' title='bbox 728 1221 1066 1290; x_wconf 81' lang='lat' dir='ltr'><strong>subjectioni,</strong></span> <span class='ocrx_word' id='word_1_82' title='bbox 1107 1229 1166 1276; x_wconf 89' lang='lat' dir='ltr'><strong>ut</strong></span> <span class='ocrx_word' id='word_1_83' title='bbox 1191 1221 1391 1274; x_wconf 86' lang='lat' dir='ltr'><strong>veritas</strong></span> <span class='ocrx_word' id='word_1_84' title='bbox 1437 1217 1710 1288; x_wconf 83' lang='lat' dir='ltr'><strong>Evangelii</strong></span> <span class='ocrx_word' id='word_1_85' title='bbox 1756 1227 2069 1288; x_wconf 84' lang='lat' dir='ltr'><strong>permaneat</strong></span> <span class='ocrx_word' id='word_1_86' title='bbox 2097 1217 2241 1286; x_wconf 91' lang='lat' dir='ltr'><strong>apud</strong></span> 
     </span>
    </p>
   </div>
   <div class='ocr_carea' id='block_1_12' title="bbox 663 1307 2240 1380">
    <p class='ocr_par' dir='ltr' id='par_1_12' title="bbox 663 1307 2240 1380">
     <span class='ocr_line' id='line_1_12' title="bbox 663 1307 2240 1380; baseline 0 -18"><span class='ocrx_word' id='word_1_87' title='bbox 663 1332 681 1362; x_wconf 76' lang='grc' dir='ltr'>ι</span> <span class='ocrx_word' id='word_1_88' title='bbox 724 1327 838 1367; x_wconf 87' lang='lat' dir='ltr'><strong>vos.</strong></span> <span class='ocrx_word' id='word_1_89' title='bbox 893 1313 976 1367; x_wconf 71' lang='lat' dir='ltr'><strong>A&#39;b</strong></span> <span class='ocrx_word' id='word_1_90' title='bbox 1009 1313 1094 1367; x_wconf 88' lang='lat' dir='ltr'><strong>his</strong></span> <span class='ocrx_word' id='word_1_91' title='bbox 1139 1320 1321 1366; x_wconf 88' lang='lat' dir='ltr'><strong>autem</strong></span> <span class='ocrx_word' id='word_1_92' title='bbox 1370 1310 1464 1380; x_wconf 86' lang='lat' dir='ltr'><strong>qui</strong></span> <span class='ocrx_word' id='word_1_93' title='bbox 1508 1309 1831 1364; x_wconf 82' lang='lat' dir='ltr'><strong>videbantur</strong></span> <span class='ocrx_word' id='word_1_94' title='bbox 1878 1323 2000 1364; x_wconf 89' lang='lat' dir='ltr'><strong>esse</strong></span> <span class='ocrx_word' id='word_1_95' title='bbox 2037 1307 2240 1378; x_wconf 88' lang='lat' dir='ltr'><strong>aliquid</strong></span> 
     </span>
    </p>
   </div>
   <div class='ocr_carea' id='block_1_13' title="bbox 663 1399 2236 1472">
    <p class='ocr_par' dir='ltr' id='par_1_13' title="bbox 663 1399 2236 1472">
     <span class='ocr_line' id='line_1_13' title="bbox 663 1399 2236 1472; baseline 0.001 -20"><span class='ocrx_word' id='word_1_96' title='bbox 663 1421 680 1452; x_wconf 72' lang='grc' dir='ltr'><strong>α</strong></span> <span class='ocrx_word' id='word_1_97' title='bbox 729 1401 940 1472; x_wconf 91' lang='lat' dir='ltr'><strong>(quales</strong></span> <span class='ocrx_word' id='word_1_98' title='bbox 989 1401 1283 1472; x_wconf 87' lang='lat' dir='ltr'><strong>aliquando</strong></span> <span class='ocrx_word' id='word_1_99' title='bbox 1341 1399 1564 1466; x_wconf 81' lang='lat' dir='ltr'><strong>fuerint,</strong></span> <span class='ocrx_word' id='word_1_100' title='bbox 1616 1399 1752 1454; x_wconf 91' lang='lat' dir='ltr'><strong>nihil</strong></span> <span class='ocrx_word' id='word_1_101' title='bbox 1807 1414 1928 1454; x_wconf 90' lang='lat' dir='ltr'><strong>mea</strong></span> <span class='ocrx_word' id='word_1_102' title='bbox 1973 1400 2236 1463; x_wconf 80' lang='lat' dir='ltr'><strong>interest;</strong></span> 
     </span>
    </p>
   </div>
   <div class='ocr_carea' id='block_1_14' title="bbox 659 1489 2235 1563">
    <p class='ocr_par' dir='ltr' id='par_1_14' title="bbox 659 1489 2235 1563">
     <span class='ocr_line' id='line_1_14' title="bbox 659 1489 2235 1563; baseline -0.001 -19"><span class='ocrx_word' id='word_1_103' title='bbox 659 1511 678 1544; x_wconf 74' lang='grc' dir='ltr'><strong>ε</strong></span> <span class='ocrx_word' id='word_1_104' title='bbox 723 1493 866 1548; x_wconf 90' lang='lat' dir='ltr'><strong>Deus</strong></span> <span class='ocrx_word' id='word_1_105' title='bbox 895 1495 1040 1548; x_wconf 90' lang='lat' dir='ltr'><strong>enim</strong></span> <span class='ocrx_word' id='word_1_106' title='bbox 1083 1508 1375 1563; x_wconf 85' lang='lat' dir='ltr'><strong>personam</strong></span> <span class='ocrx_word' id='word_1_107' title='bbox 1409 1490 1646 1546; x_wconf 87' lang='lat' dir='ltr'><strong>hominis</strong></span> <span class='ocrx_word' id='word_1_108' title='bbox 1675 1507 1782 1545; x_wconf 91' lang='lat' dir='ltr'><strong>non</strong></span> <span class='ocrx_word' id='word_1_109' title='bbox 1829 1490 2024 1560; x_wconf 92' lang='lat' dir='ltr'><strong>accipit</strong></span> <span class='ocrx_word' id='word_1_110' title='bbox 2054 1489 2235 1562; x_wconf 90' lang='lat' dir='ltr'><strong>[Deut.</strong></span> 
     </span>
    </p>
   </div>
   <div class='ocr_carea' id='block_1_15' title="bbox 660 1581 2240 1654">
    <p class='ocr_par' dir='ltr' id='par_1_15' title="bbox 660 1581 2240 1654">
     <span class='ocr_line' id='line_1_15' title="bbox 660 1581 2240 1654; baseline 0 -18"><span class='ocrx_word' id='word_1_111' title='bbox 660 1604 678 1636; x_wconf 71' lang='grc' dir='ltr'><strong><em>ι</em></strong></span> <span class='ocrx_word' id='word_1_112' title='bbox 723 1602 778 1652; x_wconf 83' lang='lat' dir='ltr'><strong>x,</strong></span> <span class='ocrx_word' id='word_1_113' title='bbox 815 1585 880 1640; x_wconf 83' lang='lat' dir='ltr'><strong>l7</strong></span> <span class='ocrx_word' id='word_1_114' title='bbox 907 1603 922 1650; x_wconf 91' lang='lat'><strong>;</strong></span> <span class='ocrx_word' id='word_1_115' title='bbox 951 1583 1101 1638; x_wconf 88' lang='lat' dir='ltr'><strong>Rom.</strong></span> <span class='ocrx_word' id='word_1_116' title='bbox 1133 1600 1192 1650; x_wconf 82' lang='grc' dir='ltr'><strong>ιι,</strong></span> <span class='ocrx_word' id='word_1_117' title='bbox 1225 1581 1335 1654; x_wconf 82' lang='grc'><strong>19].</strong></span> <span class='ocrx_word' id='word_1_118' title='bbox 1389 1581 1518 1636; x_wconf 87' lang='lat' dir='ltr'><strong>Mihi</strong></span> <span class='ocrx_word' id='word_1_119' title='bbox 1563 1591 1742 1638; x_wconf 87' lang='lat' dir='ltr'><strong>autem</strong></span> <span class='ocrx_word' id='word_1_120' title='bbox 1777 1582 1870 1652; x_wconf 84' lang='lat' dir='ltr'><strong>qui</strong></span> <span class='ocrx_word' id='word_1_121' title='bbox 1917 1582 2240 1637; x_wconf 84' lang='lat' dir='ltr'><strong>videbantur</strong></span> 
     </span>
    </p>
   </div>
   <div class='ocr_carea' id='block_1_16' title="bbox 599 1673 2236 1746">
    <p class='ocr_par' dir='ltr' id='par_1_16' title="bbox 599 1673 2236 1746">
     <span class='ocr_line' id='line_1_16' title="bbox 599 1673 2236 1746; baseline 0.002 -20"><span class='ocrx_word' id='word_1_122' title='bbox 599 1677 612 1688; x_wconf 85' lang='lat'><strong><em>’</em></strong></span> <span class='ocrx_word' id='word_1_123' title='bbox 661 1695 679 1726; x_wconf 76' lang='grc' dir='ltr'>ι</span> <span class='ocrx_word' id='word_1_124' title='bbox 725 1691 846 1732; x_wconf 88' lang='lat' dir='ltr'><strong>esse</strong></span> <span class='ocrx_word' id='word_1_125' title='bbox 869 1675 1096 1746; x_wconf 90' lang='lat' dir='ltr'><strong>aliquid,</strong></span> <span class='ocrx_word' id='word_1_126' title='bbox 1129 1675 1265 1730; x_wconf 91' lang='lat' dir='ltr'><strong>nihil</strong></span> <span class='ocrx_word' id='word_1_127' title='bbox 1303 1676 1668 1730; x_wconf 87' lang='lat' dir='ltr'><strong>contulerunt.</strong></span> <span class='ocrx_word' id='word_1_128' title='bbox 1725 1673 1831 1728; x_wconf 88' lang='lat' dir='ltr'><strong>Sed</strong></span> <span class='ocrx_word' id='word_1_129' title='bbox 1855 1683 2076 1730; x_wconf 86' lang='lat' dir='ltr'><strong>econtra</strong></span> <span class='ocrx_word' id='word_1_130' title='bbox 2112 1690 2236 1730; x_wconf 89' lang='lat' dir='ltr'><strong>cum</strong></span> 
     </span>
    </p>
   </div>
   <div class='ocr_carea' id='block_1_17' title="bbox 661 1765 2234 1837">
    <p class='ocr_par' dir='ltr' id='par_1_17' title="bbox 661 1765 2234 1837">
     <span class='ocr_line' id='line_1_17' title="bbox 661 1765 2234 1837; baseline 0.001 -19"><span class='ocrx_word' id='word_1_131' title='bbox 661 1785 681 1818; x_wconf 72' lang='grc' dir='ltr'>ι</span> <span class='ocrx_word' id='word_1_132' title='bbox 725 1767 990 1822; x_wconf 83' lang='lat' dir='ltr'><strong>vidissent</strong></span> <span class='ocrx_word' id='word_1_133' title='bbox 1034 1766 1178 1837; x_wconf 83' lang='lat' dir='ltr'><strong>quod</strong></span> <span class='ocrx_word' id='word_1_134' title='bbox 1231 1766 1496 1822; x_wconf 89' lang='lat' dir='ltr'><strong>creditum</strong></span> <span class='ocrx_word' id='word_1_135' title='bbox 1556 1775 1640 1822; x_wconf 90' lang='lat' dir='ltr'><strong>est</strong></span> <span class='ocrx_word' id='word_1_136' title='bbox 1695 1765 1830 1820; x_wconf 87' lang='lat' dir='ltr'><strong>mihi</strong></span> <span class='ocrx_word' id='word_1_137' title='bbox 1887 1765 2234 1837; x_wconf 85' lang='lat' dir='ltr'><strong>Evangelium</strong></span> 
     </span>
    </p>
   </div>
   <div class='ocr_carea' id='block_1_18' title="bbox 661 1855 2235 1926">
    <p class='ocr_par' dir='ltr' id='par_1_18' title="bbox 661 1855 2235 1926">
     <span class='ocr_line' id='line_1_18' title="bbox 661 1855 2235 1926; baseline 0.003 -20"><span class='ocrx_word' id='word_1_138' title='bbox 661 1875 680 1906; x_wconf 74' lang='grc' dir='ltr'>ι</span> <span class='ocrx_word' id='word_1_139' title='bbox 725 1857 993 1926; x_wconf 70' lang='lat' dir='ltr'><strong>praeputii,</strong></span> <span class='ocrx_word' id='word_1_140' title='bbox 1022 1858 1163 1912; x_wconf 89' lang='lat' dir='ltr'><strong>sicut</strong></span> <span class='ocrx_word' id='word_1_141' title='bbox 1192 1865 1246 1912; x_wconf 91' lang='lat' dir='ltr'><strong>et</strong></span> <span class='ocrx_word' id='word_1_142' title='bbox 1279 1856 1439 1912; x_wconf 87' lang='lat' dir='ltr'><strong>Petro</strong></span> <span class='ocrx_word' id='word_1_143' title='bbox 1464 1855 1934 1923; x_wconf 89' lang='lat' dir='ltr'><strong>circumcisionis;</strong></span> <span class='ocrx_word' id='word_1_144' title='bbox 1967 1857 2060 1926; x_wconf 91' lang='lat' dir='ltr'><strong>qui</strong></span> <span class='ocrx_word' id='word_1_145' title='bbox 2091 1856 2235 1911; x_wconf 91' lang='lat' dir='ltr'><strong>enim</strong></span> 
     </span>
    </p>
   </div>
   <div class='ocr_carea' id='block_1_19' title="bbox 661 1948 2244 2020">
    <p class='ocr_par' dir='ltr' id='par_1_19' title="bbox 661 1948 2244 2020">
     <span class='ocr_line' id='line_1_19' title="bbox 661 1948 2244 2020; baseline 0.003 -20"><span class='ocrx_word' id='word_1_146' title='bbox 661 1966 680 2000; x_wconf 77' lang='grc' dir='ltr'><strong>ε</strong></span> <span class='ocrx_word' id='word_1_147' title='bbox 724 1955 978 2018; x_wconf 89' lang='lat' dir='ltr'><strong>operatus</strong></span> <span class='ocrx_word' id='word_1_148' title='bbox 989 1957 1072 2004; x_wconf 91' lang='lat' dir='ltr'><strong>est</strong></span> <span class='ocrx_word' id='word_1_149' title='bbox 1086 1948 1246 2004; x_wconf 90' lang='lat' dir='ltr'><strong>Petro</strong></span> <span class='ocrx_word' id='word_1_150' title='bbox 1264 1949 1316 2002; x_wconf 92' lang='lat' dir='ltr'><strong>in</strong></span> <span class='ocrx_word' id='word_1_151' title='bbox 1338 1949 1638 2020; x_wconf 89' lang='lat' dir='ltr'><strong>apostolatu</strong></span> <span class='ocrx_word' id='word_1_152' title='bbox 1657 1948 2244 2020; x_wconf 84' lang='lat' dir='ltr'><strong>circumcisionis,ope-</strong></span> 
     </span>
    </p>
   </div>
   <div class='ocr_carea' id='block_1_20' title="bbox 658 2041 2238 2114">
    <p class='ocr_par' dir='ltr' id='par_1_20' title="bbox 658 2041 2238 2114">
     <span class='ocr_line' id='line_1_20' title="bbox 658 2041 2238 2114; baseline 0.005 -24"><span class='ocrx_word' id='word_1_153' title='bbox 658 2059 676 2090; x_wconf 76' lang='grc' dir='ltr'>ι</span> <span class='ocrx_word' id='word_1_154' title='bbox 719 2048 870 2095; x_wconf 88' lang='lat' dir='ltr'><strong>ratus</strong></span> <span class='ocrx_word' id='word_1_155' title='bbox 891 2041 1054 2112; x_wconf 73' lang='lat'><strong>208</strong></span> <span class='ocrx_word' id='word_1_156' title='bbox 1082 2051 1165 2098; x_wconf 91' lang='lat' dir='ltr'><strong>est</strong></span> <span class='ocrx_word' id='word_1_157' title='bbox 1186 2051 1240 2098; x_wconf 90' lang='lat' dir='ltr'><strong>et</strong></span> <span class='ocrx_word' id='word_1_158' title='bbox 1257 2041 1389 2096; x_wconf 90' lang='lat' dir='ltr'><strong>mihi</strong></span> <span class='ocrx_word' id='word_1_159' title='bbox 1414 2042 1555 2096; x_wconf 88' lang='lat' dir='ltr'><strong>inter</strong></span> <span class='ocrx_word' id='word_1_160' title='bbox 1575 2050 1781 2114; x_wconf 82' lang='lat' dir='ltr'><strong>gentes.</strong></span> <span class='ocrx_word' id='word_1_161' title='bbox 1805 2041 1871 2096; x_wconf 89' lang='lat' dir='ltr'><strong>Et</strong></span> <span class='ocrx_word' id='word_1_162' title='bbox 1894 2058 2017 2096; x_wconf 90' lang='lat' dir='ltr'><strong>cum</strong></span> <span class='ocrx_word' id='word_1_163' title='bbox 2033 2057 2238 2114; x_wconf 82' lang='lat' dir='ltr'><strong>cogno-</strong></span> 
     </span>
    </p>
   </div>
   <div class='ocr_carea' id='block_1_21' title="bbox 659 2130 2241 2202">
    <p class='ocr_par' dir='ltr' id='par_1_21' title="bbox 659 2130 2241 2202">
     <span class='ocr_line' id='line_1_21' title="bbox 659 2130 2241 2202; baseline 0.004 -21"><span class='ocrx_word' id='word_1_164' title='bbox 659 2148 675 2180; x_wconf 78' lang='grc' dir='ltr'>ι</span> <span class='ocrx_word' id='word_1_165' title='bbox 723 2130 931 2185; x_wconf 83' lang='lat' dir='ltr'><strong>vissent</strong></span> <span class='ocrx_word' id='word_1_166' title='bbox 964 2131 1213 2202; x_wconf 83' lang='lat' dir='ltr'><strong>gratiam,</strong></span> <span class='ocrx_word' id='word_1_167' title='bbox 1257 2147 1379 2202; x_wconf 70' lang='lat' dir='ltr'><strong>qua:</strong></span> <span class='ocrx_word' id='word_1_168' title='bbox 1423 2133 1550 2188; x_wconf 87' lang='lat' dir='ltr'><strong>data</strong></span> <span class='ocrx_word' id='word_1_169' title='bbox 1589 2142 1672 2188; x_wconf 88' lang='lat' dir='ltr'><strong>est</strong></span> <span class='ocrx_word' id='word_1_170' title='bbox 1697 2133 1854 2199; x_wconf 90' lang='lat' dir='ltr'><strong>mihi,</strong></span> <span class='ocrx_word' id='word_1_171' title='bbox 1895 2131 2153 2200; x_wconf 75' lang='lat' dir='ltr'><strong>Iacobus,</strong></span> <span class='ocrx_word' id='word_1_172' title='bbox 2186 2141 2241 2189; x_wconf 91' lang='lat' dir='ltr'><strong>et</strong></span> 
     </span>
    </p>
   </div>
   <div class='ocr_carea' id='block_1_22' title="bbox 656 2221 2236 2294">
    <p class='ocr_par' dir='ltr' id='par_1_22' title="bbox 656 2221 2236 2294">
     <span class='ocr_line' id='line_1_22' title="bbox 656 2221 2236 2294; baseline 0.004 -21"><span class='ocrx_word' id='word_1_173' title='bbox 656 2240 674 2272; x_wconf 71' lang='grc' dir='ltr'><strong>ε</strong></span> <span class='ocrx_word' id='word_1_174' title='bbox 715 2221 930 2290; x_wconf 89' lang='lat' dir='ltr'><strong>Cephas</strong></span> <span class='ocrx_word' id='word_1_175' title='bbox 959 2233 1012 2278; x_wconf 93' lang='lat' dir='ltr'><strong>et</strong></span> <span class='ocrx_word' id='word_1_176' title='bbox 1035 2221 1294 2290; x_wconf 90' lang='lat' dir='ltr'><strong>Joannes,</strong></span> <span class='ocrx_word' id='word_1_177' title='bbox 1327 2225 1420 2294; x_wconf 90' lang='lat' dir='ltr'><strong>qui</strong></span> <span class='ocrx_word' id='word_1_178' title='bbox 1445 2225 1768 2279; x_wconf 75' lang='lat' dir='ltr'><strong>videbantur</strong></span> <span class='ocrx_word' id='word_1_179' title='bbox 1793 2225 2064 2280; x_wconf 60' lang='lat' dir='ltr'><strong>columna:</strong></span> <span class='ocrx_word' id='word_1_180' title='bbox 2094 2241 2236 2294; x_wconf 90' lang='lat' dir='ltr'><strong>esse,</strong></span> 
     </span>
    </p>
   </div>
   <div class='ocr_carea' id='block_1_23' title="bbox 657 2313 2240 2382">
    <p class='ocr_par' dir='ltr' id='par_1_23' title="bbox 657 2313 2240 2382">
     <span class='ocr_line' id='line_1_23' title="bbox 657 2313 2240 2382; baseline 0.006 -18"><span class='ocrx_word' id='word_1_181' title='bbox 657 2331 676 2364; x_wconf 76' lang='grc' dir='ltr'>ι</span> <span class='ocrx_word' id='word_1_182' title='bbox 721 2313 943 2370; x_wconf 83' lang='lat' dir='ltr'><strong>dextras</strong></span> <span class='ocrx_word' id='word_1_183' title='bbox 988 2315 1256 2370; x_wconf 90' lang='lat' dir='ltr'><strong>dederunt</strong></span> <span class='ocrx_word' id='word_1_184' title='bbox 1285 2316 1420 2370; x_wconf 89' lang='lat' dir='ltr'><strong>mihi</strong></span> <span class='ocrx_word' id='word_1_185' title='bbox 1449 2324 1502 2370; x_wconf 90' lang='lat' dir='ltr'><strong>et</strong></span> <span class='ocrx_word' id='word_1_186' title='bbox 1531 2315 1792 2370; x_wconf 61' lang='lat' dir='ltr'><strong>Barnabas</strong></span> <span class='ocrx_word' id='word_1_187' title='bbox 1831 2317 2128 2382; x_wconf 85' lang='lat' dir='ltr'><strong>societatis,</strong></span> <span class='ocrx_word' id='word_1_188' title='bbox 2179 2327 2240 2373; x_wconf 90' lang='lat' dir='ltr'><strong>ut</strong></span> 
     </span>
    </p>
   </div>
   <div class='ocr_carea' id='block_1_24' title="bbox 659 2403 2235 2478">
    <p class='ocr_par' dir='ltr' id='par_1_24' title="bbox 659 2403 2235 2478">
     <span class='ocr_line' id='line_1_24' title="bbox 659 2403 2235 2478; baseline 0.006 -23"><span class='ocrx_word' id='word_1_189' title='bbox 659 2422 676 2454; x_wconf 74' lang='grc' dir='ltr'>ι</span> <span class='ocrx_word' id='word_1_190' title='bbox 723 2419 826 2458; x_wconf 88' lang='lat' dir='ltr'><strong>nos</strong></span> <span class='ocrx_word' id='word_1_191' title='bbox 867 2403 922 2458; x_wconf 90' lang='lat' dir='ltr'><strong>in</strong></span> <span class='ocrx_word' id='word_1_192' title='bbox 951 2413 1191 2476; x_wconf 61' lang='lat' dir='ltr'><strong>,gentes,</strong></span> <span class='ocrx_word' id='word_1_193' title='bbox 1255 2407 1358 2476; x_wconf 89' lang='lat' dir='ltr'><strong>ipsi</strong></span> <span class='ocrx_word' id='word_1_194' title='bbox 1406 2416 1587 2462; x_wconf 90' lang='lat' dir='ltr'><strong>autem</strong></span> <span class='ocrx_word' id='word_1_195' title='bbox 1636 2407 1692 2462; x_wconf 91' lang='lat' dir='ltr'><strong>in</strong></span> <span class='ocrx_word' id='word_1_196' title='bbox 1740 2408 2235 2478; x_wconf 89' lang='lat' dir='ltr'><strong>circumcisionem,</strong></span> 
     </span>
    </p>
   </div>
   <div class='ocr_carea' id='block_1_25' title="bbox 659 2501 2238 2569">
    <p class='ocr_par' dir='ltr' id='par_1_25' title="bbox 659 2501 2238 2569">
     <span class='ocr_line' id='line_1_25' title="bbox 659 2501 2238 2569; baseline 0.008 -24"><span class='ocrx_word' id='word_1_197' title='bbox 659 2513 677 2544; x_wconf 79' lang='grc' dir='ltr'>ι</span> <span class='ocrx_word' id='word_1_198' title='bbox 723 2502 932 2550; x_wconf 88' lang='lat' dir='ltr'><strong>tantum</strong></span> <span class='ocrx_word' id='word_1_199' title='bbox 977 2506 1038 2552; x_wconf 90' lang='lat' dir='ltr'><strong>ut</strong></span> <span class='ocrx_word' id='word_1_200' title='bbox 1076 2513 1376 2568; x_wconf 87' lang='lat' dir='ltr'><strong>pauperum</strong></span> <span class='ocrx_word' id='word_1_201' title='bbox 1441 2513 1711 2554; x_wconf 86' lang='lat' dir='ltr'><strong>memores</strong></span> <span class='ocrx_word' id='word_1_202' title='bbox 1755 2515 2022 2556; x_wconf 90' lang='lat' dir='ltr'><strong>essemus.</strong></span> <span class='ocrx_word' id='word_1_203' title='bbox 2083 2501 2238 2569; x_wconf 86' lang='lat' dir='ltr'><strong>Quod</strong></span> 
     </span>
    </p>
   </div>
   <div class='ocr_carea' id='block_1_26' title="bbox 658 2585 2236 2659">
    <p class='ocr_par' dir='ltr' id='par_1_26' title="bbox 658 2585 2236 2659">
     <span class='ocr_line' id='line_1_26' title="bbox 658 2585 2236 2659; baseline 0.009 -25"><span class='ocrx_word' id='word_1_204' title='bbox 658 2603 676 2634; x_wconf 73' lang='grc' dir='ltr'>ι</span> <span class='ocrx_word' id='word_1_205' title='bbox 723 2585 886 2640; x_wconf 87' lang='lat' dir='ltr'><strong>etiam</strong></span> <span class='ocrx_word' id='word_1_206' title='bbox 911 2585 1179 2644; x_wconf 89' lang='lat' dir='ltr'><strong>sollicitus</strong></span> <span class='ocrx_word' id='word_1_207' title='bbox 1209 2585 1286 2642; x_wconf 90' lang='lat' dir='ltr'><strong>fui</strong></span> <span class='ocrx_word' id='word_1_208' title='bbox 1319 2588 1422 2643; x_wconf 90' lang='lat' dir='ltr'><strong>hoc</strong></span> <span class='ocrx_word' id='word_1_209' title='bbox 1455 2588 1632 2659; x_wconf 87' lang='lat' dir='ltr'><strong>ipsum</strong></span> <span class='ocrx_word' id='word_1_210' title='bbox 1659 2587 1858 2646; x_wconf 88' lang='lat' dir='ltr'><strong>facere.</strong></span> <span class='ocrx_word' id='word_1_211' title='bbox 1895 2591 2032 2646; x_wconf 92' lang='lat' dir='ltr'><strong>Cum</strong></span> <span class='ocrx_word' id='word_1_212' title='bbox 2056 2603 2236 2648; x_wconf 90' lang='lat' dir='ltr'><strong>autem</strong></span> 
     </span>
    </p>
   </div>
   <div class='ocr_carea' id='block_1_27' title="bbox 657 2671 2234 2752">
    <p class='ocr_par' dir='ltr' id='par_1_27' title="bbox 657 2671 2234 2752">
     <span class='ocr_line' id='line_1_27' title="bbox 657 2671 2234 2752; baseline 0.008 -25"><span class='ocrx_word' id='word_1_213' title='bbox 657 2694 676 2728; x_wconf 74' lang='grc' dir='ltr'>ι</span> <span class='ocrx_word' id='word_1_214' title='bbox 721 2677 960 2734; x_wconf 86' lang='lat' dir='ltr'><strong>venisset</strong></span> <span class='ocrx_word' id='word_1_215' title='bbox 987 2677 1199 2749; x_wconf 89' lang='lat' dir='ltr'><strong>Cephas</strong></span> <span class='ocrx_word' id='word_1_216' title='bbox 1227 2671 1591 2742; x_wconf 73' lang='lat' dir='ltr'><strong>AutiOchiam.</strong></span> <span class='ocrx_word' id='word_1_217' title='bbox 1621 2681 1676 2736; x_wconf 91' lang='lat' dir='ltr'><strong>in</strong></span> <span class='ocrx_word' id='word_1_218' title='bbox 1703 2681 1895 2736; x_wconf 78' lang='lat' dir='ltr'><strong>faciem</strong></span> <span class='ocrx_word' id='word_1_219' title='bbox 1943 2683 1994 2738; x_wconf 91' lang='lat' dir='ltr'><strong>ei</strong></span> <span class='ocrx_word' id='word_1_220' title='bbox 2037 2685 2234 2752; x_wconf 83' lang='lat' dir='ltr'><strong>restiti,</strong></span> 
     </span>
    </p>
   </div>
   <div class='ocr_carea' id='block_1_28' title="bbox 658 2769 2235 2848">
    <p class='ocr_par' dir='ltr' id='par_1_28' title="bbox 658 2769 2235 2848">
     <span class='ocr_line' id='line_1_28' title="bbox 658 2769 2235 2848; baseline 0.006 -28"><span class='ocrx_word' id='word_1_221' title='bbox 658 2787 677 2820; x_wconf 74' lang='grc' dir='ltr'>ι</span> <span class='ocrx_word' id='word_1_222' title='bbox 723 2769 850 2838; x_wconf 89' lang='lat' dir='ltr'><strong>quia</strong></span> <span class='ocrx_word' id='word_1_223' title='bbox 918 2771 1365 2841; x_wconf 90' lang='lat' dir='ltr'><strong>reprehensibilis</strong></span> <span class='ocrx_word' id='word_1_224' title='bbox 1427 2781 1562 2828; x_wconf 89' lang='lat' dir='ltr'><strong>erat.</strong></span> <span class='ocrx_word' id='word_1_225' title='bbox 1636 2771 1794 2828; x_wconf 86' lang='lat' dir='ltr'><strong>Prius</strong></span> <span class='ocrx_word' id='word_1_226' title='bbox 1851 2775 1996 2830; x_wconf 88' lang='lat' dir='ltr'><strong>enim</strong></span> <span class='ocrx_word' id='word_1_227' title='bbox 2073 2793 2235 2848; x_wconf 87' lang='lat' dir='ltr'><strong>quam</strong></span> 
     </span>
    </p>
   </div>
   <div class='ocr_carea' id='block_1_29' title="bbox 657 2859 2233 2934">
    <p class='ocr_par' dir='ltr' id='par_1_29' title="bbox 657 2859 2233 2934">
     <span class='ocr_line' id='line_1_29' title="bbox 657 2859 2233 2934; baseline 0.008 -25"><span class='ocrx_word' id='word_1_228' title='bbox 657 2877 676 2909; x_wconf 73' lang='grc' dir='ltr'>ι</span> <span class='ocrx_word' id='word_1_229' title='bbox 722 2859 966 2916; x_wconf 84' lang='lat' dir='ltr'><strong>venirent</strong></span> <span class='ocrx_word' id='word_1_230' title='bbox 992 2859 1213 2931; x_wconf 90' lang='lat' dir='ltr'><strong>quidam</strong></span> <span class='ocrx_word' id='word_1_231' title='bbox 1241 2862 1310 2917; x_wconf 90' lang='lat' dir='ltr'><strong>ab</strong></span> <span class='ocrx_word' id='word_1_232' title='bbox 1334 2859 1558 2930; x_wconf 79' lang='lat' dir='ltr'><strong>Jacobo,</strong></span> <span class='ocrx_word' id='word_1_233' title='bbox 1587 2879 1712 2918; x_wconf 89' lang='lat' dir='ltr'><strong>cum</strong></span> <span class='ocrx_word' id='word_1_234' title='bbox 1743 2863 1993 2934; x_wconf 81' lang='lat' dir='ltr'><strong>gentibus</strong></span> <span class='ocrx_word' id='word_1_235' title='bbox 2023 2865 2233 2921; x_wconf 87' lang='lat' dir='ltr'><strong>edebat.</strong></span> 
     </span>
    </p>
   </div>
   <div class='ocr_carea' id='block_1_30' title="bbox 659 2949 2238 3028">
    <p class='ocr_par' dir='ltr' id='par_1_30' title="bbox 659 2949 2238 3028">
     <span class='ocr_line' id='line_1_30' title="bbox 659 2949 2238 3028; baseline 0.007 -26"><span class='ocrx_word' id='word_1_236' title='bbox 659 2969 676 3001; x_wconf 78' lang='grc' dir='ltr'>ι</span> <span class='ocrx_word' id='word_1_237' title='bbox 721 2949 860 3006; x_wconf 90' lang='lat' dir='ltr'><strong>Cum</strong></span> <span class='ocrx_word' id='word_1_238' title='bbox 881 2961 1065 3007; x_wconf 89' lang='lat' dir='ltr'><strong>autem</strong></span> <span class='ocrx_word' id='word_1_239' title='bbox 1097 2951 1398 3021; x_wconf 85' lang='lat' dir='ltr'><strong>venissent,</strong></span> <span class='ocrx_word' id='word_1_240' title='bbox 1443 2955 1796 3010; x_wconf 88' lang='lat' dir='ltr'><strong>subtrahebat</strong></span> <span class='ocrx_word' id='word_1_241' title='bbox 1823 2965 1876 3011; x_wconf 88' lang='lat' dir='ltr'><strong>et</strong></span> <span class='ocrx_word' id='word_1_242' title='bbox 1921 2958 2238 3028; x_wconf 87' lang='lat' dir='ltr'><strong>segregabat</strong></span> 
     </span>
    </p>
   </div>
   <div class='ocr_carea' id='block_1_31' title="bbox 658 3041 2238 3116">
    <p class='ocr_par' dir='ltr' id='par_1_31' title="bbox 658 3041 2238 3116">
     <span class='ocr_line' id='line_1_31' title="bbox 658 3041 2238 3116; baseline 0.009 -26"><span class='ocrx_word' id='word_1_243' title='bbox 658 3058 676 3090; x_wconf 79' lang='grc' dir='ltr'>ι</span> <span class='ocrx_word' id='word_1_244' title='bbox 719 3056 798 3108; x_wconf 91' lang='lat' dir='ltr'><strong>se,</strong></span> <span class='ocrx_word' id='word_1_245' title='bbox 845 3041 1043 3100; x_wconf 91' lang='lat' dir='ltr'><strong>timens</strong></span> <span class='ocrx_word' id='word_1_246' title='bbox 1088 3058 1184 3100; x_wconf 91' lang='lat' dir='ltr'><strong>eos</strong></span> <span class='ocrx_word' id='word_1_247' title='bbox 1231 3045 1326 3116; x_wconf 90' lang='lat' dir='ltr'><strong>qui</strong></span> <span class='ocrx_word' id='word_1_248' title='bbox 1380 3061 1446 3100; x_wconf 80' lang='lat' dir='ltr'><strong>ex</strong></span> <span class='ocrx_word' id='word_1_249' title='bbox 1493 3046 1908 3102; x_wconf 90' lang='lat' dir='ltr'><strong>circumcisione</strong></span> <span class='ocrx_word' id='word_1_250' title='bbox 1949 3058 2122 3103; x_wconf 90' lang='lat' dir='ltr'><strong>erant.</strong></span> <span class='ocrx_word' id='word_1_251' title='bbox 2172 3049 2238 3106; x_wconf 91' lang='lat' dir='ltr'><strong>Et</strong></span> 
     </span>
    </p>
   </div>
   <div class='ocr_carea' id='block_1_32' title="bbox 2345 564 3836 638">
    <p class='ocr_par' dir='ltr' id='par_1_32' title="bbox 2345 564 3836 638">
     <span class='ocr_line' id='line_1_32' title="bbox 2345 564 3836 638; baseline 0.004 -18"><span class='ocrx_word' id='word_1_252' title='bbox 2345 566 2446 621; x_wconf 88' lang='lat' dir='ltr'><strong>bus</strong></span> <span class='ocrx_word' id='word_1_253' title='bbox 2472 567 2817 636; x_wconf 79' lang='lat' dir='ltr'><strong>praedicabat,</strong></span> <span class='ocrx_word' id='word_1_254' title='bbox 2847 566 3191 638; x_wconf 82' lang='lat' dir='ltr'><strong>opponebant</strong></span> <span class='ocrx_word' id='word_1_255' title='bbox 3217 564 3297 630; x_wconf 88' lang='lat' dir='ltr'><strong>ei,</strong></span> <span class='ocrx_word' id='word_1_256' title='bbox 3343 565 3490 634; x_wconf 92' lang='lat' dir='ltr'><strong>quod</strong></span> <span class='ocrx_word' id='word_1_257' title='bbox 3523 565 3778 624; x_wconf 78' lang='lat' dir='ltr'><strong>dissentiret</strong></span> <span class='ocrx_word' id='word_1_258' title='bbox 3805 573 3836 626; x_wconf 84' lang='lat' dir='ltr'><strong>in</strong></span> 
     </span>
    </p>
   </div>
   <div class='ocr_carea' id='block_1_33' title="bbox 2344 649 3836 729">
    <p class='ocr_par' dir='ltr' id='par_1_33' title="bbox 2344 649 3836 729">
     <span class='ocr_line' id='line_1_33' title="bbox 2344 649 3836 729; baseline 0.003 -16"><span class='ocrx_word' id='word_1_259' title='bbox 2344 659 2726 729; x_wconf 69' lang='lat' dir='ltr'><strong>praedicatione</strong></span> <span class='ocrx_word' id='word_1_260' title='bbox 2763 673 2794 714; x_wconf 87' lang='lat' dir='ltr'><strong>a</strong></span> <span class='ocrx_word' id='word_1_261' title='bbox 2831 657 2992 712; x_wconf 90' lang='lat' dir='ltr'><strong>Petro</strong></span> <span class='ocrx_word' id='word_1_262' title='bbox 3029 667 3084 712; x_wconf 88' lang='lat' dir='ltr'><strong>et</strong></span> <span class='ocrx_word' id='word_1_263' title='bbox 3112 659 3179 712; x_wconf 89' lang='lat' dir='ltr'><strong>ab</strong></span> <span class='ocrx_word' id='word_1_264' title='bbox 3207 657 3361 712; x_wconf 89' lang='lat' dir='ltr'><strong>aliis.</strong></span> <span class='ocrx_word' id='word_1_265' title='bbox 3395 649 3570 722; x_wconf 83' lang='lat' dir='ltr'><strong>Quam</strong></span> <span class='ocrx_word' id='word_1_266' title='bbox 3603 659 3836 718; x_wconf 63' lang='lat' dir='ltr'><strong>dubietate:</strong></span> 
     </span>
    </p>
   </div>
   <div class='ocr_carea' id='block_1_34' title="bbox 2343 747 3836 818">
    <p class='ocr_par' dir='ltr' id='par_1_34' title="bbox 2343 747 3836 818">
     <span class='ocr_line' id='line_1_34' title="bbox 2343 747 3836 818; baseline 0.003 -14"><span class='ocrx_word' id='word_1_267' title='bbox 2343 767 2620 806; x_wconf 89' lang='lat' dir='ltr'><strong>removere</strong></span> <span class='ocrx_word' id='word_1_268' title='bbox 2641 751 2849 816; x_wconf 88' lang='lat' dir='ltr'><strong>volens,</strong></span> <span class='ocrx_word' id='word_1_269' title='bbox 2889 765 3014 804; x_wconf 91' lang='lat' dir='ltr'><strong>cum</strong></span> <span class='ocrx_word' id='word_1_270' title='bbox 3037 749 3274 804; x_wconf 89' lang='lat' dir='ltr'><strong>testibus</strong></span> <span class='ocrx_word' id='word_1_271' title='bbox 3301 749 3550 804; x_wconf 81' lang='lat' dir='ltr'><strong>ascendit</strong></span> <span class='ocrx_word' id='word_1_272' title='bbox 3575 747 3836 818; x_wconf 77' lang='lat' dir='ltr'><strong>Hierusalem,</strong></span> 
     </span>
    </p>
   </div>
   <div class='ocr_carea' id='block_1_35' title="bbox 2343 841 3836 916">
    <p class='ocr_par' dir='ltr' id='par_1_35' title="bbox 2343 841 3836 916">
     <span class='ocr_line' id='line_1_35' title="bbox 2343 841 3836 916; baseline 0 -16"><span class='ocrx_word' id='word_1_273' title='bbox 2343 861 2452 900; x_wconf 91' lang='lat' dir='ltr'><strong>non</strong></span> <span class='ocrx_word' id='word_1_274' title='bbox 2485 845 2629 916; x_wconf 93' lang='lat' dir='ltr'><strong>quod</strong></span> <span class='ocrx_word' id='word_1_275' title='bbox 2653 843 2851 900; x_wconf 89' lang='lat' dir='ltr'><strong>dubius</strong></span> <span class='ocrx_word' id='word_1_276' title='bbox 2873 853 3018 899; x_wconf 87' lang='lat' dir='ltr'><strong>esset</strong></span> <span class='ocrx_word' id='word_1_277' title='bbox 3041 843 3098 896; x_wconf 89' lang='lat' dir='ltr'><strong>in</strong></span> <span class='ocrx_word' id='word_1_278' title='bbox 3122 843 3339 912; x_wconf 88' lang='lat' dir='ltr'><strong>aliquo,</strong></span> <span class='ocrx_word' id='word_1_279' title='bbox 3365 841 3462 896; x_wconf 86' lang='lat' dir='ltr'><strong>sed</strong></span> <span class='ocrx_word' id='word_1_280' title='bbox 3483 849 3542 896; x_wconf 89' lang='lat' dir='ltr'><strong>ut</strong></span> <span class='ocrx_word' id='word_1_281' title='bbox 3563 851 3736 896; x_wconf 85' lang='lat' dir='ltr'><strong>certum</strong></span> <span class='ocrx_word' id='word_1_282' title='bbox 3751 845 3836 900; x_wconf 75' lang='lat' dir='ltr'><strong>ﬁetu</strong></span> 
     </span>
    </p>
   </div>
   <div class='ocr_carea' id='block_1_36' title="bbox 2343 934 3832 1008">
    <p class='ocr_par' dir='ltr' id='par_1_36' title="bbox 2343 934 3832 1008">
     <span class='ocr_line' id='line_1_36' title="bbox 2343 934 3832 1008; baseline -0.001 -16"><span class='ocrx_word' id='word_1_283' title='bbox 2343 937 2430 993; x_wconf 90' lang='lat' dir='ltr'><strong>his</strong></span> <span class='ocrx_word' id='word_1_284' title='bbox 2474 937 2568 1008; x_wconf 90' lang='lat' dir='ltr'><strong>qui</strong></span> <span class='ocrx_word' id='word_1_285' title='bbox 2615 935 2934 992; x_wconf 86' lang='lat' dir='ltr'><strong>dubitabant</strong></span> <span class='ocrx_word' id='word_1_286' title='bbox 2957 935 3102 1006; x_wconf 91' lang='lat' dir='ltr'><strong>quod</strong></span> <span class='ocrx_word' id='word_1_287' title='bbox 3147 950 3262 989; x_wconf 91' lang='lat' dir='ltr'><strong>non</strong></span> <span class='ocrx_word' id='word_1_288' title='bbox 3318 934 3624 990; x_wconf 83' lang='lat' dir='ltr'><strong>dissentiret</strong></span> <span class='ocrx_word' id='word_1_289' title='bbox 3661 951 3686 989; x_wconf 83' lang='lat' dir='ltr'><strong>a</strong></span> <span class='ocrx_word' id='word_1_290' title='bbox 3725 935 3832 992; x_wconf 80' lang='lat' dir='ltr'><strong>Petro.</strong></span> 
     </span>
    </p>
   </div>
   <div class='ocr_carea' id='block_1_37' title="bbox 2341 1025 3836 1098">
    <p class='ocr_par' dir='ltr' id='par_1_37' title="bbox 2341 1025 3836 1098">
     <span class='ocr_line' id='line_1_37' title="bbox 2341 1025 3836 1098; baseline 0 -16"><span class='ocrx_word' id='word_1_291' title='bbox 2341 1029 2567 1082; x_wconf 80' lang='lat' dir='ltr'><strong>Ascendi</strong></span> <span class='ocrx_word' id='word_1_292' title='bbox 2591 1043 2698 1082; x_wconf 90' lang='lat' dir='ltr'><strong>non</strong></span> <span class='ocrx_word' id='word_1_293' title='bbox 2721 1037 2932 1082; x_wconf 89' lang='lat' dir='ltr'><strong>tantum</strong></span> <span class='ocrx_word' id='word_1_294' title='bbox 2959 1028 3088 1098; x_wconf 89' lang='lat' dir='ltr'><strong>quia</strong></span> <span class='ocrx_word' id='word_1_295' title='bbox 3105 1027 3184 1082; x_wconf 89' lang='lat' dir='ltr'><strong>sic</strong></span> <span class='ocrx_word' id='word_1_296' title='bbox 3203 1027 3384 1092; x_wconf 84' lang='lat' dir='ltr'><strong>volui,</strong></span> <span class='ocrx_word' id='word_1_297' title='bbox 3411 1025 3506 1080; x_wconf 90' lang='lat' dir='ltr'><strong>sed</strong></span> <span class='ocrx_word' id='word_1_298' title='bbox 3531 1027 3678 1080; x_wconf 88' lang='lat' dir='ltr'><strong>etiam</strong></span> <span class='ocrx_word' id='word_1_299' title='bbox 3697 1033 3836 1082; x_wconf 62' lang='lat' dir='ltr'><strong>amna</strong></span> 
     </span>
    </p>
   </div>
   <div class='ocr_carea' id='block_1_38' title="bbox 2342 1117 3834 1188">
    <p class='ocr_par' dir='ltr' id='par_1_38' title="bbox 2342 1117 3834 1188">
     <span class='ocr_line' id='line_1_38' title="bbox 2342 1117 3834 1188; baseline -0.001 -14"><span class='ocrx_word' id='word_1_300' title='bbox 2342 1123 2624 1175; x_wconf 83' lang='lat' dir='ltr'><strong>secundum</strong></span> <span class='ocrx_word' id='word_1_301' title='bbox 2659 1120 3046 1186; x_wconf 82' lang='lat' dir='ltr'><strong>reuelationem,</strong></span> <span class='ocrx_word' id='word_1_302' title='bbox 3095 1119 3150 1173; x_wconf 93' lang='lat' dir='ltr'><strong>id</strong></span> <span class='ocrx_word' id='word_1_303' title='bbox 3195 1127 3288 1174; x_wconf 88' lang='lat' dir='ltr'><strong>est</strong></span> <span class='ocrx_word' id='word_1_304' title='bbox 3332 1118 3466 1188; x_wconf 85' lang='lat' dir='ltr'><strong>quia</strong></span> <span class='ocrx_word' id='word_1_305' title='bbox 3504 1117 3728 1172; x_wconf 81' lang='lat' dir='ltr'><strong>revelavit</strong></span> <span class='ocrx_word' id='word_1_306' title='bbox 3759 1121 3834 1172; x_wconf 73' lang='lat' dir='ltr'><strong>Illth</strong></span> 
     </span>
    </p>
   </div>
   <div class='ocr_carea' id='block_1_39' title="bbox 2341 1207 3834 1282">
    <p class='ocr_par' dir='ltr' id='par_1_39' title="bbox 2341 1207 3834 1282">
     <span class='ocr_line' id='line_1_39' title="bbox 2341 1207 3834 1282; baseline -0.003 -17"><span class='ocrx_word' id='word_1_307' title='bbox 2341 1211 2484 1267; x_wconf 87' lang='lat' dir='ltr'><strong>Deus</strong></span> <span class='ocrx_word' id='word_1_308' title='bbox 2519 1213 2596 1268; x_wconf 90' lang='lat' dir='ltr'><strong>sic</strong></span> <span class='ocrx_word' id='word_1_309' title='bbox 2626 1221 2876 1282; x_wconf 88' lang='lat' dir='ltr'><strong>oportere</strong></span> <span class='ocrx_word' id='word_1_310' title='bbox 2905 1211 3059 1276; x_wconf 75' lang='lat' dir='ltr'><strong>fieri;</strong></span> <span class='ocrx_word' id='word_1_311' title='bbox 3093 1218 3146 1264; x_wconf 91' lang='lat' dir='ltr'><strong>et</strong></span> <span class='ocrx_word' id='word_1_312' title='bbox 3187 1219 3332 1265; x_wconf 91' lang='lat' dir='ltr'><strong>tunc</strong></span> <span class='ocrx_word' id='word_1_313' title='bbox 3365 1223 3482 1263; x_wconf 88' lang='lat' dir='ltr'><strong>non</strong></span> <span class='ocrx_word' id='word_1_314' title='bbox 3515 1207 3663 1263; x_wconf 92' lang='lat' dir='ltr'><strong>didici</strong></span> <span class='ocrx_word' id='word_1_315' title='bbox 3687 1209 3740 1262; x_wconf 82' lang='lat' dir='ltr'><strong>ab</strong></span> <span class='ocrx_word' id='word_1_316' title='bbox 3763 1211 3834 1272; x_wconf 77' lang='lat' dir='ltr'><strong>illis,</strong></span> 
     </span>
    </p>
   </div>
   <div class='ocr_carea' id='block_1_40' title="bbox 2343 1297 3832 1374">
    <p class='ocr_par' dir='ltr' id='par_1_40' title="bbox 2343 1297 3832 1374">
     <span class='ocr_line' id='line_1_40' title="bbox 2343 1297 3832 1374; baseline -0.001 -16"><span class='ocrx_word' id='word_1_317' title='bbox 2343 1305 2436 1358; x_wconf 83' lang='lat' dir='ltr'><strong>sed</strong></span> <span class='ocrx_word' id='word_1_318' title='bbox 2460 1303 2662 1358; x_wconf 83' lang='lat' dir='ltr'><strong>contuli</strong></span> <span class='ocrx_word' id='word_1_319' title='bbox 2692 1321 2811 1358; x_wconf 87' lang='lat' dir='ltr'><strong>cum</strong></span> <span class='ocrx_word' id='word_1_320' title='bbox 2837 1301 2948 1374; x_wconf 74' lang='lat' dir='ltr'><strong>illis</strong></span> <span class='ocrx_word' id='word_1_321' title='bbox 2976 1301 3355 1373; x_wconf 80' lang='lat' dir='ltr'><strong>Evangelium,</strong></span> <span class='ocrx_word' id='word_1_322' title='bbox 3389 1301 3576 1356; x_wconf 85' lang='lat' dir='ltr'><strong>dicens</strong></span> <span class='ocrx_word' id='word_1_323' title='bbox 3599 1318 3611 1354; x_wconf 94' lang='lat'>:</span> <span class='ocrx_word' id='word_1_324' title='bbox 3639 1297 3712 1354; x_wconf 88' lang='lat' dir='ltr'><strong>Sic</strong></span> <span class='ocrx_word' id='word_1_325' title='bbox 3741 1303 3832 1358; x_wconf 67' lang='lat' dir='ltr'><strong>etsi:</strong></span> 
     </span>
    </p>
   </div>
   <div class='ocr_carea' id='block_1_41' title="bbox 2341 1390 3834 1466">
    <p class='ocr_par' dir='ltr' id='par_1_41' title="bbox 2341 1390 3834 1466">
     <span class='ocr_line' id='line_1_41' title="bbox 2341 1390 3834 1466; baseline -0.003 -16"><span class='ocrx_word' id='word_1_326' title='bbox 2341 1395 2594 1466; x_wconf 64' lang='lat' dir='ltr'><strong>praedico.</strong></span> <span class='ocrx_word' id='word_1_327' title='bbox 2631 1393 2823 1450; x_wconf 85' lang='lat' dir='ltr'><strong>Nonne</strong></span> <span class='ocrx_word' id='word_1_328' title='bbox 2863 1403 2918 1450; x_wconf 90' lang='lat' dir='ltr'><strong>et</strong></span> <span class='ocrx_word' id='word_1_329' title='bbox 2943 1408 3043 1450; x_wconf 91' lang='lat' dir='ltr'><strong>vos</strong></span> <span class='ocrx_word' id='word_1_330' title='bbox 3084 1394 3282 1449; x_wconf 90' lang='lat' dir='ltr'><strong>eodem</strong></span> <span class='ocrx_word' id='word_1_331' title='bbox 3332 1393 3548 1448; x_wconf 75' lang='lat' dir='ltr'><strong>modo?</strong></span> <span class='ocrx_word' id='word_1_332' title='bbox 3583 1390 3758 1446; x_wconf 81' lang='lat' dir='ltr'><strong>Diceret</strong></span> <span class='ocrx_word' id='word_1_333' title='bbox 3783 1395 3834 1446; x_wconf 81' lang='lat' dir='ltr'><strong>ali-</strong></span> 
     </span>
    </p>
   </div>
   <div class='ocr_carea' id='block_1_42' title="bbox 2340 1485 3828 1558">
    <p class='ocr_par' dir='ltr' id='par_1_42' title="bbox 2340 1485 3828 1558">
     <span class='ocr_line' id='line_1_42' title="bbox 2340 1485 3828 1558; baseline 0 -16"><span class='ocrx_word' id='word_1_334' title='bbox 2340 1488 2503 1558; x_wconf 91' lang='lat' dir='ltr'><strong>quis:</strong></span> <span class='ocrx_word' id='word_1_335' title='bbox 2559 1487 2844 1544; x_wconf 79' lang='lat' dir='ltr'><strong>Reticuisti</strong></span> <span class='ocrx_word' id='word_1_336' title='bbox 2888 1487 3155 1558; x_wconf 74' lang='lat' dir='ltr'><strong>quazdam,</strong></span> <span class='ocrx_word' id='word_1_337' title='bbox 3200 1502 3335 1557; x_wconf 75' lang='lat' dir='ltr'><strong>quae</strong></span> <span class='ocrx_word' id='word_1_338' title='bbox 3377 1485 3623 1558; x_wconf 81' lang='lat' dir='ltr'><strong>gentibus</strong></span> <span class='ocrx_word' id='word_1_339' title='bbox 3645 1485 3828 1555; x_wconf 65' lang='lat' dir='ltr'><strong>praeditas</strong></span> 
     </span>
    </p>
   </div>
   <div class='ocr_carea' id='block_1_43' title="bbox 2339 1578 3828 1652">
    <p class='ocr_par' dir='ltr' id='par_1_43' title="bbox 2339 1578 3828 1652">
     <span class='ocr_line' id='line_1_43' title="bbox 2339 1578 3828 1652; baseline -0.005 -18"><span class='ocrx_word' id='word_1_340' title='bbox 2339 1579 2458 1636; x_wconf 86' lang='lat' dir='ltr'><strong>Non</strong></span> <span class='ocrx_word' id='word_1_341' title='bbox 2485 1581 2672 1652; x_wconf 89' lang='lat' dir='ltr'><strong>utique</strong></span> <span class='ocrx_word' id='word_1_342' title='bbox 2695 1581 2771 1635; x_wconf 87' lang='lat' dir='ltr'><strong>ait</strong></span> <span class='ocrx_word' id='word_1_343' title='bbox 2791 1579 3013 1646; x_wconf 86' lang='lat' dir='ltr'><strong>Paulus,</strong></span> <span class='ocrx_word' id='word_1_344' title='bbox 3045 1579 3140 1636; x_wconf 89' lang='lat' dir='ltr'><strong>sed</strong></span> <span class='ocrx_word' id='word_1_345' title='bbox 3161 1578 3530 1649; x_wconf 88' lang='lat' dir='ltr'><strong>Evangelium</strong></span> <span class='ocrx_word' id='word_1_346' title='bbox 3551 1578 3674 1648; x_wconf 81' lang='lat' dir='ltr'><strong>quod</strong></span> <span class='ocrx_word' id='word_1_347' title='bbox 3691 1579 3828 1647; x_wconf 63' lang='lat' dir='ltr'><strong>prodis</strong></span> 
     </span>
    </p>
   </div>
   <div class='ocr_carea' id='block_1_44' title="bbox 2339 1667 3827 1744">
    <p class='ocr_par' dir='ltr' id='par_1_44' title="bbox 2339 1667 3827 1744">
     <span class='ocr_line' id='line_1_44' title="bbox 2339 1667 3827 1744; baseline 0 -19"><span class='ocrx_word' id='word_1_348' title='bbox 2339 1673 2394 1725; x_wconf 87' lang='lat' dir='ltr'><strong>in</strong></span> <span class='ocrx_word' id='word_1_349' title='bbox 2443 1673 2699 1744; x_wconf 81' lang='lat' dir='ltr'><strong>gentibus.</strong></span> <span class='ocrx_word' id='word_1_350' title='bbox 2758 1667 2868 1727; x_wconf 91' lang='lat' dir='ltr'><strong>Nec</strong></span> <span class='ocrx_word' id='word_1_351' title='bbox 2927 1671 3054 1726; x_wconf 90' lang='lat' dir='ltr'><strong>inde</strong></span> <span class='ocrx_word' id='word_1_352' title='bbox 3113 1671 3350 1726; x_wconf 88' lang='lat' dir='ltr'><strong>verbum</strong></span> <span class='ocrx_word' id='word_1_353' title='bbox 3419 1670 3665 1737; x_wconf 89' lang='lat' dir='ltr'><strong>subticui,</strong></span> <span class='ocrx_word' id='word_1_354' title='bbox 3709 1673 3827 1726; x_wconf 74' lang='lat' dir='ltr'><strong>contui</strong></span> 
     </span>
    </p>
   </div>
   <div class='ocr_carea' id='block_1_45' title="bbox 2339 1761 3828 1835">
    <p class='ocr_par' dir='ltr' id='par_1_45' title="bbox 2339 1761 3828 1835">
     <span class='ocr_line' id='line_1_45' title="bbox 2339 1761 3828 1835; baseline 0.001 -17"><span class='ocrx_word' id='word_1_355' title='bbox 2339 1765 2555 1835; x_wconf 92' lang='lat' dir='ltr'><strong>publice</strong></span> <span class='ocrx_word' id='word_1_356' title='bbox 2598 1781 2722 1822; x_wconf 91' lang='lat' dir='ltr'><strong>cum</strong></span> <span class='ocrx_word' id='word_1_357' title='bbox 2753 1773 2867 1820; x_wconf 89' lang='lat' dir='ltr'><strong>tota</strong></span> <span class='ocrx_word' id='word_1_358' title='bbox 2907 1762 3169 1820; x_wconf 88' lang='lat' dir='ltr'><strong>Ecclesia.</strong></span> <span class='ocrx_word' id='word_1_359' title='bbox 3219 1761 3482 1818; x_wconf 78' lang='lat' dir='ltr'><strong>Scorsum</strong></span> <span class='ocrx_word' id='word_1_360' title='bbox 3529 1771 3702 1829; x_wconf 81' lang='lat' dir='ltr'><strong>autem,</strong></span> <span class='ocrx_word' id='word_1_361' title='bbox 3735 1763 3828 1820; x_wconf 66' lang='lat' dir='ltr'><strong>idea</strong></span> 
     </span>
    </p>
   </div>
   <div class='ocr_carea' id='block_1_46' title="bbox 2343 1853 3822 1927">
    <p class='ocr_par' dir='ltr' id='par_1_46' title="bbox 2343 1853 3822 1927">
     <span class='ocr_line' id='line_1_46' title="bbox 2343 1853 3822 1927; baseline -0.004 -15"><span class='ocrx_word' id='word_1_362' title='bbox 2343 1857 2635 1927; x_wconf 85' lang='lat' dir='ltr'><strong>separatim</strong></span> <span class='ocrx_word' id='word_1_363' title='bbox 2661 1857 2865 1912; x_wconf 88' lang='lat' dir='ltr'><strong>contuli</strong></span> <span class='ocrx_word' id='word_1_364' title='bbox 2889 1873 3006 1910; x_wconf 87' lang='lat' dir='ltr'><strong>cum</strong></span> <span class='ocrx_word' id='word_1_365' title='bbox 3029 1855 3110 1910; x_wconf 80' lang='lat' dir='ltr'><strong>his</strong></span> <span class='ocrx_word' id='word_1_366' title='bbox 3130 1857 3221 1927; x_wconf 85' lang='lat' dir='ltr'><strong>qui</strong></span> <span class='ocrx_word' id='word_1_367' title='bbox 3247 1855 3570 1910; x_wconf 81' lang='lat' dir='ltr'><strong>videbantur</strong></span> <span class='ocrx_word' id='word_1_368' title='bbox 3582 1871 3680 1909; x_wconf 76' lang='lat' dir='ltr'><strong>me</strong></span> <span class='ocrx_word' id='word_1_369' title='bbox 3695 1853 3822 1922; x_wconf 62' lang='lat' dir='ltr'><strong>aliaat,</strong></span> 
     </span>
    </p>
   </div>
   <div class='ocr_carea' id='block_1_47' title="bbox 2339 1945 3820 2018">
    <p class='ocr_par' dir='ltr' id='par_1_47' title="bbox 2339 1945 3820 2018">
     <span class='ocr_line' id='line_1_47' title="bbox 2339 1945 3820 2018; baseline -0.004 -17"><span class='ocrx_word' id='word_1_370' title='bbox 2339 1947 2392 2002; x_wconf 91' lang='lat' dir='ltr'><strong>id</strong></span> <span class='ocrx_word' id='word_1_371' title='bbox 2417 1955 2501 2002; x_wconf 92' lang='lat' dir='ltr'><strong>est</strong></span> <span class='ocrx_word' id='word_1_372' title='bbox 2519 1963 2642 2002; x_wconf 93' lang='lat' dir='ltr'><strong>cum</strong></span> <span class='ocrx_word' id='word_1_373' title='bbox 2671 1947 2954 2018; x_wconf 88' lang='lat' dir='ltr'><strong>apostolis,</strong></span> <span class='ocrx_word' id='word_1_374' title='bbox 2981 1962 3088 2002; x_wconf 90' lang='lat' dir='ltr'><strong>non</strong></span> <span class='ocrx_word' id='word_1_375' title='bbox 3119 1957 3310 2002; x_wconf 88' lang='lat' dir='ltr'><strong>tamen</strong></span> <span class='ocrx_word' id='word_1_376' title='bbox 3339 1961 3588 2002; x_wconf 86' lang='lat' dir='ltr'><strong>seorsum</strong></span> <span class='ocrx_word' id='word_1_377' title='bbox 3607 1961 3713 2000; x_wconf 88' lang='lat' dir='ltr'><strong>cum</strong></span> <span class='ocrx_word' id='word_1_378' title='bbox 3739 1945 3820 1998; x_wconf 71' lang='lat' dir='ltr'><strong>his:</strong></span> 
     </span>
    </p>
   </div>
   <div class='ocr_carea' id='block_1_48' title="bbox 2339 2037 3814 2110">
    <p class='ocr_par' dir='ltr' id='par_1_48' title="bbox 2339 2037 3814 2110">
     <span class='ocr_line' id='line_1_48' title="bbox 2339 2037 3814 2110; baseline -0.001 -18"><span class='ocrx_word' id='word_1_379' title='bbox 2339 2039 2475 2095; x_wconf 85' lang='lat' dir='ltr'><strong>alios</strong></span> <span class='ocrx_word' id='word_1_380' title='bbox 2497 2041 2862 2107; x_wconf 80' lang='lat' dir='ltr'><strong>excluderem,</strong></span> <span class='ocrx_word' id='word_1_381' title='bbox 2907 2048 2963 2094; x_wconf 87' lang='lat' dir='ltr'><strong>et</strong></span> <span class='ocrx_word' id='word_1_382' title='bbox 3000 2039 3208 2110; x_wconf 83' lang='lat' dir='ltr'><strong>private</strong></span> <span class='ocrx_word' id='word_1_383' title='bbox 3251 2055 3386 2095; x_wconf 91' lang='lat' dir='ltr'><strong>cum</strong></span> <span class='ocrx_word' id='word_1_384' title='bbox 3441 2039 3527 2094; x_wconf 87' lang='lat' dir='ltr'><strong>his</strong></span> <span class='ocrx_word' id='word_1_385' title='bbox 3551 2037 3814 2108; x_wconf 71' lang='lat' dir='ltr'><strong>agerem;el</strong></span> 
     </span>
    </p>
   </div>
   <div class='ocr_carea' id='block_1_49' title="bbox 2337 2129 3822 2201">
    <p class='ocr_par' dir='ltr' id='par_1_49' title="bbox 2337 2129 3822 2201">
     <span class='ocr_line' id='line_1_49' title="bbox 2337 2129 3822 2201; baseline -0.004 -16"><span class='ocrx_word' id='word_1_386' title='bbox 2337 2132 2494 2201; x_wconf 90' lang='lat' dir='ltr'><strong>prius</strong></span> <span class='ocrx_word' id='word_1_387' title='bbox 2523 2146 2705 2186; x_wconf 89' lang='lat' dir='ltr'><strong>sermo</strong></span> <span class='ocrx_word' id='word_1_388' title='bbox 2729 2147 2887 2186; x_wconf 89' lang='lat' dir='ltr'><strong>meus</strong></span> <span class='ocrx_word' id='word_1_389' title='bbox 2915 2131 3132 2200; x_wconf 88' lang='lat' dir='ltr'><strong>publice</strong></span> <span class='ocrx_word' id='word_1_390' title='bbox 3167 2130 3280 2184; x_wconf 87' lang='lat' dir='ltr'><strong>fuit</strong></span> <span class='ocrx_word' id='word_1_391' title='bbox 3329 2131 3399 2185; x_wconf 89' lang='lat' dir='ltr'><strong>ad</strong></span> <span class='ocrx_word' id='word_1_392' title='bbox 3427 2145 3632 2194; x_wconf 88' lang='lat' dir='ltr'><strong>omnes,</strong></span> <span class='ocrx_word' id='word_1_393' title='bbox 3675 2129 3822 2182; x_wconf 71' lang='lat' dir='ltr'><strong>nuncii</strong></span> 
     </span>
    </p>
   </div>
   <div class='ocr_carea' id='block_1_50' title="bbox 2339 2219 3821 2280">
    <p class='ocr_par' dir='ltr' id='par_1_50' title="bbox 2339 2219 3821 2280">
     <span class='ocr_line' id='line_1_50' title="bbox 2339 2219 3821 2280; baseline -0.003 -1"><span class='ocrx_word' id='word_1_394' title='bbox 2339 2225 2495 2280; x_wconf 87' lang='lat' dir='ltr'><strong>istos.</strong></span> <span class='ocrx_word' id='word_1_395' title='bbox 2529 2223 2624 2279; x_wconf 87' lang='lat' dir='ltr'><strong>Vel</strong></span> <span class='ocrx_word' id='word_1_396' title='bbox 2650 2225 2724 2279; x_wconf 87' lang='lat' dir='ltr'><strong>ita</strong></span> <span class='ocrx_word' id='word_1_397' title='bbox 2755 2243 2768 2278; x_wconf 90' lang='lat'><strong>:</strong></span> <span class='ocrx_word' id='word_1_398' title='bbox 2815 2223 3035 2279; x_wconf 88' lang='lat' dir='ltr'><strong>Contuli</strong></span> <span class='ocrx_word' id='word_1_399' title='bbox 3059 2239 3186 2279; x_wconf 91' lang='lat' dir='ltr'><strong>cum</strong></span> <span class='ocrx_word' id='word_1_400' title='bbox 3211 2223 3328 2279; x_wconf 91' lang='lat' dir='ltr'><strong>illis</strong></span> <span class='ocrx_word' id='word_1_401' title='bbox 3353 2237 3599 2278; x_wconf 89' lang='lat' dir='ltr'><strong>seorsum</strong></span> <span class='ocrx_word' id='word_1_402' title='bbox 3627 2219 3749 2274; x_wconf 83' lang='lat' dir='ltr'><strong>factis</strong></span> <span class='ocrx_word' id='word_1_403' title='bbox 3769 2219 3821 2274; x_wconf 68' lang='lat' dir='ltr'><strong>liii.</strong></span> 
     </span>
    </p>
   </div>
   <div class='ocr_carea' id='block_1_51' title="bbox 2341 2309 3824 2388">
    <p class='ocr_par' dir='ltr' id='par_1_51' title="bbox 2341 2309 3824 2388">
     <span class='ocr_line' id='line_1_51' title="bbox 2341 2309 3824 2388; baseline -0.006 -18"><span class='ocrx_word' id='word_1_404' title='bbox 2341 2315 2394 2372; x_wconf 90' lang='lat' dir='ltr'><strong>id</strong></span> <span class='ocrx_word' id='word_1_405' title='bbox 2425 2326 2510 2373; x_wconf 88' lang='lat' dir='ltr'><strong>est</strong></span> <span class='ocrx_word' id='word_1_406' title='bbox 2537 2317 2820 2388; x_wconf 86' lang='lat' dir='ltr'><strong>apostolis,</strong></span> <span class='ocrx_word' id='word_1_407' title='bbox 2867 2331 2938 2372; x_wconf 89' lang='lat' dir='ltr'><strong>ne</strong></span> <span class='ocrx_word' id='word_1_408' title='bbox 2958 2317 3174 2372; x_wconf 85' lang='lat' dir='ltr'><strong>viderer</strong></span> <span class='ocrx_word' id='word_1_409' title='bbox 3200 2317 3483 2386; x_wconf 88' lang='lat' dir='ltr'><strong>impotens</strong></span> <span class='ocrx_word' id='word_1_410' title='bbox 3505 2329 3620 2370; x_wconf 90' lang='lat' dir='ltr'><strong>esse</strong></span> <span class='ocrx_word' id='word_1_411' title='bbox 3639 2309 3824 2367; x_wconf 70' lang='lat' dir='ltr'><strong>defendeu</strong></span> 
     </span>
    </p>
   </div>
   <div class='ocr_carea' id='block_1_52' title="bbox 2338 2403 3824 2480">
    <p class='ocr_par' dir='ltr' id='par_1_52' title="bbox 2338 2403 3824 2480">
     <span class='ocr_line' id='line_1_52' title="bbox 2338 2403 3824 2480; baseline -0.007 -16"><span class='ocrx_word' id='word_1_412' title='bbox 2338 2408 2692 2480; x_wconf 79' lang='lat' dir='ltr'><strong>Evangelium</strong></span> <span class='ocrx_word' id='word_1_413' title='bbox 2749 2425 2934 2464; x_wconf 89' lang='lat' dir='ltr'><strong>meum</strong></span> <span class='ocrx_word' id='word_1_414' title='bbox 2981 2409 3101 2464; x_wconf 89' lang='lat' dir='ltr'><strong>sine</strong></span> <span class='ocrx_word' id='word_1_415' title='bbox 3145 2409 3362 2464; x_wconf 79' lang='lat' dir='ltr'><strong>auxilio</strong></span> <span class='ocrx_word' id='word_1_416' title='bbox 3415 2421 3620 2462; x_wconf 88' lang='lat' dir='ltr'><strong>eorum.</strong></span> <span class='ocrx_word' id='word_1_417' title='bbox 3665 2403 3754 2458; x_wconf 79' lang='lat' dir='ltr'><strong>Ideo</strong></span> <span class='ocrx_word' id='word_1_418' title='bbox 3787 2403 3824 2454; x_wconf 63' lang='lat' dir='ltr'><strong>sir-</strong></span> 
     </span>
    </p>
   </div>
   <div class='ocr_carea' id='block_1_53' title="bbox 2337 2497 3822 2572">
    <p class='ocr_par' dir='ltr' id='par_1_53' title="bbox 2337 2497 3822 2572">
     <span class='ocr_line' id='line_1_53' title="bbox 2337 2497 3822 2572; baseline -0.007 -17"><span class='ocrx_word' id='word_1_419' title='bbox 2337 2501 2544 2556; x_wconf 90' lang='lat' dir='ltr'><strong>contuli</strong></span> <span class='ocrx_word' id='word_1_420' title='bbox 2567 2518 2630 2554; x_wconf 88' lang='lat' dir='ltr'><strong>ne</strong></span> <span class='ocrx_word' id='word_1_421' title='bbox 2657 2501 2794 2572; x_wconf 81' lang='lat' dir='ltr'><strong>forte</strong></span> <span class='ocrx_word' id='word_1_422' title='bbox 2837 2499 3006 2572; x_wconf 91' lang='lat' dir='ltr'><strong>(quod</strong></span> <span class='ocrx_word' id='word_1_423' title='bbox 3051 2501 3376 2572; x_wconf 89' lang='lat' dir='ltr'><strong>contingere</strong></span> <span class='ocrx_word' id='word_1_424' title='bbox 3409 2497 3608 2570; x_wconf 88' lang='lat' dir='ltr'><strong>posset)</strong></span> <span class='ocrx_word' id='word_1_425' title='bbox 3639 2509 3822 2550; x_wconf 66' lang='lat' dir='ltr'><strong>curram</strong></span> 
     </span>
    </p>
   </div>
   <div class='ocr_carea' id='block_1_54' title="bbox 2337 2588 3822 2662">
    <p class='ocr_par' dir='ltr' id='par_1_54' title="bbox 2337 2588 3822 2662">
     <span class='ocr_line' id='line_1_54' title="bbox 2337 2588 3822 2662; baseline -0.009 -16"><span class='ocrx_word' id='word_1_426' title='bbox 2337 2592 2392 2648; x_wconf 89' lang='lat' dir='ltr'><strong>id</strong></span> <span class='ocrx_word' id='word_1_427' title='bbox 2431 2602 2514 2648; x_wconf 87' lang='lat' dir='ltr'><strong>est</strong></span> <span class='ocrx_word' id='word_1_428' title='bbox 2562 2607 2782 2647; x_wconf 86' lang='lat' dir='ltr'><strong>currere</strong></span> <span class='ocrx_word' id='word_1_429' title='bbox 2809 2601 3052 2662; x_wconf 86' lang='lat' dir='ltr'><strong>putarer,</strong></span> <span class='ocrx_word' id='word_1_430' title='bbox 3105 2599 3200 2645; x_wconf 85' lang='lat' dir='ltr'><strong>aut</strong></span> <span class='ocrx_word' id='word_1_431' title='bbox 3257 2590 3576 2654; x_wconf 75' lang='lat' dir='ltr'><strong>cucurrisse,</strong></span> <span class='ocrx_word' id='word_1_432' title='bbox 3603 2588 3654 2640; x_wconf 85' lang='lat' dir='ltr'><strong>in</strong></span> <span class='ocrx_word' id='word_1_433' title='bbox 3675 2595 3822 2638; x_wconf 70' lang='lat' dir='ltr'><strong>eorum</strong></span> 
     </span>
    </p>
   </div>
   <div class='ocr_carea' id='block_1_55' title="bbox 2335 2673 3820 2754">
    <p class='ocr_par' dir='ltr' id='par_1_55' title="bbox 2335 2673 3820 2754">
     <span class='ocr_line' id='line_1_55' title="bbox 2335 2673 3820 2754; baseline -0.004 -17"><span class='ocrx_word' id='word_1_434' title='bbox 2335 2684 2444 2739; x_wconf 83' lang='lat' dir='ltr'><strong>nisi</strong></span> <span class='ocrx_word' id='word_1_435' title='bbox 2469 2699 2565 2754; x_wconf 91' lang='lat' dir='ltr'><strong>per</strong></span> <span class='ocrx_word' id='word_1_436' title='bbox 2591 2683 2735 2738; x_wconf 88' lang='lat' dir='ltr'><strong>hanc</strong></span> <span class='ocrx_word' id='word_1_437' title='bbox 2757 2684 3104 2739; x_wconf 89' lang='lat' dir='ltr'><strong>collationem</strong></span> <span class='ocrx_word' id='word_1_438' title='bbox 3133 2684 3506 2754; x_wconf 88' lang='lat' dir='ltr'><strong>approbarem</strong></span> <span class='ocrx_word' id='word_1_439' title='bbox 3541 2693 3696 2734; x_wconf 84' lang='lat' dir='ltr'><strong>meum</strong></span> <span class='ocrx_word' id='word_1_440' title='bbox 3721 2673 3820 2726; x_wconf 69' lang='lat' dir='ltr'><strong>Em</strong></span> 
     </span>
    </p>
   </div>
   <div class='ocr_carea' id='block_1_56' title="bbox 2337 2763 3820 2848">
    <p class='ocr_par' dir='ltr' id='par_1_56' title="bbox 2337 2763 3820 2848">
     <span class='ocr_line' id='line_1_56' title="bbox 2337 2763 3820 2848; baseline -0.01 -17"><span class='ocrx_word' id='word_1_441' title='bbox 2337 2775 2558 2848; x_wconf 76' lang='lat' dir='ltr'><strong>gelium.</strong></span> <span class='ocrx_word' id='word_1_442' title='bbox 2605 2773 2718 2831; x_wconf 90' lang='lat' dir='ltr'><strong>Nec</strong></span> <span class='ocrx_word' id='word_1_443' title='bbox 2759 2783 2970 2830; x_wconf 85' lang='lat' dir='ltr'><strong>tantum</strong></span> <span class='ocrx_word' id='word_1_444' title='bbox 3011 2774 3354 2832; x_wconf 85' lang='lat' dir='ltr'><strong>conferendo</strong></span> <span class='ocrx_word' id='word_1_445' title='bbox 3401 2773 3532 2830; x_wconf 92' lang='lat' dir='ltr'><strong>illud</strong></span> <span class='ocrx_word' id='word_1_446' title='bbox 3562 2763 3820 2838; x_wconf 67' lang='lat' dir='ltr'><strong>comprobari.</strong></span> 
     </span>
    </p>
   </div>
   <div class='ocr_carea' id='block_1_57' title="bbox 2337 2865 3818 2938">
    <p class='ocr_par' dir='ltr' id='par_1_57' title="bbox 2337 2865 3818 2938">
     <span class='ocr_line' id='line_1_57' title="bbox 2337 2865 3818 2938; baseline -0.008 -18"><span class='ocrx_word' id='word_1_447' title='bbox 2337 2867 2426 2921; x_wconf 77' lang='lat' dir='ltr'><strong>sed</strong></span> <span class='ocrx_word' id='word_1_448' title='bbox 2468 2883 2629 2938; x_wconf 84' lang='lat' dir='ltr'><strong>neque</strong></span> <span class='ocrx_word' id='word_1_449' title='bbox 2671 2867 2836 2922; x_wconf 88' lang='lat' dir='ltr'><strong>etiam</strong></span> <span class='ocrx_word' id='word_1_450' title='bbox 2885 2867 3036 2922; x_wconf 80' lang='lat' dir='ltr'><strong>Titus</strong></span> <span class='ocrx_word' id='word_1_451' title='bbox 3074 2868 3163 2938; x_wconf 85' lang='lat' dir='ltr'><strong>qui</strong></span> <span class='ocrx_word' id='word_1_452' title='bbox 3207 2883 3417 2922; x_wconf 80' lang='lat' dir='ltr'><strong>mecum</strong></span> <span class='ocrx_word' id='word_1_453' title='bbox 3445 2873 3576 2931; x_wconf 81' lang='lat' dir='ltr'><strong>erat,</strong></span> <span class='ocrx_word' id='word_1_454' title='bbox 3623 2877 3717 2916; x_wconf 78' lang='lat' dir='ltr'><strong>cunt</strong></span> <span class='ocrx_word' id='word_1_455' title='bbox 3747 2865 3818 2910; x_wconf 74' lang='lat' dir='ltr'><strong>aut</strong></span> 
     </span>
    </p>
   </div>
   <div class='ocr_carea' id='block_1_58' title="bbox 2337 2949 3818 3030">
    <p class='ocr_par' dir='ltr' id='par_1_58' title="bbox 2337 2949 3818 3030">
     <span class='ocr_line' id='line_1_58' title="bbox 2337 2949 3818 3030; baseline -0.005 -18"><span class='ocrx_word' id='word_1_456' title='bbox 2337 2959 2557 3014; x_wconf 88' lang='lat' dir='ltr'><strong>natione</strong></span> <span class='ocrx_word' id='word_1_457' title='bbox 2584 2958 2814 3030; x_wconf 82' lang='lat' dir='ltr'><strong>gentilis,</strong></span> <span class='ocrx_word' id='word_1_458' title='bbox 2861 2961 3162 3030; x_wconf 78' lang='lat' dir='ltr'><strong>compulsus</strong></span> <span class='ocrx_word' id='word_1_459' title='bbox 3203 2969 3288 3014; x_wconf 86' lang='lat' dir='ltr'><strong>est</strong></span> <span class='ocrx_word' id='word_1_460' title='bbox 3337 2956 3651 3014; x_wconf 81' lang='lat' dir='ltr'><strong>circumcidi.</strong></span> <span class='ocrx_word' id='word_1_461' title='bbox 3678 2949 3818 3006; x_wconf 72' lang='lat' dir='ltr'><strong>Perhot</strong></span> 
     </span>
    </p>
   </div>
   <div class='ocr_carea' id='block_1_59' title="bbox 2337 3039 3813 3120">
    <p class='ocr_par' dir='ltr' id='par_1_59' title="bbox 2337 3039 3813 3120">
     <span class='ocr_line' id='line_1_59' title="bbox 2337 3039 3813 3120; baseline -0.011 -16"><span class='ocrx_word' id='word_1_462' title='bbox 2337 3049 2484 3119; x_wconf 91' lang='lat' dir='ltr'><strong>quod</strong></span> <span class='ocrx_word' id='word_1_463' title='bbox 2534 3049 2612 3104; x_wconf 88' lang='lat' dir='ltr'><strong>ait</strong></span> <span class='ocrx_word' id='word_1_464' title='bbox 2655 3049 2992 3120; x_wconf 90' lang='lat' dir='ltr'><strong>compulsus,</strong></span> <span class='ocrx_word' id='word_1_465' title='bbox 3039 3049 3222 3106; x_wconf 90' lang='lat' dir='ltr'><strong>innuit</strong></span> <span class='ocrx_word' id='word_1_466' title='bbox 3271 3050 3399 3106; x_wconf 89' lang='lat' dir='ltr'><strong>illos</strong></span> <span class='ocrx_word' id='word_1_467' title='bbox 3439 3045 3634 3120; x_wconf 86' lang='lat' dir='ltr'><strong>pseudo</strong></span> <span class='ocrx_word' id='word_1_468' title='bbox 3673 3039 3813 3098; x_wconf 77' lang='lat' dir='ltr'><strong>multum</strong></span> 
     </span>
    </p>
   </div>
   <div class='ocr_carea' id='block_1_60' title="bbox 657 3128 3812 3214">
    <p class='ocr_par' dir='ltr' id='par_1_60' title="bbox 657 3128 3812 3214">
     <span class='ocr_line' id='line_1_60' title="bbox 657 3128 3812 3214; baseline 0.003 -21"><span class='ocrx_word' id='word_1_469' title='bbox 657 3154 677 3188; x_wconf 73' lang='grc' dir='ltr'>ι</span> <span class='ocrx_word' id='word_1_470' title='bbox 723 3138 1057 3196; x_wconf 84' lang='lat' dir='ltr'><strong>simulationi</strong></span> <span class='ocrx_word' id='word_1_471' title='bbox 1102 3141 1220 3212; x_wconf 84' lang='lat' dir='ltr'><strong>ejus</strong></span> <span class='ocrx_word' id='word_1_472' title='bbox 1267 3153 1665 3199; x_wconf 90' lang='lat' dir='ltr'><strong>consenserunt</strong></span> <span class='ocrx_word' id='word_1_473' title='bbox 1710 3145 1891 3200; x_wconf 67' lang='lat' dir='ltr'><strong>cieteri</strong></span> <span class='ocrx_word' id='word_1_474' title='bbox 1919 3145 2112 3214; x_wconf 83' lang='lat' dir='ltr'><strong>Judaei,</strong></span> <span class='ocrx_word' id='word_1_475' title='bbox 2165 3147 2240 3205; x_wconf 88' lang='lat' dir='ltr'><strong>ita</strong></span> <span class='ocrx_word' id='word_1_476' title='bbox 2267 3151 2309 3210; x_wconf 90' lang='lat' dir='ltr'><strong>c</strong></span> <span class='ocrx_word' id='word_1_477' title='bbox 2341 3139 2620 3196; x_wconf 85' lang='lat' dir='ltr'><strong>laborasse</strong></span> <span class='ocrx_word' id='word_1_478' title='bbox 2646 3151 2835 3196; x_wconf 80' lang='lat' dir='ltr'><strong>contra</strong></span> <span class='ocrx_word' id='word_1_479' title='bbox 2857 3139 3108 3207; x_wconf 85' lang='lat' dir='ltr'><strong>Paulum.</strong></span> <span class='ocrx_word' id='word_1_480' title='bbox 3137 3149 3201 3196; x_wconf 84' lang='lat' dir='ltr'><strong>ut</strong></span> <span class='ocrx_word' id='word_1_481' title='bbox 3233 3128 3812 3198; x_wconf 66' lang='lat' dir='ltr'><strong>circumcideret&quot;!Tim</strong></span> 
     </span>
    </p>
   </div>
   <div class='ocr_carea' id='block_1_61' title="bbox 659 3229 2239 3296">
    <p class='ocr_par' dir='ltr' id='par_1_61' title="bbox 659 3229 2239 3296">
     <span class='ocr_line' id='line_1_61' title="bbox 659 3229 2239 3296; baseline 0.01 -16"><span class='ocrx_word' id='word_1_482' title='bbox 659 3247 678 3280; x_wconf 77' lang='grc' dir='ltr'><strong>ε</strong></span> <span class='ocrx_word' id='word_1_483' title='bbox 723 3239 785 3284; x_wconf 81' lang='grc' dir='ltr'><strong>ιιι</strong></span> <span class='ocrx_word' id='word_1_484' title='bbox 815 3229 1092 3289; x_wconf 85' lang='lat' dir='ltr'><strong>Barnabas</strong></span> <span class='ocrx_word' id='word_1_485' title='bbox 1131 3234 1423 3290; x_wconf 91' lang='lat' dir='ltr'><strong>duceretur</strong></span> <span class='ocrx_word' id='word_1_486' title='bbox 1471 3235 1540 3292; x_wconf 87' lang='lat' dir='ltr'><strong>ab</strong></span> <span class='ocrx_word' id='word_1_487' title='bbox 1582 3236 1661 3292; x_wconf 88' lang='lat' dir='ltr'><strong>eis</strong></span> <span class='ocrx_word' id='word_1_488' title='bbox 1713 3237 1768 3292; x_wconf 92' lang='lat' dir='ltr'><strong>in</strong></span> <span class='ocrx_word' id='word_1_489' title='bbox 1815 3235 1961 3292; x_wconf 89' lang='lat' dir='ltr'><strong>illam</strong></span> <span class='ocrx_word' id='word_1_490' title='bbox 2013 3239 2239 3296; x_wconf 87' lang='lat' dir='ltr'><strong>simula-</strong></span> 
     </span>
    </p>
   </div>
   <div class='ocr_carea' id='block_1_62' title="bbox 659 3322 2238 3400">
    <p class='ocr_par' dir='ltr' id='par_1_62' title="bbox 659 3322 2238 3400">
     <span class='ocr_line' id='line_1_62' title="bbox 659 3322 2238 3400; baseline 0.01 -27"><span class='ocrx_word' id='word_1_491' title='bbox 659 3339 678 3372; x_wconf 73' lang='lat' dir='ltr'><strong>t</strong></span> <span class='ocrx_word' id='word_1_492' title='bbox 723 3322 949 3378; x_wconf 89' lang='lat' dir='ltr'><strong>tionem.</strong></span> <span class='ocrx_word' id='word_1_493' title='bbox 999 3323 1105 3380; x_wconf 89' lang='lat' dir='ltr'><strong>Sed</strong></span> <span class='ocrx_word' id='word_1_494' title='bbox 1151 3341 1278 3381; x_wconf 91' lang='lat' dir='ltr'><strong>cum</strong></span> <span class='ocrx_word' id='word_1_495' title='bbox 1323 3327 1580 3384; x_wconf 86' lang='lat' dir='ltr'><strong>vidissem</strong></span> <span class='ocrx_word' id='word_1_496' title='bbox 1623 3329 1769 3400; x_wconf 89' lang='lat' dir='ltr'><strong>quod</strong></span> <span class='ocrx_word' id='word_1_497' title='bbox 1798 3345 1906 3384; x_wconf 91' lang='lat' dir='ltr'><strong>non</strong></span> <span class='ocrx_word' id='word_1_498' title='bbox 1947 3340 2094 3387; x_wconf 90' lang='lat' dir='ltr'><strong>recte</strong></span> <span class='ocrx_word' id='word_1_499' title='bbox 2115 3349 2238 3388; x_wconf 89' lang='lat' dir='ltr'><strong>am-</strong></span> 
     </span>
    </p>
   </div>
   <div class='ocr_carea' id='block_1_63' title="bbox 2337 3215 3811 3302">
    <p class='ocr_par' dir='ltr' id='par_1_63' title="bbox 2337 3215 3811 3302">
     <span class='ocr_line' id='line_1_63' title="bbox 2337 3215 3811 3302; baseline -0.001 -17"><span class='ocrx_word' id='word_1_500' title='bbox 2337 3228 2448 3286; x_wconf 86' lang='lat' dir='ltr'><strong>Nec</strong></span> <span class='ocrx_word' id='word_1_501' title='bbox 2471 3240 2680 3286; x_wconf 88' lang='lat' dir='ltr'><strong>tantum</strong></span> <span class='ocrx_word' id='word_1_502' title='bbox 2717 3230 2873 3288; x_wconf 91' lang='lat' dir='ltr'><strong>Titus</strong></span> <span class='ocrx_word' id='word_1_503' title='bbox 2917 3247 3030 3288; x_wconf 88' lang='lat' dir='ltr'><strong>non</strong></span> <span class='ocrx_word' id='word_1_504' title='bbox 3073 3239 3158 3288; x_wconf 87' lang='lat' dir='ltr'><strong>est</strong></span> <span class='ocrx_word' id='word_1_505' title='bbox 3203 3231 3526 3302; x_wconf 78' lang='lat' dir='ltr'><strong>compulsus</strong></span> <span class='ocrx_word' id='word_1_506' title='bbox 3552 3227 3612 3282; x_wconf 86' lang='lat' dir='ltr'><strong>ad</strong></span> <span class='ocrx_word' id='word_1_507' title='bbox 3649 3215 3811 3284; x_wconf 57' lang='lat' dir='ltr'><strong>haud</strong></span> 
     </span>
    </p>
   </div>
   <div class='ocr_carea' id='block_1_64' title="bbox 2337 3311 3804 3393">
    <p class='ocr_par' dir='ltr' id='par_1_64' title="bbox 2337 3311 3804 3393">
     <span class='ocr_line' id='line_1_64' title="bbox 2337 3311 3804 3393; baseline -0.007 -18"><span class='ocrx_word' id='word_1_508' title='bbox 2337 3337 2500 3393; x_wconf 84' lang='lat' dir='ltr'><strong>neque</strong></span> <span class='ocrx_word' id='word_1_509' title='bbox 2517 3323 2680 3376; x_wconf 86' lang='lat' dir='ltr'><strong>etiam</strong></span> <span class='ocrx_word' id='word_1_510' title='bbox 2712 3323 2782 3378; x_wconf 86' lang='lat' dir='ltr'><strong>ad</strong></span> <span class='ocrx_word' id='word_1_511' title='bbox 2809 3323 2994 3376; x_wconf 77' lang='lat' dir='ltr'><strong>horam</strong></span> <span class='ocrx_word' id='word_1_512' title='bbox 3020 3323 3278 3378; x_wconf 74' lang='lat' dir='ltr'><strong>cessimus</strong></span> <span class='ocrx_word' id='word_1_513' title='bbox 3308 3318 3626 3392; x_wconf 76' lang='lat' dir='ltr'><strong>subjectioni.</strong></span> <span class='ocrx_word' id='word_1_514' title='bbox 3651 3311 3748 3380; x_wconf 73' lang='lat' dir='ltr'><strong>Qui:</strong></span> <span class='ocrx_word' id='word_1_515' title='bbox 3767 3311 3804 3360; x_wconf 63' lang='lat' dir='ltr'><strong>sit</strong></span> 
     </span>
    </p>
   </div>
   <div class='ocr_carea' id='block_1_65' title="bbox 659 3409 2236 3492">
    <p class='ocr_par' dir='ltr' id='par_1_65' title="bbox 659 3412 2236 3492">
     <span class='ocr_line' id='line_1_65' title="bbox 659 3412 2236 3492; baseline 0.011 -29"><span class='ocrx_word' id='word_1_516' title='bbox 659 3430 678 3462; x_wconf 82' lang='grc'><em>‹</em></span> <span class='ocrx_word' id='word_1_517' title='bbox 723 3412 973 3469; x_wconf 88' lang='lat' dir='ltr'><strong>bularent</strong></span> <span class='ocrx_word' id='word_1_518' title='bbox 991 3415 1058 3470; x_wconf 90' lang='lat' dir='ltr'><strong>ad</strong></span> <span class='ocrx_word' id='word_1_519' title='bbox 1083 3417 1362 3472; x_wconf 87' lang='lat' dir='ltr'><strong>veritatem</strong></span> <span class='ocrx_word' id='word_1_520' title='bbox 1385 3417 1678 3490; x_wconf 78' lang='lat' dir='ltr'><strong>Evangelii,</strong></span> <span class='ocrx_word' id='word_1_521' title='bbox 1700 3419 1812 3476; x_wconf 77' lang='lat' dir='ltr'><strong>dixi</strong></span> <span class='ocrx_word' id='word_1_522' title='bbox 1832 3419 2028 3492; x_wconf 76' lang='lat' dir='ltr'><strong>Cepha:</strong></span> <span class='ocrx_word' id='word_1_523' title='bbox 2052 3440 2236 3480; x_wconf 89' lang='lat' dir='ltr'><strong>coram</strong></span> 
     </span>
    </p>
   </div>
   <div class='ocr_carea' id='block_1_66' title="bbox 2337 3409 3808 3492">
    <p class='ocr_par' dir='ltr' id='par_1_66' title="bbox 2337 3409 3808 3492">
     <span class='ocr_line' id='line_1_66' title="bbox 2337 3409 3808 3492; baseline -0.001 -22"><span class='ocrx_word' id='word_1_524' title='bbox 2337 3415 2455 3470; x_wconf 84' lang='lat' dir='ltr'><strong>ait:</strong></span> <span class='ocrx_word' id='word_1_525' title='bbox 2497 3413 2617 3471; x_wconf 90' lang='lat' dir='ltr'><strong>Non</strong></span> <span class='ocrx_word' id='word_1_526' title='bbox 2661 3423 2746 3472; x_wconf 90' lang='lat' dir='ltr'><strong>est</strong></span> <span class='ocrx_word' id='word_1_527' title='bbox 2797 3417 3113 3486; x_wconf 88' lang='lat' dir='ltr'><strong>compulsus</strong></span> <span class='ocrx_word' id='word_1_528' title='bbox 3159 3415 3522 3477; x_wconf 87' lang='lat' dir='ltr'><strong>circumcidi;</strong></span> <span class='ocrx_word' id='word_1_529' title='bbox 3567 3425 3654 3466; x_wconf 87' lang='lat' dir='ltr'><strong>nec</strong></span> <span class='ocrx_word' id='word_1_530' title='bbox 3689 3409 3808 3492; x_wconf 62' lang='grc' dir='ltr'><strong>μωμετ</strong></span> 
     </span>
    </p>
   </div>
   <div class='ocr_carea' id='block_1_67' title="bbox 659 3504 2236 3583">
    <p class='ocr_par' dir='ltr' id='par_1_67' title="bbox 659 3504 2236 3583">
     <span class='ocr_line' id='line_1_67' title="bbox 659 3504 2236 3583; baseline 0.01 -27"><span class='ocrx_word' id='word_1_531' title='bbox 659 3520 680 3556; x_wconf 71' lang='grc' dir='ltr'><strong><em>α</em></strong></span> <span class='ocrx_word' id='word_1_532' title='bbox 725 3505 980 3560; x_wconf 91' lang='lat' dir='ltr'><strong>omnibus</strong></span> <span class='ocrx_word' id='word_1_533' title='bbox 1013 3525 1025 3560; x_wconf 91' lang='lat'><strong>:</strong></span> <span class='ocrx_word' id='word_1_534' title='bbox 1061 3504 1118 3561; x_wconf 89' lang='lat' dir='ltr'><strong>Si</strong></span> <span class='ocrx_word' id='word_1_535' title='bbox 1141 3516 1220 3576; x_wconf 84' lang='lat' dir='ltr'><strong>tu,</strong></span> <span class='ocrx_word' id='word_1_536' title='bbox 1257 3525 1382 3564; x_wconf 91' lang='lat' dir='ltr'><strong>cum</strong></span> <span class='ocrx_word' id='word_1_537' title='bbox 1422 3507 1642 3568; x_wconf 67' lang='lat' dir='ltr'><strong>Judteus</strong></span> <span class='ocrx_word' id='word_1_538' title='bbox 1685 3512 1762 3568; x_wconf 90' lang='lat' dir='ltr'><strong>sis</strong></span> <span class='ocrx_word' id='word_1_539' title='bbox 1783 3513 2236 3583; x_wconf 64' lang='lat' dir='ltr'><strong>gentilitervivis,</strong></span> 
     </span>
    </p>
   </div>
   <div class='ocr_carea' id='block_1_68' title="bbox 659 3589 2240 3674">
    <p class='ocr_par' dir='ltr' id='par_1_68' title="bbox 659 3589 2240 3674">
     <span class='ocr_line' id='line_1_68' title="bbox 659 3589 2240 3674; baseline 0.009 -27"><span class='ocrx_word' id='word_1_540' title='bbox 659 3611 679 3646; x_wconf 74' lang='grc' dir='ltr'>ι</span> <span class='ocrx_word' id='word_1_541' title='bbox 724 3601 777 3648; x_wconf 90' lang='lat' dir='ltr'><strong>et</strong></span> <span class='ocrx_word' id='word_1_542' title='bbox 799 3611 910 3650; x_wconf 91' lang='lat' dir='ltr'><strong>non</strong></span> <span class='ocrx_word' id='word_1_543' title='bbox 941 3594 1184 3664; x_wconf 82' lang='lat' dir='ltr'><strong>Judaiee,</strong></span> <span class='ocrx_word' id='word_1_544' title='bbox 1213 3601 1500 3670; x_wconf 83' lang='lat' dir='ltr'><strong>quomodo.</strong></span> <span class='ocrx_word' id='word_1_545' title='bbox 1529 3609 1717 3670; x_wconf 81' lang='lat' dir='ltr'><strong>gentes</strong></span> <span class='ocrx_word' id='word_1_546' title='bbox 1749 3604 1899 3674; x_wconf 80' lang='lat' dir='ltr'><strong>cogis</strong></span> <span class='ocrx_word' id='word_1_547' title='bbox 1919 3589 2240 3674; x_wconf 80' lang='lat' dir='ltr'><strong>judaizare?</strong></span> 
     </span>
    </p>
   </div>
   <div class='ocr_carea' id='block_1_69' title="bbox 659 3684 2233 3765">
    <p class='ocr_par' dir='ltr' id='par_1_69' title="bbox 659 3684 2233 3765">
     <span class='ocr_line' id='line_1_69' title="bbox 659 3684 2233 3765; baseline 0.009 -27"><span class='ocrx_word' id='word_1_548' title='bbox 659 3704 678 3737; x_wconf 76' lang='grc' dir='ltr'><strong><em>ι</em></strong></span> <span class='ocrx_word' id='word_1_549' title='bbox 721 3684 830 3742; x_wconf 78' lang='lat' dir='ltr'><strong>Nos</strong></span> <span class='ocrx_word' id='word_1_550' title='bbox 859 3693 1051 3743; x_wconf 79' lang='lat' dir='ltr'><strong>natura</strong></span> <span class='ocrx_word' id='word_1_551' title='bbox 1075 3685 1266 3758; x_wconf 64' lang='lat' dir='ltr'><strong>Judaei,</strong></span> <span class='ocrx_word' id='word_1_552' title='bbox 1303 3700 1358 3748; x_wconf 91' lang='lat' dir='ltr'><strong>et</strong></span> <span class='ocrx_word' id='word_1_553' title='bbox 1383 3708 1492 3748; x_wconf 92' lang='lat' dir='ltr'><strong>non</strong></span> <span class='ocrx_word' id='word_1_554' title='bbox 1521 3709 1586 3748; x_wconf 81' lang='lat' dir='ltr'><strong>ex</strong></span> <span class='ocrx_word' id='word_1_555' title='bbox 1608 3695 1860 3765; x_wconf 85' lang='lat' dir='ltr'><strong>gentibus</strong></span> <span class='ocrx_word' id='word_1_556' title='bbox 1903 3705 2233 3765; x_wconf 88' lang='lat' dir='ltr'><strong>peccatores.</strong></span> 
     </span>
    </p>
   </div>
   <div class='ocr_carea' id='block_1_70' title="bbox 657 3777 2236 3856">
    <p class='ocr_par' dir='ltr' id='par_1_70' title="bbox 657 3777 2236 3856">
     <span class='ocr_line' id='line_1_70' title="bbox 657 3777 2236 3856; baseline 0.008 -25"><span class='ocrx_word' id='word_1_557' title='bbox 657 3798 676 3830; x_wconf 83' lang='grc'><strong>‹</strong></span> <span class='ocrx_word' id='word_1_558' title='bbox 726 3777 968 3835; x_wconf 89' lang='lat' dir='ltr'><strong>Scientes</strong></span> <span class='ocrx_word' id='word_1_559' title='bbox 1018 3789 1197 3837; x_wconf 86' lang='lat' dir='ltr'><strong>autem</strong></span> <span class='ocrx_word' id='word_1_560' title='bbox 1249 3785 1396 3855; x_wconf 92' lang='lat' dir='ltr'><strong>quod</strong></span> <span class='ocrx_word' id='word_1_561' title='bbox 1451 3801 1560 3840; x_wconf 90' lang='lat' dir='ltr'><strong>non</strong></span> <span class='ocrx_word' id='word_1_562' title='bbox 1597 3785 1931 3856; x_wconf 78' lang='lat' dir='ltr'><strong>justificatur</strong></span> <span class='ocrx_word' id='word_1_563' title='bbox 1976 3779 2140 3842; x_wconf 72' lang='lat' dir='ltr'><strong>hdmo</strong></span> <span class='ocrx_word' id='word_1_564' title='bbox 2170 3804 2236 3844; x_wconf 78' lang='lat' dir='ltr'><strong>ex</strong></span> 
     </span>
    </p>
   </div>
   <div class='ocr_carea' id='block_1_71' title="bbox 657 3872 2238 3948">
    <p class='ocr_par' dir='ltr' id='par_1_71' title="bbox 657 3872 2238 3948">
     <span class='ocr_line' id='line_1_71' title="bbox 657 3872 2238 3948; baseline 0.01 -27"><span class='ocrx_word' id='word_1_565' title='bbox 657 3889 675 3920; x_wconf 78' lang='grc' dir='ltr'>ι</span> <span class='ocrx_word' id='word_1_566' title='bbox 719 3872 974 3942; x_wconf 77' lang='lat' dir='ltr'><strong>operibus</strong></span> <span class='ocrx_word' id='word_1_567' title='bbox 1003 3873 1156 3944; x_wconf 78' lang='lat' dir='ltr'><strong>legis,</strong></span> <span class='ocrx_word' id='word_1_568' title='bbox 1184 3875 1289 3930; x_wconf 91' lang='lat' dir='ltr'><strong>nisi</strong></span> <span class='ocrx_word' id='word_1_569' title='bbox 1319 3891 1416 3948; x_wconf 84' lang='lat' dir='ltr'><strong>per</strong></span> <span class='ocrx_word' id='word_1_570' title='bbox 1449 3877 1608 3932; x_wconf 77' lang='lat' dir='ltr'><strong>fidem</strong></span> <span class='ocrx_word' id='word_1_571' title='bbox 1634 3875 1764 3934; x_wconf 80' lang='lat' dir='ltr'><strong>Jesu</strong></span> <span class='ocrx_word' id='word_1_572' title='bbox 1785 3877 1988 3934; x_wconf 87' lang='lat' dir='ltr'><strong>Christi</strong></span> <span class='ocrx_word' id='word_1_573' title='bbox 2014 3899 2028 3948; x_wconf 91' lang='lat'><strong>;</strong></span> <span class='ocrx_word' id='word_1_574' title='bbox 2061 3890 2114 3936; x_wconf 90' lang='lat' dir='ltr'><strong>et</strong></span> <span class='ocrx_word' id='word_1_575' title='bbox 2137 3897 2238 3937; x_wconf 91' lang='lat' dir='ltr'><strong>nos</strong></span> 
     </span>
    </p>
   </div>
   <div class='ocr_carea' id='block_1_72' title="bbox 656 3962 2238 4039">
    <p class='ocr_par' dir='ltr' id='par_1_72' title="bbox 656 3962 2238 4039">
     <span class='ocr_line' id='line_1_72' title="bbox 656 3962 2238 4039; baseline 0.011 -28"><span class='ocrx_word' id='word_1_576' title='bbox 656 3981 674 4011; x_wconf 71' lang='grc' dir='ltr'>ι</span> <span class='ocrx_word' id='word_1_577' title='bbox 725 3963 778 4014; x_wconf 89' lang='lat' dir='ltr'><strong>in</strong></span> <span class='ocrx_word' id='word_1_578' title='bbox 809 3962 1028 4018; x_wconf 90' lang='lat' dir='ltr'><strong>Christo</strong></span> <span class='ocrx_word' id='word_1_579' title='bbox 1057 3963 1186 4020; x_wconf 85' lang='lat' dir='ltr'><strong>Jesu</strong></span> <span class='ocrx_word' id='word_1_580' title='bbox 1208 3967 1503 4034; x_wconf 90' lang='lat' dir='ltr'><strong>credimus,</strong></span> <span class='ocrx_word' id='word_1_581' title='bbox 1537 3978 1596 4023; x_wconf 91' lang='lat' dir='ltr'><strong>ut</strong></span> <span class='ocrx_word' id='word_1_582' title='bbox 1623 3969 1989 4039; x_wconf 83' lang='lat' dir='ltr'><strong>justiﬁcemur</strong></span> <span class='ocrx_word' id='word_1_583' title='bbox 2025 3989 2092 4026; x_wconf 82' lang='lat' dir='ltr'><strong>ex</strong></span> <span class='ocrx_word' id='word_1_584' title='bbox 2133 3973 2238 4028; x_wconf 74' lang='lat' dir='ltr'><strong>fide</strong></span> 
     </span>
    </p>
   </div>
   <div class='ocr_carea' id='block_1_73' title="bbox 657 4051 2234 4134">
    <p class='ocr_par' dir='ltr' id='par_1_73' title="bbox 657 4051 2234 4134">
     <span class='ocr_line' id='line_1_73' title="bbox 657 4051 2234 4134; baseline 0.011 -33"><span class='ocrx_word' id='word_1_585' title='bbox 657 4072 674 4101; x_wconf 72' lang='grc' dir='ltr'>ι</span> <span class='ocrx_word' id='word_1_586' title='bbox 724 4051 950 4119; x_wconf 88' lang='lat' dir='ltr'><strong>Christi,</strong></span> <span class='ocrx_word' id='word_1_587' title='bbox 977 4063 1033 4109; x_wconf 90' lang='lat' dir='ltr'><strong>et</strong></span> <span class='ocrx_word' id='word_1_588' title='bbox 1057 4072 1164 4110; x_wconf 89' lang='lat' dir='ltr'><strong>non</strong></span> <span class='ocrx_word' id='word_1_589' title='bbox 1196 4073 1262 4112; x_wconf 82' lang='lat' dir='ltr'><strong>ex</strong></span> <span class='ocrx_word' id='word_1_590' title='bbox 1293 4060 1547 4128; x_wconf 90' lang='lat' dir='ltr'><strong>operibus</strong></span> <span class='ocrx_word' id='word_1_591' title='bbox 1572 4059 1726 4132; x_wconf 87' lang='lat' dir='ltr'><strong>legis.</strong></span> <span class='ocrx_word' id='word_1_592' title='bbox 1773 4081 1791 4112; x_wconf 75' lang='grc' dir='ltr'>ι</span> <span class='ocrx_word' id='word_1_593' title='bbox 1837 4061 2063 4132; x_wconf 85' lang='lat' dir='ltr'><strong>Propter</strong></span> <span class='ocrx_word' id='word_1_594' title='bbox 2091 4065 2234 4134; x_wconf 88' lang='lat' dir='ltr'><strong>quod</strong></span> 
     </span>
    </p>
   </div>
   <div class='ocr_carea' id='block_1_74' title="bbox 657 4145 2238 4220">
    <p class='ocr_par' dir='ltr' id='par_1_74' title="bbox 657 4145 2238 4220">
     <span class='ocr_line' id='line_1_74' title="bbox 657 4145 2238 4220; baseline 0.012 -28"><span class='ocrx_word' id='word_1_595' title='bbox 657 4161 675 4192; x_wconf 74' lang='grc' dir='ltr'>ι</span> <span class='ocrx_word' id='word_1_596' title='bbox 721 4157 786 4196; x_wconf 85' lang='lat' dir='ltr'><strong>ex</strong></span> <span class='ocrx_word' id='word_1_597' title='bbox 825 4145 1080 4213; x_wconf 88' lang='lat' dir='ltr'><strong>operibus</strong></span> <span class='ocrx_word' id='word_1_598' title='bbox 1113 4147 1244 4218; x_wconf 81' lang='lat' dir='ltr'><strong>legis</strong></span> <span class='ocrx_word' id='word_1_599' title='bbox 1289 4164 1395 4204; x_wconf 91' lang='lat' dir='ltr'><strong>non</strong></span> <span class='ocrx_word' id='word_1_600' title='bbox 1449 4149 1838 4220; x_wconf 80' lang='lat' dir='ltr'><strong>justiﬁcabitur</strong></span> <span class='ocrx_word' id='word_1_601' title='bbox 1885 4155 2062 4209; x_wconf 90' lang='lat' dir='ltr'><strong>omnis</strong></span> <span class='ocrx_word' id='word_1_602' title='bbox 2109 4171 2238 4211; x_wconf 88' lang='lat' dir='ltr'><strong>caro</strong></span> 
     </span>
    </p>
   </div>
   <div class='ocr_carea' id='block_1_75' title="bbox 657 4233 2236 4316">
    <p class='ocr_par' dir='ltr' id='par_1_75' title="bbox 657 4233 2236 4316">
     <span class='ocr_line' id='line_1_75' title="bbox 657 4233 2236 4316; baseline 0.01 -31"><span class='ocrx_word' id='word_1_603' title='bbox 657 4253 676 4284; x_wconf 71' lang='grc' dir='ltr'><strong>ί</strong></span> <span class='ocrx_word' id='word_1_604' title='bbox 722 4233 894 4304; x_wconf 87' lang='lat' dir='ltr'><strong>(Rom.</strong></span> <span class='ocrx_word' id='word_1_605' title='bbox 957 4253 1040 4304; x_wconf 83' lang='grc' dir='ltr'><strong>ιη,</strong></span> <span class='ocrx_word' id='word_1_606' title='bbox 1094 4236 1209 4307; x_wconf 76' lang='lat'><strong>20).</strong></span> <span class='ocrx_word' id='word_1_607' title='bbox 1273 4259 1290 4291; x_wconf 78' lang='grc' dir='ltr'><strong><em>ι</em></strong></span> <span class='ocrx_word' id='word_1_608' title='bbox 1359 4239 1512 4307; x_wconf 88' lang='lat' dir='ltr'><strong>Quod</strong></span> <span class='ocrx_word' id='word_1_609' title='bbox 1561 4243 1608 4297; x_wconf 91' lang='lat' dir='ltr'><strong>si</strong></span> <span class='ocrx_word' id='word_1_610' title='bbox 1674 4253 1978 4314; x_wconf 69' lang='lat' dir='ltr'><strong>quaerentes</strong></span> <span class='ocrx_word' id='word_1_611' title='bbox 2036 4245 2236 4316; x_wconf 82' lang='lat' dir='ltr'><strong>justiﬁ-</strong></span> 
     </span>
    </p>
   </div>
   <div class='ocr_carea' id='block_1_76' title="bbox 656 4325 2232 4407">
    <p class='ocr_par' dir='ltr' id='par_1_76' title="bbox 656 4325 2232 4407">
     <span class='ocr_line' id='line_1_76' title="bbox 656 4325 2232 4407; baseline 0.012 -32"><span class='ocrx_word' id='word_1_612' title='bbox 656 4341 677 4375; x_wconf 72' lang='grc' dir='ltr'>ι</span> <span class='ocrx_word' id='word_1_613' title='bbox 720 4325 831 4380; x_wconf 92' lang='lat' dir='ltr'><strong>cari</strong></span> <span class='ocrx_word' id='word_1_614' title='bbox 863 4325 916 4380; x_wconf 92' lang='lat' dir='ltr'><strong>in</strong></span> <span class='ocrx_word' id='word_1_615' title='bbox 941 4327 1179 4396; x_wconf 89' lang='lat' dir='ltr'><strong>Christo,</strong></span> <span class='ocrx_word' id='word_1_616' title='bbox 1229 4331 1429 4388; x_wconf 88' lang='lat' dir='ltr'><strong>inventi</strong></span> <span class='ocrx_word' id='word_1_617' title='bbox 1471 4349 1664 4388; x_wconf 91' lang='lat' dir='ltr'><strong>sumus</strong></span> <span class='ocrx_word' id='word_1_618' title='bbox 1687 4344 1740 4389; x_wconf 89' lang='lat' dir='ltr'><strong>et</strong></span> <span class='ocrx_word' id='word_1_619' title='bbox 1776 4336 1878 4405; x_wconf 89' lang='lat' dir='ltr'><strong>ipsi</strong></span> <span class='ocrx_word' id='word_1_620' title='bbox 1899 4347 2232 4407; x_wconf 89' lang='lat' dir='ltr'><strong>peccatores,</strong></span> 
     </span>
    </p>
   </div>
   <div class='ocr_carea' id='block_1_77' title="bbox 657 4417 2233 4492">
    <p class='ocr_par' dir='ltr' id='par_1_77' title="bbox 657 4417 2233 4492">
     <span class='ocr_line' id='line_1_77' title="bbox 657 4417 2233 4492; baseline 0.012 -25"><span class='ocrx_word' id='word_1_621' title='bbox 657 4434 676 4466; x_wconf 72' lang='grc' dir='ltr'><strong><em>ι</em></strong></span> <span class='ocrx_word' id='word_1_622' title='bbox 723 4419 966 4488; x_wconf 87' lang='lat' dir='ltr'><strong>nunquid</strong></span> <span class='ocrx_word' id='word_1_623' title='bbox 990 4417 1242 4476; x_wconf 90' lang='lat' dir='ltr'><strong>Christus</strong></span> <span class='ocrx_word' id='word_1_624' title='bbox 1271 4425 1478 4492; x_wconf 89' lang='lat' dir='ltr'><strong>peccati</strong></span> <span class='ocrx_word' id='word_1_625' title='bbox 1520 4425 1766 4481; x_wconf 87' lang='lat' dir='ltr'><strong>minister</strong></span> <span class='ocrx_word' id='word_1_626' title='bbox 1791 4427 1916 4483; x_wconf 87' lang='lat' dir='ltr'><strong>est?</strong></span> <span class='ocrx_word' id='word_1_627' title='bbox 1939 4427 2091 4484; x_wconf 86' lang='lat' dir='ltr'><strong>Absit</strong></span> <span class='ocrx_word' id='word_1_628' title='bbox 2121 4431 2132 4484; x_wconf 91' lang='lat'><strong>!</strong></span> <span class='ocrx_word' id='word_1_629' title='bbox 2177 4429 2233 4486; x_wconf 92' lang='lat' dir='ltr'><strong>Si</strong></span> 
     </span>
    </p>
   </div>
   <div class='ocr_carea' id='block_1_78' title="bbox 657 4507 2234 4590">
    <p class='ocr_par' dir='ltr' id='par_1_78' title="bbox 657 4507 2234 4590">
     <span class='ocr_line' id='line_1_78' title="bbox 657 4507 2234 4590; baseline 0.011 -31"><span class='ocrx_word' id='word_1_630' title='bbox 657 4525 676 4559; x_wconf 80' lang='grc' dir='ltr'>ι</span> <span class='ocrx_word' id='word_1_631' title='bbox 717 4507 860 4562; x_wconf 90' lang='lat' dir='ltr'><strong>enim</strong></span> <span class='ocrx_word' id='word_1_632' title='bbox 885 4525 1008 4580; x_wconf 66' lang='lat' dir='ltr'><strong>quae</strong></span> <span class='ocrx_word' id='word_1_633' title='bbox 1036 4511 1303 4580; x_wconf 80' lang='lat' dir='ltr'><strong>destruxi,</strong></span> <span class='ocrx_word' id='word_1_634' title='bbox 1333 4514 1526 4570; x_wconf 87' lang='lat' dir='ltr'><strong>iterum</strong></span> <span class='ocrx_word' id='word_1_635' title='bbox 1565 4517 1682 4574; x_wconf 61' lang='lat' dir='ltr'><strong>haec</strong></span> <span class='ocrx_word' id='word_1_636' title='bbox 1709 4519 1997 4586; x_wconf 77' lang='lat' dir='ltr'><strong>reaedilico,</strong></span> <span class='ocrx_word' id='word_1_637' title='bbox 2029 4537 2234 4590; x_wconf 61' lang='lat' dir='ltr'><strong>praeva-</strong></span> 
     </span>
    </p>
   </div>
   <div class='ocr_carea' id='block_1_79' title="bbox 657 4599 2234 4685">
    <p class='ocr_par' dir='ltr' id='par_1_79' title="bbox 657 4599 2234 4685">
     <span class='ocr_line' id='line_1_79' title="bbox 657 4599 2234 4685; baseline 0.013 -37"><span class='ocrx_word' id='word_1_638' title='bbox 657 4617 675 4648; x_wconf 77' lang='grc' dir='ltr'>ι</span> <span class='ocrx_word' id='word_1_639' title='bbox 722 4599 1012 4657; x_wconf 86' lang='lat' dir='ltr'><strong>ricatorem</strong></span> <span class='ocrx_word' id='word_1_640' title='bbox 1055 4619 1142 4658; x_wconf 88' lang='lat' dir='ltr'><strong>me</strong></span> <span class='ocrx_word' id='word_1_641' title='bbox 1173 4605 1468 4661; x_wconf 91' lang='lat' dir='ltr'><strong>constituo.</strong></span> <span class='ocrx_word' id='word_1_642' title='bbox 1496 4605 1608 4678; x_wconf 89' lang='lat' dir='ltr'><strong>Ego</strong></span> <span class='ocrx_word' id='word_1_643' title='bbox 1638 4609 1784 4663; x_wconf 91' lang='lat' dir='ltr'><strong>enim</strong></span> <span class='ocrx_word' id='word_1_644' title='bbox 1813 4625 1910 4680; x_wconf 90' lang='lat' dir='ltr'><strong>per</strong></span> <span class='ocrx_word' id='word_1_645' title='bbox 1932 4611 2102 4681; x_wconf 84' lang='lat' dir='ltr'><strong>legem</strong></span> <span class='ocrx_word' id='word_1_646' title='bbox 2128 4613 2234 4685; x_wconf 89' lang='lat' dir='ltr'><strong>legi</strong></span> 
     </span>
    </p>
   </div>
   <div class='ocr_carea' id='block_1_80' title="bbox 655 4697 2234 4763">
    <p class='ocr_par' dir='ltr' id='par_1_80' title="bbox 655 4697 2234 4763">
     <span class='ocr_line' id='line_1_80' title="bbox 655 4697 2234 4763; baseline 0.011 -20"><span class='ocrx_word' id='word_1_647' title='bbox 655 4710 674 4743; x_wconf 72' lang='grc' dir='ltr'><strong><em>ι</em></strong></span> <span class='ocrx_word' id='word_1_648' title='bbox 722 4703 969 4750; x_wconf 90' lang='lat' dir='ltr'><strong>mortuus</strong></span> <span class='ocrx_word' id='word_1_649' title='bbox 1021 4711 1163 4763; x_wconf 91' lang='lat' dir='ltr'><strong>sum,</strong></span> <span class='ocrx_word' id='word_1_650' title='bbox 1215 4705 1276 4752; x_wconf 90' lang='lat' dir='ltr'><strong>ut</strong></span> <span class='ocrx_word' id='word_1_651' title='bbox 1329 4697 1441 4753; x_wconf 90' lang='lat' dir='ltr'><strong>Deo</strong></span> <span class='ocrx_word' id='word_1_652' title='bbox 1473 4699 1674 4756; x_wconf 88' lang='lat' dir='ltr'><strong>vivam.</strong></span> <span class='ocrx_word' id='word_1_653' title='bbox 1718 4700 1937 4758; x_wconf 88' lang='lat' dir='ltr'><strong>Christo</strong></span> <span class='ocrx_word' id='word_1_654' title='bbox 1986 4705 2234 4761; x_wconf 78' lang='lat' dir='ltr'><strong>conﬁxus</strong></span> 
     </span>
    </p>
   </div>
   <div class='ocr_carea' id='block_1_81' title="bbox 653 4785 2235 4866">
    <p class='ocr_par' dir='ltr' id='par_1_81' title="bbox 653 4785 2235 4866">
     <span class='ocr_line' id='line_1_81' title="bbox 653 4785 2235 4866; baseline 0.008 -27"><span class='ocrx_word' id='word_1_655' title='bbox 653 4803 674 4838; x_wconf 71' lang='grc' dir='ltr'>ι</span> <span class='ocrx_word' id='word_1_656' title='bbox 716 4803 836 4842; x_wconf 92' lang='lat' dir='ltr'><strong>sum</strong></span> <span class='ocrx_word' id='word_1_657' title='bbox 867 4787 1036 4845; x_wconf 91' lang='lat' dir='ltr'><strong>cruci.</strong></span> <span class='ocrx_word' id='word_1_658' title='bbox 1071 4785 1209 4845; x_wconf 79' lang='lat' dir='ltr'><strong>Vivo</strong></span> <span class='ocrx_word' id='word_1_659' title='bbox 1246 4799 1426 4846; x_wconf 87' lang='lat' dir='ltr'><strong>autem</strong></span> <span class='ocrx_word' id='word_1_660' title='bbox 1469 4791 1583 4862; x_wconf 88' lang='lat' dir='ltr'><strong>jam</strong></span> <span class='ocrx_word' id='word_1_661' title='bbox 1627 4809 1737 4848; x_wconf 91' lang='lat' dir='ltr'><strong>non</strong></span> <span class='ocrx_word' id='word_1_662' title='bbox 1768 4809 1889 4866; x_wconf 85' lang='lat' dir='ltr'><strong>ego,</strong></span> <span class='ocrx_word' id='word_1_663' title='bbox 1937 4794 2073 4850; x_wconf 89' lang='lat' dir='ltr'><strong>vivit</strong></span> <span class='ocrx_word' id='word_1_664' title='bbox 2104 4813 2235 4852; x_wconf 88' lang='lat' dir='ltr'><strong>vero</strong></span> 
     </span>
    </p>
   </div>
   <div class='ocr_carea' id='block_1_82' title="bbox 655 4879 2232 4954">
    <p class='ocr_par' dir='ltr' id='par_1_82' title="bbox 655 4879 2232 4954">
     <span class='ocr_line' id='line_1_82' title="bbox 655 4879 2232 4954; baseline 0.008 -24"><span class='ocrx_word' id='word_1_665' title='bbox 655 4896 674 4930; x_wconf 76' lang='grc' dir='ltr'>ι</span> <span class='ocrx_word' id='word_1_666' title='bbox 717 4879 772 4933; x_wconf 91' lang='lat' dir='ltr'><strong>in</strong></span> <span class='ocrx_word' id='word_1_667' title='bbox 802 4896 888 4936; x_wconf 88' lang='lat' dir='ltr'><strong>me</strong></span> <span class='ocrx_word' id='word_1_668' title='bbox 921 4879 1194 4937; x_wconf 85' lang='lat' dir='ltr'><strong>Christus.</strong></span> <span class='ocrx_word' id='word_1_669' title='bbox 1231 4879 1385 4950; x_wconf 90' lang='lat' dir='ltr'><strong>Quod</strong></span> <span class='ocrx_word' id='word_1_670' title='bbox 1416 4895 1596 4940; x_wconf 87' lang='lat' dir='ltr'><strong>autem</strong></span> <span class='ocrx_word' id='word_1_671' title='bbox 1635 4901 1783 4942; x_wconf 91' lang='lat' dir='ltr'><strong>nunc</strong></span> <span class='ocrx_word' id='word_1_672' title='bbox 1810 4886 1934 4942; x_wconf 92' lang='lat' dir='ltr'><strong>vivo</strong></span> <span class='ocrx_word' id='word_1_673' title='bbox 1961 4887 2016 4942; x_wconf 93' lang='lat' dir='ltr'><strong>in</strong></span> <span class='ocrx_word' id='word_1_674' title='bbox 2048 4903 2232 4954; x_wconf 90' lang='lat' dir='ltr'><strong>carne,</strong></span> 
     </span>
    </p>
   </div>
   <div class='ocr_carea' id='block_1_83' title="bbox 642 4961 2236 5046">
    <p class='ocr_par' dir='ltr' id='par_1_83' title="bbox 642 4961 2236 5046">
     <span class='ocr_line' id='line_1_83' title="bbox 642 4961 2236 5046; baseline 0.009 -26"><span class='ocrx_word' id='word_1_675' title='bbox 642 4961 674 5020; x_wconf 72' lang='grc' dir='ltr'><strong>ἰ</strong></span> <span class='ocrx_word' id='word_1_676' title='bbox 721 4969 775 5024; x_wconf 89' lang='lat' dir='ltr'><strong>in</strong></span> <span class='ocrx_word' id='word_1_677' title='bbox 805 4971 908 5028; x_wconf 86' lang='lat' dir='ltr'><strong>ﬁde</strong></span> <span class='ocrx_word' id='word_1_678' title='bbox 943 4973 1068 5028; x_wconf 87' lang='lat' dir='ltr'><strong>vivo</strong></span> <span class='ocrx_word' id='word_1_679' title='bbox 1094 4973 1214 5030; x_wconf 83' lang='lat' dir='ltr'><strong>Filii</strong></span> <span class='ocrx_word' id='word_1_680' title='bbox 1249 4973 1364 5042; x_wconf 90' lang='lat' dir='ltr'><strong>Dei,</strong></span> <span class='ocrx_word' id='word_1_681' title='bbox 1416 4975 1509 5046; x_wconf 91' lang='lat' dir='ltr'><strong>qui</strong></span> <span class='ocrx_word' id='word_1_682' title='bbox 1552 4977 1740 5033; x_wconf 84' lang='lat' dir='ltr'><strong>dilexit</strong></span> <span class='ocrx_word' id='word_1_683' title='bbox 1785 4995 1892 5043; x_wconf 89' lang='lat' dir='ltr'><strong>me,</strong></span> <span class='ocrx_word' id='word_1_684' title='bbox 1924 4987 1978 5034; x_wconf 90' lang='lat' dir='ltr'><strong>et</strong></span> <span class='ocrx_word' id='word_1_685' title='bbox 2015 4981 2236 5036; x_wconf 88' lang='lat' dir='ltr'><strong>tradidit</strong></span> 
     </span>
    </p>
   </div>
   <div class='ocr_carea' id='block_1_84' title="bbox 656 5061 2233 5139">
    <p class='ocr_par' dir='ltr' id='par_1_84' title="bbox 656 5061 2233 5139">
     <span class='ocr_line' id='line_1_84' title="bbox 656 5061 2233 5139; baseline 0.009 -26"><span class='ocrx_word' id='word_1_686' title='bbox 656 5078 674 5111; x_wconf 76' lang='grc' dir='ltr'>ι</span> <span class='ocrx_word' id='word_1_687' title='bbox 715 5061 952 5130; x_wconf 78' lang='lat' dir='ltr'><strong>seipsum</strong></span> <span class='ocrx_word' id='word_1_688' title='bbox 975 5079 1072 5134; x_wconf 91' lang='lat' dir='ltr'><strong>pro</strong></span> <span class='ocrx_word' id='word_1_689' title='bbox 1101 5079 1206 5119; x_wconf 88' lang='lat' dir='ltr'><strong>me.</strong></span> <span class='ocrx_word' id='word_1_690' title='bbox 1233 5063 1352 5120; x_wconf 85' lang='lat' dir='ltr'><strong>Non</strong></span> <span class='ocrx_word' id='word_1_691' title='bbox 1383 5065 1582 5136; x_wconf 88' lang='lat' dir='ltr'><strong>abjicio</strong></span> <span class='ocrx_word' id='word_1_692' title='bbox 1607 5069 1834 5139; x_wconf 85' lang='lat' dir='ltr'><strong>gratiam</strong></span> <span class='ocrx_word' id='word_1_693' title='bbox 1860 5068 1973 5125; x_wconf 89' lang='lat' dir='ltr'><strong>Dei.</strong></span> <span class='ocrx_word' id='word_1_694' title='bbox 2007 5069 2064 5125; x_wconf 90' lang='lat' dir='ltr'><strong>Si</strong></span> <span class='ocrx_word' id='word_1_695' title='bbox 2087 5073 2233 5126; x_wconf 88' lang='lat' dir='ltr'><strong>enim</strong></span> 
     </span>
    </p>
   </div>
   <div class='ocr_carea' id='block_1_85' title="bbox 655 5153 2233 5233">
    <p class='ocr_par' dir='ltr' id='par_1_85' title="bbox 655 5153 2233 5233">
     <span class='ocr_line' id='line_1_85' title="bbox 655 5153 2233 5233; baseline 0.011 -32"><span class='ocrx_word' id='word_1_696' title='bbox 655 5170 674 5201; x_wconf 74' lang='grc' dir='ltr'><em>ς</em></span> <span class='ocrx_word' id='word_1_697' title='bbox 718 5167 814 5221; x_wconf 86' lang='lat' dir='ltr'><strong>per</strong></span> <span class='ocrx_word' id='word_1_698' title='bbox 845 5153 1016 5224; x_wconf 85' lang='lat' dir='ltr'><strong>legem</strong></span> <span class='ocrx_word' id='word_1_699' title='bbox 1047 5153 1281 5225; x_wconf 88' lang='lat' dir='ltr'><strong>justitia,</strong></span> <span class='ocrx_word' id='word_1_700' title='bbox 1317 5173 1447 5230; x_wconf 85' lang='lat' dir='ltr'><strong>ergo</strong></span> <span class='ocrx_word' id='word_1_701' title='bbox 1489 5157 1743 5216; x_wconf 88' lang='lat' dir='ltr'><strong>Christus</strong></span> <span class='ocrx_word' id='word_1_702' title='bbox 1781 5161 1950 5233; x_wconf 85' lang='lat' dir='ltr'><strong>gratis</strong></span> <span class='ocrx_word' id='word_1_703' title='bbox 1987 5173 2233 5219; x_wconf 87' lang='lat' dir='ltr'><strong>mortuus</strong></span> 
     </span>
    </p>
   </div>
   <div class='ocr_carea' id='block_1_86' title="bbox 657 5251 888 5297">
    <p class='ocr_par' dir='ltr' id='par_1_86' title="bbox 657 5251 888 5297">
     <span class='ocr_line' id='line_1_86' title="bbox 657 5251 888 5297; baseline 0 -3"><span class='ocrx_word' id='word_1_704' title='bbox 657 5261 675 5294; x_wconf 73' lang='grc' dir='ltr'>ι</span> <span class='ocrx_word' id='word_1_705' title='bbox 717 5251 819 5297; x_wconf 89' lang='lat' dir='ltr'><strong>est.</strong></span> <span class='ocrx_word' id='word_1_706' title='bbox 869 5262 888 5294; x_wconf 70' lang='grc' dir='ltr'><strong><em>ι</em></strong></span> 
     </span>
    </p>
   </div>
   <div class='ocr_carea' id='block_1_87' title="bbox 1280 5353 1584 5396">
    <p class='ocr_par' dir='ltr' id='par_1_87' title="bbox 1280 5353 1584 5396">
     <span class='ocr_line' id='line_1_87' title="bbox 1280 5353 1584 5396; baseline 0.007 -4"><span class='ocrx_word' id='word_1_707' title='bbox 1280 5353 1584 5396; x_wconf 66' lang='grc' dir='ltr'><strong>εχροειτιο.</strong></span> 
     </span>
    </p>
   </div>
   <div class='ocr_carea' id='block_1_88' title="bbox 717 5424 2232 5504">
    <p class='ocr_par' dir='ltr' id='par_1_88' title="bbox 717 5424 2232 5504">
     <span class='ocr_line' id='line_1_88' title="bbox 717 5424 2232 5504; baseline 0.007 -25"><span class='ocrx_word' id='word_1_708' title='bbox 717 5424 920 5481; x_wconf 86' lang='lat' dir='ltr'><strong>Deinde</strong></span> <span class='ocrx_word' id='word_1_709' title='bbox 945 5435 1062 5497; x_wconf 80' lang='lat' dir='ltr'><strong>post</strong></span> <span class='ocrx_word' id='word_1_710' title='bbox 1092 5445 1256 5484; x_wconf 79' lang='lat' dir='ltr'><strong>annos</strong></span> <span class='ocrx_word' id='word_1_711' title='bbox 1277 5432 1674 5501; x_wconf 79' lang='lat' dir='ltr'><strong>quatuorderim</strong></span> <span class='ocrx_word' id='word_1_712' title='bbox 1717 5450 1746 5488; x_wconf 93' lang='lat' dir='ltr'><strong>a</strong></span> <span class='ocrx_word' id='word_1_713' title='bbox 1775 5436 1953 5504; x_wconf 90' lang='lat' dir='ltr'><strong>primo</strong></span> <span class='ocrx_word' id='word_1_714' title='bbox 1998 5436 2232 5492; x_wconf 88' lang='lat' dir='ltr'><strong>adventu</strong></span> 
     </span>
    </p>
   </div>
   <div class='ocr_carea' id='block_1_89' title="bbox 645 5521 2234 5595">
    <p class='ocr_par' dir='ltr' id='par_1_89' title="bbox 645 5521 2234 5595">
     <span class='ocr_line' id='line_1_89' title="bbox 645 5521 2234 5595; baseline 0.006 -23"><span class='ocrx_word' id='word_1_715' title='bbox 645 5525 976 5588; x_wconf 84' lang='lat' dir='ltr'><strong>transactos,</strong></span> <span class='ocrx_word' id='word_1_716' title='bbox 1011 5521 1204 5573; x_wconf 81' lang='lat' dir='ltr'><strong>iterum</strong></span> <span class='ocrx_word' id='word_1_717' title='bbox 1227 5523 1443 5577; x_wconf 70' lang='lat' dir='ltr'><strong>arcendi</strong></span> <span class='ocrx_word' id='word_1_718' title='bbox 1475 5523 1898 5595; x_wconf 78' lang='lat' dir='ltr'><strong>Hierosolymam</strong></span> <span class='ocrx_word' id='word_1_719' title='bbox 1931 5544 2053 5581; x_wconf 88' lang='lat' dir='ltr'><strong>cum</strong></span> <span class='ocrx_word' id='word_1_720' title='bbox 2093 5527 2234 5582; x_wconf 89' lang='lat' dir='ltr'><strong>Bar-</strong></span> 
     </span>
    </p>
   </div>
   <div class='ocr_carea' id='block_1_90' title="bbox 647 5611 2234 5683">
    <p class='ocr_par' dir='ltr' id='par_1_90' title="bbox 647 5611 2234 5683">
     <span class='ocr_line' id='line_1_90' title="bbox 647 5611 2234 5683; baseline 0.009 -20"><span class='ocrx_word' id='word_1_721' title='bbox 647 5611 807 5677; x_wconf 83' lang='lat' dir='ltr'><strong>naba,</strong></span> <span class='ocrx_word' id='word_1_722' title='bbox 853 5623 1122 5683; x_wconf 80' lang='lat' dir='ltr'><strong>assumpto</strong></span> <span class='ocrx_word' id='word_1_723' title='bbox 1161 5615 1324 5667; x_wconf 81' lang='lat' dir='ltr'><strong>etiam</strong></span> <span class='ocrx_word' id='word_1_724' title='bbox 1355 5623 1408 5669; x_wconf 86' lang='lat' dir='ltr'><strong>et</strong></span> <span class='ocrx_word' id='word_1_725' title='bbox 1441 5615 1582 5670; x_wconf 80' lang='lat' dir='ltr'><strong>Tito.</strong></span> <span class='ocrx_word' id='word_1_726' title='bbox 1615 5615 1846 5674; x_wconf 78' lang='lat' dir='ltr'><strong>Asoendi</strong></span> <span class='ocrx_word' id='word_1_727' title='bbox 1875 5621 2008 5676; x_wconf 86' lang='lat' dir='ltr'><strong>dicit</strong></span> <span class='ocrx_word' id='word_1_728' title='bbox 2033 5635 2234 5676; x_wconf 88' lang='lat' dir='ltr'><strong>secun-</strong></span> 
     </span>
    </p>
   </div>
   <div class='ocr_carea' id='block_1_91' title="bbox 645 5703 2230 5769">
    <p class='ocr_par' dir='ltr' id='par_1_91' title="bbox 645 5703 2230 5769">
     <span class='ocr_line' id='line_1_91' title="bbox 645 5703 2230 5769; baseline 0.007 -11"><span class='ocrx_word' id='word_1_729' title='bbox 645 5703 778 5758; x_wconf 91' lang='lat' dir='ltr'><strong>dum</strong></span> <span class='ocrx_word' id='word_1_730' title='bbox 803 5703 971 5760; x_wconf 85' lang='lat' dir='ltr'><strong>situm</strong></span> <span class='ocrx_word' id='word_1_731' title='bbox 991 5703 1118 5761; x_wconf 86' lang='lat' dir='ltr'><strong>loci.</strong></span> <span class='ocrx_word' id='word_1_732' title='bbox 1159 5703 1366 5763; x_wconf 83' lang='lat' dir='ltr'><strong>Paulus</strong></span> <span class='ocrx_word' id='word_1_733' title='bbox 1385 5707 1510 5764; x_wconf 86' lang='lat' dir='ltr'><strong>ideo</strong></span> <span class='ocrx_word' id='word_1_734' title='bbox 1531 5711 1774 5765; x_wconf 84' lang='lat' dir='ltr'><strong>secundo</strong></span> <span class='ocrx_word' id='word_1_735' title='bbox 1795 5713 1945 5768; x_wconf 86' lang='lat' dir='ltr'><strong>venit</strong></span> <span class='ocrx_word' id='word_1_736' title='bbox 1973 5711 2230 5769; x_wconf 81' lang='lat' dir='ltr'><strong>Hieroso-</strong></span> 
     </span>
    </p>
   </div>
   <div class='ocr_carea' id='block_1_92' title="bbox 641 5791 2228 5889">
    <p class='ocr_par' dir='ltr' id='par_1_92' title="bbox 641 5791 2228 5889">
     <span class='ocr_line' id='line_1_92' title="bbox 641 5791 2228 5889; baseline 0.009 -39"><span class='ocrx_word' id='word_1_737' title='bbox 641 5791 871 5868; x_wconf 75' lang='lat' dir='ltr'><strong>lymam,</strong></span> <span class='ocrx_word' id='word_1_738' title='bbox 917 5797 1194 5858; x_wconf 74' lang='lat' dir='ltr'><strong>adducens</strong></span> <span class='ocrx_word' id='word_1_739' title='bbox 1219 5813 1406 5889; x_wconf 79' lang='lat' dir='ltr'><strong>secum</strong></span> <span class='ocrx_word' id='word_1_740' title='bbox 1451 5799 1680 5862; x_wconf 81' lang='lat' dir='ltr'><strong>idoneos</strong></span> <span class='ocrx_word' id='word_1_741' title='bbox 1707 5813 1892 5874; x_wconf 85' lang='lat' dir='ltr'><strong>testes,</strong></span> <span class='ocrx_word' id='word_1_742' title='bbox 1923 5803 2228 5864; x_wconf 86' lang='lat' dir='ltr'><strong>Barnabam</strong></span> 
     </span>
    </p>
   </div>
   <div class='ocr_carea' id='block_1_93' title="bbox 2337 3491 3816 3588">
    <p class='ocr_par' dir='ltr' id='par_1_93' title="bbox 2337 3491 3816 3588">
     <span class='ocr_line' id='line_1_93' title="bbox 2337 3491 3816 3588; baseline -0.004 -28"><span class='ocrx_word' id='word_1_743' title='bbox 2337 3507 2764 3564; x_wconf 76' lang='lat' dir='ltr'><strong>subintroductos</strong></span> <span class='ocrx_word' id='word_1_744' title='bbox 2808 3508 2973 3577; x_wconf 76' lang='lat' dir='ltr'><strong>falsos</strong></span> <span class='ocrx_word' id='word_1_745' title='bbox 3005 3509 3218 3578; x_wconf 80' lang='lat' dir='ltr'><strong>fratres.</strong></span> <span class='ocrx_word' id='word_1_746' title='bbox 3272 3508 3522 3588; x_wconf 79' lang='lat' dir='ltr'><strong>[nfideles</strong></span> <span class='ocrx_word' id='word_1_747' title='bbox 3545 3504 3666 3560; x_wconf 85' lang='lat' dir='ltr'><strong>enim</strong></span> <span class='ocrx_word' id='word_1_748' title='bbox 3698 3491 3816 3550; x_wconf 57' lang='lat' dir='ltr'><strong>ludii»</strong></span> 
     </span>
    </p>
   </div>
   <div class='ocr_carea' id='block_1_94' title="bbox 2337 3587 3814 3671">
    <p class='ocr_par' dir='ltr' id='par_1_94' title="bbox 2337 3587 3814 3671">
     <span class='ocr_line' id='line_1_94' title="bbox 2337 3587 3814 3671; baseline -0.023 -2"><span class='ocrx_word' id='word_1_749' title='bbox 2337 3599 2538 3669; x_wconf 74' lang='lat' dir='ltr'><strong>quibus</strong></span> <span class='ocrx_word' id='word_1_750' title='bbox 2579 3600 2784 3657; x_wconf 90' lang='lat' dir='ltr'><strong>Paulus</strong></span> <span class='ocrx_word' id='word_1_751' title='bbox 2829 3601 2958 3671; x_wconf 86' lang='lat' dir='ltr'><strong>quia</strong></span> <span class='ocrx_word' id='word_1_752' title='bbox 3005 3599 3342 3668; x_wconf 79' lang='lat' dir='ltr'><strong>infidelibus,</strong></span> <span class='ocrx_word' id='word_1_753' title='bbox 3387 3587 3507 3656; x_wconf 11' lang='lat' dir='ltr'><strong>non,</strong></span> <span class='ocrx_word' id='word_1_754' title='bbox 3543 3587 3814 3664; x_wconf 79' lang='lat' dir='ltr'><strong>responderet.</strong></span> 
     </span>
    </p>
   </div>
   <div class='ocr_carea' id='block_1_95' title="bbox 2337 3675 3816 3762">
    <p class='ocr_par' dir='ltr' id='par_1_95' title="bbox 2337 3675 3816 3762">
     <span class='ocr_line' id='line_1_95' title="bbox 2337 3675 3816 3762; baseline -0.02 -2"><span class='ocrx_word' id='word_1_755' title='bbox 2337 3693 2562 3761; x_wconf 65' lang='lat' dir='ltr'><strong>Prmmio</strong></span> <span class='ocrx_word' id='word_1_756' title='bbox 2581 3693 2956 3748; x_wconf 89' lang='lat' dir='ltr'><strong>conducebant</strong></span> <span class='ocrx_word' id='word_1_757' title='bbox 2981 3691 3148 3748; x_wconf 86' lang='lat' dir='ltr'><strong>falsos</strong></span> <span class='ocrx_word' id='word_1_758' title='bbox 3171 3691 3395 3758; x_wconf 82' lang='lat' dir='ltr'><strong>fratres,</strong></span> <span class='ocrx_word' id='word_1_759' title='bbox 3423 3706 3520 3762; x_wconf 89' lang='lat' dir='ltr'><strong>per</strong></span> <span class='ocrx_word' id='word_1_760' title='bbox 3537 3699 3649 3758; x_wconf 83' lang='lat' dir='ltr'><strong>quos</strong></span> <span class='ocrx_word' id='word_1_761' title='bbox 3663 3675 3816 3734; x_wconf 73' lang='lat' dir='ltr'><strong>Paulum</strong></span> 
     </span>
    </p>
   </div>
   <div class='ocr_carea' id='block_1_96' title="bbox 2337 3767 3814 3856">
    <p class='ocr_par' dir='ltr' id='par_1_96' title="bbox 2337 3767 3814 3856">
     <span class='ocr_line' id='line_1_96' title="bbox 2337 3767 3814 3856; baseline -0.003 -18"><span class='ocrx_word' id='word_1_762' title='bbox 2337 3781 2738 3854; x_wconf 88' lang='lat' dir='ltr'><strong>impugnarent.</strong></span> <span class='ocrx_word' id='word_1_763' title='bbox 2789 3783 3016 3856; x_wconf 90' lang='lat' dir='ltr'><strong>Propter</strong></span> <span class='ocrx_word' id='word_1_764' title='bbox 3057 3785 3180 3842; x_wconf 91' lang='lat' dir='ltr'><strong>illos</strong></span> <span class='ocrx_word' id='word_1_765' title='bbox 3205 3828 3220 3851; x_wconf 92' lang='lat'><strong>,</strong></span> <span class='ocrx_word' id='word_1_766' title='bbox 3273 3787 3502 3856; x_wconf 87' lang='lat' dir='ltr'><strong>inquam</strong></span> <span class='ocrx_word' id='word_1_767' title='bbox 3529 3825 3546 3849; x_wconf 86' lang='lat'><strong>,</strong></span> <span class='ocrx_word' id='word_1_768' title='bbox 3581 3777 3648 3848; x_wconf 71' lang='lat' dir='ltr'><strong>qlt&#39;</strong></span> <span class='ocrx_word' id='word_1_769' title='bbox 3682 3767 3814 3822; x_wconf 69' lang='grc' dir='ltr'><strong>ἀοίοεε</strong></span> 
     </span>
    </p>
   </div>
   <div class='ocr_carea' id='block_1_97' title="bbox 2337 3857 3816 3946">
    <p class='ocr_par' dir='ltr' id='par_1_97' title="bbox 2337 3857 3816 3946">
     <span class='ocr_line' id='line_1_97' title="bbox 2337 3857 3816 3946; baseline -0.004 -18"><span class='ocrx_word' id='word_1_770' title='bbox 2337 3875 2754 3928; x_wconf 75' lang='lat' dir='ltr'><strong>subintroierunt</strong></span> <span class='ocrx_word' id='word_1_771' title='bbox 2795 3875 3072 3946; x_wconf 72' lang='lat' dir='ltr'><strong>explorare</strong></span> <span class='ocrx_word' id='word_1_772' title='bbox 3115 3875 3418 3932; x_wconf 79' lang='lat' dir='ltr'><strong>libertatem</strong></span> <span class='ocrx_word' id='word_1_773' title='bbox 3467 3880 3672 3928; x_wconf 68' lang='lat' dir='ltr'><strong>nostram.</strong></span> <span class='ocrx_word' id='word_1_774' title='bbox 3701 3857 3740 3914; x_wconf 66' lang='lat' dir='ltr'><strong>id</strong></span> <span class='ocrx_word' id='word_1_775' title='bbox 3757 3863 3816 3908; x_wconf 62' lang='grc'><strong>(⁵⁵⁸</strong></span> 
     </span>
    </p>
   </div>
   <div class='ocr_carea' id='block_1_98' title="bbox 2311 3958 3814 4039">
    <p class='ocr_par' dir='ltr' id='par_1_98' title="bbox 2311 3958 3814 4039">
     <span class='ocr_line' id='line_1_98' title="bbox 2311 3958 3814 4039; baseline 0.017 -25"><span class='ocrx_word' id='word_1_776' title='bbox 2311 3965 2496 4022; x_wconf 70' lang='lat' dir='ltr'><strong>ﬁdem</strong></span> <span class='ocrx_word' id='word_1_777' title='bbox 2544 3982 2668 4037; x_wconf 69' lang='lat' dir='ltr'><strong>qua:</strong></span> <span class='ocrx_word' id='word_1_778' title='bbox 2713 3981 2816 4022; x_wconf 87' lang='lat' dir='ltr'><strong>nos</strong></span> <span class='ocrx_word' id='word_1_779' title='bbox 2865 3967 3067 4024; x_wconf 91' lang='lat' dir='ltr'><strong>liberos</strong></span> <span class='ocrx_word' id='word_1_780' title='bbox 3117 3967 3248 4022; x_wconf 85' lang='lat' dir='ltr'><strong>facit</strong></span> <span class='ocrx_word' id='word_1_781' title='bbox 3299 3985 3332 4024; x_wconf 90' lang='lat' dir='ltr'><strong>a</strong></span> <span class='ocrx_word' id='word_1_782' title='bbox 3376 3968 3511 4039; x_wconf 81' lang='lat' dir='ltr'><strong>jugo</strong></span> <span class='ocrx_word' id='word_1_783' title='bbox 3543 3959 3678 4030; x_wconf 62' lang='lat' dir='ltr'><strong>legis;</strong></span> <span class='ocrx_word' id='word_1_784' title='bbox 3709 3958 3814 4039; x_wconf 43' lang='lat' dir='ltr'><strong>&quot;in?</strong></span> 
     </span>
    </p>
   </div>
   <div class='ocr_carea' id='block_1_99' title="bbox 2335 4031 3814 4134">
    <p class='ocr_par' dir='ltr' id='par_1_99' title="bbox 2335 4031 3814 4134">
     <span class='ocr_line' id='line_1_99' title="bbox 2335 4031 3814 4134; baseline -0.003 -22"><span class='ocrx_word' id='word_1_785' title='bbox 2335 4031 2638 4113; x_wconf 76' lang='lat' dir='ltr'><strong>libertatem</strong></span> <span class='ocrx_word' id='word_1_786' title='bbox 2661 4058 2910 4113; x_wconf 71' lang='lat' dir='ltr'><strong>habemus</strong></span> <span class='ocrx_word' id='word_1_787' title='bbox 2931 4059 2988 4113; x_wconf 85' lang='lat' dir='ltr'><strong>in</strong></span> <span class='ocrx_word' id='word_1_788' title='bbox 3007 4059 3220 4114; x_wconf 74' lang='lat' dir='ltr'><strong>Christo</strong></span> <span class='ocrx_word' id='word_1_789' title='bbox 3243 4031 3396 4114; x_wconf 55' lang='lat' dir='ltr'><strong>Iesu:</strong></span> <span class='ocrx_word' id='word_1_790' title='bbox 3435 4031 3686 4125; x_wconf 54' lang='lat' dir='ltr'><strong>Explorate</strong></span> 
     </span>
    </p>
   </div>
   <div class='ocr_carea' id='block_1_100' title="bbox 2337 4123 3812 4222">
    <p class='ocr_par' dir='ltr' id='par_1_100' title="bbox 2337 4123 3812 4222">
     <span class='ocr_line' id='line_1_100' title="bbox 2337 4123 3812 4222; baseline -0.009 -20"><span class='ocrx_word' id='word_1_791' title='bbox 2337 4149 2479 4216; x_wconf 91' lang='lat' dir='ltr'><strong>ideo,</strong></span> <span class='ocrx_word' id='word_1_792' title='bbox 2515 4159 2572 4202; x_wconf 88' lang='lat' dir='ltr'><strong>ut</strong></span> <span class='ocrx_word' id='word_1_793' title='bbox 2593 4167 2706 4217; x_wconf 83' lang='lat' dir='ltr'><strong>nos,</strong></span> <span class='ocrx_word' id='word_1_794' title='bbox 2741 4150 2790 4205; x_wconf 89' lang='lat' dir='ltr'><strong>si</strong></span> <span class='ocrx_word' id='word_1_795' title='bbox 2827 4159 3074 4220; x_wconf 87' lang='lat' dir='ltr'><strong>possent,</strong></span> <span class='ocrx_word' id='word_1_796' title='bbox 3107 4151 3402 4222; x_wconf 83' lang='lat' dir='ltr'><strong>redigercnt</strong></span> <span class='ocrx_word' id='word_1_797' title='bbox 3423 4151 3480 4203; x_wconf 85' lang='lat' dir='ltr'><strong>in</strong></span> <span class='ocrx_word' id='word_1_798' title='bbox 3501 4123 3812 4222; x_wconf 51' lang='grc' dir='ltr'><strong>δραξαμένη-Μ</strong></span> 
     </span>
    </p>
   </div>
   <div class='ocr_carea' id='block_1_101' title="bbox 2334 4217 3810 4313">
    <p class='ocr_par' dir='ltr' id='par_1_101' title="bbox 2334 4217 3810 4313">
     <span class='ocr_line' id='line_1_101' title="bbox 2334 4217 3810 4313; baseline -0.009 -18"><span class='ocrx_word' id='word_1_799' title='bbox 2334 4250 2422 4296; x_wconf 89' lang='lat' dir='ltr'><strong>est</strong></span> <span class='ocrx_word' id='word_1_800' title='bbox 2460 4241 2514 4295; x_wconf 88' lang='lat' dir='ltr'><strong>in</strong></span> <span class='ocrx_word' id='word_1_801' title='bbox 2556 4251 2793 4297; x_wconf 84' lang='lat' dir='ltr'><strong>veterem</strong></span> <span class='ocrx_word' id='word_1_802' title='bbox 2828 4217 3012 4313; x_wconf 76' lang='lat' dir='ltr'><strong>legem</strong></span> <span class='ocrx_word' id='word_1_803' title='bbox 3045 4258 3168 4312; x_wconf 69' lang='lat' dir='ltr'><strong>qua:</strong></span> <span class='ocrx_word' id='word_1_804' title='bbox 3195 4217 3382 4313; x_wconf 72' lang='lat' dir='ltr'><strong>gravis</strong></span> <span class='ocrx_word' id='word_1_805' title='bbox 3409 4237 3622 4297; x_wconf 84' lang='lat' dir='ltr'><strong>servitus</strong></span> <span class='ocrx_word' id='word_1_806' title='bbox 3644 4235 3720 4283; x_wconf 71' lang='lat' dir='ltr'><strong>eat.</strong></span> <span class='ocrx_word' id='word_1_807' title='bbox 3751 4217 3810 4270; x_wconf 73' lang='grc' dir='ltr'><strong>Ρετ</strong></span> 
     </span>
    </p>
   </div>
   <div class='ocr_carea' id='block_1_102' title="bbox 2337 4313 3808 4394">
    <p class='ocr_par' dir='ltr' id='par_1_102' title="bbox 2337 4313 3808 4394">
     <span class='ocr_line' id='line_1_102' title="bbox 2337 4313 3808 4394; baseline -0.011 -8"><span class='ocrx_word' id='word_1_808' title='bbox 2337 4325 2462 4388; x_wconf 73' lang='grc' dir='ltr'><strong>1]οὰ</strong></span> <span class='ocrx_word' id='word_1_809' title='bbox 2487 4332 2644 4388; x_wconf 77' lang='lat' dir='ltr'><strong>[idem</strong></span> <span class='ocrx_word' id='word_1_810' title='bbox 2687 4331 2889 4388; x_wconf 91' lang='lat' dir='ltr'><strong>Christi</strong></span> <span class='ocrx_word' id='word_1_811' title='bbox 2917 4334 3148 4388; x_wconf 90' lang='lat' dir='ltr'><strong>multum</strong></span> <span class='ocrx_word' id='word_1_812' title='bbox 3195 4331 3554 4394; x_wconf 87' lang='lat' dir='ltr'><strong>commendat,</strong></span> <span class='ocrx_word' id='word_1_813' title='bbox 3595 4319 3696 4394; x_wconf 83' lang='lat' dir='ltr'><strong>quia</strong></span> <span class='ocrx_word' id='word_1_814' title='bbox 3717 4313 3808 4366; x_wconf 63' lang='lat' dir='ltr'><strong>ml</strong></span> 
     </span>
    </p>
   </div>
   <div class='ocr_carea' id='block_1_103' title="bbox 2337 4409 3798 4497">
    <p class='ocr_par' dir='ltr' id='par_1_103' title="bbox 2337 4409 3798 4497">
     <span class='ocr_line' id='line_1_103' title="bbox 2337 4409 3798 4497; baseline -0.013 -18"><span class='ocrx_word' id='word_1_815' title='bbox 2337 4426 2660 4492; x_wconf 89' lang='lat' dir='ltr'><strong>libertatem,</strong></span> <span class='ocrx_word' id='word_1_816' title='bbox 2691 4425 2864 4496; x_wconf 83' lang='lat' dir='ltr'><strong>legem</strong></span> <span class='ocrx_word' id='word_1_817' title='bbox 2903 4426 3160 4496; x_wconf 88' lang='lat' dir='ltr'><strong>deprimit</strong></span> <span class='ocrx_word' id='word_1_818' title='bbox 3186 4442 3354 4497; x_wconf 90' lang='lat' dir='ltr'><strong>quam</strong></span> <span class='ocrx_word' id='word_1_819' title='bbox 3387 4429 3538 4480; x_wconf 85' lang='lat' dir='ltr'><strong>vocat</strong></span> <span class='ocrx_word' id='word_1_820' title='bbox 3569 4409 3798 4472; x_wconf 79' lang='lat' dir='ltr'><strong>serrin-</strong></span> 
     </span>
    </p>
   </div>
   <div class='ocr_carea' id='block_1_104' title="bbox 2337 4503 3802 4590">
    <p class='ocr_par' dir='ltr' id='par_1_104' title="bbox 2337 4503 3802 4590">
     <span class='ocr_line' id='line_1_104' title="bbox 2337 4503 3802 4590; baseline -0.01 -19"><span class='ocrx_word' id='word_1_821' title='bbox 2337 4517 2564 4588; x_wconf 92' lang='lat' dir='ltr'><strong>Propter</strong></span> <span class='ocrx_word' id='word_1_822' title='bbox 2587 4519 2727 4582; x_wconf 87' lang='lat' dir='ltr'><strong>illos,</strong></span> <span class='ocrx_word' id='word_1_823' title='bbox 2763 4519 3012 4589; x_wconf 88' lang='lat' dir='ltr'><strong>inquam,</strong></span> <span class='ocrx_word' id='word_1_824' title='bbox 3053 4535 3216 4590; x_wconf 83' lang='lat' dir='ltr'><strong>neque</strong></span> <span class='ocrx_word' id='word_1_825' title='bbox 3243 4520 3436 4574; x_wconf 89' lang='lat' dir='ltr'><strong>saltem</strong></span> <span class='ocrx_word' id='word_1_826' title='bbox 3483 4511 3549 4567; x_wconf 81' lang='lat' dir='ltr'><strong>ad</strong></span> <span class='ocrx_word' id='word_1_827' title='bbox 3581 4507 3732 4562; x_wconf 70' lang='lat' dir='ltr'><strong>liorem</strong></span> <span class='ocrx_word' id='word_1_828' title='bbox 3747 4503 3802 4590; x_wconf 55' lang='grc' dir='ltr'><strong>(ξς</strong></span> 
     </span>
    </p>
   </div>
   <div class='ocr_carea' id='block_1_105' title="bbox 2335 4578 3805 4681">
    <p class='ocr_par' dir='ltr' id='par_1_105' title="bbox 2335 4578 3805 4681">
     <span class='ocr_line' id='line_1_105' title="bbox 2335 4578 3805 4681; baseline -0.01 -18"><span class='ocrx_word' id='word_1_829' title='bbox 2335 4578 2502 4664; x_wconf 72' lang='lat' dir='ltr'><strong>simus</strong></span> <span class='ocrx_word' id='word_1_830' title='bbox 2537 4578 2856 4678; x_wconf 20' lang='lat' dir='ltr'><strong>&#39;subjec&#39;tioni</strong></span> <span class='ocrx_word' id='word_1_831' title='bbox 2877 4651 2893 4676; x_wconf 91' lang='lat'><strong>,</strong></span> <span class='ocrx_word' id='word_1_832' title='bbox 2941 4578 3008 4664; x_wconf 38' lang='lat' dir='ltr'><strong>id&#39;</strong></span> <span class='ocrx_word' id='word_1_833' title='bbox 3039 4578 3140 4664; x_wconf 46' lang='lat' dir='ltr'><strong>est.</strong></span> <span class='ocrx_word' id='word_1_834' title='bbox 3171 4610 3276 4681; x_wconf 84' lang='lat' dir='ltr'><strong>legi</strong></span> <span class='ocrx_word' id='word_1_835' title='bbox 3335 4623 3454 4680; x_wconf 72' lang='lat' dir='ltr'><strong>qua:</strong></span> <span class='ocrx_word' id='word_1_836' title='bbox 3499 4599 3712 4658; x_wconf 81' lang='lat' dir='ltr'><strong>cedentes</strong></span> <span class='ocrx_word' id='word_1_837' title='bbox 3748 4578 3805 4681; x_wconf 46' lang='lat' dir='ltr'><strong>illi</strong></span> 
     </span>
    </p>
   </div>
   <div class='ocr_carea' id='block_1_106' title="bbox 2304 4673 3808 4768">
    <p class='ocr_par' dir='ltr' id='par_1_106' title="bbox 2304 4673 3808 4768">
     <span class='ocr_line' id='line_1_106' title="bbox 2304 4673 3808 4768; baseline 0.005 -15"><span class='ocrx_word' id='word_1_838' title='bbox 2304 4697 2558 4768; x_wconf 79' lang='lat' dir='ltr'><strong>subjicit</strong></span> <span class='ocrx_word' id='word_1_839' title='bbox 2601 4698 2870 4754; x_wconf 87' lang='lat' dir='ltr'><strong>servituti.</strong></span> <span class='ocrx_word' id='word_1_840' title='bbox 2929 4697 3055 4754; x_wconf 88' lang='lat' dir='ltr'><strong>Ideo</strong></span> <span class='ocrx_word' id='word_1_841' title='bbox 3104 4673 3555 4758; x_wconf 45' lang='lat' dir='ltr'><strong>nonvcessimusi</strong></span> <span class='ocrx_word' id='word_1_842' title='bbox 3601 4693 3650 4741; x_wconf 72' lang='grc'><strong>⁸⁸⁸</strong></span> <span class='ocrx_word' id='word_1_843' title='bbox 3691 4673 3808 4768; x_wconf 31' lang='lat' dir='ltr'><strong>“(mf</strong></span> 
     </span>
    </p>
   </div>
   <div class='ocr_carea' id='block_1_107' title="bbox 2335 4763 3808 4862">
    <p class='ocr_par' dir='ltr' id='par_1_107' title="bbox 2335 4763 3808 4862">
     <span class='ocr_line' id='line_1_107' title="bbox 2335 4763 3808 4862; baseline -0.02 -18"><span class='ocrx_word' id='word_1_844' title='bbox 2335 4763 2610 4862; x_wconf 69' lang='lat' dir='ltr'><strong>Evangelii</strong></span> <span class='ocrx_word' id='word_1_845' title='bbox 2639 4791 2814 4848; x_wconf 86' lang='lat' dir='ltr'><strong>nostri</strong></span> <span class='ocrx_word' id='word_1_846' title='bbox 2839 4800 3143 4862; x_wconf 81' lang='lat' dir='ltr'><strong>permaneat</strong></span> <span class='ocrx_word' id='word_1_847' title='bbox 3165 4792 3306 4862; x_wconf 82' lang='lat' dir='ltr'><strong>apud</strong></span> <span class='ocrx_word' id='word_1_848' title='bbox 3333 4806 3438 4855; x_wconf 79' lang='lat' dir='ltr'><strong>vos,</strong></span> <span class='ocrx_word' id='word_1_849' title='bbox 3485 4784 3534 4840; x_wconf 90' lang='lat' dir='ltr'><strong>id</strong></span> <span class='ocrx_word' id='word_1_850' title='bbox 3561 4785 3634 4835; x_wconf 85' lang='lat' dir='ltr'><strong>est</strong></span> <span class='ocrx_word' id='word_1_851' title='bbox 3660 4763 3808 4828; x_wconf 82' lang='lat' dir='ltr'><strong>atsicnl</strong></span> 
     </span>
    </p>
   </div>
   <div class='ocr_carea' id='block_1_108' title="bbox 2331 4861 3808 4954">
    <p class='ocr_par' dir='ltr' id='par_1_108' title="bbox 2331 4861 3808 4954">
     <span class='ocr_line' id='line_1_108' title="bbox 2331 4861 3808 4954; baseline -0.014 -17"><span class='ocrx_word' id='word_1_852' title='bbox 2331 4861 2748 4953; x_wconf 64' lang='lat' dir='ltr'><strong>praedicavimus</strong></span> <span class='ocrx_word' id='word_1_853' title='bbox 2794 4861 2964 4954; x_wconf 82' lang='lat' dir='ltr'><strong>legem</strong></span> <span class='ocrx_word' id='word_1_854' title='bbox 3015 4897 3140 4939; x_wconf 88' lang='lat' dir='ltr'><strong>esse</strong></span> <span class='ocrx_word' id='word_1_855' title='bbox 3193 4861 3457 4945; x_wconf 87' lang='lat' dir='ltr'><strong>inutilem,</strong></span> <span class='ocrx_word' id='word_1_856' title='bbox 3511 4869 3706 4946; x_wconf 83' lang='lat' dir='ltr'><strong>gratiam</strong></span> <span class='ocrx_word' id='word_1_857' title='bbox 3735 4861 3808 4908; x_wconf 59' lang='grc' dir='ltr'><strong>εδει</strong></span> 
     </span>
    </p>
   </div>
   <div class='ocr_carea' id='block_1_109' title="bbox 2333 4975 3373 5046">
    <p class='ocr_par' dir='ltr' id='par_1_109' title="bbox 2333 4975 3373 5046">
     <span class='ocr_line' id='line_1_109' title="bbox 2333 4975 3373 5046; baseline 0 -16"><span class='ocrx_word' id='word_1_858' title='bbox 2333 4975 2707 5042; x_wconf 77' lang='lat' dir='ltr'><strong>sufﬁcientem,</strong></span> <span class='ocrx_word' id='word_1_859' title='bbox 2735 4975 2810 5030; x_wconf 88' lang='lat' dir='ltr'><strong>ita</strong></span> <span class='ocrx_word' id='word_1_860' title='bbox 2829 4991 3046 5046; x_wconf 88' lang='lat' dir='ltr'><strong>semper</strong></span> <span class='ocrx_word' id='word_1_861' title='bbox 3065 4975 3373 5032; x_wconf 86' lang='lat' dir='ltr'><strong>crederetis.</strong></span> 
     </span>
    </p>
   </div>
   <div class='ocr_carea' id='block_1_110' title="bbox 2403 5033 3808 5136">
    <p class='ocr_par' dir='ltr' id='par_1_110' title="bbox 2403 5033 3808 5136">
     <span class='ocr_line' id='line_1_110' title="bbox 2403 5033 3808 5136; baseline -0.001 -17"><span class='ocrx_word' id='word_1_862' title='bbox 2403 5065 2605 5122; x_wconf 89' lang='lat' dir='ltr'><strong>Paulus</strong></span> <span class='ocrx_word' id='word_1_863' title='bbox 2655 5067 2766 5120; x_wconf 84' lang='lat' dir='ltr'><strong>alio</strong></span> <span class='ocrx_word' id='word_1_864' title='bbox 2813 5033 3058 5136; x_wconf 67' lang='lat' dir='ltr'><strong>tempore</strong></span> <span class='ocrx_word' id='word_1_865' title='bbox 3109 5064 3526 5136; x_wconf 86' lang='lat' dir='ltr'><strong>Hierosolymam</strong></span> <span class='ocrx_word' id='word_1_866' title='bbox 3560 5033 3808 5136; x_wconf 39' lang='grc' dir='ltr'><strong>τθηίθηεξιῗ</strong></span> 
     </span>
    </p>
   </div>
   <div class='ocr_carea' id='block_1_111' title="bbox 2333 5131 3805 5258">
    <p class='ocr_par' dir='ltr' id='par_1_111' title="bbox 2333 5131 3805 5258">
     <span class='ocr_line' id='line_1_111' title="bbox 2333 5131 3805 5258; baseline -0.02 -42"><span class='ocrx_word' id='word_1_867' title='bbox 2333 5175 2550 5216; x_wconf 87' lang='lat' dir='ltr'><strong>omnem</strong></span> <span class='ocrx_word' id='word_1_868' title='bbox 2575 5165 2642 5214; x_wconf 87' lang='lat' dir='ltr'><strong>dc</strong></span> <span class='ocrx_word' id='word_1_869' title='bbox 2675 5175 2735 5216; x_wconf 88' lang='lat' dir='ltr'><strong>se</strong></span> <span class='ocrx_word' id='word_1_870' title='bbox 2773 5131 3140 5229; x_wconf 82' lang='lat' dir='ltr'><strong>suspicionem</strong></span> <span class='ocrx_word' id='word_1_871' title='bbox 3181 5131 3410 5222; x_wconf 76' lang='lat' dir='ltr'><strong>tolleret,</strong></span> <span class='ocrx_word' id='word_1_872' title='bbox 3435 5131 3805 5258; x_wconf 64' lang='lat' dir='ltr'><strong>Timotheum</strong></span> 
     </span>
    </p>
   </div>
   <div class='ocr_carea' id='block_1_112' title="bbox 2333 5227 3802 5350">
    <p class='ocr_par' dir='ltr' id='par_1_112' title="bbox 2333 5227 3802 5350">
     <span class='ocr_line' id='line_1_112' title="bbox 2333 5227 3802 5350; baseline -0.007 -44"><span class='ocrx_word' id='word_1_873' title='bbox 2333 5251 2718 5307; x_wconf 88' lang='lat' dir='ltr'><strong>circumcisum</strong></span> <span class='ocrx_word' id='word_1_874' title='bbox 2785 5254 2981 5306; x_wconf 89' lang='lat' dir='ltr'><strong>iterum</strong></span> <span class='ocrx_word' id='word_1_875' title='bbox 3029 5249 3158 5306; x_wconf 87' lang='lat' dir='ltr'><strong>fecit</strong></span> <span class='ocrx_word' id='word_1_876' title='bbox 3207 5244 3534 5308; x_wconf 89' lang='lat' dir='ltr'><strong>circumcidi,</strong></span> <span class='ocrx_word' id='word_1_877' title='bbox 3585 5246 3672 5290; x_wconf 78' lang='lat' dir='ltr'><strong>noll</strong></span> <span class='ocrx_word' id='word_1_878' title='bbox 3711 5227 3802 5350; x_wconf 58' lang='grc' dir='ltr'>Ἦ</span> 
     </span>
     <span class='ocr_line' id='line_1_113' title="bbox 2443 5330 3700 5350; baseline 0 0"><span class='ocrx_word' id='word_1_879' title='bbox 2443 5342 2456 5350; x_wconf 91' lang='grc'>.</span> <span class='ocrx_word' id='word_1_880' title='bbox 2647 5342 2680 5350; x_wconf 94' lang='grc'>..</span> <span class='ocrx_word' id='word_1_881' title='bbox 2765 5341 2816 5350; x_wconf 89' lang='grc'><strong>..</strong></span> <span class='ocrx_word' id='word_1_882' title='bbox 2863 5341 2876 5350; x_wconf 90' lang='grc'><em>.</em></span> <span class='ocrx_word' id='word_1_883' title='bbox 3112 5341 3133 5350; x_wconf 78' lang='lat'><strong>-</strong></span> <span class='ocrx_word' id='word_1_884' title='bbox 3321 5342 3333 5350; x_wconf 88' lang='lat'><strong>.</strong></span> <span class='ocrx_word' id='word_1_885' title='bbox 3518 5330 3700 5350; x_wconf 27' lang='lat'><strong>21--....</strong></span> 
     </span>
    </p>
   </div>
   <div class='ocr_carea' id='block_1_113' title="bbox 2331 5318 3782 5412">
    <p class='ocr_par' dir='ltr' id='par_1_113' title="bbox 2331 5318 3782 5412">
     <span class='ocr_line' id='line_1_114' title="bbox 2331 5318 3782 5412; baseline -0.015 -15"><span class='ocrx_word' id='word_1_886' title='bbox 2331 5342 2576 5398; x_wconf 86' lang='lat' dir='ltr'><strong>crederet</strong></span> <span class='ocrx_word' id='word_1_887' title='bbox 2613 5341 2820 5412; x_wconf 87' lang='lat' dir='ltr'><strong>aliquid</strong></span> <span class='ocrx_word' id='word_1_888' title='bbox 2856 5341 2971 5412; x_wconf 86' lang='lat' dir='ltr'><strong>jam</strong></span> <span class='ocrx_word' id='word_1_889' title='bbox 3001 5341 3250 5398; x_wconf 90' lang='lat' dir='ltr'><strong>conferre</strong></span> <span class='ocrx_word' id='word_1_890' title='bbox 3287 5318 3782 5412; x_wconf 50' lang='lat' dir='ltr'><strong>circumcisioncntsf</strong></span> 
     </span>
    </p>
   </div>
   <div class='ocr_carea' id='block_1_114' title="bbox 2333 5403 3802 5510">
    <p class='ocr_par' dir='ltr' id='par_1_114' title="bbox 2333 5403 3802 5510">
     <span class='ocr_line' id='line_1_115' title="bbox 2333 5403 3802 5510; baseline 0 -23"><span class='ocrx_word' id='word_1_891' title='bbox 2333 5435 2458 5504; x_wconf 88' lang='lat' dir='ltr'><strong>quia</strong></span> <span class='ocrx_word' id='word_1_892' title='bbox 2491 5403 2875 5504; x_wconf 63' lang='lat' dir='ltr'><strong>imposuerant</strong></span> <span class='ocrx_word' id='word_1_893' title='bbox 2903 5434 2956 5490; x_wconf 90' lang='lat' dir='ltr'><strong>ei</strong></span> <span class='ocrx_word' id='word_1_894' title='bbox 3003 5435 3224 5505; x_wconf 86' lang='lat' dir='ltr'><strong>quidam</strong></span> <span class='ocrx_word' id='word_1_895' title='bbox 3265 5435 3436 5504; x_wconf 85' lang='lat' dir='ltr'><strong>ipsum</strong></span> <span class='ocrx_word' id='word_1_896' title='bbox 3479 5403 3802 5510; x_wconf 54' lang='lat' dir='ltr'><strong>ditis“:</strong></span> 
     </span>
    </p>
   </div>
   <div class='ocr_carea' id='block_1_115' title="bbox 2331 5489 3802 5604">
    <p class='ocr_par' dir='ltr' id='par_1_115' title="bbox 2331 5489 3802 5604">
     <span class='ocr_line' id='line_1_116' title="bbox 2331 5489 3802 5604; baseline 0.006 -23"><span class='ocrx_word' id='word_1_897' title='bbox 2331 5489 2482 5582; x_wconf 69' lang='lat' dir='ltr'><strong>omni</strong></span> <span class='ocrx_word' id='word_1_898' title='bbox 2519 5489 2760 5596; x_wconf 69' lang='lat' dir='ltr'><strong>tempore</strong></span> <span class='ocrx_word' id='word_1_899' title='bbox 2803 5525 2980 5582; x_wconf 73' lang='lat' dir='ltr'><strong>fuisse</strong></span> <span class='ocrx_word' id='word_1_900' title='bbox 3009 5489 3304 5580; x_wconf 52' lang='lat' dir='ltr'><strong>inutilem:</strong></span> <span class='ocrx_word' id='word_1_901' title='bbox 3327 5518 3474 5590; x_wconf 78' lang='lat' dir='ltr'><strong>Quod</strong></span> <span class='ocrx_word' id='word_1_902' title='bbox 3517 5517 3570 5568; x_wconf 72' lang='lat' dir='ltr'><strong>u‘</strong></span> 
     </span>
    </p>
   </div>
   <div class='ocr_carea' id='block_1_116' title="bbox 2333 5577 3795 5704">
    <p class='ocr_par' dir='ltr' id='par_1_116' title="bbox 2333 5577 3795 5704">
     <span class='ocr_line' id='line_1_117' title="bbox 2333 5577 3795 5704; baseline -0.011 -32"><span class='ocrx_word' id='word_1_903' title='bbox 2333 5617 2606 5688; x_wconf 87' lang='lat' dir='ltr'><strong>probaret,</strong></span> <span class='ocrx_word' id='word_1_904' title='bbox 2631 5577 2982 5671; x_wconf 62' lang='lat' dir='ltr'><strong>Timotheum</strong></span> <span class='ocrx_word' id='word_1_905' title='bbox 3012 5615 3260 5670; x_wconf 79' lang='lat' dir='ltr'><strong>exhibuit</strong></span> <span class='ocrx_word' id='word_1_906' title='bbox 3285 5577 3795 5704; x_wconf 42' lang='lat' dir='ltr'><strong>adwcircumcilleﬂuu&#39;ﬁ:</strong></span> 
     </span>
    </p>
   </div>
   <div class='ocr_carea' id='block_1_117' title="bbox 2333 5665 3793 5808">
    <p class='ocr_par' dir='ltr' id='par_1_117' title="bbox 2333 5665 3793 5808">
     <span class='ocr_line' id='line_1_118' title="bbox 2333 5665 3793 5808; baseline -0.009 -45"><span class='ocrx_word' id='word_1_907' title='bbox 2333 5665 2428 5764; x_wconf 63' lang='lat' dir='ltr'><strong>sed</strong></span> <span class='ocrx_word' id='word_1_908' title='bbox 2455 5665 2620 5762; x_wconf 73' lang='lat' dir='ltr'><strong>modo</strong></span> <span class='ocrx_word' id='word_1_909' title='bbox 2664 5705 2847 5761; x_wconf 89' lang='lat' dir='ltr'><strong>Titum</strong></span> <span class='ocrx_word' id='word_1_910' title='bbox 2894 5707 3210 5762; x_wconf 87' lang='lat' dir='ltr'><strong>circumcidi</strong></span> <span class='ocrx_word' id='word_1_911' title='bbox 3255 5704 3398 5760; x_wconf 87' lang='lat' dir='ltr'><strong>nulla</strong></span> <span class='ocrx_word' id='word_1_912' title='bbox 3437 5691 3630 5808; x_wconf 51' lang='lat' dir='ltr'><strong>ratione.</strong></span> 
     </span>
    </p>
   </div>
   <div class='ocr_carea' id='block_1_118' title="bbox 2332 5773 3726 5874">
    <p class='ocr_par' dir='ltr' id='par_1_118' title="bbox 2332 5773 3726 5874">
     <span class='ocr_line' id='line_1_119' title="bbox 2332 5773 3726 5874; baseline -0.028 1"><span class='ocrx_word' id='word_1_913' title='bbox 2332 5802 2482 5874; x_wconf 68' lang='lat' dir='ltr'><strong>quia.</strong></span> <span class='ocrx_word' id='word_1_914' title='bbox 2516 5799 2748 5858; x_wconf 84' lang='lat' dir='ltr'><strong>simodo</strong></span> <span class='ocrx_word' id='word_1_915' title='bbox 2779 5815 2904 5858; x_wconf 88' lang='lat' dir='ltr'><strong>cum</strong></span> <span class='ocrx_word' id='word_1_916' title='bbox 2936 5801 3176 5857; x_wconf 78' lang='lat' dir='ltr'><strong>venisset</strong></span> <span class='ocrx_word' id='word_1_917' title='bbox 3211 5791 3544 5858; x_wconf 81' lang='lat' dir='ltr'><strong>Hierusalem.</strong></span> <span class='ocrx_word' id='word_1_918' title='bbox 3585 5783 3632 5832; x_wconf 82' lang='lat' dir='ltr'><strong>ul</strong></span> <span class='ocrx_word' id='word_1_919' title='bbox 3655 5773 3726 5838; x_wconf 59' lang='lat' dir='ltr'><strong>P70</strong></span> 
     </span>
    </p>
   </div>
  </div>
