3928 6412
1131 379 1202 437 S.
1230 378 1576 437 BRUNONIS
1610 375 2251 437 CARTHUSIANORUM
2289 374 2774 432 lNSTlTUTORIS
2810 376 2961 433 OPP.
3003 377 3183 433 PARS
3222 378 3286 433 ll.

3739 379 3838 436 15!

601 516 710 556 non
738 499 914 556 solum
947 495 1142 564 Judzei,
1177 497 1270 553 sal
1311 497 1472 552 etiam
1509 495 1736 566 gentiles
1775 494 2022 548 inutilem
2047 507 2168 550 esse
2195 499 2241 554 Α
2269 490 3303 564 docorrectus.reducebatlegem.Vere
3322 493 3368 550 si
3379 493 3552 565 legem
3565 491 3838 558 remdiﬁce,

602 590 764 646 ﬁdem
791 588 910 644 sine
937 587 1072 657 lege.

675 681 972 751 Hucusque
1004 680 1138 734 satis
1165 677 1412 749 probavit
1459 691 1519 732 se
1557 691 1666 731 non
1707 689 1829 730 esse
1867 673 2179 728 inferiorem

602 773 796 841 Petro,
834 783 890 830 et
941 773 1090 838 aliis,
1147 773 1258 826 imo
1301 771 1670 826 necessarium
1717 777 1772 824 et
1817 776 2178 824 correctorem

604 880 816 920 eorum.
839 864 997 919 Modo
1023 863 1220 918 transit
1246 861 1314 916 ad
1359 861 1772 932 improbandam
1807 859 2003 932 legem,
2035 857 2182 928 quod

512 935 522 946 ’
605 957 757 1012 nullo
779 955 940 1011 modo
965 954 1194 1010 tenenda
1229 954 1322 1020 sit,
1357 953 1546 1008 dicens
1573 971 1587 1006 :
1623 951 1824 1008 Gentes
1857 953 2046 1022 utique
2073 966 2182 1006 non

539 1065 550 1082 ‘
605 1054 804 1110 debent
824 1052 1136 1123 judaizare:
1178 1052 1306 1121 quia
1346 1067 1442 1126 nos
1486 1066 1578 1121 per
1614 1059 1862 1104 naturam
1895 1047 2106 1112 Judaei;
2135 1047 2183 1104 si

605 1144 804 1199 amodo
823 1142 1188 1211 judaizamus,
1222 1141 1487 1196 inutiliter
1517 1141 1748 1212 agimus.
1779 1139 1934 1207 Quod
1969 1139 2048 1196 sic
2068 1139 2142 1194 ait
2168 1158 2180 1194 :

605 1231 718 1290 Nos
741 1233 956 1304 quidem
985 1248 1179 1288 sumus
1199 1230 1372 1287 Judazi
1407 1247 1503 1302 per
1532 1241 1784 1286 naturam
1821 1232 1875 1286 in
1901 1231 2184 1288 Judaismo

603 1324 738 1390 nati,
763 1331 816 1378 et
839 1337 1055 1392 semper
1075 1322 1389 1378 insistentes
1417 1321 1569 1392 operi
1590 1322 1742 1394 legis.
1777 1321 1950 1378 Judaei
1971 1337 2183 1390 sumus,

600 1425 774 1471 etnon
803 1431 995 1471 sumus
1027 1424 1323 1484 peccatores
1345 1431 1409 1468 ea:
1431 1413 1690 1485 gentibus,
1716 1412 1770 1468 id
1803 1421 1888 1470 est
1909 1429 2018 1468 non
2048 1429 2176 1484 pec—

603 1507 849 1562 cavimus
873 1507 940 1560 ad
983 1505 1394 1560 similitudinem
1423 1505 1686 1577 gentium,
1718 1505 2008 1560 adorantes
2043 1505 2187 1560 idola

599 1603 654 1651 et
696 1595 1052 1665 hujusmodi:
1091 1596 1237 1664 quod
1287 1611 1397 1650 non
1439 1595 1680 1650 fecerant
1723 1594 1917 1651 Judaei.
1958 1594 2026 1650 Et
2062 1611 2188 1652 cum

593 1686 775 1760 ‘simus
809 1701 905 1756 per
936 1695 1190 1741 naturam
1233 1684 1426 1751 Judaei,
1453 1698 1635 1741 tamen
1685 1701 1794 1740 non
1822 1678 2190 1756 justiﬁeamur

600 1793 668 1832 ex
698 1779 956 1847 operibus
997 1778 1153 1849 legis.
1191 1777 1256 1833 Et
1297 1794 1399 1834 nos
1430 1779 1535 1833 hoc
1568 1779 1787 1832 scientes
1826 1778 1965 1849 quod
2007 1777 2187 1832 nullus

601 1843 755 1923 homo
785 1843 1122 1940 justiﬁcatur
1167 1887 1232 1925 ea:
1269 1871 1508 1942 operibus
1547 1870 1697 1941 legis,
1747 1843 1850 1925 nisi
1901 1887 1994 1942 per
2026 1871 2185 1942 ﬁdem
2215 1843 2258 1902 Β

599 1959 729 2014 Jcsu
759 1959 980 2026 Christi,
1005 1969 1066 2015 ut
1089 1961 1335 2032 gentiles,
1389 1961 1470 2016 sic
1501 1971 1553 2015 et
1593 1977 1686 2014 nos
1724 1959 1896 2016 Judaei
1923 1961 2184 2016 credimus

601 2053 658 2106 in
692 2051 903 2106 Christo
937 2051 1086 2118 Iesu,
1134 2062 1192 2106 ut
1235 2053 1316 2108 sic
1345 2053 1704 2122 justiﬁcemur
1744 2069 1810 2107 ea:
1849 2053 1954 2123 ﬁde
1984 2051 2184 2109 Christi

601 2151 835 2210 tantum,
862 2151 912 2197 et
941 2159 1045 2196 non
1065 2158 1130 2197 ea;
1151 2143 1392 2213 operibus
1415 2142 1562 2214 legis.
1591 2143 1817 2214 Propter
1840 2143 1998 2214 quod,
2019 2144 2074 2199 id
2099 2153 2185 2200 est

601 2234 727 2303 quia
777 2251 878 2289 nos
929 2233 1102 2289 Judaei
1148 2251 1214 2288 ea:
1255 2235 1360 2290 ﬁde
1407 2235 1523 2289 sola
1573 2233 1940 2304 justiﬁeamur
1978 2250 2088 2290 non
2115 2251 2184 2292 ex

603 2322 738 2392 lege.
792 2321 936 2392 Ergo
976 2324 1146 2376 omnis
1191 2339 1337 2388 caro,
1363 2322 1414 2377 id
1447 2333 1531 2377 est
1568 2324 1748 2379 omnis
1779 2325 1994 2394 gentilis
2031 2327 2184 2381 carni

603 2415 882 2481 obediens,
897 2413 1066 2468 Deum
1081 2415 1350 2480 nesciens,
1365 2431 1468 2468 non
1471 2414 1934 2484 justiﬁcabiturex
1943 2416 2182 2486 operibus

605 2507 764 2578 211
802 2506 954 2577 legis,
991 2507 1038 2562 si
1074 2521 1138 2562 ea
1167 2505 1376 2562 fecerit.
1411 2505 1470 2561 Si
1501 2507 1648 2561 enim
1677 2507 1866 2563 Iudaeo
1901 2523 2012 2564 non
2048 2525 2178 2580 pro-

603 2607 732 2653 sunt
756 2614 941 2668 opera,
978 2599 1152 2654 multo
1171 2599 1356 2654 minus
1377 2599 1583 2670 gentili.
1615 2597 1848 2655 Carnem
1871 2611 2028 2656 vocat
2045 2617 2180 2673 gen-

603 2690 772 2758 tilem,
804 2691 934 2760 quia
957 2705 1239 2760 nunquam
1271 2691 1328 2744 in
1361 2689 1510 2746 cultu
1537 2691 1671 2760 legis
1699 2690 1816 2758 Dei,
1844 2691 1938 2748 sed
1969 2708 2184 2764 semper

603 2780 707 2836 fuit
733 2782 788 2837 in
819 2796 980 2852 opere
1007 2781 1207 2836 carnis.
1239 2780 1336 2836 Vel
1369 2782 1464 2848 ita,
1491 2783 1618 2852 quia
1649 2783 1696 2838 si
1718 2781 1939 2838 Judaaus
1968 2797 2076 2840 non
2097 2791 2182 2839 est

597 2874 781 2944 justus
811 2889 879 2928 ex
921 2873 1058 2944 lege,
1099 2873 1273 2928 multo
1321 2873 1506 2929 minus
1551 2889 1701 2941 caro,
1731 2874 1784 2930 id
1804 2881 1888 2930 est
1927 2883 2180 2944 peccator

601 2981 670 3020 ex
701 2966 973 3036 gentibus.
1019 2963 1221 3019 Probat
1250 2965 1448 3019 iterum
1475 2965 1618 3020 idem
1647 2980 1743 3035 per
1767 2965 2102 3035 impossibile
2125 2975 2181 3022 et

601 3057 1011 3113 inconveniens.
1049 3055 1180 3111 Dico
1209 3056 1356 3126 quod
1381 3071 1447 3110 ex
1476 3055 1581 3112 ﬁde
1617 3056 1822 3112 Christi
1847 3057 2178 3127 justiﬁcahi-

603 3166 758 3216 mur;
787 3150 931 3219 quod
959 3149 1005 3204 si
1043 3149 1117 3203 ita
1145 3163 1254 3202 non
1299 3155 1402 3214 est,
1433 3148 1537 3203 hoc
1561 3157 1646 3204 est
1672 3150 1818 3219 quod
1851 3148 1965 3206 ait:
1995 3149 2056 3205 Si
2076 3165 2178 3208 nos
2205 3179 2247 3236 ο

599 3249 889 3310 ᾳαωτεηιεε
931 3239 1224 3310 justiﬁcari
1270 3240 1328 3294 in
1371 3237 1606 3306 Christo,
1653 3241 1708 3296 id
1747 3249 1832 3298 est
1871 3257 1968 3312 per
2017 3241 2178 3298 ﬁdem

599 3331 828 3398 Christi,
876 3347 986 3386 non
1033 3331 1157 3386 dico
1193 3331 1368 3402 putati
1395 3332 1856 3388 existimationem
1887 3333 2180 3389 stultorum

604 3437 893 3488 noneuro,
921 3421 1016 3477 sed
1048 3422 1092 3477 si
1129 3438 1226 3492 per
1259 3422 1421 3478 ﬁdem
1445 3421 1651 3479 Christi
1682 3433 1984 3493 quaerentes
2013 3409 2180 3495 justi;

603 3513 912 3568 ﬁcationem
956 3513 1152 3567 inventi
1197 3529 1378 3567 sumus
1407 3521 1470 3567 ut
1498 3515 1723 3584 gentiles
1749 3517 1911 3569 etiam
1951 3532 2043 3570 nos
2077 3517 2180 3586 ipsi

601 3613 916 3674 peccatores,
939 3603 1068 3673 quia
1097 3604 1268 3674 legem
1295 3604 1660 3670 deseruimus,
1687 3605 1756 3660 ad
1785 3604 1944 3660 ﬁdem
1975 3606 2178 3662 Christi

601 3705 976 3764 transeuntes;
1029 3696 1076 3752 si
1123 3697 1250 3762 hoc,
1305 3696 1551 3766 inquam,
1595 3705 1698 3764 est,
1747 3704 1881 3752 tunc
1929 3697 2179 3754 Christus

601 3786 853 3842 minister
881 3793 964 3841 est
1005 3787 1249 3856 peccati;
1292 3785 1410 3856 ipse
1445 3787 1592 3841 enim
1633 3787 1822 3842 docuit
1857 3780 2030 3859 legem
2069 3805 2178 3844 non

598 3891 722 3932 esse
747 3876 1057 3944 tenendam,
1095 3877 1190 3932 sed
1219 3891 1287 3932 ex
1316 3875 1420 3931 ﬁde
1445 3891 1567 3932 esse
1590 3892 1806 3934 omnem
1832 3879 2180 3950 justiﬁcatio—

599 3983 747 4022 nem.
793 3965 900 4023 Sed
935 3967 1064 4038 quia
1105 3968 1436 4023 exhorrebat
1475 3967 1758 4024 Christum
1797 3971 1983 4026 dicere
2011 3972 2169 4026 mini-

603 4065 781 4112 strum
804 4057 1034 4128 peccati,
1060 4057 1194 4113 dicit
1215 4058 1320 4114 hoc
1357 4059 1462 4112 sub
1483 4059 1842 4114 admiratione
1869 4061 1948 4116 sic
1973 4078 1986 4115 :
2017 4060 2176 4116 Nan--

600 4149 728 4219 quid
757 4149 954 4220 aliquis
981 4149 1304 4206 insensatus.
1328 4150 1491 4205 audet
1518 4151 1700 4206 dicere
1735 4154 1880 4222 quod
1929 4151 2174 4209 Christus

601 4237 843 4290 minister
873 4245 950 4291 est
979 4239 1218 4308 peccati?
1240 4237 1392 4292 Absit
1418 4239 1523 4295 hoc
1555 4249 1615 4295 ut
1643 4239 1896 4297 Christus
1929 4243 2177 4299 minister

583 4326 675 4382 sit
702 4328 909 4397 peccati
928 4329 942 4382 ε
1337 4343 1362 4372 τι

673 4413 812 4472 Vere
839 4417 1094 4472 Christus
1131 4433 1242 4472 non
1272 4427 1357 4474 est
1385 4420 1634 4477 minister
1657 4422 1883 4492 peccati.
1911 4421 2046 4478 Nam
2075 4439 2175 4496 ego

2289 583 2758 651 praevaricatorem
2781 583 2916 653 legis
2935 599 3022 636 me
3039 585 3336 638 constituo.
3373 583 3514 637 Nam
3535 600 3630 653 ego
3645 583 3840 638 desuui

2281 670 2474 742 legem,
2505 688 2602 742 per
2614 673 2790 742 ipsam
2803 673 2974 743 legem
2995 673 3066 728 ita
3083 675 3508 745 praecipientem,
3523 689 3594 728 ne
3611 674 3844 728 veniente

2280 761 2454 830 gratia
2484 771 2776 816 teneretur.
2822 762 2888 817 Et
2919 779 3029 818 non
3056 764 3186 820 dicit
3206 765 3446 832 deserui,
3493 765 3594 820 sed
3626 772 3842 818 mortuus

2282 871 2400 908 sum
2429 853 2553 924 legi,
2583 854 2634 910 id
2673 863 2757 910 est
2783 854 2857 910 ita
2897 855 3070 926 legem
3109 857 3356 912 destruxi
3397 857 3544 912 sicut
3581 871 3838 926 nunquam

2281 948 2516 1018 amplius
2539 947 2608 1002 ad
2637 948 2785 1002 illam
2815 965 3158 1016 reversurus,
3188 952 3466 1022 quomodo
3490 967 3524 1004 a
3549 959 3730 1004 morte
3753 965 3838 1004 non

2281 1041 2342 1095 ﬁt
2363 1040 2602 1096 reversio
2633 1041 2700 1096 ad
2718 1041 2903 1095 vitam.
2931 1040 3060 1112 Legi
3085 1043 3204 1098 ideo
3247 1052 3501 1098 mortuus
3531 1058 3684 1109 sitm,
3705 1053 3758 1095 ut
3777 1043 3840 1094 τί.

2283 1151 2400 1188 vam
2422 1134 2554 1200 Deo,
2583 1135 2636 1190 id
2663 1145 2748 1190 est
2774 1151 2870 1206 per
2897 1137 3129 1206 gratiam
3159 1136 3275 1192 Dei.
3313 1135 3451 1192 Vere
3485 1136 3748 1210 deserens
3779 1136 3836 1188 lt-

2283 1243 2425 1298 gem,
2463 1228 2598 1282 vivit
2625 1228 2736 1284 Deo
2778 1244 2874 1299 per
2919 1228 3114 1295 ﬁdem;
3160 1245 3287 1284 nam
3315 1235 3500 1284 cessat
3537 1243 3570 1282 a
3613 1228 3772 1292 male,
3801 1237 3840 1280 et

2283 1329 2543 1390 Operatur
2579 1321 2804 1376 bonum.
2834 1319 2990 1387 Quod
3015 1321 3097 1378 sic
3137 1321 3214 1376 ait
3241 1339 3254 1376 :
3279 1319 3540 1390 Conﬁxae
3576 1336 3697 1372 sum
3723 1323 3838 1372 cmi

2285 1410 2506 1480 Christi,
2537 1412 2592 1468 id
2618 1421 2702 1469 est
2730 1413 2919 1468 aﬁixos
2952 1413 3127 1469 habeo
3151 1429 3348 1469 sensus
3381 1428 3540 1468 meos
3570 1399 3835 1482 ρει-’τίων

2283 1511 2391 1557 tem
2423 1503 2602 1559 crucis
2622 1503 2847 1572 Christi,
2877 1519 2947 1559 ne
2974 1504 3213 1575 quandiu
3243 1505 3300 1558 in
3332 1505 3440 1558 ﬁde
3477 1502 3694 1558 Christi
3723 1517 3834 1562 Sum.

2287 1595 2446 1650 liceat
2467 1596 2744 1666 porrigere
2769 1611 2991 1651 manum
3033 1596 3118 1650 vel
3141 1596 3332 1666 pedem
3366 1595 3436 1650 ad
3460 1611 3610 1665 opus
3641 1593 3832 1648 malua.

2287 1686 2548 1742 Conﬁsus
2571 1703 2694 1742 sum
2719 1687 2870 1743 cruci
2892 1686 3117 1754 Christi,
3160 1686 3214 1742 id
3235 1694 3320 1742 est
3346 1687 3416 1742 ad
3451 1685 3692 1758 gloriam
3713 1684 3836 1740 Chri-

2289 1781 2378 1847 sti,
2402 1781 2496 1850 qui
2516 1795 2603 1834 me
2631 1781 2713 1835 sic
2737 1781 2981 1847 conﬁxit,
3008 1788 3062 1834 et
3083 1795 3179 1850 per
3209 1779 3326 1835 haec
3351 1780 3632 1834 habemus
3657 1793 3832 1832 cessare

2285 1870 2501 1924 amalo.
2546 1870 2800 1926 Christus
2843 1870 2890 1925 si
2923 1870 3206 1937 voluisset,
3256 1870 3404 1925 aliud
3449 1885 3636 1941 genus
3685 1869 3830 1924 monis

2284 1961 2555 2031 elegisset,
2587 1961 2681 2016 sed
2705 1961 2877 2016 voluit
2897 1969 2958 2015 ut
2979 1976 3081 2016 nec
3113 1961 3292 2030 ipsum
3317 1978 3493 2033 genus
3519 1961 3726 2016 mortis
3749 1977 3822 2028 ay-

2284 2051 2452 2106 sterio
2479 2055 2716 2118 careret,
2736 2051 3074 2123 praesignans
3113 2052 3218 2106 hoc
3249 2051 3306 2106 in
3339 2050 3608 2106 aliixione
3649 2065 3818 2106 sum

2285 2143 2676 2208 membrorum,
2698 2159 2821 2213 quae
2842 2143 3402 2198 secundumveterem
3428 2141 3724 2196 hominem
3747 2157 3828 2211 pas

2283 2233 2456 2290 sibilis
2481 2243 2537 2289 et
2577 2235 2826 2290 mortalis
2857 2249 3034 2304 usque
3070 2234 3140 2289 ad
3181 2234 3325 2290 diem
3353 2233 3546 2289 crucis
3599 2231 3832 2288 sustinue-

2281 2334 2390 2390 rat,
2425 2333 2484 2381 ut
2508 2326 2651 2380 sicut
2681 2325 2924 2381 membra
2951 2341 3053 2382 sua
3080 2325 3325 2391 conﬁxa,
3355 2324 3678 2380 secundum
3701 2323 3834 2378 virtu-

2282 2425 2390 2475 tem
2423 2417 2662 2474 hominis
2689 2419 2756 2473 ad
2785 2419 3000 2488 aliquos
3025 2425 3184 2474 actus
3203 2417 3500 2473 extendere
3525 2432 3652 2472 non
3677 2417 3838 2488 potuit,

2283 2509 2429 2578 quod
2457 2508 2513 2564 in
2541 2509 2634 2564 illa
2664 2525 2827 2565 cruce
2859 2510 2939 2566 sic
2960 2509 3268 2582 conﬁgebat
3299 2509 3594 2564 hominem
3623 2509 3836 2579 justitia;.

2279 2607 2342 2654 ut
2361 2599 2602 2668 quandiu
2623 2599 2784 2654 ﬁdem
2806 2599 3010 2656 Christi
3031 2616 3143 2657 non
3163 2600 3394 2656 violaret
3413 2600 3484 2655 ad
3507 2608 3704 2656 actum
3728 2599 3838 2668 inju-

2281 2689 2444 2743 stitias
2483 2689 2760 2744 declinare
2811 2703 2928 2744 non
2967 2697 3169 2759 posset.
3207 2688 3473 2745 Conﬁxus
3517 2705 3652 2745 sum
3701 2689 3836 2748 cruci.

2281 2793 2501 2836 cessans
2532 2796 2563 2835 a
2601 2782 2766 2836 malo.
2803 2779 2929 2835 Vivo
2951 2791 3129 2835 autem
3146 2781 3261 2850 jam
3287 2797 3392 2835 non
3444 2798 3566 2851 ego,
3597 2781 3696 2852 qui
3721 2795 3834 2836 eral

2281 2871 2580 2926 secundum
2623 2872 2827 2943 legem;
2877 2873 2967 2926 sed
3015 2872 3137 2926 vivit
3185 2871 3244 2926 in
3277 2889 3358 2926 me
3388 2871 3668 2938 Christus,
3695 2872 3746 2928 id
3775 2881 3832 2926 est

2273 2961 2405 3026 ,vivo
2431 2977 2532 3032 ego
2563 2963 2677 3032 ipse
2701 2961 2878 3018 factus
2907 2961 3160 3018 Christus
3187 2977 3286 3032 per
3313 2960 3776 3028 conformitatem,
3795 2971 3832 3014 et

2279 3068 2376 3123 per
2420 3053 2562 3108 hanc
2604 3062 2812 3124 partem
2863 3054 3130 3108 habemus
3177 3053 3392 3123 operari
3439 3052 3682 3108 bonum.
3727 3050 3830 3104 Viro

2279 3145 2466 3215 utique
2489 3144 2601 3200 Deo
2623 3161 2717 3215 per
2745 3145 2928 3210 ﬁdem,
2955 3160 3054 3215 per
3086 3137 3453 3210 dilectionem,
3491 3159 3595 3215 per
3625 3143 3828 3200 traditio-

2281 3251 2426 3290 nem.
2456 3234 2570 3292 Hoc
2603 3237 2678 3291 ita
2704 3237 2818 3292 ait.
2852 3235 2964 3308 Ego
2995 3237 3154 3302 vivo;
3184 3236 3322 3306 quod
3352 3245 3532 3290 autem
3557 3252 3706 3290 nunc
3731 3237 3816 3298 sill,

2280 3327 2492 3396 positus
2519 3328 2576 3382 in
2599 3343 2775 3394 carne,
2807 3328 2935 3398 quia
2971 3327 3097 3384 licet
3120 3343 3250 3382 caro
3277 3327 3562 3399 impugnet
3589 3329 3816 3399 spiritu,

2280 3426 2464 3474 tamen
2487 3420 2714 3489 spiritus
2741 3420 2798 3475 in
2825 3436 2914 3476 me
2935 3419 3089 3486 vivit,
3122 3429 3176 3475 et
3193 3419 3410 3490 jugulat
3431 3420 3710 3476 desideria
3741 3435 3828 3474 car-

2279 3506 2388 3574 nis,
2422 3509 2568 3579 quod
2593 3509 2921 3564 miraculum
2961 3516 3046 3564 est
3081 3507 3156 3563 ita
3203 3508 3384 3562 vivere
3413 3507 3470 3562 in
3501 3523 3693 3563 carne.
3722 3507 3834 3574 Qui:

2278 3613 2408 3660 vero
2435 3599 2516 3654 sic
2540 3599 2666 3654 vivo
2693 3600 2750 3652 in
2777 3599 2900 3668 ﬁde,
2931 3598 2982 3653 id
3017 3607 3101 3654 est
3127 3613 3223 3668 per
3251 3598 3412 3653 ﬁdem
3445 3596 3586 3651 Filii
3605 3597 3704 3652 Dei
3723 3599 3836 3662 sive,

2277 3697 2334 3746 et
2362 3705 2472 3744 non
2501 3705 2598 3759 per
2624 3705 2788 3759 opera
2814 3690 2969 3760 legis,
2995 3688 3092 3746 sed
3124 3704 3222 3760 per
3249 3689 3598 3744 dilectiOnem
3627 3687 3833 3750 Christi,

2279 3783 2368 3852 qui
2398 3779 2588 3834 dilexit
2635 3797 2736 3849 me,
2767 3781 3046 3836 hominem
3069 3780 3429 3850 personaliter
3481 3780 3662 3858 unicus
3707 3777 3824 3830 sibi.

2279 3871 2415 3926 Vivo
2435 3874 2600 3928 etiam
2623 3882 2673 3928 et
2703 3889 2798 3944 per
2820 3873 3192 3941 traditionem,
3223 3874 3353 3944 quia
3393 3873 3640 3928 Christus
3675 3870 3831 3924 tradi-

2276 3963 2358 4018 dit
2397 3967 2738 4034 semetipsum
2780 3965 2837 4020 in
2879 3973 3106 4020 mortem
3164 3981 3258 4035 pro
3298 3981 3400 4031 me,
3451 3961 3760 4020 redimendo
3809 3977 3834 4014 a

2276 4065 2472 4122 morte,
2510 4057 2657 4126 quod
2699 4071 2810 4111 non
2851 4063 3064 4126 poterat
3100 4055 3238 4110 efﬁci
3277 4071 3373 4126 per
3417 4055 3614 4125 legem.
3637 4052 3706 4108 Et
3725 4051 3834 4124 quia

2275 4162 2374 4216 per
2401 4147 2563 4201 ﬁdem
2593 4147 2738 4214 vivo,
2760 4155 2946 4202 etnon
2971 4161 3068 4216 per
3091 4147 3287 4216 legem,
3317 4145 3486 4218 igitur
3523 4161 3638 4201 non
3661 4145 3834 4200 reduco

2275 4237 2469 4308 legem.
2495 4237 2651 4305 Quod
2679 4247 2864 4294 tamen
2895 4237 2978 4293 sic
3001 4239 3156 4308 ponit
3190 4255 3202 4291 :
3237 4236 3364 4292 Non
3399 4238 3604 4308 abjicio
3629 4238 3832 4310 gratiam

2275 4328 2396 4394 Dei,
2419 4331 2546 4391 quia
2571 4331 2828 4386 reducere
2865 4331 3058 4400 legem,
3085 4331 3247 4400 212
3275 4339 3422 4386 esset
3461 4331 3710 4401 abjieere
3733 4345 3830 4402 gra-

2277 4421 2427 4476 tiam.
2453 4421 2576 4478 ldeo
2602 4437 2712 4476 non
2735 4423 2937 4477 reduco
2959 4422 3152 4492 legem,
3175 4422 3304 4491 quia
3324 4435 3434 4476 non
3461 4437 3560 4491 per
3575 4423 3750 4493 legem
3765 4421 3808 4490 jl

583 4507 846 4564 destruxi
893 4509 1088 4580 legem,
1119 4525 1286 4580 quam
1319 4527 1428 4565 non
1461 4514 1748 4581 melliﬁco,
1795 4530 1864 4570 ne
1917 4531 2004 4570 me
2039 4531 2172 4571 con-
2201 4517 2248 4576 D
2273 4513 2442 4574 stitia.
2461 4511 2532 4592 Si
2559 4514 2698 4568 enim
2723 4530 2815 4583 per
2837 4512 3000 4584 legem
3036 4508 3180 4568 esset
3199 4512 3440 4582 justitia,
3467 4529 3594 4583 ergo
3615 4511 3825 4568 Christus

601 4600 824 4654 stituam
849 4600 1338 4670 praevaricatorem.
1375 4601 1432 4657 Si
1457 4605 1601 4659 enim
1631 4605 1962 4677 destructam
1999 4609 2172 4679 legem

599 4692 957 4760 remdiﬁcans,
999 4693 1122 4748 ideo
1149 4696 1608 4764 praevaricationis
1657 4715 1786 4754 reus
1833 4715 1976 4756 sum.
2021 4699 2174 4758 Tunc

599 4781 739 4839 bene
758 4785 1007 4855 sequitur
1037 4787 1184 4856 quod
1225 4786 1501 4854 Christus,
1535 4791 1665 4859 quia
1707 4791 1877 4861 legem
1916 4792 2171 4859 exclusit,

599 4890 710 4954 non
739 4885 822 4932 est
847 4877 1097 4933 minister
1115 4879 1344 4949 peccati.
1365 4880 1503 4947 Quia
1525 4882 1605 4937 sic
1625 4882 1728 4936 ait:
1762 4881 1821 4937 Si
1845 4884 2035 4954 legalia
2055 4901 2173 4956 qme
2254 4937 2256 4940 .

600 4963 841 5020 destrui
859 4969 969 5022 haec
1003 4970 1195 5024 iterum
1221 4973 1572 5042 rewdiﬁcabo,
1605 4973 1808 5030 docens
1844 4992 1907 5030 ea
1945 4991 2065 5033 esse
2088 4985 2168 5034 te-

601 5056 800 5125 nenda,
829 5067 963 5116 tunc
989 5061 1233 5131 profecto
1281 5067 1542 5119 constituo
1586 5083 1668 5121 me
1713 5071 2172 5137 prrevaricatorem

603 5143 759 5216 legis,
788 5163 954 5218 quam
993 5152 1212 5208 reduco.
1237 5151 1361 5224 ipsa
1390 5157 1536 5211 enim
1567 5157 1654 5212 lex
1683 5159 1928 5230 praecipit
1955 5175 2014 5216 se
2033 5175 2169 5216 con-

605 5239 794 5305 temni,
818 5250 1106 5312 postquam
1127 5245 1337 5301 venerit
1368 5248 1562 5318 gratia,
1594 5258 1656 5304 ut
1687 5249 1762 5304 ibi
1783 5266 1879 5320 per
1902 5250 2122 5323 Moysen
2154 5271 2168 5307 :

609 5345 628 5380 α
648 5325 974 5398 Prophetam
985 5334 1272 5391 suscitabit
1283 5337 1438 5392 vobis
1449 5337 1592 5394 Deus
1603 5340 1670 5394 de
1682 5339 1942 5396 fratribus
1953 5342 2170 5410 vestris;

601 5419 782 5491 ipsum
801 5422 1032 5479 audietis
1055 5434 1316 5497 tanquam
1343 5445 1430 5484 me
1453 5429 1632 5500 (Deut.
1660 5435 1976 5506 xvnt,15).i
2005 5433 2176 5502 Quasi

600 5511 807 5568 diceret
831 5532 844 5568 :
875 5512 1096 5570 Interim
1124 5519 1299 5574 donec
1325 5520 1529 5586 veniat,
1560 5523 1744 5579 audite
1771 5542 1876 5582 me.
1917 5525 2056 5581 Cum
2085 5543 2179 5582 ve-

581 5603 746 5662 nerit
787 5603 896 5674 (me
934 5606 1215 5680 derelicto)
1266 5607 1542 5681 confugite
1581 5613 1662 5667 ad‘
1699 5629 1843 5670 eum.
1892 5615 2179 5674 Retediﬁco

603 5693 726 5750 ideo
743 5695 874 5752 dicit
899 5717 913 5752 :
941 5697 1300 5770 lmponebant
1311 5705 1454 5757 enim
1485 5703 1586 5774 ipsi
1613 5707 1833 5776 quidam
1858 5709 2002 5778 quod
2027 5710 2180 5779 prius

571 5787 768 5840 ~atulte
787 5789 1064 5844 docuisset
1095 5791 1264 5862 legem
1299 5809 1406 5848 non
1437 5811 1556 5852 esse
1589 5799 1912 5866 tenendam;
1941 5802 2035 5858 sed
2059 5817 2177 5864 mo-

2272 4606 2462 4674 gratis,
2488 4605 2540 4658 id
2565 4614 2650 4659 est
2691 4605 2964 4674 superﬂue
2991 4613 3230 4658 mortuus
3267 4613 3367 4671 est,
3409 4612 3471 4659 ut
3505 4604 3830 4674 justiﬁcarel,

2271 4711 2395 4752 cum
2422 4712 2518 4766 per
2543 4696 2714 4767 legem
2743 4697 3009 4752 habeatur
3027 4696 3274 4766 justitia;
3313 4696 3409 4752 sed
3439 4695 3724 4752 Christum
3753 4711 3832 4750 s-

2272 4787 2496 4858 perﬂue,
2535 4795 2813 4842 mortuum
2866 4787 3083 4842 nolletis
3113 4787 3430 4844 concedere.
3483 4853 3488 4858 ο

2887 4878 3116 4934 CAPUT
3155 4879 3242 4935 lll.

2354 4992 2372 5024 ι
2401 4970 2445 5028 Ο
2471 4971 2732 5028 insensati
2754 4971 2978 5039 Galatae,
2999 4973 3124 5043 quis
3146 4989 3243 5028 vos
3267 4971 3560 5028 fascinavit
3581 4988 3689 5028 non
3717 4970 3833 5026 obe-

2283 5084 2302 5118 ι
2347 5065 2466 5120 dire
2491 5064 2707 5118 veritati
2733 5073 2862 5118 ante
2910 5073 3146 5134 quorum
3195 5065 3384 5119 oculos
3409 5063 3574 5120 Iesus
3603 5064 3834 5119 Christus

2283 5175 2302 5209 ‹
2345 5155 2683 5227 proscriptus
2711 5163 2816 5222 est,
2837 5163 2894 5210 et
2919 5156 2976 5211 in
3001 5155 3158 5222 vobis
3181 5156 3512 5214 cruciﬁxus?
3535 5155 3652 5212 Hoc
3675 5155 3832 5210 solum

2283 5269 2302 5304 ι
2348 5266 2380 5306 a
2407 5243 2560 5306 vobis
2588 5249 2713 5304 volo
2756 5248 2989 5304 discere.
3025 5248 3108 5304 An
3135 5265 3202 5304 ex
3236 5249 3492 5319 operibus
3525 5249 3658 5322 legis
3685 5247 3832 5317 spiri-

2285 5361 2304 5395 ι
2347 5351 2465 5398 tum
2500 5341 2808 5411 accepistis,
2845 5355 2914 5395 an
2944 5356 3012 5396 ex
3035 5341 3226 5396 auditu
3251 5342 3414 5420 ﬁdei?
3437 5339 3529 5398 Sic
3551 5341 3698 5398 stulti
3711 5339 3832 5394 estis

2286 5453 2306 5486 ι
2351 5442 2431 5502 ut,
2472 5449 2598 5489 cum
2630 5433 2828 5502 spiritu
2873 5432 3172 5503 coeperitis,
3203 5449 3350 5488 nunc
3388 5448 3554 5489 carne
3591 5447 3830 5502 consumo

2289 5543 2307 5578 ε
2349 5525 2619 5580 memini?
2653 5524 2827 5580 Tanta
2857 5525 3006 5594 passi
3039 5525 3172 5581 estis
3197 5526 3316 5582 sine
3365 5527 3576 5582 causa?
3603 5527 3648 5582 si
3667 5535 3828 5580 tamen

2287 5635 2308 5668 ς
2355 5618 2473 5673 sine
2494 5633 2682 5672 causa.
2705 5617 2808 5684 Qui
2824 5633 2954 5687 ergo
2973 5618 3329 5676 tribuitvobis
3351 5617 3692 5690 Spiritum,et
3713 5631 3824 5687 ope-

2288 5727 2308 5759 ‹
2353 5719 2510 5764 ratur
2531 5709 2760 5763 virtutes
2803 5708 2860 5762 in
2889 5709 3068 5776 vobis,
3107 5725 3172 5765 ex
3203 5711 3462 5782 operibus
3503 5713 3650 5783 legis,
3681 5725 3742 5764 an
3765 5721 3822 5760 ex

2287 5821 2304 5853 ι
2351 5801 2538 5857 auditu
2563 5801 2722 5857 ﬁdei?
2759 5801 2910 5860 Sicut
2935 5803 3198 5874 scriptum
3224 5813 3326 5860 est:
3361 5823 3380 5856 ι
3410 5803 3646 5860 Credidit
3667 5800 3820 5856 Abra-
