3928 6416
35 410 191 464 295
715 371 1100 463 'EXPOSITIO
1134 405 1201 461 IN
1245 405 1622 462 EPISTOLAS
1654 404 1882 462 PAULI.
1923 434 1994 446 -
2026 404 2094 460 IN
2132 403 2349 462 EPIST.
2389 406 2482 462 AD
2517 407 2674 465 GAL.
3245 417 3356 477 994

35 544 54 575 ι
151 528 295 582 ham
323 525 452 592 Deo,
481 533 536 580 et
574 533 884 596 reputatum
921 534 1006 580 est
1041 525 1093 580 ei
1130 525 1197 578 ad
1222 523 1492 594 justitiam
1517 521 1668 592 (Cen.
1700 527 1747 582 Α
1773 529 1940 575 runta
1955 519 2174 584 vetulis,
2190 535 2312 589 quae
2331 521 2561 576 credunt
2579 519 2846 591 quosdam
2859 520 3214 584 fascinatores
3234 531 3356 585 solo

33 638 58 668 ι
150 637 254 685 xv,
290 619 360 682 6;
387 618 539 672 Rom.
579 635 652 682 ιγ,
685 618 760 689 3).
792 637 810 669 ι
857 618 1182 690 Cognoscite
1221 631 1372 687 ergo,
1414 616 1542 686 quia
1582 615 1677 685 qui
1780 612 1898 666 visu
1925 627 2083 682 posse
2118 627 2466 682 corrumpere
2491 627 2630 682 quos
2657 613 2865 668 volunt.
2894 613 3004 671 Vos
3032 617 3156 672 dico
3183 619 3351 676 fasci-

33 729 59 759 ι
141 726 226 765 ex
255 711 366 766 ﬁde
393 719 538 776 sunt,
571 710 627 764 hi
668 718 798 765 sunt
823 711 919 764 ﬁlii
949 711 1202 764 Abrahze.
1237 708 1534 763 Providens
1580 724 1680 762 au-
1778 711 1935 756 natos
1964 712 2085 755 ante
2114 702 2292 756 oculos
2317 718 2539 772 quorum
2564 701 2712 772 (quia
2736 703 2909 772 ipsam
2932 707 3213 763 veritatem
3256 711 3353 765 ha-

34 821 64 852 c
149 814 274 858 tem
309 801 612 873 Scriptura,
639 802 767 872 quia
794 819 862 857 ex
889 802 994 856 ﬁde
1011 802 1274 872 justiﬁcat
1298 808 1486 871 gentes
1509 798 1675 864 Deus,
1777 794 1919 848 betis
1934 802 1989 847 et
2017 793 2368 864 cognoscitis)
2399 803 2453 848 et
2488 794 2543 848 in
2575 795 2748 849 oculis
2771 797 2965 851 vestris
2993 797 3234 853 Christus
3254 800 3352 856 Je-

34 915 66 945 α
141 895 554 966 praenuntiavit
587 895 841 961 Abrahae,
883 895 1014 966 quia
1063 913 1082 945 ι
1116 894 1504 948 benedicentur
1543 891 1596 944 in
1625 899 1678 944 te
1776 902 1865 939 sus
1893 886 2217 955 proscriptus
2243 894 2341 939 est.
2368 885 2715 956 Proscriptus
2737 888 2958 954 dicitur,
2987 891 3080 959 qui
3111 907 3143 946 a
3181 909 3350 964 regno

44 1006 72 1036 ε
147 1003 361 1044 omnes
405 997 595 1058 gentes
623 985 774 1057 (Gen.
821 1003 919 1054 xu,
963 986 1040 1056 3).
1077 1004 1093 1036 ι
1123 984 1294 1055 Igitur
1337 983 1431 1053 qui
1479 998 1545 1037 ex
1573 983 1678 1036 ﬁde
1775 986 1831 1032 et
1851 978 2164 1032 haereditate
2195 993 2293 1031 sua
2315 977 2618 1047 depellitur.
2650 978 2688 1032 li
2711 987 2892 1034 autem
2910 979 3188 1037 Christum
3215 1000 3247 1038 a
3270 1001 3353 1039 re-

47 1095 74 1126 ι
145 1087 296 1133 sunt
325 1077 714 1133 benedicentur
759 1093 884 1132 cum
924 1077 1068 1132 fideli
1111 1076 1407 1130 Abraham.
1432 1074 1677 1140 Quicun-
1777 1068 2385 1139 gnoethtereditatesua
2401 1068 2758 1138 depellebant,
2776 1071 2905 1126 dum
2923 1072 3202 1142 seipsosin
3233 1077 3355 1144 qui-

55 1188 82 1220 ι
145 1185 268 1240 que
294 1170 443 1224 enim
468 1185 536 1225 ex
571 1169 832 1240 operibus
873 1169 1012 1238 legis
1052 1179 1200 1234 sunt,
1245 1167 1348 1221 sub
1390 1165 1677 1220 maledicto
1775 1161 2114 1231 busregnare
2134 1159 2682 1232 debebat,etquicjus
2701 1164 3352 1233 eranthazreditas,Chri-

61 1279 88 1311 ι
156 1270 313 1316 sunt.
360 1259 635 1331 Scriptum
693 1269 779 1316 est
833 1261 1016 1316 enim:
1079 1279 1096 1311 ι
1127 1259 1442 1314 Maledictus
1497 1258 1676 1312 omnis

74 1372 102 1403 ς
161 1351 380 1424 [homo]
405 1353 499 1423 qui
525 1368 633 1407 non
657 1352 1020 1422 permanserit
1043 1352 1097 1406 in
1122 1335 1376 1406 omnibus
1401 1364 1522 1419 qua:
1542 1348 1677 1404 scri-

73 1463 98 1494 ι
166 1454 256 1514 pta
277 1453 406 1498 sunt
431 1443 484 1497 in
523 1444 662 1498 libro
702 1443 856 1513 legis,
893 1451 953 1497 ut
989 1441 1150 1496 faciat
1178 1457 1242 1496 ea
1279 1439 1460 1512 (Deut.
1504 1454 1671 1503 xxvn,

76 1556 102 1587 c
159 1535 274 1604 26).
310 1553 330 1586 ι
366 1533 636 1600 Quoniam
670 1543 853 1588 autem
895 1534 952 1586 in
983 1533 1100 1603 lege
1135 1547 1297 1586 nemo
1341 1529 1675 1599 justiﬁcatur

71 1645 94 1675 α
153 1625 309 1695 apud
353 1623 547 1691 Deum,
587 1623 938 1678 manifestum
965 1632 1072 1688 est,
1101 1622 1230 1693 quia
1266 1641 1284 1673 ‹
1307 1621 1491 1691 justus
1521 1636 1586 1674 ex
1616 1619 1674 1674 ﬁ-

73 1737 96 1768 ι
155 1718 230 1772 de
270 1717 406 1771 vivit
443 1715 675 1788 (Hahae.
717 1712 778 1783 ii,
805 1717 877 1783 ις
911 1715 1067 1770 Rom.
1097 1733 1135 1782 ι,
1165 1716 1275 1786 l7).
1307 1733 1326 1767 ›
1355 1713 1466 1769 Lex
1490 1722 1670 1768 autem

75 1828 97 1857 ι
157 1823 272 1862 non
302 1815 479 1862 estex
517 1806 621 1861 ﬁde
649 1825 661 1860 :
690 1805 785 1862 sed
818 1826 837 1858 ι
863 1806 956 1875 qui
985 1804 1176 1861 fecerit
1203 1821 1290 1870 ea,
1318 1803 1462 1858 vivet
1489 1803 1543 1857 in
1567 1802 1672 1858 illis

1773 1261 1857 1307 sto
1890 1252 2283 1307 subducebant.
2306 1251 2420 1306 Non
2445 1253 2620 1307 solum
2645 1256 3012 1325 proscriptus;
3052 1258 3146 1312 sed
3183 1259 3348 1314 etiam

1771 1342 2022 1398 Christus
2037 1352 2120 1398 est
2139 1343 2196 1396 in
2217 1344 2356 1397 vobis
2385 1345 2688 1413 cruciﬁxus.
2703 1344 2818 1400 Non
2839 1347 2983 1401 enim
3002 1349 3174 1420 magis
3193 1351 3354 1405 viluit

1772 1435 1932 1505 213
1953 1434 2204 1490 Christus
2235 1435 2288 1489 in
2309 1436 2484 1491 oculis
2505 1435 2814 1492 Judaaoruni
2840 1448 2893 1492 et
2913 1437 3089 1505 Pilati,
3110 1457 3273 1512 quam
3291 1442 3349 1496 in

1770 1527 1946 1593 vobis,
1969 1527 2063 1597 qui
2093 1527 2174 1582 sic
2193 1543 2318 1582 eum
2348 1528 2714 1582 contemnitis.
2740 1527 2836 1582 Vel
2863 1529 2934 1583 ita
2962 1535 2974 1581 ':
2998 1530 3136 1586 Ante
3160 1533 3349 1586 oculos

1771 1633 2007 1686 quorum
2030 1616 2283 1673 Christus
2308 1619 2645 1688 proscriptus
2673 1629 2758 1674 est
2781 1621 2835 1674 in
2866 1622 3009 1687 aliis,
3035 1639 3172 1692 quos
3203 1625 3350 1680 malo

1771 1710 2019 1779 exemplo
2065 1710 2426 1780 depravastis,
2471 1721 2525 1765 et
2569 1712 2734 1766 etiam
2780 1713 2835 1768 in
2883 1715 3040 1770 vobis
3069 1716 3224 1784 ipsis,
3253 1717 3348 1786 qui

1771 1799 2054 1856 Christum
2087 1802 2350 1871 repellitis
2373 1818 2404 1856 a
2437 1803 2614 1857 vobis.
2651 1803 2718 1857 Et
2745 1804 2872 1860 licet
2897 1806 2972 1860 ita
3004 1805 3078 1861 sit
3109 1808 3346 1876 proscri-

73 1918 100 1949 ‹
151 1897 352 1969 (Levit.
386 1914 540 1963 xvul,
579 1898 654 1965 5).
690 1917 708 1948 ι
764 1897 1017 1952 Christus
1067 1906 1250 1951 autem
1300 1911 1401 1950 nos
1443 1895 1668 1950 redemit
1705 1882 1743 1937 Β
1772 1901 1919 1962 ptus,
1965 1903 2145 1947 tamen
2188 1892 2306 1962 ipse
2352 1909 2450 1963 pro
2494 1895 2644 1949 vobis
2674 1905 2759 1949 est
2783 1897 3098 1962 cruciﬁxus,
3135 1912 3236 1952 nec
3275 1897 3349 1951 ita

77 2007 101 2038 σ
155 1988 227 2043 de
260 1987 554 2042 maledicto
582 1986 718 2058 legis
746 2007 758 2042 :
790 1986 969 2042 factus
999 2002 1099 2057 pro
1122 1987 1280 2042 nobis
1302 1985 1668 2050 maledictum,

79 2101 104 2130 ς
157 2080 288 2150 quia
322 2079 585 2148 scriptum
615 2088 729 2134 est:
752 2099 770 2131 ι
801 2077 1118 2134 Maledictus
1142 2077 1553 2150 omnis[homo]
1576 2077 1669 2146 qui

93 2192 114 2221 ι
167 2171 361 2241 pendet
400 2172 455 2225 in
495 2171 642 2242 ligno
683 2170 864 2242 (Deut.
897 2187 1012 2236 χχι,
1046 2170 1162 2241 23),
1194 2189 1212 2220 ι
1244 2177 1305 2224 ut
1330 2169 1384 2222 in
1421 2168 1670 2240 gentibus

90 2284 112 2314 ε
169 2264 472 2319 benedictio
502 2263 738 2332 Abrahze
766 2263 918 2318 ﬁeret
949 2263 1000 2316 in
1031 2261 1254 2317 Christo
1289 2259 1439 2325 Jesu,
1472 2267 1532 2313 ut
1553 2259 1671 2328 pol-

91 2376 114 2406 σ
164 2355 521 2411 licitationem
550 2355 778 2425 spiritus
833 2355 1168 2424 accipiamus
1197 2368 1293 2423 per
1321 2352 1500 2406 ﬁdem.
1534 2349 1668 2404 Fra-

79 2466 104 2498 ι
153 2457 272 2503 tres
306 2447 632 2518 (secundum
675 2447 954 2502 hominem
997 2447 1144 2513 dico)
1196 2455 1376 2501 tamen
1429 2443 1669 2498 hominis

85 2557 105 2589 ε
154 2537 542 2593 conﬁrmatum
570 2547 955 2593 testamentum
993 2553 1155 2593 nemo
1192 2537 1419 2606 spernit,
1448 2544 1544 2590 aut
1576 2550 1670 2590 su-

84 2649 104 2681 s
149 2627 470 2700 perordinat
517 2628 704 2695 (Hebr.
753 2644 831 2694 ιχ,
884 2629 1009 2699 l'l).
1055 2628 1284 2684 Abrahae
1330 2628 1487 2682 dictae
1543 2635 1671 2682 sunt

87 2740 108 2772 ι
157 2720 582 2792 promissiones,
608 2728 662 2776 et
685 2719 881 2776 semini
903 2720 1043 2790 ejus.
1070 2718 1188 2773 Non
1213 2719 1345 2775 dicit
1365 2727 1419 2774 et
1446 2718 1670 2774 semini-

85 2833 108 2865 ς
151 2814 282 2878 bus,
309 2813 469 2883 quasi
500 2813 555 2867 in
584 2813 796 2878 multis,
823 2801 918 2868 sed
940 2812 1100 2883 quasi
1137 2812 1191 2866 in
1229 2827 1362 2877 uno,
1391 2819 1446 2866 et
1473 2810 1668 2866 semini

93 2926 110 2957 ι
159 2915 254 2961 tuo
281 2905 379 2976 qui
415 2915 502 2961 est
529 2904 802 2961 Christus.
846 2903 959 2961 lloc
997 2914 1178 2959 autem
1202 2904 1346 2970 dico,
1371 2913 1668 2959 testamen-

91 3015 112 3047 ι
155 3006 275 3050 tum
307 2995 689 3051 conﬁrmatum
711 3011 742 3050 a
766 2995 895 3051 Deo.
928 2993 1065 3062 Qua:
1095 3003 1220 3065 post
1241 2995 1670 3066 quadringentos

97 3107 117 3138 ι
157 3098 212 3142 et
242 3087 471 3158 triginta
502 3104 674 3146 annos
714 3085 854 3142 facta
884 3097 967 3142 est
1003 3087 1110 3152 lex,
1157 3101 1267 3141 uon
1300 3086 1514 3141 irritum
1543 3086 1671 3141 facit

1769 1993 1914 2041 esset
1947 1985 2390 2054 proscribendus.
2436 1984 2552 2041 Hoc
2584 1987 2861 2042 evidenter
2903 1989 3150 2044 inseruit.
3189 1989 3348 2044 Modo

1770 2077 2063 2131 revertitur
2083 2077 2150 2131 ad
2174 2077 2325 2130 illud.
2357 2074 2400 2130 Ο
2427 2091 2524 2132 vos
2551 2077 2838 2145 insensati,
2867 2079 2994 2133 licet
3024 2080 3184 2134 modo
3215 2080 3348 2134 satis

1769 2168 2114 2237 probaverim
2157 2169 2318 2222 ﬁdem
2348 2169 2551 2234 valere,
2580 2169 2752 2238 legem
2784 2170 2995 2223 irritam
3023 2186 3163 2236 esse,
3200 2179 3254 2225 et
3283 2171 3348 2224 li-
3427 2159 3431 2163 “

1769 2269 1854 2314 cet
1884 2276 1981 2316 vos
2010 2261 2276 2316 insensati
2311 2261 2454 2326 sitis,
2481 2269 2658 2314 tamen
2691 2276 2789 2316 vos
2811 2262 2960 2331 ipsos
2987 2261 3182 2316 faciam
3209 2278 3343 2317 con-

1770 2351 1910 2406 ﬁteri
1933 2361 1987 2406 et
2017 2353 2248 2421 probare
2277 2352 2422 2422 quod
2446 2368 2513 2406 ex
2540 2351 2646 2406 ﬁde
2683 2352 2756 2406 sit
2778 2352 3018 2421 justitia,
3057 2364 3111 2407 et
3140 2369 3247 2406 non
3277 2369 3346 2408 ex

1768 2443 1904 2514 lege.
1937 2442 2094 2510 Quod
2136 2443 2216 2498 sic
2257 2444 2371 2498 ait:
2411 2442 2578 2497 Multa
2613 2442 2719 2497 alia
2763 2452 3061 2498 occurrunt
3093 2459 3190 2512 per
3223 2459 3346 2514 qua:

1768 2535 1874 2590 hoc
1900 2536 2132 2604 probare
2152 2551 2391 2604 possem,
2421 2535 2516 2590 sed
2562 2534 2658 2588 hoc
2687 2533 2859 2588 solum
2903 2535 3120 2602 sufﬁcit,
3159 2543 3212 2590 et
3241 2537 3347 2590 hoc

1768 2631 1883 2682 volo
1908 2629 2109 2682 discere
2134 2645 2166 2681 a
2196 2629 2338 2682 vobis
2375 2644 2445 2680 an
2483 2628 2758 2697 accepistis
2797 2626 3062 2697 Spiritum
3099 2637 3345 2681 sanctum

1767 2736 1831 2775 ea:
1861 2720 1992 2792 lege,
2022 2737 2092 2772 an
2120 2737 2186 2774 ea:
2214 2720 2339 2790 fide.
2368 2719 2447 2774 Ex
2483 2720 2599 2790 lege
2621 2735 2750 2785 non,
2795 2720 2922 2788 quia
2949 2735 3068 2786 vos,
3093 2719 3344 2790 gentiles,

1766 2811 1943 2882 legem
1974 2826 2083 2865 non
2114 2810 2404 2865 habuistis.
2449 2809 2515 2863 Et
2548 2824 2656 2863 non
2704 2811 2779 2864 ita
2811 2811 3132 2880 simpliciter
3171 2809 3345 2880 ponit,
3393 2838 3395 2840 -

1769 2904 1864 2957 sed
1893 2903 2058 2957 addit.
2093 2901 2172 2957 Ex
2197 2903 2454 2973 operibus
2481 2902 2635 2972 legis,
2663 2918 2731 2956 an
2761 2918 2827 2956 ex
2858 2904 3048 2957 auditu
3079 2903 3226 2969 ﬁdei,
3251 2903 3346 2957 de-

1767 2997 2011 3067 primens
2057 2997 2259 3067 legem,
2309 2995 2468 3066 cujus
2513 3011 2676 3066 opera
2733 3005 2889 3050 erant
2945 2996 3342 3066 importabilia,

1768 3088 2158 3144 commendans
2201 3088 2384 3154 ﬁdem,
2426 3103 2548 3158 qure
2586 3086 2842 3141 facillime
2882 3102 2950 3141 ex
2993 3088 3112 3142 solo
3152 3087 3344 3141 auditu

102 3200 120 3230 ι
161 3181 225 3234 ad
264 3180 638 3238 evacuandam
689 3182 1130 3250 promissionem.
1174 3179 1312 3235 Nam
1356 3180 1402 3236 si
1451 3196 1517 3235 ex
1553 3181 1668 3251 lege
1695 3227 1736 3251 η
1770 3181 2019 3236 habetur.
2063 3178 2130 3234 Et
2186 3196 2310 3235 cum
2351 3195 2419 3234 ex
2463 3180 2566 3234 ﬁde
2606 3177 2869 3248 Spiritum
2908 3177 3217 3248 accepistis,
3267 3179 3344 3232 sic

97 3290 140 3321 (-
163 3271 479 3335 hereditas,
505 3269 618 3340 jam
653 3285 762 3324 non
791 3287 856 3325 ex
886 3271 1271 3341 promissione.
1309 3271 1542 3326 Abrahae
1564 3288 1666 3325 au-

98 3381 116 3412 ι
167 3373 283 3417 tem
304 3378 399 3431 per
421 3362 899 3432 repromissionem
930 3362 1154 3417 donavit
1191 3361 1354 3418 Deus.
1388 3361 1528 3429 Quid
1563 3363 1666 3434 igi-

103 3470 126 3502 ‹
173 3461 270 3506 tur
293 3452 404 3506 lex?
424 3452 654 3523 Propter
685 3454 1181 3524 transgressionem
1221 3453 1400 3524 posita
1434 3463 1537 3521 est,
1565 3454 1666 3508 do-

101 3560 121 3592 ι
167 3557 274 3597 nec
320 3543 518 3599 veniret
548 3559 758 3610 semen,
783 3545 875 3599 cui
906 3545 1253 3615 promiserat,
1283 3545 1532 3600 ordinata
1573 3560 1669 3615 per

95 3654 113 3684 σ
158 3636 387 3707 angelos
434 3637 490 3691 in
540 3638 1092 3693 manu'Mediatoris.
1161 3637 1425 3694 Mediator
1485 3648 1668 3693 autem

99 3744 115 3773 ι
159 3726 330 3781 unius
352 3741 463 3780 non
491 3735 606 3792 est;
641 3726 785 3782 Deus
823 3736 1009 3782 autem
1053 3744 1196 3782 unus
1226 3736 1328 3782 est.
1374 3726 1483 3782 Lex
1538 3743 1669 3798 ergo

96 3835 114 3868 ι
156 3819 427 3873 adversus
449 3819 720 3888 promissa
749 3819 880 3874 Dei?
900 3819 1085 3874 Absit!
1122 3818 1179 3874 Si
1209 3819 1356 3875 enim
1377 3820 1503 3874 data
1523 3829 1670 3875 esset

98 3928 115 3960 ι
155 3909 269 3977 lex,
300 3925 426 3980 quae
463 3919 648 3980 posset
675 3911 981 3978 viviﬁcare;
1012 3927 1140 3966 vere
1167 3927 1235 3966 ex
1279 3911 1396 3982 lege
1417 3919 1565 3967 esset
1579 3912 1670 3981 ju-

98 4023 114 4051 ι
153 4002 328 4058 stitia.
358 4000 465 4058 Sed
489 4003 756 4058 conclusit
777 4002 1060 4074 Scriptura
1084 4003 1269 4058 omnia
1297 4004 1400 4059 sub
1424 4013 1668 4074 peccato,

100 4114 116 4143 ι
136 4104 214 4149 -ut
239 4093 541 4165 promissio
582 4111 646 4150 ex
677 4095 781 4150 ﬁde
811 4095 938 4150 Jesu
968 4094 1170 4151 Christi
1202 4096 1426 4151 daretur
1445 4097 1670 4151 creden-

99 4206 116 4236 ‹
158 4188 334 4243 tibus.
378 4187 539 4245 Prius
581 4197 763 4244 autem
814 4204 979 4260 quam
1008 4188 1222 4244 veniret
1245 4189 1397 4255 ﬁdes,
1426 4189 1528 4244 sub
1556 4190 1671 4260 lege

103 4297 118 4327 ι
156 4280 628 4347 custodiebamur;
655 4280 897 4336 conclusi
927 4280 982 4335 in
1021 4296 1143 4336 eam
1173 4281 1334 4336 ﬁdem
1363 4297 1484 4353 quae
1517 4296 1672 4336 reve-

104 4389 120 4420 ι
160 4371 326 4426 lauda
362 4380 500 4427 erat.
540 4371 727 4443 Itaque
758 4373 845 4428 lex
881 4373 1208 4445 paedagogus
1250 4383 1435 4429 noster
1473 4373 1574 4429 fuit
1615 4375 1669 4430 in

107 4481 121 4512 ι
157 4463 404 4530 Christo,
443 4477 504 4519 ut
539 4480 608 4519 ex
649 4465 752 4520 ﬁde
775 4465 1160 4536 justiﬁcemur.
1197 4464 1267 4520 At
1305 4466 1396 4520 ubi
1434 4467 1580 4521 venit
1608 4466 1670 4520 ﬁ-

1769 3275 1933 3330 modo
2004 3272 2157 3327 stulti
2206 3275 2334 3328 estis
2378 3282 2434 3326 ut
2478 3290 2594 3326 cum
2645 3289 2737 3343 per
2771 3270 3030 3342 Spiritum
3087 3272 3346 3340 caeperitis

1769 3365 1989 3432 salvari,
2015 3381 2152 3418 nunc
2183 3382 2359 3432 carne,
2389 3366 2443 3420 id
2469 3375 2554 3420 est
2579 3381 2676 3435 per
2701 3364 2976 3419 carnalem
3011 3364 3184 3434 legem
3215 3380 3346 3416 con-

1769 3457 2131 3523 summemini,
2179 3457 2234 3512 id
2281 3467 2368 3512 est
2421 3457 2798 3528 perﬁciamini.
2854 3456 3159 3512 Plurimum
3201 3456 3347 3512 desi-

1769 3547 1899 3616 pitis
1928 3563 2051 3602 cum
2101 3547 2235 3603 illud
2282 3548 2428 3618 quod
2476 3547 2659 3603 minus
2707 3557 2792 3603 est
2819 3548 3053 3619 (scilicet
3080 3546 3344 3618 incipere)

1772 3637 2002 3709 Spiritui
2031 3640 2194 3705 datis,
2225 3648 2280 3694 et
2304 3639 2437 3694 illud
2461 3640 2609 3710 quod
2635 3638 2812 3709 majus
2841 3639 2917 3710 (id
2945 3647 3032 3694 est
3061 3639 3345 3709 perﬁcere)

1769 3731 2069 3786 attribuitis
2111 3731 2285 3786 carni.
2330 3729 2397 3785 Et
2439 3730 2570 3800 quia
2598 3745 2694 3800 per
2738 3745 2960 3785 carnem
2994 3745 3346 3785 consumma-

1771 3824 1975 3877 tionem
2020 3823 2288 3892 quaeritis,
2335 3823 2448 3875 sine
2487 3838 2651 3875 causa
2687 3822 2814 3875 estis
2859 3822 3004 3891 passi
3039 3829 3208 3876 tanta.
3235 3820 3346 3877 Vos

1771 3913 1991 3984 quidem
2024 3913 2194 3967 multa
2244 3913 2394 3983 passi
2430 3911 2566 3968 estis
2619 3913 2688 3967 ab
2722 3911 3052 3978 inﬁdelibus,
3096 3913 3190 3968 sed
3225 3911 3345 3967 fru-

1771 4014 1904 4060 stra.
1937 4003 2064 4058 Sine
2096 4020 2260 4058 causa
2284 4003 2409 4059 dico
2438 4018 2540 4060 vos
2565 4011 2716 4059 tanta
2750 4019 2981 4074 passos:
3029 4012 3213 4059 tamen
3243 4005 3344 4060 hac

1770 4097 2102 4163 conditione,
2151 4097 2199 4150 si
2245 4099 2360 4152 sine
2409 4115 2594 4165 causa,
2643 4097 2698 4153 id
2732 4107 2816 4154 est
2859 4099 2906 4154 si
2948 4097 3345 4168 incorrigibiles

1770 4188 1922 4244 estis.
1969 4188 2027 4242 Si
2078 4189 2223 4243 enim
2256 4189 2586 4259 pmniteatis,
2622 4198 2820 4260 praesto
2859 4196 2943 4244 cst
2990 4187 3344 4259 indulgentia.

1771 4277 1838 4332 Et
1868 4279 1948 4334 sic
1977 4279 2166 4335 dicens
2211 4281 2412 4336 revelat
2457 4296 2608 4351 spem
2650 4297 2861 4336 eorum.
2904 4279 3009 4336 Per
3045 4281 3166 4336 illos
3206 4296 3346 4350 quos

1769 4385 1836 4424 ex
1867 4370 1969 4424 ﬁde
2007 4371 2122 4425 sola
2172 4372 2421 4442 probavit
2461 4372 2663 4426 habere
2695 4371 2980 4442 Spiritum,
3023 4373 3151 4442 quia
3201 4388 3344 4426 nun-

1771 4479 1937 4532 quam
1981 4464 2152 4534 legem
2196 4465 2519 4520 habuerant.
2567 4463 2696 4518 Vult
2732 4466 2895 4521 modo
2929 4466 3158 4535 probare
3193 4465 3259 4519 de
3287 4479 3346 4519 se

112 4570 126 4601 ι
161 4555 281 4620 des,
299 4554 416 4624 jam
451 4569 562 4608 non
592 4570 786 4611 sumus
817 4555 923 4611 sub
953 4556 1264 4626 paedagogo.
1291 4553 1492 4611 Omnes
1525 4557 1668 4610 enim
1706 4572 1747 4625 ι)
1774 4557 1940 4625 quod,
1965 4573 2090 4612 cum
2123 4566 2418 4627 utrumque
2446 4557 2719 4624 habuerit,
2754 4559 2927 4630 legem
2950 4566 3004 4613 et
3026 4557 3186 4612 ﬁdem
3213 4575 3226 4622 ;
3253 4571 3346 4626 per

119 4659 132 4691 ι
167 4647 257 4700 lilii
299 4644 397 4700 Dei
419 4647 554 4701 estis
578 4661 674 4716 per
700 4646 883 4715 ﬁdem,
914 4646 968 4702 in
995 4646 1215 4704 Christo
1241 4646 1391 4704 Jesu.
1420 4647 1665 4714 Quicm-

115 4752 130 4782 ‹
162 4753 266 4808 que
298 4738 450 4793 enim
484 4738 539 4792 in
562 4737 782 4794 Christo
805 4739 1062 4810 baptizati
1085 4740 1239 4805 estis,
1269 4739 1549 4795 Christum
1583 4741 1668 4795 in-

108 4846 122 4876 ι
157 4829 381 4885 duistis.
404 4827 523 4884 Non
554 4839 639 4885 est
667 4829 912 4897 Judarus,
957 4846 1132 4900 neque
1158 4830 1409 4899 Graecus;
1441 4846 1550 4885 non
1585 4841 1670 4887 est

105 4935 121 4962 ί
159 4937 377 4988 servus,
417 4938 596 4992 neque
638 4922 805 4990 liber;
850 4938 962 4977 non
1003 4931 1089 4978 est
1139 4921 1440 4988 masculus,
1490 4938 1668 4993 neque

105 5030 118 5059 ε
157 5013 386 5069 femina.
411 5013 617 5070 Omncs
657 5014 802 5069 enim
835 5029 935 5068 vos
974 5029 1144 5068 unum
1189 5012 1323 5068 estis
1354 5013 1409 5066 in
1447 5012 1668 5068 Christo

105 5123 118 5150 ι
157 5103 310 5161 Jesu.
351 5105 408 5160 Si
446 5113 629 5160 autem
675 5121 772 5160 vos
804 5105 1029 5168 Christi,
1061 5120 1192 5175 ergo
1221 5119 1407 5158 semen
1437 5103 1668 5159 Abrahae

105 5213 120 5243 ι
159 5199 315 5264 estis,
351 5199 651 5254 secundum
684 5198 1102 5267 promissionem
1135 5196 1397 5252 haeredes.
1429 5215 1448 5247 ι

729 5351 1026 5392 πχροειτιο.

138 5447 649 5522 thuandoquidem
663 5467 758 5522 per
771 5451 1168 5521 ﬁdemjustitia,
1183 5459 1236 5505 et
1248 5465 1354 5504 non
1367 5464 1462 5519 per
1471 5449 1666 5519 legem,

104 5541 390 5596 Ginsensati
405 5542 633 5609 Galatte,
646 5545 763 5614 quis
785 5560 871 5597 vos
888 5543 1168 5614 fascinavit
1191 5551 1247 5596 ut
1274 5557 1376 5595 non
1389 5541 1667 5594 crederetis

106 5634 343 5690 veritati?
362 5635 652 5693 Veritatem
705 5637 915 5693 habetis
950 5637 1003 5691 in
1044 5637 1220 5701 vobis,
1261 5635 1467 5691 scilicet
1503 5634 1664 5690 ﬁdem

108 5721 321 5794 Christi,
335 5746 456 5799 qua:
469 5745 594 5788 vere
605 5731 888 5800 justiﬁcat,
903 5739 956 5785 et
970 5745 1079 5784 non
1099 5728 1318 5784 creditis
1331 5728 1400 5782 ei.
1415 5726 1667 5782 Fuscina-

112 5817 342 5887 tosdicit,
354 5838 618 5881 accusans
631 5822 993 5892 insipientiam
1005 5834 1342 5893 eorum;non
1357 5817 1504 5874 enim
1518 5817 1666 5874 diffe-

1773 4646 1934 4702 ﬁdem
1960 4657 2139 4703 tamen
2168 4647 2426 4718 Spiritum
2452 4647 2680 4718 accepit,
2714 4663 2822 4701 non
2847 4663 2942 4718 per
2967 4649 3158 4718 legem.
3190 4645 3346 4712 Quod

1770 4739 1878 4793 nisi
1911 4740 2184 4810 probaret,
2209 4741 2540 4796 dubietatem
2570 4741 2919 4810 relinqueret.

1845 4829 2000 4885 Unde
2028 4833 2107 4887 sic
2128 4833 2202 4887 ait
2231 4851 2243 4886 :
2273 4832 2724 4904 Quandoquidem
2746 4847 2845 4886 vos
2867 4848 2930 4886 ex
2957 4831 3060 4886 ﬁde
3081 4829 3345 4901 Spiritum

1772 4925 2083 4994 accepistis,
2119 4935 2174 4980 et
2209 4941 2319 4980 non
2349 4944 2414 4982 ex
2462 4927 2600 4998 lege,
2631 4943 2752 4996 ergo
2794 4924 2996 4979 Paulus
3025 4925 3117 4994 qui
3160 4924 3347 4977 tribuit

1770 5016 1912 5069 vobis
1945 5015 2233 5086 Spiritum,
2267 5019 2321 5073 id
2357 5026 2441 5074 est
2487 5035 2584 5090 per
2625 5033 2822 5080 manus
2861 5017 3018 5088 cujus
3059 5015 3349 5086 accepistis

1773 5104 2036 5174 Spiritum
2067 5117 2339 5175 sanctum,
2365 5119 2420 5164 et
2443 5109 2538 5180 qui
2575 5118 2823 5179 operatur
2863 5109 3077 5162 virtutes
3099 5116 3153 5162 et
3183 5107 3346 5162 mira-

1769 5197 1890 5251 cula
1923 5199 1978 5250 in
2012 5200 2175 5275 vobis,
2203 5200 2366 5256 dicite
2401 5202 2565 5256 modo
2609 5218 2678 5256 an
2709 5217 2774 5255 ex
2805 5200 3046 5272 operibus
3091 5199 3221 5272 legis
3247 5200 3344 5255 ha-

1771 5290 1890 5347 buit
1938 5291 2236 5362 Spiritum,
2271 5312 2341 5348 an
2384 5311 2448 5349 ex
2485 5296 2674 5350 auditu
2727 5295 2898 5366 ﬁdei?
2929 5293 3008 5349 Ex
3057 5295 3213 5350 vobis
3251 5309 3348 5364 per

1771 5383 1949 5439 simile
1979 5383 2228 5453 judicare
2269 5387 2516 5457 potestis,
2553 5387 2680 5457 quia
2709 5403 2774 5442 ex
2799 5387 2902 5443 ﬁde
2947 5402 3057 5442 non
3073 5402 3153 5441 ,ex
3185 5386 3303 5456 lege
3326 5427 3344 5453 ,

1768 5476 1893 5530 licet
1924 5484 2219 5548 utrumque
2255 5477 2526 5534 habuerit.
2556 5477 2635 5533 Ex
2667 5478 2771 5534 ﬁde
2823 5479 3054 5533 habetur
3085 5475 3342 5545 Spiritus.

1769 5567 1845 5622 Ex
1870 5568 1974 5624 ﬁde
2001 5570 2231 5625 habetur
2251 5571 2481 5642 justitia,
2503 5581 2558 5627 et
2588 5589 2656 5628 ex
2670 5573 2777 5628 ﬁde
2799 5571 3110 5644 promissio.
3143 5569 3348 5625 Littera

1769 5660 1850 5716 sic
1871 5661 2156 5732 jungitur:
2187 5661 2266 5716 Ex
2307 5662 2410 5719 ﬁde
2435 5665 2515 5719 sic
2545 5664 2776 5720 habetur
2819 5663 3074 5734 Spiritus,
3109 5661 3250 5716 sicut
3278 5675 3344 5716 ex

1767 5753 1955 5808 eadem
1981 5753 2084 5808 ﬁde
2114 5755 2343 5810 habetur
2363 5757 2594 5826 justitia.
2619 5755 2836 5813 Justitia
2890 5756 3078 5825 utique
3119 5769 3185 5809 ex
3214 5753 3339 5808 fide.

1770 5841 1912 5896 Nam
1943 5841 2211 5899 Abraham
2233 5846 2457 5900 credidit
2498 5847 2626 5904 Deo.
2667 5847 2719 5904 id
2750 5857 2832 5903 est
2864 5847 3022 5904 ﬁdem
3049 5845 3256 5916 habuit,
3287 5855 3345 5905 et
