3928 6408
566 387 672 444 395

1101 381 1160 438 S.
1197 378 1544 438 BRUNONIS
1581 373 2224 454 CARTHUSIANORUH
2263 369 2754 428 INSTITUTORIS
2791 367 2941 425 OPP.
2981 367 3162 424 PARS
3197 365 3262 420 ll.

3709 366 3812 420 sas

565 501 676 556 hoc
694 499 939 564 credere,
963 473 1262 567 reputatum
1282 505 1358 551 est
1377 496 1426 550 ei
1447 493 1718 550 sufﬁciens
1738 493 1806 548 ad
1827 491 2133 548 habendam
2165 495 2208 554 Α
2237 503 2378 542 onus
2408 486 2563 556 legis,
2593 493 2860 556 quantum
2887 499 2988 540 nec
3017 482 3122 554 ipsi
3145 489 3328 554 patres
3363 495 3556 536 eorum
3601 493 3814 554 ponar:

551 579 857 660 'justitiam.
885 589 951 644 Et
987 588 1112 660 quia
1145 587 1418 642 Abraham
1447 601 1541 655 per
1561 583 1720 638 ﬁdem
1759 582 1950 636 habuit
1977 580 2142 652 justi-

569 684 724 748 tiam,
761 697 883 752 ergo
921 680 1216 750 cognoscite
1259 677 1407 748 quia,
1447 677 1738 746 quicunque
1768 681 1896 729 sunt
1921 689 1986 727 ea;
2015 671 2138 742 fide,

570 786 624 832 et
644 791 752 830 non
779 791 844 829 ex
877 774 990 844 lege
1020 773 1186 842 (sicut
1209 786 1308 824 nec
1333 769 1612 822 Abraham
1641 775 1772 822 tunc
1811 765 1950 836 erat)
1983 765 2024 817 ii
2047 779 2142 834 per

573 867 732 922 ﬁdem
765 875 887 920 sunt
913 865 1016 934 ﬁlii
1037 862 1284 927 Abi-alue,
1311 860 1362 914 id
1395 869 1480 914 est
1502 860 1662 930 justi,
1691 858 1820 928 quia
1841 857 2144 912 imitatores

573 957 698 1012 ﬁdei
735 963 864 1011 sunt
909 953 1158 1007 Abrahae.
1195 949 1314 1004 Non
1364 950 1542 1004 solum
1581 964 1677 1018 per
1705 946 2144 1004 ﬁdem'habetur

577 1047 814 1118 Spiritus
838 1053 892 1099 et
917 1043 1152 1113 justitia,
1185 1041 1280 1096 sed
1309 1041 1471 1095 etiam
1502 1039 1557 1094 in
1593 1039 1700 1094 ﬁde
1721 1038 1952 1094 habetur
1975 1037 2143 1094 bene-

573 1121 760 1204 dictio,
813 1141 954 1192 sicut
1005 1134 1080 1188 ibi
1123 1135 1342 1204 legitur.
1391 1131 1436 1187 0
1477 1133 1754 1186 Abraham
1787 1133 1844 1186 in
1878 1141 1946 1198 te,
1976 1131 2028 1186 id
2063 1141 2148 1186 est

577 1231 632 1284 in
681 1227 1036 1285 similitudine
1091 1225 1215 1281 ﬁdei
1258 1233 1386 1291 tute,
1419 1224 1786 1278 benedicentur
1827 1239 1938 1278 non
1967 1223 2145 1280 solum

573 1319 764 1383 Judtei,
804 1319 898 1373 sed
927 1317 1094 1372 etiam
1121 1333 1298 1370 ontnes
1327 1325 1520 1386 gentes.
1573 1313 1676 1369 Sed
1724 1323 2016 1384 antequam
2045 1329 2146 1384 po-

573 1420 666 1466 nat
711 1412 850 1464 hanc
900 1409 1301 1472 auctoritatem,
1343 1407 1586 1478 praedicit
1628 1406 1904 1475 quomodo
1945 1405 2148 1462 intelli-

572 1504 806 1575 gendum
833 1503 906 1556 sit
927 1502 1080 1567 illud,
1115 1503 1170 1554 in
1201 1510 1267 1566 te,
1301 1500 1488 1554 dicens
1515 1518 1528 1553 :
1557 1497 1836 1568 Scriptura
1867 1498 1921 1552 in
1951 1496 2150 1552 Genesi

571 1596 880 1666 providens,
925 1593 978 1648 id
1027 1602 1114 1648 est
1161 1593 1454 1646 ostendens
1485 1590 1656 1645 Deum
1699 1589 2036 1660 providisse;
2070 1589 2152 1644 sic

576 1689 722 1743 enim
779 1687 847 1742 ab
895 1694 1098 1740 aeterno
1137 1683 1282 1740 Deus
1329 1683 1666 1748 deliberavit,
1718 1681 2032 1750 providens,
2067 1681 2152 1736 in-

575 1795 762 1849 quam,
792 1779 896 1832 hoc
917 1778 1064 1847 quia,
1091 1775 1142 1830 id
1166 1784 1252 1830 est
1277 1773 1416 1844 quod
1447 1773 1588 1827 Deus
1618 1772 1886 1842 justiﬁcat
1927 1787 2037 1826 non
2059 1785 2154 1826 so-

2237 585 2550 649 potuerunt.

2309 667 2568 722 Probavit
2592 667 2774 733 modo,
2795 681 2894 736 per
2919 664 3194 720 Abraham
3215 673 3270 718 et
3283 661 3528 734 Moysen,
3551 663 3816 732 justitiam

2241 759 2431 814 haberi
2457 775 2524 813 ex
2557 759 2684 825 ﬁde,
2708 767 2764 812 et
2789 755 3220 814 benedictionem
3245 755 3386 824 (Act.
3429 770 3520 820 xv,
3557 755 3674 824 ll),
3723 757 3816 812 hoc

2243 858 2538 920 utrumque
2578 864 2700 904 esse
2750 863 2818 902 ex
2849 847 2953 902 ﬁde
2979 847 3176 900 iterum
3203 846 3396 916 probat
3419 861 3516 914 per
3545 843 3814 902 llabacuc.

2243 939 2310 994 Et
2337 941 2794 997 considerandum
2818 947 2903 994 est
2941 938 3218 1010 quomodo
3249 936 3412 992 ﬁdem
3443 952 3660 1006 semper
3689 954 3816 1008 pr:-

2245 1029 2384 1085 ferat
2412 1030 2540 1102 legi,
2589 1038 2644 1084 et
2675 1044 2770 1100 per
2797 1027 3074 1084 Abraham
3103 1025 3198 1098 qui
3235 1025 3342 1084 fuit
3380 1037 3506 1082 ante
3555 1028 3750 1098 legem,
3773 1039 3818 1082 et

2243 1139 2340 1194 per
2372 1121 2590 1194 Moysen
2620 1122 2864 1192 ejusdem
2899 1120 3035 1190 legis
3059 1120 3327 1184 datorem,
3349 1127 3406 1172 et
3431 1133 3528 1188 per
3555 1115 3816 1182 Habacuc,

2247 1214 2349 1270 sub
2373 1213 2490 1286 ipsa
2511 1213 2626 1284 lege
2656 1212 2951 1268 viventem.
2984 1210 3062 1264 Ex
3091 1209 3195 1264 ﬁde
3223 1208 3458 1264 habetur
3484 1207 3816 1280 justiﬁeaﬁo.

2248 1303 2389 1370 Quia
2415 1313 2591 1358 autem
2627 1305 2683 1358 in
2711 1303 2821 1374 lege
2849 1318 2998 1356 nemo
3013 1301 3350 1372 justiﬁcatur
3371 1299 3508 1370 (non
3537 1298 3664 1354 dico
3693 1301 3818 1370 apud

2248 1395 2710 1452 existimationem
2739 1393 3044 1462 hominum)
3079 1392 3174 1447 sed
3199 1389 3342 1461 apud
3365 1389 3562 1456 Deum,
3589 1392 3818 1460 manifes-

2251 1495 2361 1540 tum
2389 1495 2466 1540 est
2491 1487 2544 1542 in
2573 1485 2847 1550 Habacuc,
2874 1486 3000 1557 quia
3041 1483 3119 1538 ait
3161 1485 3306 1555 quod
3339 1501 3404 1540 ea:
3435 1485 3544 1554 ﬁde
3575 1483 3636 1538 ﬁt
3663 1484 3810 1538 homo

2241 1579 2444 1647 justus,
2475 1587 2530 1634 et
2574 1577 2670 1648 qui
2715 1577 2900 1648 justus
2935 1585 3041 1643 est,
3093 1577 3238 1642 vivit,
3283 1577 3338 1632 id
3378 1586 3466 1632 est
3504 1575 3814 1646 promissam

2249 1669 2683 1726 benedictionem
2732 1668 3112 1740 apprehendit,
3137 1677 3194 1722 et
3219 1667 3264 1723 si
3291 1683 3360 1724 ex
3385 1667 3492 1722 ﬁde
3519 1668 3642 1724 sola
3659 1667 3816 1738 justus

2251 1760 2401 1826 vivit,
2433 1767 2566 1816 tunc
2593 1775 2702 1814 non
2733 1774 2802 1814 ex
2824 1759 2959 1830 lege.
2989 1757 3298 1830 Opponeret
3321 1758 3412 1812 ille
3438 1773 3452 1809 ;
3484 1753 3698 1812 Verum
3727 1757 3816 1826 qui-

527 1916 533 1922 .
571 1838 684 1934 lum
711 1838 850 1932 ﬁlios
877 1838 1062 1932 carnis
1081 1838 1332 1940 Abrahae,
1355 1874 1450 1928 sed
1470 1838 1634 1928 etiam
1651 1838 1846 1942 gentes,
1867 1871 2150 1941 justiﬁcat,
2185 1838 2228 1894 Β
2253 1851 2400 1917 dem:
2433 1851 2704 1942 (Ιυοάβθῖ
2743 1849 2906 1942 ﬁdem
2948 1858 3163 1942 ουρηθῑ
3195 1849 3486 1942 Ῑυξῑίίίφτί
3515 1849 3812 1942 hominem;

572 1981 722 2044 dico.
749 1993 858 2032 non
891 1993 958 2032 ex
989 1977 1124 2048 lege,
1151 1975 1246 2030 sed
1269 1991 1334 2028 ea:
1371 1974 1494 2043 ﬁde.
1538 1971 1632 2027 Illa
1675 1972 1956 2042 Scriptura
1997 1972 2156 2043 longe

573 2089 698 2135 ante
745 2091 960 2150 tempus
1013 2077 1200 2150 gratiae
1241 2075 1654 2147 pmnuntiavit,
1699 2075 1752 2130 id
1781 2083 1868 2132 est
1920 2074 2160 2130 ostendit

575 2181 744 2238 Deum
779 2180 1178 2252 praanuntiasse
1225 2176 1479 2244 Abrahae,
1529 2177 1660 2248 quia
1714 2175 1772 2230 in
1811 2183 1864 2230 te
1891 2187 1989 2243 per
2033 2172 2160 2227 imi-

574 2287 744 2334 tatam
813 2277 976 2332 ﬁdem
1033 2275 1426 2334 benedicentur
1480 2289 1676 2330 omnes
1748 2281 1938 2346 gentes
1986 2270 2154 2344 (Gen.

576 2394 678 2442 xu,
707 2379 784 2446 3).
1353 2361 1358 2372 '

649 2485 958 2540 Notandum
985 2493 1068 2540 est
1095 2483 1262 2556 quod,
1293 2499 1420 2540 cum
1464 2484 1658 2540 debeat
1691 2483 1923 2554 probare
1960 2485 2028 2540 de
2065 2484 2161 2538 bc-

2255 1943 2352 1998 sed
2381 1951 2564 1996 tamen
2592 1941 2680 1996 lex
2721 1941 2944 2012 adjuvat
2965 1941 3158 2007 ﬁdem,
3193 1949 3248 1996 et
3265 1939 3712 2010 'quodammodo
3747 1957 3810 1994 ιε-

2254 2036 2492 2091 cessaria
2537 2043 2622 2090 est
2673 2027 2818 2088 ﬁdei.
2877 2031 3032 2099 Quod
3089 2032 3164 2088 ita
3217 2029 3400 2086 infert.
3455 2029 3540 2088 Ex
3583 2031 3696 2088 ﬁde
3721 2033 3806 2086 viis

2250 2126 2458 2198 justus,
2482 2141 2596 2182 non
2633 2141 2702 2180 ex
2741 2125 2878 2196 lege.
2923 2123 3036 2180 Lex
3063 2133 3240 2180 autem
3279 2132 3512 2192 nonest,
3548 2123 3608 2180 id
3633 2133 3720 2179 est
3739 2139 3816 2178 nos
3881 2123 3885 2186 I

3881 2005 3885 2180 i

2257 2219 2456 2288 pendet
2484 2232 2550 2272 ea:
2579 2215 2705 2286 ﬁde,
2729 2231 2830 2271 nec
2856 2215 3028 2272 ullum
3049 2215 3425 2288 adjumentum
3451 2223 3544 2270 est
3567 2213 3716 2272 ﬁdei.
3743 2213 3821 2270 Sed
3881 2205 3885 2230 ⁴

2255 2311 2423 2368 vultis
2465 2310 2607 2367 scire
2669 2308 2802 2381 quid
2844 2309 3042 2366 melius
3072 2307 3280 2366 faciat?
3309 2299 3462 2378 Hoc,
3495 2309 3734 2374 scilicet,
3757 2311 3824 2379 qui
3883 2357 3885 2380 ,

2259 2401 2440 2472 fecerit
2469 2417 2553 2467 ea,
2571 2415 2694 2472 quae
2717 2397 2804 2454 lex
2833 2397 3096 2470 praecipit,
3127 2399 3258 2454 vivet
3281 2399 3336 2451 in
3359 2395 3497 2464 illis,
3523 2398 3584 2452 id
3605 2407 3690 2454 est
3705 2399 3825 2468 quod

2261 2490 2422 2546 habet
2451 2490 2756 2546 dimittetur
2783 2490 2834 2544 ei
2859 2507 2874 2556 ;
2911 2489 3006 2545 sed
3035 2489 3172 2544 nihil
3206 2489 3402 2544 merito
3427 2489 3572 2560 legis
3599 2505 3826 2566 augmen-

3881 2393 3885 2422 J

581 2578 911 2644 nedictione,
937 2577 1053 2632 ait:
1089 2575 1362 2632 Justiﬁcat
1387 2591 1452 2654 ex
1499 2577 1626 2642 lide,
1670 2576 1977 2648 intelligens
2015 2577 2160 2646 quod
2262 2581 2464 2636 tabitur
2497 2581 2568 2636 ei.
2602 2579 2742 2646 Quia
2769 2580 2982 2636 dixerat
3011 2579 3291 2649 superius:
3316 2577 3648 2640 Maledictus
3675 2579 3824 2634 omnis
3881 2575 3887 2654 ξ

569 2671 676 2726 ‘ubi
697 2670 953 2740 praecedit
983 2670 1218 2740 justitia,
1249 2669 1322 2724 ibi
1346 2686 1414 2726 ex
1436 2669 1762 2726 necessitate
1791 2670 2040 2742 sequitur
2069 2670 2166 2726 be-

583 2762 840 2816 nedictio.
868 2760 1022 2828 Quod
1061 2761 1150 2817 hic
1179 2769 1338 2816 vocat
1389 2760 1841 2826 benedictionem,
1893 2760 2034 2814 idem
2081 2760 2166 2815 in-

587 2854 780 2925 telligit
825 2853 1268 2926 promissionem,
1317 2861 1726 2920 testamentum,
1774 2853 2162 2910 haereditaten.

583 2945 851 3002 Praeterea
885 2947 1176 3002 videndum
1211 2955 1295 3002 est
1327 2947 1474 3018 quod
1505 2961 1612 3002 non
1652 2947 1952 3018 incongrua
1975 2948 2168 3003 ordine

583 3055 650 3094 ex
683 3039 786 3094 ﬁde
813 3039 966 3110 prius
1011 3040 1242 3096 habetur
1278 3037 1533 3112 Spiritus,
1565 3039 1764 3094 dehinc
1801 3039 2036 3112 justitia.
2081 3041 2165 3098 Ad

585 3134 836 3188 ultimum
885 3132 1208 3188 benedictio.
1241 3131 1370 3188 Post
1395 3132 1553 3188 ﬁdem
1590 3132 1736 3188 enim
1778 3132 1964 3188 statim
2003 3131 2167 3188 datur

588 3223 846 3296 Spiritus,
876 3225 996 3280 sine
1019 3239 1130 3294 quo
1153 3237 1315 3280 nemo
1341 3233 1520 3294 potest
1541 3224 1678 3278 bene
1704 3223 1935 3294 operari.
1963 3222 2169 3280 Dehinc

587 3333 684 3386 per
705 3317 1052 3386 adjuvantem
1083 3314 1369 3385 Spiritum,
1401 3325 1709 3386 sequuntur
1733 3329 1898 3386 Opera
1919 3315 2166 3385 iustitiae.

587 3408 720 3464 Post
775 3408 1044 3479 justitiam
1098 3407 1347 3478 sequitur
1389 3407 1736 3472 benedictio,
1782 3407 1946 3482 214
1999 3408 2054 3463 id
2087 3417 2173 3464 est

583 3501 862 3571 iustorum
898 3515 1124 3570 operum
1157 3498 1465 3554 retributio.
1497 3498 1564 3554 Et
1607 3498 1736 3568 quia
1777 3497 2057 3568 Scriptura
2094 3500 2174 3556 sic

591 3591 671 3648 ait
703 3607 800 3662 per
834 3589 992 3648 ﬁdem
1020 3590 1313 3654 mediante,
1333 3588 1546 3660 justitia
1577 3589 2012 3646 benedictionem
2042 3607 2176 3647 con-

593 3683 772 3754 sequi,
807 3683 977 3753 igitur
997 3682 1038 3736 ii
1058 3681 1148 3753 qui
1173 3689 1295 3736 sunt
1315 3697 1380 3735 ea:
1395 3679 1524 3750 ﬁde,
1554 3680 1606 3735 id
1634 3688 1720 3736 est
1745 3679 1838 3752 qui
1866 3696 1986 3736 esse
2013 3697 2176 3737 suum

521 3839 524 3842 _
591 3775 866 3830 collocant
900 3774 954 3830 in
981 3773 1112 3838 ﬁde,
1145 3771 1292 3844 quod
1338 3772 1528 3842 utique
1567 3770 1738 3828 David
1780 3782 1834 3828 et
1881 3772 2040 3828 multi
2085 3773 2177 3828 alii

593 3883 720 3924 cum
746 3876 930 3923 essent
951 3867 1056 3922 sub
1080 3867 1217 3936 lege,
1253 3865 1554 3922 subsistere
1599 3873 1778 3918 tamen
1811 3864 2086 3920 habebant
2111 3881 2178 3920 ex

595 3958 722 4014 ﬁde.
765 3957 808 4012 li
857 3959 1048 4028 utique
1093 3957 1187 4028 qui
1237 3965 1366 4014 sunt
1396 3971 1464 4012 ex
1510 3956 1616 4012 ﬁde
1659 3955 2026 4010 benedicentur
2059 3973 2178 4012 cum

603 4050 898 4114 Abraham,
927 4065 1036 4104 non
1065 4049 1416 4116 circumciso,
1451 4047 1542 4102 sed
1565 4048 1733 4118 ﬁdeli,
1765 4048 1815 4103 id
1836 4056 1920 4104 est
1941 4065 2050 4103 non
2083 4065 2182 4120 per

603 4141 800 4212 legem,
847 4141 942 4198 sed
983 4156 1080 4210 per
1103 4140 1286 4196 ﬁdem.
1321 4137 1430 4194 Nec
1478 4139 1582 4194 hoc
1623 4139 2058 4208 praetereundum
2098 4148 2184 4194 est

601 4231 752 4301 quod
777 4231 1051 4284 Abraham
1077 4246 1142 4284 ex
1165 4229 1268 4286 ﬁde
1287 4229 1618 4300 iustiﬁcatus
1645 4229 1716 4284 sit
1743 4229 2058 4299 priusquam
2078 4230 2184 4286 cir-

604 4323 888 4378 cumcisus
929 4321 1109 4378 fuerit.
1139 4320 1278 4377 Vere
1321 4337 1384 4378 ex
1415 4321 1520 4376 ﬁde
1547 4321 1726 4376 solum
1759 4321 1988 4375 habetur
2017 4321 2182 4378 bene-

607 4412 812 4478 dictio;
843 4427 968 4466 nam
993 4427 1060 4466 ex
1091 4413 1206 4482 lege
1241 4428 1348 4466 non
1372 4410 1622 4476 habetur,
1657 4409 1751 4470 sed
1788 4410 1970 4482 potius
2013 4411 2183 4468 male-

2261 2763 2554 2835 doquidem
2575 2763 2790 2838 Moyses
2811 2764 2892 2822 sic
2913 2765 2988 2820 ait
3003 2764 3183 2820 °Licet
3206 2765 3379 2820 simus
3403 2767 3456 2819 in
3475 2767 3610 2832 ﬁde,
3633 2779 3824 2828 necem

2268 2867 2450 2914 tamen
2479 2868 2564 2916 est
2588 2869 2645 2914 ut
2675 2858 2943 2924 faciamus
2967 2861 3163 2932 legem,
3191 2876 3260 2918 ne
3293 2861 3657 2920 maledictum
3681 2861 3818 2934 Moysi

2265 2948 2635 3004 incurramus.
2668 2948 2872 3004 Contra
2897 2949 3002 3006 hoc
3031 2948 3234 3005 Paulus
3271 2969 3284 3004 :
3315 2949 3469 3006 Licet
3489 2949 3710 3022 Hoyses
3729 2967 3818 3008 tne-

2265 3039 2517 3094 ledixerit
2549 3040 2698 3094 omni
2729 3055 2834 3094 non
2871 3039 3092 3094 facienti
3119 3041 3312 3111 legem,
3351 3055 3464 3095 non
3499 3048 3692 3096 tamen
3727 3041 3816 3094 ideo

2268 3131 2592 3188 adhaereatis
2619 3131 2764 3202 legi;
2798 3129 3040 3187 Christus
3069 3132 3217 3188 enim
3253 3132 3474 3186 redemit
3525 3149 3628 3188 nos
3671 3133 3728 3186 de
3749 3133 3814 3184 illo

2272 3221 2555 3276 maledicto
2585 3221 2737 3292 legis.
2781 3221 2940 3288 Quod
2975 3233 3028 3278 et
3057 3223 3271 3295 Moyses
3303 3240 3430 3280 cum
3476 3225 3802 3288 malediceret,

2272 3312 2552 3368 intellexit.
2579 3311 2828 3368 Redemit
2853 3329 2954 3370 nos
2985 3315 3236 3372 Christus
3261 3316 3434 3385 factus
3457 3335 3560 3388 pro
3593 3319 3800 3374 nobisn-

2271 3403 2565 3470 dimendis,
2591 3420 2702 3460 non
2753 3406 2934 3462 solum
2975 3407 3319 3474 maledictus,
3363 3409 3460 3466 sed
3489 3410 3666 3468 etiam
3691 3407 3812 3464 malt-

2273 3496 2494 3550 dictum.
2535 3495 2592 3551 Si
2617 3497 2743 3567 quis
2787 3497 2932 3552 enim
2974 3498 3409 3570 cruciﬁgentium
3446 3483 3728 3558 Christum
3751 3515 3824 3552 vo-

2275 3587 2376 3642 luit
2401 3588 2724 3644 maledicere
2750 3589 2934 3656 alicui,
2973 3590 3348 3658 maledicebat,
3371 3591 3566 3648 dicens
3594 3612 3608 3648 :
3643 3591 3728 3648 Sic
3751 3591 3826 3646 tibi

2275 3681 2574 3752 contingat,
2605 3681 2883 3752 quomodo
2919 3683 3000 3738 illi
3045 3683 3326 3739 cruciﬁxo.
3369 3683 3514 3742 Vere
3555 3701 3649 3756 pro
3689 3685 3830 3738 nobis

2279 3769 2460 3826 factus
2485 3779 2570 3828 est
2603 3774 2974 3840 maledictum,
3001 3776 3129 3844 quia
3173 3776 3432 3844 scriptum
3461 3787 3540 3832 est
3565 3777 3614 3832 in
3647 3775 3824 3830 Dente-

2279 3865 2530 3920 ronomio
2556 3880 2570 3916 :
2609 3883 2626 3916 ι
2647 3863 2838 3922 Omnis
2859 3867 2952 3936 qui
2979 3867 3175 3936 pendet
3201 3867 3254 3920 in
3275 3866 3423 3938 ligno
3451 3868 3522 3924 sit
3541 3867 3829 3924 maledictus

2283 3955 2462 4027 (Deut.
2499 3973 2612 4024 xxx,
2637 3955 2749 4026 25).
2781 3977 2801 4008 ι
2834 3957 3087 4014 Christus
3115 3967 3294 4014 autem
3332 3959 3386 4014 in
3421 3961 3572 4032 ligno
3595 3959 3828 4038 pendens.

2281 4063 2390 4104 non
2420 4048 2609 4118 utique
2636 4063 2700 4104 ex
2727 4049 2885 4120 culpa
2917 4050 3120 4120 proprii
3145 4051 3414 4118 criminis,
3445 4051 3544 4108 sed
3565 4052 3624 4108 in
3645 4067 3707 4106 eo
3731 4051 3828 4106 solo

2283 4140 2628 4206 maledictus,
2651 4141 2798 4211 quod
2813 4157 3032 4212 plenam
3053 4142 3326 4210 maledicti
3343 4143 3628 4198 sustinuit.
3653 4143 3832 4214 Moyses

2283 4230 2428 4286 enim
2469 4243 2816 4300 praeceperat,
2867 4239 2926 4285 ut
2972 4231 3018 4286 si
3067 4233 3192 4302 quis
3225 4249 3354 4290 reus
3383 4234 3751 4300 damnaretur,
3791 4235 3828 4286 in

2287 4321 2404 4392 ipsa
2433 4320 2783 4378 damnatione
2823 4322 2930 4393 ipsi
2977 4325 3410 4388 malediceretnr.
3447 4325 3546 4382 Vel
3573 4329 3648 4388 ita
3689 4329 3828 4382 omnis

2285 4411 2381 4482 qui
2406 4411 2603 4480 pendet
2627 4411 2682 4466 in
2715 4413 2863 4484 ligno
2889 4414 2961 4470 sit
2987 4415 3326 4476 maledictus.
3357 4415 3501 4472 Deus
3523 4417 3672 4476 enim
3693 4417 3822 4488 primo

607 4505 795 4560 dictio.
843 4503 1150 4574 Quicunque
1194 4504 1332 4558 enim
1364 4513 1508 4572 sunt,
1558 4507 1612 4560 id
1653 4515 1736 4562 est
1783 4506 2082 4562 subsistere
2128 4521 2186 4562 se
2219 4528 2263 4582 Ι)
2289 4502 2510 4558 homine
2537 4511 2742 4570 creato,
2771 4505 3047 4560 benedixit
3069 4506 3142 4572 ei,
3175 4506 3297 4562 siin
3321 4507 3634 4562 obedientia
3673 4507 3820 4580 persti-

610 4598 843 4654 credunt
867 4613 932 4652 ea:
953 4596 1192 4666 operibus
1220 4597 1373 4668 legis,
1413 4597 1450 4652 ii
1483 4607 1610 4654 sunt
1644 4599 1738 4654 sub
1763 4598 2062 4652 maledicto.
2114 4597 2184 4653 Et

611 4689 720 4743 hoc
743 4688 972 4759 probat:
1011 4685 1148 4742 Vere
1171 4697 1299 4742 sunt
1325 4687 1430 4742 sub
1454 4689 1740 4745 maledicto
1765 4706 1780 4754 ;
1807 4705 1928 4742 nam
1953 4689 2024 4743 ita
2050 4690 2183 4742 scri-

609 4791 760 4852 ptum
798 4789 876 4834 est
925 4779 982 4834 in
1009 4778 1454 4846 Deuteronomio,
1483 4779 1536 4834 id
1567 4789 1653 4836 est
1697 4781 1752 4834 in
1783 4779 2184 4836 abbreviatione

611 4873 767 4943 legis,
791 4871 1010 4944 quando
1051 4870 1262 4943 Moyses
1303 4872 1484 4928 datam
1514 4871 1683 4942 legem
1723 4871 1957 4926 breviter
1987 4871 2190 4942 recapi-

615 4963 830 5030 tulavit,
860 4972 914 5017 et
953 4963 1208 5018 omnibus
1257 4962 1540 5032 praeceptis
1567 4961 1806 5018 collectis
1837 4971 2023 5032 postea
2071 4963 2184 5018 ait;

621 5051 810 5108 Omnis
864 5053 958 5108 ille
1017 5055 1106 5124 qui
1157 5071 1262 5108 non
1303 5053 1650 5124 permanserit
1691 5055 1746 5108 in
1795 5053 2033 5108 omnibus
2076 5069 2192 5125 qua:

617 5143 820 5212 scripta
853 5151 974 5196 sunt
1010 5144 1065 5196 in
1110 5143 1247 5196 libro
1274 5143 1402 5214 legis
1431 5143 1588 5212 hujus
1634 5144 1762 5216 (non
1787 5141 1910 5198 dico
1941 5158 2194 5212 perman-

621 5235 759 5292 serit
791 5235 1105 5290 voluntate:
1132 5234 1226 5288 sed
1249 5235 1324 5289 ita
1355 5243 1414 5290 ut
1441 5234 1603 5290 faciat
1643 5233 1829 5290 omnia
1856 5235 1940 5304 ea)
1973 5251 1992 5284 ‹
2028 5233 2196 5288 male-

621 5327 807 5382 dictus
832 5327 905 5382 sit
939 5325 1119 5395 (Deut.
1155 5342 1324 5392 xxvu,
1363 5325 1476 5396 26).
1512 5345 1529 5376 ι
1560 5325 1626 5380 Et
1656 5327 1760 5381 hoc
1774 5327 1962 5382 dicens
1983 5325 2198 5398 Moyses

625 5419 772 5475 idem
796 5427 914 5473 erat
936 5433 1000 5472 ac
1024 5417 1072 5472 si
1100 5417 1307 5472 diceret
1335 5433 1350 5469 :
1387 5415 1539 5472 Ilanc
1561 5417 1736 5488 legem
1779 5433 1888 5476 non
1911 5418 2068 5474 trado
2101 5431 2198 5470 vo-

629 5510 736 5576 bis,
765 5509 834 5564 ad
859 5508 1164 5564 habendam
1193 5507 1249 5562 in
1279 5507 1804 5578 eajustiﬁeationem
1831 5526 1846 5576 ;
1884 5507 1978 5564 sed
2013 5508 2080 5566 ad
2109 5507 2204 5562 de-

627 5601 970 5674 primendum
1001 5601 1260 5656 duritiam
1291 5609 1548 5656 vestram.
1575 5599 1642 5654 Et
1669 5601 1862 5658 scitote
1884 5599 2202 5674 fugiendum

631 5693 787 5748 vobis
813 5708 935 5748 esse
968 5695 1036 5750 ad
1065 5692 1316 5763 gratiam,
1349 5701 1409 5748 ut
1439 5693 1784 5748 maledictum
1817 5693 1953 5764 legis
1979 5701 2205 5748 evacuet

631 5784 804 5854 gratia
835 5783 1058 5842 Christi.
1091 5782 1209 5856 ipse
1233 5785 1397 5840 etiam
1438 5783 1633 5842 Petrus
1658 5785 1787 5842 dicit
1829 5793 2039 5840 tantum
2081 5800 2206 5842 esse

2290 4595 2447 4650 tisset
2471 4614 2485 4660 ;
2510 4595 2601 4650 sed
2632 4595 2762 4668 quia
2793 4597 3056 4666 peccavit,
3081 4599 3362 4656 maledixit
3396 4599 3480 4666 ei;
3506 4598 3668 4666 Quod
3705 4597 3832 4654 malt-

2291 4684 2472 4738 dicere
2495 4685 2634 4738 nihil
2656 4685 2804 4740 aliud
2833 4685 2936 4740 fuit
2965 4688 3072 4742 nisi
3097 4689 3332 4758 spoliare
3357 4703 3484 4746 eum
3509 4690 3580 4748 de
3611 4703 3834 4746 concessa

2293 4777 2728 4846 impossibilitate
2749 4786 2804 4834 et
2835 4777 3261 4834 immortalitate.
3292 4778 3547 4836 Christus
3577 4796 3720 4848 vero,
3745 4793 3838 4833 car-

2295 4884 2420 4923 nem
2444 4869 2640 4926 veteris
2669 4869 2800 4928 Adte
2845 4885 3154 4938 assumens,
3200 4871 3305 4928 fuit
3349 4871 3695 4942 maledictus,
3737 4871 3838 4942 quia

2293 4961 2572 5032 passibilis
2597 4969 2652 5016 et
2697 4961 2964 5022 mortalis.
3010 4961 3166 5030 Quod
3209 4963 3266 5018 in
3294 4979 3360 5018 eo
3381 4963 3562 5034 palam
3597 4963 3718 5030 fuit,
3735 4963 3838 5018 dum

2295 5051 2352 5106 in
2383 5052 2532 5123 ligno
2559 5053 2848 5123 pependit;
2877 5055 2990 5124 pati
3026 5055 3170 5110 enim
3203 5070 3312 5110 non
3343 5063 3550 5125 posset,
3585 5057 3632 5111 si
3667 5057 3838 5124 impas-

2295 5142 2470 5198 sibilis
2505 5151 2671 5198 esset.
2719 5141 2991 5213 Objiceret
3039 5145 3128 5200 ille
3155 5147 3412 5216 gentilis:
3445 5145 3586 5202 Etsi
3625 5146 3838 5202 Christus

2293 5233 2456 5288 solvit
2483 5233 2830 5288 maledictum
2850 5234 3006 5306 legis,
3039 5235 3198 5290 nobis
3219 5250 3326 5290 non
3349 5235 3678 5291 habentibus
3701 5235 3838 5303 legem

2297 5325 2434 5378 nihil
2469 5323 2692 5395 profuit.
2715 5307 2926 5381 Contra
2963 5328 3067 5382 hoc
3107 5325 3312 5382 Paulus
3341 5345 3354 5381 :
3387 5327 3630 5383 Christus
3659 5323 3836 5380 redemit

2300 5433 2415 5484 nos,
2441 5427 2498 5472 ut
2527 5417 2671 5474 sicut
2701 5419 2758 5474 in
2785 5417 3012 5484 Iudaeis,
3044 5419 3126 5474 sic
3164 5421 3220 5474 in
3253 5420 3494 5490 gentibus
3535 5417 3692 5490 215
3717 5416 3833 5484 ﬁeri"

2300 5509 2612 5575 benedictio,
2653 5509 2708 5564 id
2757 5519 2842 5566 est
2873 5510 3228 5580 repromissio
3269 5509 3499 5572 Abralnz
3535 5507 3758 5566 habenda
3789 5505 3828 5555 in

2301 5597 2514 5653 Christo
2533 5597 2684 5665 Jesu,
2710 5614 2822 5660 non
2850 5615 2950 5670 per
2968 5600 3163 5672 legem.
3203 5599 3386 5656 Fieret
3409 5601 3536 5658 dico
3563 5595 3822 5672 promissio,

2302 5689 2376 5754 ita
2397 5698 2454 5744 ut
2477 5691 2800 5760 accipiamus
2825 5691 3282 5762 pollicitationem,
3307 5693 3360 5748 id
3381 5701 3467 5750 est
3489 5707 3602 5750 rem
3623 5689 3822 5760 HW

2301 5791 2384 5838 ter
2411 5782 2728 5852 pollicitam.

2243 2673 2356 2744 .qui
2379 2687 2488 2728 non
2523 2635 3020 2744 feceiitpraecepta
3051 2635 3209 2746 legis,
3249 2674 3452 2730 diceret
3501 2635 3600 2732 ille
3621 2692 3636 2728 :
3669 2674 3824 2742 Quan-
