3928 6408
42 337 233 396 297

770 332 1135 391 EXPOSI'I'IO
1173 333 1238 390 IN
1278 332 1664 391 EPISTOLAS
1697 331 1924 412 PAULI.
1968 364 2038 374 —
2072 331 2141 388 IN
2178 332 2397 391 EPIST.
2442 336 2535 392 AD
2573 337 2733 395 GAL.

3281 344 3388 405 291

184 447 653 517 Pollicitationem
683 446 806 504 dico
830 446 1091 518 Spiritus,
1116 445 1169 502 id
1214 459 1299 505 est
1327 445 1527 503 factam
1555 443 1716 502 nobis
1743 442 1785 501 A
1814 443 1944 515 lege.
1974 438 2119 514 (ιυοιί
2148 454 2330 502 tamen
2372 462 2493 503 esse
2538 448 2748 519 nequit.
2773 448 2821 504 si
2851 466 2915 505 επ
2941 452 3086 524 leae;
3126 453 3246 525 iam
3286 474 3389 513 ποι·

50 555 225 613 per
257 541 560 614 Spiritum;
588 539 673 595 vel
710 538 968 610 Spiritus,
1002 538 1130 610 quia
1150 537 1264 611 jam
1288 538 1552 611 Spiritum
1585 552 1712 593 san-

49 641 271 687 ctum
293 646 392 701 per
417 645 580 701 quem
592 628 706 700 jam
724 628 927 699 partim
935 629 1254 686 deilicamur
1266 629 1487 685 arrham
1501 627 1710 684 haben-

52 719 203 776 die
247 719 607 777 beatitudinis
648 718 982 789 accepimus.
1022 719 1373 791 Aceipiamus
1409 720 1566 787 dico,
1598 735 1708 775 non

58 829 219 883 per
245 813 444 883 legem,
476 811 568 868 sed
595 827 687 883 per
716 812 896 883 ﬁdem.
943 810 1100 879 Quod
1125 812 1291 868 modo
1324 810 1574 883 probavit
1612 824 1710 881 per

60 892 505 962 auctoritatem
551 904 688 977 legis
716 913 771 961 et
814 904 1113 975 prophetae,
1153 903 1362 961 scilicet
1414 918 1513 973 per
1545 902 1708 959 ﬁdem

64 997 372 1071 accipere
394 996 851 1065 benedictionem,
877 996 1019 1052 idem
1050 996 1247 1067 probat
1272 1011 1369 1066 per
1394 996 1570 1071 legem
1600 995 1706 1050 hu-

65 1106 304 1147 manae
335 1088 770 1156 consuetudinis,
802 1088 992 1145 dicens
1031 1106 1045 1142 :
1078 1086 1219 1155 Quia
1240 1068 1706 1144 sicut'testamen-

68 1193 237 1239 tum
269 1181 566 1252 cujuslibet
588 1179 831 1236 hominis
855 1179 1100 1251 legaliter
1124 1178 1332 1235 factum
1361 1178 1572 1236 destrui
1596 1193 1707 1234 non

68 1282 327 1343 potest,
354 1273 428 1329 ita
457 1272 547 1328 lex
568 1280 962 1329 testamentum
990 1270 1088 1327 Dei
1118 1271 1337 1327 irritum
1366 1269 1548 1328 facere
1596 1285 1707 1326 non

73 1373 323 1436 potest.
370 1363 545 1432 Quod.
577 1364 628 1421 si
661 1363 931 1434 objiciunt
975 1363 1149 1434 legem
1192 1378 1316 1419 esse
1340 1362 1707 1433 antiquiorem

72 1456 225 1514 hoc
254 1465 604 1524 testamento,
632 1465 687 1513 et
709 1465 868 1513 vetus
898 1471 1009 1512 non
1031 1455 1228 1512 debere
1252 1455 1460 1512 destrui
1485 1470 1582 1526 per
1602 1470 1706 1511 no-

75 1564 247 1603 vum
277 1589 297 1615 ,
340 1548 477 1604 nihil
524 1548 737 1617 dicunt,
811 1564 939 1605 cum
970 1548 1088 1604 haec
1133 1547 1428 1618 promissio
1462 1546 1602 1602 facta
1637 1547 1709 1603 sit

78 1642 359 1699 Abrahaz
403 1642 562 1713 longe
610 1649 739 1711 ante
782 1641 977 1713 legem.
1004 1639 1235 1704 ,Littera
1286 1642 1369 1697 sic
1410 1640 1703 1712 jungitur:

76 1735 283 1803 Quod
309 1752 407 1806 per
436 1736 794 1791 auctoritates
828 1734 992 1790 modo
1014 1733 1273 1805 probavi,
1326 1734 1466 1789 idem
1512 1734 1706 1804 fratres

79 1844 269 1883 nunc
292 1829 415 1882 dico
445 1828 734 1882 secundum
761 1827 1045 1894 hominem,
1083 1826 1140 1883 id
1168 1834 1254 1883 est
1299 1840 1397 1896 per
1436 1825 1708 1881 humanas

80 1920 549 1977 consuetudines
595 1920 806 1975 afﬁrmo
842 1920 923 1976 sic
965 1938 980 1974 :
1026 1918 1420 1975 Testamentum
1448 1918 1704 1985 hominis,

82 2014 244 2069 licet
273 2012 350 2069 sit
383 2012 676 2082 cujuslibet
712 2012 838 2067 vilis
868 2010 1127 2078 hominis,
1179 2019 1355 2065 tamen
1402 2018 1706 2065 testamen-

80 2116 232 2160 tum
262 2104 372 2159 hoc
401 2104 793 2175 conﬁrmatum,
819 2103 873 2159 id
893 2111 977 2158 est
996 2102 1243 2175 legaliter
1262 2100 1490 2169 factum,
1518 2111 1579 2157 ut
1598 2102 1710 2157 sint

84 2197 184 2252 ibi
216 2205 433 2252 testes:
454 2195 754 2252 Moriturus
771 2204 1023 2263 testator,
1059 2204 1164 2251 etc.
1180 2194 1296 2251 Hoc
1319 2202 1707 2252 testamentum

83 2304 272 2345 nemo
303 2289 522 2358 spernit,
554 2297 618 2343 ut
640 2288 972 2358 inexpletum
1003 2288 1240 2345 deserat.
1271 2286 1381 2342 Aut
1419 2302 1571 2345 nemo
1617 2303 1709 2343 su-

88 2397 205 2451 per
228 2381 362 2445 hoc,
391 2380 536 2435 aliud
565 2387 957 2435 testamentum
998 2379 1236 2434 ordinat.
1265 2377 1334 2434 Et
1368 2378 1511 2435 sicut
1536 2386 1706 2434 testa-

90 2481 370 2527 mentum
402 2471 643 2527 hominis
676 2486 840 2526 nemo
878 2470 1141 2537 destruit,
1170 2469 1246 2526 ita
1286 2468 1374 2525 lex
1405 2477 1706 2524 testamen-

92 2572 234 2619 tum
268 2561 367 2618 Dei
405 2578 517 2618 non
564 2561 696 2617 facit
745 2562 984 2617 irritum.
1033 2561 1339 2630 Antequam
1373 2559 1478 2615 hoc
1505 2568 1704 2629 ponat,

94 2654 405 2735 pmmiuit
428 2654 576 2726 quod
590 2668 718 2710 vere
740 2660 1129 2711 testamentum
1159 2651 1256 2708 Dei
1285 2651 1489 2708 factum
1519 2650 1621 2717 sit,
1652 2657 1709 2706 et
1711 2702 1766 2735 δ
1806 2662 1937 2735 etc.,
1972 2656 2059 2723 cui
2089 2654 2286 2710 semini
2316 2656 2661 2725 promiserat,
2695 2654 2750 2709 id
2796 2662 2881 2711 est
2923 2653 3219 2724 promissio
3246 2651 3391 2707 facta
3478 2680 3485 2687 ε

1711 2702 1771 2767 ἡ

98 2755 313 2818 postea
341 2747 492 2817 quod
518 2752 908 2801 testamentum
937 2743 1220 2814 antiquius
1244 2743 1361 2815 lege
1381 2741 1566 2798 fuerit.
1597 2740 1704 2797 Te-

97 2848 459 2895 stamentum
489 2838 731 2894 hominis
752 2851 916 2893 nemo
935 2835 1165 2907 spernit,
1198 2842 1584 2891 testamentum
1607 2849 1707 2888 au-

101 2942 228 2988 tem
284 2947 317 2986 a
360 2930 473 2986 Deo
524 2929 730 2986 factum
784 2938 900 2997 est,
952 2928 1083 3000 quia
1109 2927 1341 2983 Abralue
1375 2926 1537 2981 dictas
1582 2933 1705 2980 sunt

98 3023 520 3093 promissiones.
564 3020 686 3078 Non
720 3021 857 3077 dicit
906 3021 1054 3092 quod
1109 3020 1177 3075 de
1231 3019 1461 3075 diversis
1503 3016 1708 3073 fuerint

1814 531 2047 591 habetur
2069 553 2135 591 ea:
2161 539 2585 609 repromissione.
2627 539 2767 606 Quia
2793 541 2842 596 si
2865 557 2974 597 non
2995 557 3062 599 ex
3090 548 3388 616 repromis-

1813 627 1989 695 sione,
2017 627 2190 685 falsus
2218 641 2303 686 est
2328 633 2473 687 Deus
2494 632 2588 702 qui
2616 633 2886 703 promisit.
2925 634 3083 702 Quod
3105 636 3153 692 si
3176 637 3253 693 ita
3273 648 3387 710 em,

1811 737 1943 793 ergo
1980 738 2084 779 nec
2121 724 2234 778 ullo
2287 724 2452 780 modo
2490 724 2741 780 habetur.
2791 724 2898 783 Sed
2928 743 3092 784 verus
3126 738 3211 785 est
3247 716 3390 788 Deus

1809 814 1903 884 qui
1934 814 2201 883 promisit.
2228 813 2370 886 Ergo
2397 830 2464 871 ex
2492 817 2924 887 repromissione
2952 817 3073 890 ejus
3091 829 3146 876 et
3177 836 3289 876 non
3322 837 3386 877 ex

1808 905 1947 978 lege.
1998 904 2057 962 Si
2091 921 2158 961 ex
2185 906 2322 978 lege,
2353 923 2466 963 non
2493 924 2562 965 ex
2592 896 3048 980 repromissione;
3087 913 3184 969 sed
3207 929 3273 969 ex
3298 930 3390 970 re~

1810 998 2178 1068 promissione
2214 998 2464 1055 habetur.
2498 999 2639 1057 Vere
2668 1016 2737 1058 ex
2763 1004 3211 1073 repromissione,
3259 1009 3387 1078 quia

1808 1087 2037 1144 Abrahae
2070 1090 2288 1144 donavit
2311 1089 2452 1145 Deus
2478 1092 2847 1149 hmreditatem
2882 1112 2974 1165 per
3020 1099 3387 1166 repromissio-

1809 1195 1947 1234 nent.
1978 1179 2123 1252 Ergo
2145 1195 2254 1236 non
2276 1197 2374 1252 per
2400 1182 2598 1254 legem.
2620 1182 2689 1239 Et
2715 1184 2843 1255 quia
2874 1186 3048 1254 probo
3068 1201 3166 1256 per
3189 1188 3386 1260 legem,

1809 1284 1911 1326 nec
1939 1271 2231 1341 justitiam,
2263 1287 2365 1327 nec
2389 1273 2578 1328 haberi
2610 1262 3063 1332 benedictionem.
3093 1275 3271 1347 Igitur
3290 1295 3388 1349 op-

1807 1377 1980 1433 pones
2025 1363 2159 1418 mihi
2203 1364 2330 1435 quid
2368 1364 2575 1434 profuit
2601 1365 2732 1421 lex?
2770 1365 2996 1422 Frustra
3022 1369 3240 1424 videtur
3264 1385 3387 1425 esse

1808 1456 1955 1524 data,
2013 1470 2138 1512 cum
2193 1471 2369 1527 neque
2415 1456 2680 1528 justiticet
2727 1473 2904 1529 neque
2948 1460 3138 1515 salvet.
3178 1459 3381 1516 Verum

1807 1546 2029 1617 quidem
2058 1548 2135 1603 ait
2179 1547 2401 1615 Paulus,
2438 1549 2586 1620 quod
2631 1564 2808 1620 neque
2860 1550 3163 1622 justiticat,
3212 1567 3389 1625 neque

1810 1640 2019 1706 salvat,
2079 1653 2181 1695 nec
2228 1647 2413 1695 tamen
2471 1641 2594 1696 ideo
2636 1639 2870 1708 inutilis,
2908 1641 3038 1711 quia
3088 1643 3264 1713 posita
3308 1652 3387 1697 est

1743 1785 1783 1816 ο
1807 1739 2020 1803 propter
2037 1732 2476 1802 transgressiones
2504 1732 2969 1803 multiplicandas,
2998 1733 3206 1788 addidit
3240 1734 3387 1789 enim

1740 1827 1782 1841 "
1808 1831 2096 1893 peccatum
2126 1825 2594 1895 praevaricationis
2616 1824 2767 1896 quod
2786 1840 2896 1880 non
2921 1834 3057 1880 erat.
3075 1823 3140 1879 Et
3166 1839 3391 1880 necesse

1808 1926 1926 1972 erat
1972 1926 2031 1972 ut
2080 1917 2424 1973 abundarent
2472 1919 2955 1989 transgressiones.
3021 1937 3040 1971 α
3086 1918 3190 1975 Ubi
3241 1918 3389 1974 enim

1809 2008 2104 2066 abundavit
2144 2011 2424 2079 delictum,
2474 2013 2940 2082 superabundavit
2987 2015 3158 2085 gratia
3209 2014 3385 2084 (Rom.

1809 2116 1861 2167 v,
1893 2100 2019 2172 20).
2058 2122 2078 2154 ι
2120 2101 2212 2158 Vel
2244 2103 2358 2160 ita:
2396 2102 2580 2159 Posita
2607 2113 2691 2159 est
2740 2105 2823 2160 lex
2876 2114 3099 2175 propter
3136 2106 3389 2161 vitandas

1808 2191 1974 2264 216
1999 2194 2494 2266 transgressiones;
2529 2195 2615 2251 lex
2637 2195 2782 2251 enim
2809 2196 3044 2266 puniens
3092 2211 3268 2263 reum,
3319 2194 3389 2251 ti~

1808 2299 1958 2340 mere
1992 2282 2123 2339 facit
2148 2293 2451 2355 peceatum.
2483 2284 2686 2342 lterum
2712 2285 2802 2341 ille
2830 2305 2843 2340 :
2875 2284 2933 2341 Si
2954 2294 3176 2357 propter
3203 2294 3389 2344 trans~

1808 2376 2155 2448 gressiones;
2206 2392 2338 2448 ergo
2372 2378 2459 2432 lex
2499 2377 2650 2433 utilis
2705 2378 2959 2433 tenenda.
3027 2377 3251 2433 Minime
3313 2378 3393 2434 ait

1806 2468 2034 2537 Paulus,
2068 2468 2197 2540 quia
2228 2469 2315 2523 lex
2342 2469 2411 2523 ad
2434 2478 2652 2540 tempus
2676 2470 2856 2541 posita
2878 2477 2985 2537 cst,
3008 2469 3172 2523 donec
3193 2470 3391 2525 veniret

1807 2570 2002 2630 semen,
2044 2561 2096 2617 id
2123 2569 2208 2616 est
2237 2560 2511 2629 Christus,
2534 2562 2602 2617 de
2631 2576 2744 2633 quo
2771 2561 2848 2617 ait
2885 2580 2898 2617 :
2942 2559 3001 2616 ln
3027 2560 3239 2617 semine
3268 2571 3387 2627 tuo,

1806 2730 2006 2804 fuerat.
2039 2746 2153 2803 Lex
2181 2747 2306 2803 dico
2330 2747 2614 2813 ordinata,
2641 2745 2695 2802 id
2726 2754 2811 2802 est
2837 2761 2944 2801 non
2990 2759 3388 2817 permansura;

1806 2838 1903 2895 sed
1929 2838 2229 2894 secundum
2262 2835 2512 2914 ordinem
2549 2851 2711 2891 suum
2739 2836 2793 2890 in
2833 2842 3075 2905 tempore
3096 2832 3389 2904 disposita.

1805 2928 1970 2985 Prius
1989 2929 2147 3000 enim
2166 2929 2252 2984 lex
2288 2928 2588 2996 naturalis;
2616 2927 2816 2983 dehinc
2869 2927 2975 2981 ista
3030 2926 3119 2981 lex
3165 2925 3386 2994 scripta.

1809 3019 1891 3074 Ad
1922 3019 2179 3074 ultimum
2206 3019 2402 3090 gratia,
2433 3019 2706 3084 ordinata,
2750 3017 2907 3084 dico,
2939 3033 3032 3086 per
3072 3015 3306 3086 angelos,
3336 3014 3393 3090 id

102 3086 550 3188 promissioncs,
584 3115 679 3171 sed
705 3113 849 3170 idem
874 3086 1066 3168 multis
1091 3110 1509 3182 repetitionibus
1533 3118 1589 3165 et
1614 3109 1702 3164 di-
1730 3123 1776 3186 ο
1805 3121 1889 3166 εει
1928 3126 2026 3181 per
2062 3086 2288 3182 Moysen
2325 3119 2381 3164 et
2421 3107 2603 3165 Aaron
2627 3151 2643 3176 ,
2690 3109 2785 3179 qui
2824 3107 3049 3164 fuerunt
3087 3106 3267 3162 nuntii
3294 3086 3391 3161 Dei

101 3208 295 3264 versis
324 3207 663 3278 temporibus
684 3214 771 3263 est
801 3204 1127 3276 pollicitum.
1151 3202 1385 3258 Abrahae
1401 3201 1560 3257 dictat
1577 3209 1707 3256 sunt

105 3299 524 3371 promissiones
546 3341 563 3367 ,
602 3308 653 3354 et
684 3312 783 3369 per
821 3296 1099 3352 Abraham
1148 3295 1306 3351 dictat
1349 3304 1479 3350 sunt
1516 3292 1707 3347 semini

102 3393 233 3463 ejus
259 3434 276 3459 ,
312 3390 367 3447 id
391 3401 476 3447 est
502 3390 744 3447 Christo.
773 3388 929 3445 Sicut
956 3386 1181 3460 quando
1204 3384 1542 3458 promittitur
1564 3384 1707 3454 patri

107 3482 427 3540 fecunditas
458 3482 733 3551 ﬁliorum,
781 3487 1138 3552 augmentum
1182 3475 1546 3544 haereditatis,
1580 3475 1709 3531 licet

108 3576 274 3632 ﬁlius
296 3575 414 3646 ejus
441 3575 686 3631 nondum
719 3574 810 3641 sit,
840 3582 1025 3628 tamen
1052 3570 1108 3625 in
1130 3577 1286 3641 patre
1320 3565 1615 3638 promissio
1643 3566 1708 3623 fit

110 3667 258 3727 ﬁlio.
283 3666 587 3723 Promissio
610 3665 753 3722 facta
780 3673 865 3722 est
889 3654 1089 3720 semini
1111 3703 1127 3730 ,
1166 3662 1273 3717 hoc
1305 3660 1470 3727 dicit,
1505 3668 1555 3715 et
1600 3677 1706 3715 non

111 3761 276 3828 dicit,
304 3759 449 3815 facta
477 3766 564 3815 est
578 3758 885 3814 seminibus.
920 3755 1015 3813 Vel
1042 3756 1117 3811 ita
1145 3773 1158 3810 :
1189 3753 1398 3811 Semini
1419 3753 1571 3821 dicit,
1595 3767 1707 3808 non

111 3854 277 3920 dicit,
304 3854 361 3907 in
384 3852 692 3911 seminibus
723 3852 878 3923 quasi
905 3851 964 3904 in
991 3848 1177 3903 multis
1218 3848 1454 3904 debeant
1476 3846 1708 3902 haeredi-

113 3955 241 4002 tare
271 3954 493 4017 gentes,
517 3944 608 3999 sed
645 3945 801 4016 quasi
828 3944 884 3997 in
904 3958 1033 4008 uno,
1064 3941 1120 3996 id
1143 3949 1233 3997 est
1249 3941 1447 3995 semine
1472 3947 1563 3993 tuo
1591 3938 1706 3994 hm-

115 4036 441 4093 mditsbunt
470 4043 685 4107 gentes;
711 4034 803 4106 qui
830 4048 1017 4091 semen
1047 4041 1125 4087 est
1159 4031 1423 4088 Christus.
1449 4029 1599 4085 Bona
1623 4039 1709 4086 est

117 4128 318 4183 relatio
334 4169 350 4195 ,
396 4142 506 4198 qua
535 4126 817 4197 proprium
853 4124 1118 4196 sequitur.
1144 4122 1246 4179 Hic
1272 4122 1511 4179 ostendit
1535 4129 1708 4178 testa-

116 4226 374 4275 mentum
419 4215 513 4272 Dei
539 4215 745 4273 factum
780 4231 903 4273 esse
925 4216 994 4272 ad
1015 4215 1315 4281 Abraham,
1345 4229 1496 4270 nunc
1523 4220 1710 4269 osten-

117 4312 197 4368 dit
240 4321 630 4369 testamentum
669 4324 792 4367 esse
814 4310 1095 4381 antiquius
1124 4310 1262 4381 lege.
1301 4307 1438 4363 Dico
1468 4306 1709 4378 promis-

120 4405 314 4461 siones
347 4403 520 4460 factas
545 4403 807 4470 Abrahae,
850 4401 917 4458 de
960 4402 1152 4457 eodem
1190 4409 1373 4456 autem
1401 4399 1521 4453 dico
1565 4396 1707 4470 quod

120 4499 216 4553 hoc
266 4506 642 4554 testamentum
678 4496 1052 4566 conﬁrmatum
1101 4501 1178 4548 est
1222 4511 1255 4548 a
1302 4491 1442 4560 Deo,
1500 4490 1709 4563 juravit

122 4593 272 4647 enim
298 4590 446 4646 Deus
474 4589 609 4645 illud
628 4605 689 4645 se
714 4588 1088 4659 impleturum.
1112 4585 1247 4653 Hoc,
1266 4586 1514 4657 inquam,
1540 4592 1708 4641 testa-

125 4689 374 4738 mentum
404 4680 489 4736 lcx
526 4696 634 4736 non
669 4678 800 4735 facit
828 4680 1078 4747 irritum;
1127 4695 1246 4751 qua:
1291 4686 1409 4748 post
1447 4678 1707 4749 quadrin-

123 4783 305 4846 gentos
329 4782 380 4829 et
405 4773 626 4844 triginta
655 4789 820 4827 annos
850 4773 997 4843 facta
1029 4781 1127 4827 est.
1153 4771 1211 4827 Si
1238 4772 1384 4827 enim
1411 4779 1708 4827 testamen-

126 4876 241 4923 tum
280 4866 578 4937 cujuslibet
630 4866 870 4922 hominis
926 4881 1038 4921 non
1092 4866 1154 4920 ﬁt
1201 4865 1451 4932 irritum,
1500 4873 1706 4934 quanto

126 4955 303 5026 magis
323 4961 712 5011 testamentum
740 4953 858 5022 Dei,
887 4955 1034 5025 quod
1061 4969 1189 5010 cum
1208 4953 1525 5026 juramento
1555 4954 1710 5023 polli-

127 5048 269 5104 citus
313 5046 445 5115 fuit,
487 5055 543 5103 et
584 5047 816 5103 Abrahae
850 5056 1000 5103 tanto
1027 5048 1166 5114 viro,
1197 5056 1251 5102 et
1284 5055 1435 5101 tanta
1465 5046 1707 5117 antiqui-

130 5146 236 5195 tate
265 5139 536 5210 temporis
568 5139 784 5194 irritum
811 5154 921 5194 non
949 5138 1086 5194 erit!
1118 5138 1230 5193 Lex
1262 5155 1365 5192 non
1402 5139 1534 5209 facit
1574 5139 1705 5192 irri-

133 5238 236 5285 tam
258 5230 332 5285 ad
350 5232 713 5285 evacuandam
734 5230 1223 5303 promissionemjd
1238 5240 1322 5287 est
1336 5240 1395 5285 ut
1414 5239 1712 5287 evacuetur

131 5324 446 5393 promissio.

196 5416 356 5483 Quod
386 5416 463 5471 ait
490 5417 572 5472 lex
604 5432 712 5471 non
745 5417 876 5473 facit
902 5417 1141 5484 irritum,
1163 5416 1243 5472 sic
1263 5417 1525 5474 debemus
1547 5418 1704 5473 intel-

133 5506 294 5580 ligere
320 5508 456 5565 facit
471 5511 712 5579 irritum,
734 5520 797 5566 ut
820 5513 941 5582 ipsa
965 5512 1051 5566 lex
1069 5511 1351 5583 justiﬁcet,
1375 5512 1711 5568 benedictio-

134 5615 250 5657 nem
274 5603 510 5668 tribuat,
547 5604 691 5660 sicut
727 5620 823 5674 per
868 5603 1031 5659 ﬁdem
1084 5603 1200 5659 ticri
1246 5604 1584 5674 promissum
1626 5612 1712 5660 est

136 5690 378 5750 Abrahae.
406 5692 546 5750 Vere
581 5703 875 5750 evacuetur
904 5695 1221 5764 promissio,
1253 5695 1298 5750 si
1320 5702 1707 5750 testamentum

138 5781 203 5837 sit
222 5784 443 5845 irritum
483 5802 581 5859 per
602 5787 798 5857 legem.
836 5786 980 5840 Nam
1001 5789 1047 5841 si
1070 5788 1352 5843 Itwreditas
1392 5788 1625 5845 habetur
1642 5807 1709 5845 ex

530 5879 805 5942 PATBOL.
845 5880 1052 5942 CLIII.

1807 3203 1877 3258 ad
1914 3202 2208 3273 populum;
2251 3202 2358 3268 vel,
2412 3217 2509 3272 per
2562 3202 2815 3257 caelestes
2848 3200 3090 3272 angelos,
3153 3212 3392 3269 quorum
3448 3269 3467 3280 _

1806 3295 2114 3352 ministerio
2137 3295 2336 3351 tradita
2363 3293 2467 3349 fuit
2496 3295 2582 3351 lex
2608 3294 2802 3365 Moysi.
2838 3292 3039 3349 Iterum
3063 3293 3153 3348 ille
3185 3311 3198 3347 :
3233 3291 3392 3360 Quod

1807 3402 1905 3458 per
1932 3387 2156 3460 angelos
2184 3386 2393 3443 factum
2420 3396 2534 3455 est,
2565 3388 2847 3444 destruere
2876 3387 3083 3443 malum
3114 3392 3217 3442 est.
3245 3384 3393 3442 Con--

1808 3488 1891 3536 tra
1921 3481 2026 3535 hoc
2050 3478 2255 3536 Paulus
2279 3481 2389 3536 :lta
2417 3480 2542 3537 dico
2571 3496 2668 3552 per
2694 3481 2919 3552 angelos
2941 3480 3193 3536 ordinata
3218 3487 3279 3534 ut
3302 3494 3391 3535 cs-

1807 3581 1890 3629 set
1916 3573 1972 3627 in
2002 3589 2198 3641 manu,
2230 3572 2284 3629 id
2308 3584 2394 3629 est
2428 3573 2483 3628 in
2512 3581 2785 3645 potestate
2818 3571 3134 3628 Mediatoris
3161 3570 3394 3628 Christi.

1806 3662 1999 3735 Angeli
2050 3665 2198 3721 enim
2254 3666 2570 3737 quicunque
2613 3663 2867 3730 fuissent,
2921 3665 3028 3721 hoc
3075 3664 3389 3731 voluerunt,

1807 3764 1891 3824 ut,
1906 3756 2162 3813 veniente
2186 3756 2319 3823 tide,
2337 3765 2695 3813 evacuaretur
2717 3757 2823 3811 lex.
2838 3755 2905 3810 Et
2923 3757 3051 3826 quia
3074 3756 3238 3810 modo
3250 3755 3395 3811 dixe-

1807 3857 1896 3904 rat
1936 3848 2289 3916 mediatoris;
2321 3848 2416 3919 qui
2447 3848 2595 3904 enim
2621 3847 2836 3903 medius
2858 3854 2943 3902 est
2971 3846 3110 3902 duas
3134 3846 3393 3901 extremi-

1808 3949 1951 3998 tates
1973 3940 2318 4013 conjungens
2341 3982 2357 4009 ,
2395 3940 2613 3995 videtur
2635 3940 2888 3996 diversus
2908 3952 3031 3993 esse
3069 3937 3141 3992 ab
3177 3937 3247 3992 iis
3272 3952 3395 4008 quae

1807 4032 2092 4105 conjungit
2117 4074 2132 4098 ,
2171 4047 2240 4088 ne
2284 4040 2570 4103 putaretur
2604 4030 2890 4099 Christus,
2943 4029 3073 4086 dum
3127 4028 3398 4086 mediator

1808 4136 1957 4184 esset
1994 4126 2139 4182 inter
2166 4126 2341 4182 Deum
2372 4136 2427 4183 et
2468 4126 2773 4194 hominem,
2806 4126 2892 4181 vel
2925 4140 3035 4181 non
3066 4140 3190 4181 esse
3218 4122 3392 4188 Dcus,

1810 4222 1905 4277 sed
1935 4219 2082 4276 aliud
2109 4235 2139 4274 a
2161 4218 2297 4287 Deo,
2321 4220 2423 4290 'qui
2447 4218 2815 4291 conjungebat
2846 4218 3148 4272 hominem.
3205 4213 3303 4270 Vel
3348 4214 3395 4269 si

1814 4311 1960 4369 Deus
1989 4321 2156 4379 esset,
2183 4320 2510 4383 putarentur
2538 4321 2681 4378 duo,
2712 4325 2858 4365 unus
2906 4309 3002 4380 qui
3041 4307 3398 4377 conjungeret

1812 4404 2028 4461 medius
2047 4404 2157 4460 duo
2179 4411 2457 4471 extrema;
2485 4402 2624 4458 alter
2649 4401 2794 4458 Deus
2809 4444 2826 4470 ,
2855 4401 2945 4457 cui
2971 4400 3397 4471 conjungeretur

1743 4464 1788 4522 θ
1815 4499 1999 4553 homo.
2722 4516 2727 4521 ·
3384 4546 3387 4549 .

1870 4586 1953 4643 ‘Et
1980 4586 2050 4642 ad
2084 4585 2476 4642 removendum
2497 4586 2605 4641 hoc
2634 4586 2819 4641 subdit
2845 4604 2857 4640 :
2884 4584 3015 4640 Dico
3042 4581 3393 4647 mediatoris;

1816 4680 2083 4736 Mediator
2107 4690 2283 4734 autem
2310 4679 2551 4736 concedo
2579 4679 2729 4750 quod
2764 4695 2867 4732 non
2888 4686 2964 4732 est
2994 4677 3151 4730 unius
3183 4675 3257 4728 rei
3280 4681 3395 4727 tan-

1814 4780 1932 4825 tum
1963 4769 2254 4835 mediator,
2279 4769 2374 4825 sed
2397 4769 2633 4824 duarum
2664 4763 3233 4834 extremitatum,qnia
3264 4776 3393 4832 pro-

1815 4869 1939 4933 pter
1978 4877 2151 4916 unum
2182 4876 2293 4915 non
2326 4861 2601 4917 diceretur
2622 4860 2855 4916 medius.
2890 4857 2978 4925 Et,
3010 4857 3138 4912 licet
3175 4871 3284 4909 non
3325 4852 3397 4908 sit

1817 4956 1984 5010 unius
2027 4953 2317 5020 mediator,
2350 4954 2446 5010 sed
2471 4955 2728 5019 duorum,
2759 4960 2940 5006 tamen
2968 4958 3256 5021 propterea
3283 4963 3394 5003 non

1815 5045 2065 5116 sequitur
2103 5046 2251 5116 quod
2297 5045 2410 5101 sint
2452 5046 2562 5100 duo
2609 5045 2713 5112 dii,
2768 5044 2859 5098 sed
2907 5059 3042 5097 unus
3074 5049 3287 5096 tantum
3316 5049 3394 5095 est

1816 5138 1977 5193 Deus.
1994 5137 2089 5193 Vel
2119 5138 2315 5193 aliter:
2345 5138 2454 5193 Lex
2472 5146 2556 5193 est
2578 5137 2757 5208 posita
2778 5137 2832 5191 in
2858 5152 3022 5192 manu
3044 5133 3394 5200 mediatoris;

1816 5230 1909 5286 hic
1935 5238 2118 5285 autem
2150 5230 2419 5291 mediator
2449 5245 2559 5285 non
2598 5237 2681 5285 est
2719 5231 2907 5296 unius,
2953 5229 3007 5284 id
3053 5236 3137 5283 est
3178 5226 3394 5284 Iudaici

1814 5320 2001 5391 populi
2031 5327 2276 5388 tantum;
2311 5321 2403 5377 sed
2439 5330 2524 5376 est
2554 5337 2720 5389 unus,
2771 5320 2824 5375 id
2853 5328 2938 5375 est
2969 5334 3124 5389 atque
3177 5317 3396 5390 gentilis

1816 5415 1959 5471 sicut
1984 5414 2174 5486 judtei.
2226 5414 2339 5471 Hoc
2386 5415 2513 5472 inde
2549 5424 2786 5481 constat,
2814 5413 2944 5484 quia
2990 5420 3075 5468 est
3108 5411 3254 5467 Deus
3277 5420 3391 5466 tam

1813 5508 1950 5563 bene
1984 5508 2202 5580 gentilis
2232 5509 2373 5565 sicut
2407 5507 2604 5565 Judaei.
2638 5506 2809 5563 Infert
2829 5523 2859 5561 a
2891 5503 3162 5576 superiori
3217 5522 3231 5557 :
3265 5502 3394 5571 quia

1816 5610 2184 5656 testamentum
2205 5603 2432 5657 hominis
2463 5619 2611 5657 nemo
2641 5600 2861 5672 spernit,
2885 5606 2979 5651 aut
3002 5593 3391 5666 superordinat.

1814 5695 2226 5752 Testamentum
2269 5706 2450 5752 autem
2491 5706 2617 5750 ante
2653 5696 2827 5765 legem
2858 5681 3063 5746 factum
3102 5696 3204 5744 est.
3251 5684 3423 5757 Ergo

1816 5790 1905 5847 lex
1933 5805 2043 5846 non
2073 5789 2303 5846 destruit
2328 5789 2600 5860 promissa
2623 5786 2739 5843 Dei.
2776 5783 2880 5840 Sed
2904 5783 3011 5837 hoc
3033 5781 3137 5837 sub
3157 5780 3393 5835 interro-

3009 5875 3085 5937 10
