3928 6438
1059 320 1116 376 S.
1154 313 1503 374 BRUNONIS
1535 305 2185 372 CARTHUSIANORUM
2223 307 2715 370 lNSTITUTORlS
2748 311 2904 406 DPP.
2949 309 3130 368 PARS
3167 311 3234 367 ll.

513 422 746 517 gatione
785 437 867 494 sic
891 435 1048 509 ponit
1095 451 1107 489 ;
1155 433 1238 487 An
1267 429 1546 486 fatendum
1578 435 1662 483 est
1705 425 1852 496 quod
1898 425 1983 480 lea:
2033 423 2108 480 sit
2133 426 2178 484 A
2207 441 2369 497 neque
2415 427 2664 496 Graccus,
2718 445 2822 484 non
2848 437 2927 484 est
2967 445 3146 483 servus
3183 441 3346 498 neque
3373 426 3538 493 liber;
3569 444 3680 484 non
3721 441 3802 488 es:

526 536 778 592 adversus
807 529 1072 602 promissa
1101 525 1220 591 Dei,
1252 533 1310 580 ut
1337 538 1434 594 per
1463 521 1636 592 legem
1666 519 1936 573 habeatur
1957 517 2109 588 quod

526 645 626 702 per
657 627 820 682 ﬁdem
841 618 1228 695 promittitur?
1244 615 1393 670 Absit
1417 614 1522 669 hoc
1545 620 1607 668 ut
1628 612 1716 666 lex
1758 609 1838 666 sic
1861 609 2110 666 adverse

529 701 619 778 tur
641 715 932 791 promissis
961 711 1100 776 Dei,
1144 718 1204 765 ut
1249 705 1445 762 efﬁciat
1498 701 1955 769 benedictionem,
1987 715 2110 771 quae

530 828 627 884 per
652 811 811 866 ﬁdem
843 801 1210 877 promittitur!
1261 797 1400 852 Vere
1443 795 1532 852 lex
1568 809 1680 850 non
1707 801 1794 850 est
1845 791 2109 848 adversus

532 883 806 978 promissa
834 899 950 968 Dei,
975 895 1230 967 utpossit
1273 889 1710 947 benedictionem
1761 886 1912 942 dare.
1964 883 2108 938 Nam

530 973 576 1051 si
611 996 694 1051 lex
720 993 850 1047 data
872 996 1002 1044 esset
1027 1001 1143 1058 quae
1175 983 1340 1055 possit
1365 980 1654 1050 viviﬁcare,
1685 977 1741 1032 id
1763 984 1850 1032 est
1874 973 2110 1047 promis-

533 1105 652 1145 sam
701 1082 1132 1141 benedictionem
1185 1077 1345 1142 dare,
1399 1083 1532 1128 tunc
1570 1087 1685 1126 vere
1719 1069 1940 1140 justitia
1976 1073 2110 1121 esset

529 1196 596 1235 ea:
630 1179 757 1249 lege,
791 1173 897 1229 nisi
925 1171 1073 1226 enim
1107 1165 1322 1238 justitia
1375 1160 1744 1234 praecesserit,
1801 1155 2108 1214 benedictio

533 1271 720 1342 nequit
757 1261 1130 1338 apprehendi;
1184 1258 1279 1315 sed
1313 1273 1381 1312 ex
1421 1257 1541 1326 lege
1586 1269 1696 1308 non
1735 1259 1822 1307 est
1870 1249 2104 1322 iustitia.

529 1362 809 1432 Scriptura
851 1355 999 1411 enim
1026 1351 1318 1416 conclusit,
1349 1349 1404 1404 id
1432 1357 1517 1403 est
1545 1344 1786 1402 ostendit
1825 1343 2104 1400 conclusa.

533 1450 630 1506 Vel
673 1448 980 1518 Scriptura,
1009 1443 1065 1498 id
1099 1447 1184 1497 est
1216 1439 1405 1495 eadem
1431 1439 1540 1503 lex,
1566 1444 1650 1504 et,
1687 1450 1786 1506 per
1825 1433 2105 1498 additum,

529 1547 813 1610 peccatum
840 1533 1000 1606 quasi
1026 1531 1296 1586 violenter
1317 1527 1607 1593 conclusit,
1625 1534 1680 1580 et
1702 1525 1960 1580 conclusa
1985 1537 2110 1579 esse

528 1630 767 1688 ostendit
805 1627 985 1682 omnia
1039 1621 1132 1677 sub
1172 1628 1406 1692 peccato.
1447 1617 1572 1674 ldeo
1617 1616 1800 1673 omnia
1850 1613 2110 1670 conclusa

531 1730 662 1780 sunt
695 1721 801 1776 sub
836 1724 1083 1789 peccato,
1125 1723 1184 1768 ut
1215 1713 1296 1770 sic
1319 1711 1564 1768 conclusi
1592 1709 1896 1774 crederent,
1921 1715 1974 1762 et
2000 1705 2108 1762 illis

532 1813 753 1869 tandem
788 1807 1159 1873 credentibus,
1197 1805 1418 1858 daretur
1451 1801 1756 1872 promissio,
1795 1798 1850 1854 id
1871 1805 1958 1854 est
1979 1811 2104 1868 pro-

531 1903 704 1960 missa
745 1899 1075 1966 benedictio,
1132 1911 1242 1952 non
1294 1910 1362 1950 ex
1397 1895 1534 1966 lege,
1589 1893 1684 1950 sed
1725 1907 1790 1946 ex
1829 1889 1935 1960 ﬁde
1976 1887 2108 1944 Iesu

530 1995 764 2060 Christi;
827 1999 1014 2064 posset
1066 1989 1213 2045 enim
1268 1987 1448 2058 putari
1499 1985 1678 2057 quod,
1731 1983 1860 2039 licet
1919 1982 2109 2039 crede-

528 2094 683 2153 rent,
721 2099 834 2140 non
873 2093 1056 2139 tamen
1089 2080 1290 2137 merito
1324 2079 1453 2135 fidei
1515 2077 1828 2148 acciperent
1879 2073 2106 2132 benedi-

527 2181 786 2238 ctiouem.

595 2271 738 2328 Nota
763 2289 776 2326 :
799 2269 922 2326 ideo
945 2265 1216 2324 conclusit
1243 2265 1428 2320 omnia
1457 2263 1561 2320 sub
1587 2268 1832 2334 peccato,
1845 2267 1908 2316 ut
1931 2259 2115 2317 crede-

528 2371 688 2428 rent;
737 2361 846 2417 nisi
877 2360 1026 2416 enim
1048 2357 1300 2414 homines
1327 2357 1403 2411 ita
1433 2357 1734 2426 ligarentur
1758 2353 1862 2410 sub
1890 2351 2112 2409 vinculo

529 2449 784 2523 peccati,
819 2448 969 2519 quod
998 2462 1100 2502 nec
1123 2445 1340 2501 viribus
1379 2445 1496 2501 suis
1536 2443 1810 2514 respirare
1863 2450 2109 2514 possent,

530 2557 820 2612 nunquam
876 2541 944 2596 ad
977 2539 1414 2596 misericordiam
1446 2553 1572 2608 quae
1625 2537 1680 2592 in
1731 2536 1836 2593 ﬁde
1873 2544 2111 2604 constat,

443 2671 452 2680 ι
531 2631 912 2704 confugerent.
941 2630 1046 2687 Sed
1075 2631 1329 2701 quamvis
1361 2631 1449 2686 lex
1471 2627 1751 2684 viviﬁcare
1781 2643 1891 2683 non
1912 2626 2108 2699 possit,

529 2730 716 2779 tamen
741 2728 1046 2792 opportuna
1068 2719 1202 2786 fuit;
1227 2719 1376 2790 quia,
1393 2719 1702 2790 priusquam
1727 2717 1922 2772 ueniret
1955 2716 2110 2787 ﬁdes,

531 2828 636 2870 nos
675 2811 850 2868 Judaei
873 2811 1038 2883 positi
1070 2810 1164 2866 sub
1193 2809 1302 2881 lege
1334 2809 1782 2875 custodiebamur,
1807 2807 1862 2863 id
1899 2815 1990 2864 est
2010 2807 2114 2863 sub

533 2904 788 2962 custodia
821 2903 956 2974 legis
996 2902 1376 2958 nutriebamur
1424 2900 1494 2957 ad
1531 2909 1821 2956 venturam
1856 2899 2109 2971 gratiam.

535 2996 658 3062 Sub
679 2997 797 3068 lege
815 2995 942 3052 dico
971 2993 1230 3061 conclusi,
1268 2993 1322 3049 id
1348 3001 1434 3050 est
1457 2991 1740 3048 constricti
1788 2991 1845 3046 in
1892 3005 2112 3046 carcere

533 3078 683 3145 velut
700 3088 864 3145 servi.
892 3087 1201 3143 Minabatur
1228 3085 1374 3140 enim
1397 3099 1616 3156 prunam
1633 3126 1648 3152 ,
1686 3099 1796 3138 non
1825 3082 2110 3154 promitte-

536 3179 629 3234 bat
658 3177 924 3250 requiem.
971 3176 1434 3234 Custodiebamur
1465 3175 1608 3243 dico,
1637 3189 1704 3230 ex
1737 3176 1842 3231 hac
1863 3173 2112 3232 custodia

537 3270 821 3326 transituri
844 3271 902 3324 in
925 3285 1044 3325 eam
1068 3269 1226 3340 ﬁdem
1251 3285 1368 3340 quee
1389 3278 1522 3324 tunc
1547 3268 1738 3340 ﬁguris
1751 3268 1888 3340 legis
1914 3267 2112 3334 velata,

532 3351 961 3415 erat'revelauda
989 3373 1085 3429 per
1102 3357 1404 3414 Christum.
1423 3356 1490 3412 Et
1517 3358 1646 3428 quia
1669 3357 1772 3414 sub
1790 3357 1906 3428 lege
1929 3365 2116 3412 custo-

533 3450 823 3506 diebamur
856 3449 912 3504 in
941 3449 1136 3515 ﬁdem,
1183 3451 1363 3520 itaque
1399 3448 1484 3502 lea:
1515 3448 1620 3518 fuit
1646 3448 1966 3518 paedagogus
2015 3464 2113 3502 uo-

534 3548 682 3607 ster,
724 3539 974 3594 nutriens
1013 3553 1116 3594 nos
1167 3537 1450 3608 ponendos
1486 3538 1542 3592 in
1599 3536 1844 3604 Christo,
1880 3537 2001 3592 ideo
2057 3539 2115 3592 in

537 3631 786 3698 Christo,
817 3638 877 3684 ut
902 3645 1005 3686 nos
1035 3627 1207 3685 Judaei
1251 3628 1616 3700 justiﬁcemur
1660 3643 1726 3683 ex
1754 3628 1860 3699 ﬁde
1887 3628 2112 3695 Christi,

535 3737 646 3780 non
676 3737 743 3778 ex
767 3723 902 3794 lege.
935 3721 1274 3794 Pazdagogus
1299 3720 1502 3777 dicitur
1524 3719 1764 3776 nutritor
1792 3719 1980 3790 pueri,
2019 3719 2115 3790 qui

534 3829 752 3886 semper
776 3814 1024 3886 sequitur
1042 3815 1212 3886 pedes
1235 3813 1375 3884 ejus.
1391 3811 1652 3869 Similiter
1675 3812 1761 3868 lex
1789 3813 2116 3884 paedagogus

533 3915 722 3963 noster
749 3905 874 3973 fuit,
904 3906 1153 3962 nutriens
1181 3905 1473 3978 pueritiam
1507 3913 1564 3961 et
1587 3905 1990 3976 simplicitatem
2017 3921 2117 3962 no-

534 4007 728 4066 stram,
752 3998 898 4054 sicut
938 3998 1077 4054 solet
1106 4013 1244 4068 puer
1281 3997 1478 4052 nutriri
1507 3996 1824 4054 verberibus
1844 4005 1898 4053 et
1925 3997 2111 4054 minis.

537 4085 652 4142 Nos
689 4085 845 4156 pueri
885 4101 1108 4141 eramus
1149 4085 1253 4140 sub
1275 4085 1601 4158 jpaedagogo.
1647 4085 1716 4138 At
1758 4086 1879 4153 ubi,
1927 4086 1982 4142 id
2032 4095 2117 4142 est

535 4181 850 4246 postquam,
878 4174 1040 4244 217
1085 4175 1222 4229 venit
1251 4175 1412 4244 ﬁdes,
1458 4176 1513 4230 id
1540 4183 1624 4231 est
1653 4176 1943 4234 maturitas
1992 4171 2148 4232 ωορδ

537 4280 684 4332 rum,
733 4273 790 4320 et
823 4265 940 4334 jam
989 4265 1160 4320 adulti
1203 4281 1433 4334 sumus;
1471 4282 1578 4322 nos
1611 4266 1818 4336 Judaei,
1851 4268 1970 4338 jam
2012 4285 2116 4324 non

537 4371 723 4412 sumus
753 4356 848 4409 sub
870 4355 1180 4427 paedagogo,
1207 4355 1264 4411 id
1283 4365 1368 4412 est
1396 4357 1499 4413 sub
1516 4357 1652 4429 lege.
1667 4357 1796 4414 Ideo
1819 4374 1922 4414 nos
1941 4358 2117 4416 Judtei

537 4447 776 4519 amplius
806 4461 913 4503 non
947 4463 1139 4503 sumus
1151 4448 1266 4504 sub
1289 4449 1567 4520 legc,quia
1595 4464 1690 4505 vos
1720 4466 1929 4518 omnes,
1953 4449 2116 4506 Gala-

541 4545 637 4606 ιω,
681 4537 910 4610 gentiles
961 4539 1086 4592 estis
1131 4537 1236 4608 ﬁlii
1275 4537 1374 4593 Dei
1414 4555 1508 4610 per
1539 4541 1738 4610 ﬁdem,
1784 4541 2026 4597 habitam
2061 4542 2117 4597 in

535 4629 760 4688 Christo
801 4629 928 4686 Iesu
975 4645 1085 4685 non
1122 4631 1306 4687 minus
1335 4646 1500 4702 quam
1530 4647 1653 4689 nos.
1679 4632 1747 4688 Et
1773 4633 1821 4689 si
1847 4634 2006 4690 vobis
2027 4634 2116 4690 ni-

539 4722 618 4777 hil
663 4722 848 4778 minus
875 4730 960 4778 est
997 4722 1140 4792 apud
1191 4721 1363 4778 Deum
1401 4738 1498 4793 per
1545 4724 1704 4780 ﬁdem
1736 4740 1900 4795 quam
1933 4725 2111 4794 nobis,

541 4813 748 4870 frustra
797 4823 1112 4869 teneremus
1160 4813 1335 4886 legem
1355 4857 1370 4882 ,
1417 4830 1539 4886 quae
1579 4831 1677 4886 per
1713 4832 1817 4872 nos
1850 4817 2117 4888 probatur

541 4905 675 4960 nihil
709 4905 959 4961 conferre
981 4905 1162 4962 nobis.
1194 4905 1334 4974 Quia
1360 4906 1534 4963 sinos
1561 4905 1736 4963 Judaei
1760 4908 1956 4980 legem,
1981 4909 2115 4980 quia

538 4997 786 5053 inutilem
807 4998 1159 5066 dimittimus,
1197 5000 1387 5071 utique
1440 5015 1534 5056 vos
1569 5001 1664 5072 qui
1689 5017 1800 5057 non
1823 5002 2116 5072 habuistis,

539 5087 752 5143 insania
777 5097 922 5144 esset
945 5091 1376 5160 apprehendere.

607 5181 754 5238 Bene
775 5183 898 5238 dico
919 5199 1017 5240 vos
1039 5183 1182 5239 ﬁlios
1201 5183 1296 5239 Dei
1319 5185 1374 5238 in
1391 5183 1615 5240 Christo
1634 5181 1784 5241 Jcsu.
1811 5183 2120 5258 Quicunque

539 5275 682 5330 enim
711 5274 968 5345 baptizati
992 5276 1118 5328 estis
1139 5275 1195 5328 in
1217 5275 1450 5344 Christo,
1483 5277 1540 5332 id
1566 5285 1654 5332 est
1687 5276 1746 5331 in
1779 5277 2121 5334 institutione

537 5367 744 5424 Christi
769 5364 920 5434 Jesu,
939 5367 1190 5422 iuduistis
1207 5367 1496 5424 Christum.
1525 5368 1754 5426 Induere
1774 5370 1925 5426 dicit.
1944 5369 2121 5426 Homo

537 5461 687 5517 enim
711 5476 808 5530 per
855 5469 1141 5532 peccatum
1181 5461 1364 5516 nudus
1391 5469 1447 5516 et
1489 5463 1776 5532 penuriam
1825 5463 2034 5533 patitur
2068 5474 2122 5520 et

541 5551 932 5624 ignominiam;
971 5551 1064 5608 sed
1091 5551 1146 5605 in
1171 5552 1442 5622 baptismo
1473 5551 1700 5609 veniens
1741 5553 1810 5608 ad
1835 5553 2120 5611 Christum

543 5644 722 5700 induit
750 5660 899 5714 eum,
935 5653 991 5702 et
1016 5645 1086 5701 ad
1115 5645 1398 5718 tegendam
1437 5645 1737 5703 nuditatem
1781 5663 1938 5704 suam
1973 5659 2026 5705 et
2051 5651 2120 5707 ad

546 5735 794 5806 gloriam.
822 5736 965 5796 Bene
1006 5738 1131 5795 dico
1155 5739 1448 5810 quicunque
1474 5756 1576 5794 mm
1604 5747 1682 5796 est
1714 5740 1858 5798 enim
1895 5740 2117 5798 Judwus

390 6413 776 6428 Pi:-
809 6414 818 6416 ~

2211 518 2480 572 masculus
2504 536 2665 590 neque
2691 521 2912 590 femina,
2938 520 2993 576 id
3015 530 3230 575 estnon
3263 519 3439 588 natio,
3465 515 3580 600 non
3600 522 3802 578 condi-

2211 609 2308 678 tio,
2353 626 2460 666 non
2505 627 2670 669 sexus
2695 612 2950 668 diﬁ'erens
2985 620 3070 668 est
3097 613 3155 666 in
3181 612 3292 668 ﬁde
3327 611 3554 669 Christi.
3603 611 3800 668 Onus

2207 702 2349 756 enim
2371 718 2458 756 vos
2479 718 2644 757 unum
2671 717 2874 774 corpus
2893 703 3022 758 estis
3043 717 3142 774 per
3159 701 3322 758 ﬁdem
3338 703 3396 756 in
3411 701 3630 758 Christo
3649 701 3797 758 Iesu.

2211 790 2271 847 Si
2291 802 2468 848 autem
2493 810 2582 848 vos
2603 795 2738 850 estis
2761 793 2984 862 Christi,
3012 809 3140 850 cum
3160 793 3420 850 Christus
3439 794 3515 850 sit
3533 794 3798 851 Abrahae-

2209 903 2376 960 supra
2403 889 2552 946 enim
2573 889 2780 946 dictum
2809 897 2896 946 est
2919 897 2976 945 et
2994 889 3182 944 semini
3205 897 3296 943 tuo
3311 889 3404 958 qui
3433 896 3513 942 est
3527 887 3800 956 Christus,

2207 995 2329 1051 ergo
2344 994 2440 1050 per
2453 979 2733 1036 Christum
2763 995 2884 1048 vos,
2911 979 3162 1052 gentiles,
3192 979 3322 1034 estis
3341 994 3520 1033 semen
3546 978 3800 1034 Abrahc.

2209 1069 2276 1126 Et
2305 1073 2352 1128 si
2377 1081 2602 1140 semen,
2631 1087 2762 1146 ergo
2805 1071 3038 1128 hazrcdes
3075 1069 3473 1126 benedictionis
3507 1069 3658 1140 ejus,
3695 1085 3802 1138 non

2208 1177 2306 1234 per
2337 1163 2533 1234 legem,
2573 1161 2672 1230 sed
2715 1161 3002 1216 secundum
3039 1159 3466 1232 piomissionem.
3511 1156 3577 1213 In
3606 1158 3799 1214 eodem

2209 1255 2358 1326 quod
2405 1255 2660 1326 superius
2709 1253 2961 1325 probavit
3015 1251 3199 1308 adhuc
3248 1251 3609 1316 immoratur;
3661 1249 3801 1308 sicut

2209 1346 2354 1402 enim
2378 1347 2630 1417 probavit
2656 1361 2768 1402 non
2791 1345 3026 1416 amplius
3056 1343 3442 1400 revertendum
3472 1357 3601 1398 esse
3619 1343 3696 1398 ad
3723 1342 3800 1399 le-

2208 1454 2352 1511 gem,
2375 1438 2504 1510 quia
2536 1439 2864 1511 paedagogus
2889 1437 2994 1492 fuit
3025 1453 3038 1489 :
3071 1435 3176 1500 ﬁde
3197 1443 3382 1490 autem
3403 1433 3802 1506 perfectis,pe-

2208 1531 2419 1602 dagogo
2441 1545 2552 1585 non
2583 1539 2670 1586 est
2713 1544 2854 1600 opus
2882 1547 2898 1596 ;
2931 1527 3074 1584 idem
3120 1526 3301 1582 adhuc
3328 1525 3454 1580 aliis
3493 1525 3798 1581 rationibus

2207 1623 2422 1693 probat,
2455 1622 2664 1678 scilicet
2696 1620 2915 1678 Judmos
2944 1635 3052 1675 non
3079 1619 3317 1689 amplius
3349 1617 3556 1673 debere
3583 1618 3797 1687 operari

2210 1714 2314 1770 sub
2345 1714 2482 1786 lege,
2513 1723 2799 1784 propterea
2832 1711 2963 1782 quia
2984 1711 3072 1767 lex
3107 1709 3229 1765 loco
3269 1709 3472 1764 tutoris
3493 1715 3554 1763 et
3599 1708 3797 1763 actoris

2209 1804 2350 1860 fuit:
2385 1821 2496 1876 quo
2523 1813 2704 1878 tutore
2736 1815 2792 1860 et
2810 1811 2996 1860 actore
3025 1817 3136 1858 non
3168 1799 3378 1872 indiget
3403 1801 3704 1854 maturitas
3736 1798 3796 1854 ﬁ-

2209 1894 2317 1952 dei.
2359 1894 2428 1949 Et
2455 1896 2560 1952 hoc
2581 1895 2777 1967 probat
2817 1909 2916 1966 per
2945 1891 3364 1950 similitudinem
3399 1889 3601 1962 pupilli
3640 1905 3796 1962 quan

2209 1995 2364 2059 pater
2404 1988 2648 2044 moriens
2691 1986 2795 2044 sub
2825 1993 3006 2042 tutore
3041 1993 3096 2040 et
3129 1991 3318 2039 actore
3361 1995 3490 2038 esse
3536 1981 3792 2052 dispoit,

2211 2079 2387 2136 donec
2414 2081 2702 2136 maturitas
2725 2079 2902 2135 aetatis
2931 2077 3096 2133 faciat
3127 2091 3256 2131 eum
3275 2075 3508 2148 dignum
3533 2074 3792 2130 libertate.

2213 2175 2384 2236 Tutor
2405 2175 2560 2250 pueri
2585 2173 2804 2240 dicitur,
2829 2171 2926 2242 qui
2953 2177 3144 2225 contra
3179 2169 3603 2240 impugnantem
3626 2175 3795 2221 tuetur

2211 2287 2360 2339 eum,
2391 2285 2462 2325 ne
2483 2264 2818 2324 exhaaredari
2851 2261 3046 2334 possit.
3072 2262 3240 2316 Actor
3271 2259 3433 2332 pueri
3463 2258 3686 2325 dicitur,
3721 2257 3795 2312 vel

2214 2364 2380 2430 idem,
2412 2361 2499 2416 vel
2521 2359 2696 2425 alius;
2728 2355 2824 2412 sed
2848 2342 3193 2426 pro/diversa
3219 2366 3410 2418 causa,
3437 2350 3652 2407 scilicet
3675 2348 3792 2420 quia

2215 2455 2326 2529 agit
2343 2463 2400 2511 et
2413 2454 2696 2523 dispensat
2707 2449 2850 2504 bona
2865 2447 3081 2519 pupilli,
3095 2443 3260 2502 solvit
3271 2457 3502 2512 census,
3515 2440 3794 2513 respondet

2214 2562 2314 2618 pro
2338 2561 2406 2602 eo
2429 2545 2484 2599 in
2513 2541 2716 2600 causis.
2753 2539 2866 2596 Lex
2885 2539 3137 2596 similiter
3158 2545 3309 2593 tutor
3325 2544 3382 2592 et
3403 2543 3567 2590 actor
3583 2533 3792 2590 dicitur.

2216 2637 2478 2694 Homines
2509 2635 2658 2691 enim
2688 2647 2884 2704 parum
2919 2631 3182 2686 habentes
3211 2627 3416 2684 divina:
3447 2623 3790 2698 cognitionis,

2215 2738 2271 2786 et
2297 2730 2355 2784 in
2383 2727 2575 2785 eodem
2611 2725 2750 2782 satis
2777 2722 2966 2780 miseri
2996 2729 3052 2778 et
3073 2719 3286 2792 pupilli,
3312 2718 3638 2790 indigebant
3651 2716 3792 2787 prius

2214 2819 2334 2891 lege
2355 2831 2479 2888 quae
2518 2813 2922 2884 constringeret
2955 2825 3052 2867 eos
3090 2817 3152 2864 ut
3179 2822 3395 2876 servos,
3428 2815 3515 2875 ut,
3557 2807 3660 2862 sub
3701 2806 3791 2860 hac

2215 2908 2558 2966 districtione
2579 2905 2792 2972 nutriti,
2809 2903 3112 2974 migrarent
3141 2900 3211 2957 ad
3233 2898 3632 2971 perfectionem
3649 2895 3786 2961 ﬁdei;

2215 3008 2272 3055 et
2297 3007 2430 3054 tunc
2463 2997 2551 3052 lex
2587 3003 2706 3051 erat
2733 2995 2815 3050 eis
2842 3001 2992 3048 tutor
3025 3007 3122 3062 per
3149 2997 3420 3062 praecepta
3453 3003 3582 3060 qua:
3618 2987 3784 3052 dabat,

2215 3091 2443 3148 dicens:
2482 3087 2561 3142 Ne
2601 3086 2772 3142 facias
2813 3085 2920 3141 hoc
2962 3091 3017 3139 et
3051 3081 3205 3138 illud.
3261 3078 3428 3148 Quod
3479 3078 3528 3136 si
3583 3075 3783 3142 feceris,

2214 3191 2392 3238 morte
2415 3178 2690 3236 morieris.
2725 3175 2818 3233 Sic
2841 3191 2940 3248 per
2963 3175 3090 3230 data
3112 3179 3388 3244 praecepta
3404 3169 3686 3226 tutabatur
3702 3181 3783 3223 eos

2213 3274 2321 3340 lex,
2357 3279 2414 3327 et
2447 3267 2771 3326 defendebat
2816 3273 3010 3322 contra
3049 3261 3315 3320 irruentia
3341 3261 3499 3329 vitia,
3529 3277 3561 3316 a
3603 3259 3783 3332 quibus

2213 3365 2411 3420 timore
2449 3361 2740 3418 cessabant
2762 3400 2779 3426 ,
2829 3357 3076 3414 nondum
3120 3355 3436 3413 dilectione.
3483 3353 3599 3409 Lex
3638 3353 3782 3408 etiam

2213 3464 2332 3512 erat
2357 3453 2604 3526 ejusdem
2633 3451 2820 3524 populi
2849 3457 3022 3516 actor,
3039 3463 3138 3520 per
3165 3447 3440 3504 sacriﬁcia
3462 3445 3664 3517 quibus
3674 3457 3783 3526 age-

2213 3550 2376 3606 batur
2399 3547 2544 3618 apud
2565 3545 2741 3601 Deum
2769 3552 2830 3600 ut
2859 3543 3214 3613 expiarentur
3241 3556 3273 3596 a
3302 3541 3566 3611 peccatis.
3598 3537 3782 3593 Littera

2215 3640 2296 3697 sic
2319 3639 2587 3712 jungitur.
2612 3635 2734 3693 Non
2759 3635 2938 3692 solum
2962 3649 3061 3704 per
3081 3633 3136 3688 id
3158 3631 3306 3704 quod
3329 3632 3780 3703 prmmissumest,

2215 3731 2424 3789 scilicet
2449 3729 2577 3800 quia
2599 3729 2686 3784 lex
2715 3726 3045 3798 paedagOgus
3068 3723 3171 3780 fuit
3192 3723 3366 3795 probo
3387 3739 3503 3779 non
3523 3722 3666 3779 ultra
3685 3735 3782 3776 nsa-

2217 3823 2456 3879 nendum
2484 3835 2608 3876 esse
2631 3818 2734 3875 sub
2774 3818 2914 3890 lege,
2939 3817 3036 3873 sed
3080 3816 3247 3872 etiam
3276 3830 3376 3886 per
3403 3814 3516 3871 hoc
3542 3813 3686 3886 quod
3705 3812 3780 3867 le:

2214 3916 2336 3971 loco
2357 3911 2556 3969 tutoris
2597 3919 2652 3967 et
2675 3909 2880 3966 actoris
2915 3907 3039 3963 fuit.
3074 3906 3293 3974 Quibus
3333 3906 3465 3978 quia
3515 3905 3658 3962 ultra
3687 3916 3782 3958 non

2216 4004 2546 4076 indigemus,
2589 4001 2766 4072 legem
2797 4007 2984 4054 tenere
3029 3997 3298 4068 injustum
3347 4003 3452 4052 est.
3507 3993 3608 4052 Vel
3648 3993 3784 4050 aliter

2211 4095 2481 4167 jungitur,
2513 4101 2576 4148 ut
2605 4091 2678 4149 sit
2719 4091 2950 4146 adversa
2979 4087 3274 4155 sententia,
3303 4085 3378 4142 ita
3409 4107 3422 4142 :
3461 4085 3604 4154 Quia
3633 4098 3782 4142 unum

2219 4201 2412 4244 sumus
2439 4185 2495 4240 in
2520 4183 2742 4240 Christo
2777 4190 2832 4238 et
2877 4197 2976 4253 per
3027 4179 3191 4236 ﬁdem
3235 4194 3423 4236 semen
3449 4179 3680 4234 Abrahae
3699 4192 3781 4234 su-

2200 4283 2362 4346 'mus,
2391 4291 2584 4332 verum
2619 4275 2841 4346 quidem
2867 4281 2952 4328 est
2977 4271 3108 4343 quia
3147 4279 3368 4342 propter
3409 4271 3532 4327 haec
3556 4285 3664 4327 non
3685 4269 3780 4339 jam

2217 4365 2478 4426 debemus
2511 4377 2694 4424 tenere
2737 4367 2946 4438 legem;
2983 4364 3081 4420 sed
3110 4372 3292 4420 tamen
3322 4364 3639 4420 necessaria
3674 4361 3774 4426 fuit,

2151 4484 2197 4540 ι)
2221 4461 2354 4516 dum
2381 4467 2558 4515 tutore
2583 4465 2642 4515 et
2665 4466 2849 4514 actore
2871 4453 3053 4512 adhuc
3080 4453 3274 4526 pupilli
3297 4453 3692 4526 indigebamus.
3727 4451 3777 4506 Et

2223 4551 2526 4609 secundum
2575 4550 2719 4605 hanc
2761 4547 3231 4605 continuationem
3272 4561 3444 4604 causa
3487 4561 3612 4616 qua:
3651 4542 3775 4615 prius

2223 4659 2336 4700 non
2366 4651 2486 4700 erat
2509 4641 2719 4699 reddita
2741 4641 2906 4698 modo
2927 4639 3287 4710 supplebitur.

2827 4729 3058 4788 CAPUT
3097 4728 3187 4785 IV.

2298 4847 2315 4880 ι
2346 4826 2479 4883 Dico
2519 4833 2702 4882 autem
2749 4844 2763 4880 :
2803 4823 3020 4892 Quanto
3047 4831 3292 4892 tempore
3329 4821 3506 4877 hatres
3548 4818 3774 4892 parvulus

2228 4938 2247 4971 ι
2291 4927 2396 4986 est,
2410 4917 2548 4973 nihil
2573 4916 2751 4972 diﬁ‘crt
2765 4930 2990 4981 aservo,
3005 4929 3131 4971 cum
3153 4912 3226 4968 sit
3243 4912 3506 4968 dominus
3526 4913 3772 4976 omnium;

2225 5029 2246 5062 (
2289 5010 2384 5066 sed
2415 5010 2518 5064 sub
2547 5008 2820 5064 tutoribus
2839 5015 2896 5063 et
2920 5005 3200 5063 actoribus
3233 5011 3319 5060 est
3348 5019 3529 5075 usque
3563 5005 3631 5060 ad
3657 5017 3771 5076 prae

2226 5121 2244 5154 ι
2290 5100 2502 5156 ﬁnitum
2533 5109 2748 5170 tempus
2773 5116 2806 5155 a
2839 5107 3011 5170 patre.
3049 5097 3130 5154 Ita
3163 5108 3220 5154 et
3255 5111 3359 5153 nos
3394 5113 3522 5154 cum
3559 5106 3772 5154 essemus

2225 5211 2244 5244 ι
2290 5191 2524 5264 parvuli,
2549 5191 2654 5248 sub
2680 5190 2964 5247 elementis
3003 5189 3196 5245 mundi
3231 5204 3456 5245 eramus
3486 5188 3768 5246 servientes.

2225 5305 2244 5338 ι
2289 5285 2360 5341 At
2387 5285 2480 5341 ubi
2510 5283 2659 5339 venit
2696 5283 2977 5354 plenitudo
3010 5282 3292 5353 temporis,
3329 5281 3480 5338 misit
3521 5281 3661 5338 Deus
3695 5276 3768 5332 Fi-

2230 5390 2250 5424 t
2290 5371 2424 5426 lium
2463 5385 2623 5425 suum
2667 5368 2872 5426 factum
2917 5385 2984 5424 ex
3015 5368 3262 5438 muliere,
3292 5367 3500 5424 factum
3530 5369 3629 5424 sub
3657 5366 3765 5436 lege,

2229 5481 2250 5514 ι
2290 5472 2351 5518 ιιι
2371 5477 2467 5520 eos
2487 5462 2584 5532 qui
2611 5459 2716 5518 sub
2737 5461 2853 5532 lege
2873 5468 3029 5516 erant
3049 5459 3360 5526 redimeret,
3377 5468 3440 5515 ut
3460 5459 3766 5530 adoptionem

2232 5574 2250 5606 ι
2293 5553 2530 5610 ﬁliorum
2567 5552 2955 5624 recipercmus.
3001 5551 3272 5620 Quoniam
3298 5561 3482 5608 autem
3517 5551 3644 5608 estis
3671 5543 3764 5602 Filii

2229 5666 2248 5698 ι
2294 5645 2410 5714 Dei,
2439 5646 2592 5704 misit
2617 5645 2764 5702 Deus
2793 5644 3056 5717 Spiritum
3080 5644 3206 5699 Filii
3229 5645 3315 5702 sui
3350 5645 3408 5701 in
3435 5645 3597 5702 corda
3621 5649 3762 5698 vestra

2232 5759 2250 5792 ‹
2297 5737 2534 5813 [nostra]
2569 5740 2895 5797 clamantem
2927 5758 2940 5794 :
2980 5737 3152 5807 Abba,
3185 5736 3364 5796 Pater.
3411 5738 3574 5812 218
3613 5735 3764 5805 Itaque
