3928 6412
34 395 211 454 5ος
754 395 1118 454 exrosmo
1154 396 1219 451 lN
1260 393 1640 451 EPISTOLAS
1677 380 2012 469 Μωρέ
2056 394 2122 450 IN
2160 394 2379 453 EPIST.
2412 400 2511 471 AD
2549 400 2705 457 GAL.
3269 414 3373 469 sos

38 526 75 559 ε
146 507 288 579 iam
320 526 430 566 non
460 521 545 568 est
581 527 793 578 servus,
833 510 929 565 sed
960 508 1126 564 ﬁlius.
1176 506 1317 574 Quia
1355 509 1402 563 si
1442 507 1607 575 ﬁlius,
1640 518 1693 563 et
1721 509 1769 571 Δ
1797 508 2052 574 omnium,
2081 508 2215 563 nihil
2244 509 2449 580 diﬁert,
2467 514 2562 569 sed
2583 514 2821 586 pupillus
2847 516 2935 573 ille
2957 528 3034 574 est
3054 523 3149 577 sub
3180 529 3372 583 tutori-

40 620 73 651 α
155 602 353 659 haeres
398 620 495 674 per
540 604 734 660 Deum.
797 602 905 659 Sed
954 613 1085 659 tunc
1110 600 1333 672 quidem
1380 600 1692 672 ignorantes
1796 598 1911 666 bus,
1938 600 2033 670 qui
2062 610 2282 656 tuentur
2309 603 2675 661 hmreditatem
2707 609 2847 678 ejus,
2876 626 2944 666 ne
2975 612 3239 672 violenter
3267 633 3369 673 au-

38 709 72 742 t
156 691 374 762 Deum,
417 695 504 752 his
538 696 632 768 qui
661 704 857 751 natura
908 710 1020 750 non
1062 701 1192 750 sunt
1219 693 1297 748 dii
1348 692 1685 749 serviebatis.
1794 688 2022 757 feratur,
2058 700 2112 747 et
2146 692 2239 746 sub
2268 695 2535 750 actoribus
2583 685 2677 768 qui
2716 716 2913 758 causas
2940 719 3041 773 pro
3083 722 3149 762 eo
3178 692 3369 779 agunt,

41 803 72 834 ε
156 784 335 842 Nunc
361 796 546 843 autem
574 804 700 843 cum
721 786 1085 858 cognoveritis
1114 785 1285 841 Deum
1333 784 1467 857 (imo
1488 785 1690 857 cogniti
1792 790 1848 837 et
1880 782 1947 837 de
1972 783 2284 841 haereditate
2303 786 2423 856 ejus
2451 788 2765 863 disponunt.
2794 792 2889 849 Est
2917 795 3107 866 utique
3131 798 3235 854 sub
3256 799 3368 855 illis

42 894 75 925 ι
151 877 311 933 estis
353 876 521 951 [sitis]
548 895 581 934 a
604 878 760 949 Deo),
786 878 1065 949 quomodo
1079 877 1463 933 convertimini
1492 876 1690 932 iterum
1793 890 1955 946 usque
1979 874 2050 929 ad
2097 885 2296 947 tempus
2330 881 2476 950 quod
2516 884 2841 953 praeﬁnitum
2869 896 2953 943 est
2986 904 3019 943 a
3044 899 3199 960 patre
3232 908 3367 961 suo,

48 988 79 1021 ι
156 971 238 1025 ad
269 972 489 1028 inﬁrma
510 983 567 1031 et
590 990 762 1043 egena
793 974 1082 1040 elementa,
1118 973 1321 1044 quibus
1345 972 1528 1028 denuo
1568 987 1690 1029 ser-
1792 966 1847 1022 id
1872 975 1975 1035 est,
2006 968 2246 1038 quandiu
2270 982 2422 1040 pater
2443 988 2577 1031 suus
2601 978 2888 1033 constituit
2911 995 3037 1036 eum
3058 997 3183 1040 esse
3204 985 3370 1042 alieni

46 1080 79 1112 α
158 1063 294 1118 vire
322 1064 523 1120 vultis?
554 1063 680 1121 Dies
716 1065 1040 1131 observatis,
1071 1073 1126 1119 et
1169 1078 1407 1132 menses,
1453 1072 1508 1119 et
1547 1071 1689 1119 tem-
1786 1056 1949 1126 juris.
1984 1057 2337 1116 Consuetudo
2384 1064 2528 1118 enim
2576 1076 2694 1122 erat
2723 1085 2896 1139 usque
2938 1072 3009 1127 ad
3044 1090 3162 1130 xxu
3193 1091 3370 1134 annos

158 1169 313 1224 pora
338 1163 393 1210 ei
413 1169 608 1210 annos,
662 1154 852 1211 Timeo
883 1154 1029 1228 [vos]
1071 1170 1140 1210 ne
1173 1154 1315 1211 forte
1359 1156 1478 1212 sine
1520 1170 1689 1211 causa
1789 1164 2022 1218 puerum
2043 1164 2166 1207 esse
2188 1152 2291 1208 sub
2314 1162 2569 1224 patrono,
2606 1173 2676 1213 ne
2701 1158 2993 1231 dissiparet
3021 1164 3209 1223 illicite
3237 1169 3369 1224 sub--

154 1245 536 1302 laboraverim
589 1247 843 1303 iambis,
882 1246 1067 1303 Εειοιθ
1108 1248 1253 1304 sicut
1306 1262 1429 1318 ego,
1475 1247 1603 1318 quia
1637 1256 1691 1304 ει
1790 1238 2049 1294 stantiam
2095 1255 2275 1296 suam.
2325 1242 2463 1310 Quia
2497 1243 2700 1302 Paulus
2739 1264 2851 1305 non
2891 1252 3112 1323 adaptat
3145 1271 3364 1316 omnem

156 1352 276 1409 ego
305 1338 450 1394 sic";
476 1354 597 1406 vos,
630 1338 848 1407 [fail-es,
889 1340 1119 1396 obsecro
1145 1355 1265 1405 vos,
1297 1340 1435 1395 nihil
1471 1355 1559 1396 me
1590 1341 1688 1396 ιω..
1791 1326 2229 1417 similitudinem,
2283 1330 2490 1387 bonum
2534 1342 2619 1390 est
2654 1344 2715 1390 ut
2760 1338 3080 1410 adaptemus
3129 1344 3365 1417 singula.

167 1429 356 1485 sistis.
406 1429 568 1486 Scitis
616 1438 799 1486 autem
819 1431 949 1502 quia
978 1448 1075 1502 per
1102 1432 1476 1487 inﬁrmitatem
1504 1432 1688 1488 carnis
1790 1416 2004 1483 Ωιιαηιο
2049 1429 2279 1491 “lupam
2331 1424 2458 1494 (h0c
2500 1426 2648 1481 enim
2698 1425 2802 1482 Ῑυίι
2840 1445 2873 1483 ³
2921 1432 3099 1500 Primo
3145 1416 3371 1491 homine

154 1520 543 1593 evangelizavi
581 1522 735 1578 vobis
762 1522 1088 1593 jampridem
1110 1530 1165 1578 et
1193 1522 1549 1578 tentationem
1594 1538 1688 1579 ve-
1788 1524 1963 1580 usque
1992 1512 2060 1566 ad
2090 1512 2394 1584 (Ππίδιυιη)
2419 1516 2508 1571 hic
2528 1509 2627 1588 ὶιυί
2657 1527 2741 1574 θεῖ
2767 1519 2988 1579 futurus
3022 1524 3217 1593 haeres,
3252 1528 3365 1584 sci-

142 1619 336 1666 stram
365 1612 423 1666 in
445 1629 611 1669 carne
633 1629 755 1669 mea
790 1630 900 1669 non
918 1614 1222 1684 sprevistis,
1254 1630 1431 1685 neque
1469 1614 1685 1685 respui—

1791 1601 1913 1656 licet
1936 1600 2197 1660 Iudaicus
2228 1607 2461 1678 populus
2487 1626 2500 1662 :
2532 1608 2623 1663 cui
2654 1618 2772 1665 erat
2806 1614 3139 1681 repromissa
3191 1617 3364 1685 salus,

150 1703 306 1770 stis;
332 1703 429 1758 sed
458 1703 602 1760 sicut
639 1705 892 1777 angelum
931 1704 1029 1761 Dei
1074 1707 1363 1777 accepistis
1402 1722 1510 1774 me,
1544 1707 1685 1763 sicut

1791 1691 2028 1760 quandiu
2057 1694 2148 1750 hic
2169 1695 2345 1753 haeres
2370 1706 2455 1754 est
2474 1700 2734 1770 parvulus
2756 1704 2901 1757 omni
2930 1712 3170 1775 tempore
3193 1723 3368 1778 usque

153 1792 456 1850 Christum
485 1794 701 1852 Jesum.
727 1795 829 1852 Ubi
853 1806 937 1853 est
978 1812 1111 1868 ergo
1159 1798 1437 1853 beatitudo
1470 1799 1685 1854 vestra?

1791 1784 1859 1837 ad
1905 1782 2210 1854 Christum,
2259 1788 2317 1843 in
2356 1791 2668 1863 cognitione
2714 1792 2810 1849 Dei
2852 1797 3115 1874 parvulus
3153 1796 3277 1866 fuit,
3316 1806 3372 1854 et

151 1885 575 1943 Testimonium
616 1890 763 1944 enim
813 1889 1073 1961 perhibeo
1106 1890 1283 1957 vobis,
1309 1891 1440 1961 quia
1474 1890 1521 1946 si
1565 1891 1685 1946 ﬁeri

1791 1880 2202 1953 cumparvulus
2232 1891 2334 1949 est,
2366 1883 2503 1937 nihil
2532 1884 2711 1941 diﬂ‘ert
2741 1866 2977 1958 populus
3008 1889 3098 1945 ille
3127 1906 3160 1945 a
3191 1906 3369 1947 servo.

61 1996 87 2027 ι
154 1978 445 2048 potuisset
489 1977 753 2052 [posset],
807 1982 997 2038 oculos
1053 1990 1266 2039 vestros
1309 1983 1596 2039 eruissetis
1633 1992 1685 2040 et

1794 1966 1852 2022 St
1876 1969 2023 2023 enim
2048 1981 2316 2043 praecepta
2338 1975 2441 2030 sibi
2474 1975 2707 2045 faceret,
2734 1979 2944 2035 vitabat
2983 1996 3237 2051 paruam;
3282 1984 3368 2040 siu

59 2089 84 2121 ι
148 2069 460 2127 dedissetis
490 2071 644 2127 mihi.
678 2072 820 2145 Ergo
844 2074 1101 2132 inimicus
1135 2075 1293 2131 vobis
1321 2075 1499 2132 factus
1534 2092 1684 2145 sum,
1790 2064 1994 2126 amem:
2024 2061 2381 2131 torquebatur
2412 2072 2472 2118 ιη
2517 2080 2707 2121 εεΐνυδ
2748 2067 3079 2136 asperrime;
3112 2068 3257 2129 nihil
3281 2070 3369 2124 in-

62 2182 85 2211 .
148 2178 358 2216 verum
398 2163 586 2220 dicens
612 2164 800 2221 vobis?
835 2165 1190 2223 Ᾱςηωιαηιω.
1227 2184 1324 2223 vos
1366 2184 1478 2223 non
1526 2169 1686 2237 bene,
1789 2149 1952 2203 terim
2000 2150 2181 2206 diﬁ‘ert
2225 2168 2256 2207 a
2310 2156 2665 2227 servo,.licet
2717 2157 2791 2212 sit
2832 2157 3054 2215 futurus
3107 2160 3366 2216 dominus

59 2272 86 2306 ι
150 2254 263 2310 sed
310 2254 602 2312 excludere
641 2273 743 2314 vos
782 2259 999 2326 volunt,
1049 2268 1110 2314 ut
1162 2261 1286 2316 illos
1334 2262 1685 2318 azmolemini.

1791 2241 2039 2296 omnium
2064 2242 2333 2298 bonorum
2361 2246 2724 2314 haereditatis;
2749 2248 2829 2303 sic
2848 2249 3084 2319 populus
3110 2249 3198 2303 ille
3218 2265 3372 2321 pres-

66 2364 90 2397 .
151 2345 388 2401 Bonum
417 2357 600 2403 autem
631 2350 967 2405 ωιηυιριηίηί
994 2350 1053 2409 in
1076 2351 1219 2407 bono
1238 2367 1475 2422 semper,
1495 2360 1552 2408 ει
1576 2368 1688 2408 non
1790 2348 1887 2388 sus
1936 2326 2197 2390 servitute
2227 2335 2384 2407 legis,
2437 2337 2483 2393 si
2523 2337 2591 2392 de
2626 2339 2741 2409 lege
2784 2339 3044 2396 transiret
3082 2340 3151 2396 ad
3184 2340 3389 2418 ﬁdem,

66 2457 91 2488 ι
142 2446 375 2493 tantum
405 2454 531 2494 cum
562 2456 802 2511 pmsens
850 2457 973 2498 sum
1022 2441 1167 2512 apud
1200 2458 1317 2499 vos.
1351 2442 1530 2498 Filioli
1557 2444 1686 2512 mei,
1789 2426 2207 2504 constituendus
2248 2437 2366 2484 erat
2426 2429 2683 2485 dominus
2731 2431 2971 2487 cmlestis
3015 2432 3370 2487 hereditatis.

58 1813 85 1843 ‹

72 2551 95 2583 ι
147 2547 309 2602 quos
331 2532 532 2588 iterum
564 2534 830 2603 parturio,
859 2534 1035 2590 donec
1060 2532 1328 2590 formetur
1346 2534 1601 2592 Christus
1630 2535 1687 2590 in

72 2644 95 2677 ι
149 2624 345 2681 vobis.
374 2624 581 2681 Vellem
609 2634 792 2683 autem
818 2642 942 2683 esse
964 2626 1111 2698 apud
1141 2642 1240 2683 vos
1269 2628 1452 2695 modo,
1482 2636 1538 2683 et
1562 2643 1687 2684 mu-

72 2737 95 2770 ι
150 2728 284 2773 tare
307 2733 499 2773 vocem
532 2734 734 2788 meam,
761 2720 1023 2790 quoniam
1061 2718 1369 2777 confundor
1412 2721 1469 2775 in
1506 2721 1685 2777 vobis.

72 2830 96 2863 ι
151 2810 341 2867 Dicite
379 2811 538 2879 mihi,
568 2812 661 2884 qui
697 2813 802 2869 sub
826 2814 942 2884 lege
986 2812 1150 2868 vultis
1195 2828 1336 2881 esse,
1364 2813 1538 2885 legem
1580 2830 1688 2870 non

73 2919 98 2953 ι
149 2901 412 2973 legistis?
447 2900 726 2973 Scriptum
779 2912 866 2960 est
916 2903 1064 2959 enim
1106 2904 1368 2974 quoniam
1411 2905 1689 2961 Abraham

74 3014 98 3047 ι
150 2995 313 3050 duos
329 2996 476 3051 ﬁlios
503 2996 713 3061 habuit,
746 3013 918 3052 unum
942 2997 1008 3053 de
1029 2996 1398 3067 ancilla(Gen.
1429 3015 1543 3065 xvr,
1576 3000 1687 3070 15),

78 3106 99 3136 α
147 3096 209 3143 et
236 3103 417 3142 unum
449 3087 517 3143 de
558 3088 726 3145 libera
755 3088 906 3158 (Gen.
940 3105 1054 3156 xxI,
1090 3089 1167 3160 2).
1197 3088 1315 3156 βαι
1351 3090 1447 3162 qui
1491 3091 1558 3147 de
1592 3106 1691 3146 an-

80 3200 102 3233 c
154 3181 290 3237 cilla
314 3182 621 3239 secundum
651 3197 871 3245 carnem
909 3190 1074 3239 natus
1098 3191 1219 3239 est:
1259 3184 1356 3254 qui
1390 3193 1570 3240 autem
1619 3184 1687 3241 de

78 3293 101 3325 σ
149 3273 353 3342 libera,
387 3289 483 3344 per
510 3274 1024 3344 repromissionem;
1052 3291 1174 3346 quae
1195 3284 1324 3332 sunt
1365 3291 1461 3346 per
1484 3277 1687 3349 allego-

80 3385 101 3418 ι
150 3366 298 3422 riam
324 3366 492 3421 dicta.
524 3364 652 3422 Haec
676 3366 822 3422 enim
846 3375 976 3422 sunt
993 3367 1105 3423 duo
1126 3376 1471 3424 testamenta.
1502 3368 1684 3425 Unum

77 3476 103 3509 ι
144 3457 382 3528 quidem
417 3458 476 3511 in
507 3466 694 3513 monte
737 3456 892 3525 Sina,
924 3458 981 3513 in
1031 3458 1350 3515 servitutem
1394 3476 1683 3531 generans,

80 3568 102 3601 ι
149 3564 287 3619 quas
319 3559 405 3605 est
426 3550 590 3620 Agar.
638 3547 772 3605 Sina
817 3550 966 3605 enim
1015 3565 1175 3606 mons
1225 3552 1392 3607 estin
1433 3551 1681 3608 Arabia:

83 3658 104 3691 ι
148 3639 255 3710 qui
282 3638 615 3709 conjunctus
641 3649 724 3695 est
760 3639 830 3705 ei,
861 3654 984 3710 quae
1023 3655 1172 3695 nunc
1191 3649 1276 3696 est
1318 3638 1682 3709 Hierusalem,

86 3748 107 3780 ι
152 3739 211 3785 et
249 3729 426 3784 servit
458 3745 583 3784 cum
628 3730 753 3785 tiliis
780 3730 917 3786 suis.
949 3729 1044 3785 llla
1076 3740 1259 3791 autem
1290 3748 1413 3802 quae
1459 3746 1681 3789 sursum

87 3840 107 3872 ι
150 3829 243 3875 est
267 3818 634 3886 Hierusalem,
664 3820 834 3875 libera
860 3830 963 3888 est,
997 3837 1120 3892 quae
1145 3828 1229 3876 est
1267 3829 1442 3877 mater
1469 3832 1678 3879 nostra.

88 3932 109 3963 ι
157 3911 449 3983 Scriptum
500 3921 584 3968 est
628 3912 773 3969 enim
811 3932 824 3968 :
867 3932 886 3964 ε
920 3913 1130 3969 Lmtare
1166 3913 1368 3969 sterilis
1407 3930 1530 3985 qua:
1574 3932 1684 3971 non

89 4023 108 4055 ι
155 4003 334 4074 paris.
364 4001 598 4073 Erumpe
629 4011 682 4057 et
705 4003 903 4069 clama,
927 4019 1050 4073 quae
1073 4018 1182 4058 nou
1216 4004 1459 4073 parturis
1498 4023 1512 4059 :
1556 4006 1685 4076 quia

89 4114 108 4145 ι
154 4094 325 4149 multi
361 4092 455 4146 filii
485 4092 732 4159 desertae,
775 4093 950 4163 magis
976 4109 1143 4163 quam
1174 4094 1315 4164 ejus,
1353 4110 1475 4165 qua:
1524 4096 1687 4151 habet

91 4204 108 4236 ι
154 4185 352 4240 virum
390 4182 528 4254 (Isa.
562 4200 670 4250 Ltv,
702 4183 774 4254 l).
802 4201 820 4234 ι
872 4180 984 4237 Nos
1006 4191 1209 4248 autem,
1241 4181 1458 4251 fratres,
1487 4199 1684 4241 secun-

91 4296 109 4328 ι
153 4276 295 4332 dum
322 4274 478 4330 Isaac
507 4267 888 4345 promissionis
910 4272 1005 4327 lilii
1033 4288 1246 4329 sumus.
1274 4272 1380 4329 Sed
1408 4275 1685 4345 quomodo

91 4388 111 4420 ι
158 4378 299 4423 tunc
331 4366 381 4422 is
407 4367 500 4437 qui
540 4365 840 4421 secundum
878 4380 1099 4420 carnem
1132 4373 1296 4422 natus
1324 4365 1522 4434 fuerat,
1561 4382 1686 4437 per-

92 4485 111 4517 ι
156 4464 497 4534 sequebatur
536 4478 661 4518 eum
706 4462 799 4532 qui
849 4461 1150 4517 secundum
1184 4460 1466 4530 spiritum,
1515 4459 1591 4513 ita
1632 4467 1687 4515 et

1713 3232 1758 3293 C

1790 2512 2056 2570 Parvulas
2080 2516 2218 2570 nihil
2238 2517 2418 2586 di/I'ert
2450 2535 2481 2571 a
2511 2535 2676 2584 servo,
2701 2521 2791 2573 sed
2812 2529 2889 2574 est
2911 2521 3005 2575 sub
3034 2522 3299 2576 tutoribus
3324 2532 3375 2577 et

1788 2605 2078 2667 actoribus,
2108 2605 2162 2661 id
2196 2614 2280 2662 est
2302 2607 2406 2662 sub
2435 2607 2551 2678 lege
2576 2623 2698 2678 qua:
2720 2616 2930 2665 tutatur
2955 2625 3082 2666 eum
3112 2627 3210 2682 per
3231 2628 3374 2687 pra:-

1790 2701 1946 2763 cepta
1974 2713 1987 2749 :
2020 2703 2074 2750 et
2115 2696 2227 2767 agit
2248 2713 2347 2767 pro
2383 2712 2449 2752 eo
2476 2714 2574 2768 per
2602 2699 2889 2756 sacriﬁcia.
2923 2699 3022 2757 Est
3060 2703 3249 2773 utique
3270 2705 3377 2759 sub

1790 2784 1901 2841 illis
1922 2803 2097 2857 usque
2124 2789 2192 2842 ad
2219 2797 2433 2858 tempus
2459 2790 2606 2860 quod
2642 2791 2808 2862 219
2834 2792 3166 2862 praefinitum
3198 2809 3230 2849 a
3260 2793 3373 2850 Deo

1788 2875 1948 2933 Patre
1973 2879 2027 2933 in
2057 2894 2167 2951 quo
2203 2888 2445 2951 tempore
2487 2882 2555 2936 de
2597 2883 2856 2939 servitute
2884 2883 3019 2956 legis
3047 2883 3375 2941 transferre-

1790 2979 1882 3025 tur
1905 2969 1976 3024 ad
2013 2970 2314 3026 libertatem
2352 2972 2493 3028 ﬁdei.
2529 2972 2594 3028 Et
2620 2974 3085 3044 quemadmodum
3113 2977 3376 3046 parvulus

1792 3063 1965 3120 hiems
1990 3063 2084 3118 sub
2117 3065 2378 3118 tutoribus
2399 3074 2449 3119 et
2478 3065 2747 3120 actoribus
2794 3076 2893 3132 est,
2920 3067 2999 3122 ita
3033 3077 3083 3120 et
3117 3084 3211 3121 nos
3255 3084 3375 3121 cum

1789 3172 2020 3211 essemus
2040 3155 2249 3226 parvuli
2278 3156 2332 3210 in
2360 3157 2670 3228 cognitione
2692 3156 3034 3225 Dei,eramus
3059 3175 3166 3214 non
3193 3159 3373 3228 liberi,

1788 3249 1883 3304 sed
1909 3250 2191 3303 servientes
2233 3248 2326 3302 sub
2376 3249 2669 3317 elementis,
2713 3250 2765 3305 id
2803 3259 2888 3306 est
2930 3250 3035 3305 sub
3085 3251 3372 3322 legalibus.

1786 3338 1925 3407 Quia
1953 3339 2097 3394 sicut
2132 3355 2267 3410 puer
2291 3354 2389 3410 per
2424 3340 2690 3394 elementa
2737 3340 3009 3410 alphabeti
3068 3340 3266 3397 transit
3306 3340 3377 3396 ad

1787 3430 2153 3501 cognitionem
2184 3429 2509 3496 litterarum,
2537 3429 2617 3484 sic
2641 3445 2738 3500 per
2768 3430 2939 3501 legem
2978 3428 3376 3485 transeundum

1785 3530 1904 3576 erat
1937 3522 2004 3576 ad
2051 3521 2418 3593 cognitionem
2463 3519 2583 3587 Del,
2626 3521 2681 3575 in
2722 3520 2829 3576 ﬁde
2863 3521 3192 3577 habendam.
3246 3520 3373 3577 Ele-

1787 3622 2033 3669 mcntum
2081 3611 2281 3669 dicitur
2327 3612 2411 3675 vel
2458 3611 2617 3683 quasi
2662 3612 3096 3677 elevamentum;
3146 3626 3243 3680 per
3270 3611 3378 3667 hoc

1786 3705 1932 3762 enim
1957 3706 2024 3761 ad
2060 3705 2346 3760 scientiam
2368 3704 2493 3775 quis
2524 3704 2788 3759 elevatur.
2824 3702 2921 3758 Vel
2951 3703 3110 3774 quasi
3147 3703 3377 3757 elimen-

1786 3805 1925 3863 tum,
1954 3798 2023 3851 ab
2048 3796 2227 3863 elimo,
2257 3797 2466 3862 climas,
2501 3803 2606 3850 etc.
2638 3783 2734 3849 Vel
2763 3795 2924 3865 quasi
2958 3795 3329 3866 hylementum
3357 3813 3372 3859 ;

1786 3894 1910 3967 her
1937 3893 2085 3948 enim
2118 3892 2363 3965 materia.
2397 3889 2631 3944 Eramus
2656 3889 2751 3944 sub
2776 3888 3045 3943 elementis
3083 3887 3288 3953 mundi,
3320 3886 3374 3941 id

1786 3994 1888 4052 est,
1912 4000 2036 4056 qua:
2078 3984 2165 4039 lex
2210 3990 2265 4037 et
2314 3981 2591 4037 mundana
2628 3980 3004 4053 "promittebat,
3034 3987 3091 4035 et
3131 3979 3374 4035 carnalia

1786 4077 2037 4132 docebat.

1856 4189 2016 4246 Prius
2039 4188 2119 4246 sic
2139 4189 2351 4260 parvuli
2378 4203 2621 4244 eramus.
2637 4187 2707 4241 At
2733 4187 2846 4253 ubi,
2865 4187 2917 4242 id
2946 4195 3032 4243 est
3058 4197 3373 4258 postquam,

1788 4283 1926 4338 venit
1953 4281 2225 4353 plenitudo
2263 4281 2532 4351 temporis,
2579 4280 2693 4336 sive
2742 4287 2959 4350 tempus
2986 4280 3371 4349 plenitudinis:

1786 4374 2065 4445 plenitudo
2094 4374 2248 4441 ideo,
2284 4373 2413 4444 quia
2446 4386 2788 4443 quaecunque
2816 4379 3130 4442 exspectata
3158 4370 3378 4427 fuerant

1787 4466 1843 4520 in
1894 4465 2160 4521 anteactis
2220 4465 2465 4530 saeculis,
2517 4472 2649 4520 tunc
2700 4463 2852 4519 fuere
2896 4464 3199 4534 completa;
3245 4472 3377 4520 tunc

94 4576 112 4608 ι
158 4572 334 4611 nunc.
379 4554 485 4609 Sed
511 4555 642 4624 quid
672 4553 804 4610 dicit
826 4551 1315 4623 Scriptura?Ejice
1342 4552 1593 4607 ancillam
1632 4558 1687 4606 et
1719 4570 1763 4625 Ι)
1787 4554 1934 4611 enim
1984 4552 2226 4625 perfecta
2269 4552 2610 4624 justiﬁeatio,
2652 4568 2776 4624 quae
2821 4562 2978 4610 antea
3020 4569 3131 4608 non
3174 4552 3374 4620 fuerat;

93 4665 113 4699 Ι
160 4647 342 4699 ﬁlium
357 4645 498 4715 ejus.
525 4642 644 4699 Non
657 4644 802 4699 enim
823 4645 998 4700 haares
1017 4644 1122 4699 erit
1141 4643 1287 4698 filius
1309 4643 1541 4709 ancillae,
1555 4658 1682 4698 cum

95 4758 115 4792 ι
163 4738 281 4792 ﬁlio
294 4737 499 4791 liberte.
521 4734 727 4807 Itaque,
752 4735 966 4801 fratres,
987 4750 1094 4790 non
1125 4750 1316 4790 sumus
1338 4734 1548 4789 ancilla:
1566 4733 1682 4800 ﬁlii,

96 4848 118 4883 σ
162 4828 263 4887 sed
290 4828 502 4895 liberte,
529 4843 636 4899 qua
667 4828 915 4883 libertate
944 4826 1198 4882 Christus
1223 4840 1325 4880 nos
1356 4825 1626 4880 liberavit.
1660 4845 1679 4878 ι

749 4935 1050 4976 EXPOSITIO.

164 5012 397 5068 Dixerat
424 5013 645 5083 quidem
671 5028 777 5068 non
805 5011 1043 5082 amplius
1066 5026 1205 5081 opus
1227 5025 1350 5065 esse
1368 5010 1682 5081 paedagogo,

95 5106 191 5162 sed
218 5120 451 5161 causam
482 5120 591 5159 non
622 5112 883 5175 posuerat
908 5117 1097 5173 quare.
1134 5101 1312 5169 Quam
1345 5102 1435 5157 hic
1478 5101 1682 5168 subdit,

94 5198 288 5255 dicens
322 5218 337 5252 :
369 5196 522 5253 Licet
547 5212 646 5252 vos
676 5196 841 5251 modo
867 5211 1040 5250 unum
1065 5194 1122 5250 in
1137 5193 1358 5251 Christo
1392 5194 1686 5265 paedagogo

96 5310 208 5349 non
232 5292 463 5363 egeatis,
500 5300 684 5347 tamen
723 5292 846 5349 dico
875 5291 1023 5361 quod
1050 5306 1150 5346 vos
1187 5290 1301 5361 jam
1351 5289 1682 5361 indiguistis,

97 5386 243 5441 sicut
268 5384 471 5440 videtis
498 5386 665 5456 quod,
696 5393 1101 5455 quantocunque
1133 5394 1360 5455 tempore
1382 5384 1684 5440 secundum

97 5477 520 5546 dispositionem
550 5475 722 5546 patris
746 5474 997 5546 parvulus
1030 5485 1127 5544 est,
1164 5476 1256 5531 hic
1287 5477 1381 5547 qui
1412 5485 1496 5532 est
1522 5477 1688 5533 [neres

100 5568 324 5624 futurus
351 5576 560 5638 quanto
591 5577 855 5638 tempore,
886 5568 1001 5623 sive
1025 5585 1117 5636 xx,
1163 5569 1277 5625 sive
1309 5586 1397 5637 xv,
1428 5572 1691 5648 parvulus

101 5671 204 5717 est.
236 5660 392 5716 Licet
420 5662 494 5716 sit
531 5660 838 5717 destinatus
870 5662 1066 5729 haeres,
1092 5671 1273 5718 tamen
1307 5663 1445 5717 nihil
1473 5664 1693 5733 di/ferta

101 5753 417 5823 servo,quia
442 5767 587 5823 saepe
613 5752 1026 5825 constringitur,
1043 5761 1098 5808 et
1118 5753 1434 5809 verberatur
1457 5770 1488 5808 a
1515 5764 1695 5811 tutore

102 5860 208 5901 suo
252 5865 266 5902 :
316 5843 482 5913 Cum,
530 5844 583 5901 id
633 5852 717 5901 est
767 5844 1040 5917 quamvis,
1084 5843 1297 5916 futurus
1339 5845 1410 5897 sit
1449 5844 1692 5900 dominus

1792 4656 1922 4702 tunc
1964 4662 2204 4717 praesens
2250 4656 2305 4702 et
2345 4646 2503 4717 plena
2546 4646 2797 4712 salvatio,
2836 4661 3002 4715 quam
3059 4654 3185 4699 ante
3229 4645 3375 4699 diem

1792 4740 1944 4795 illum
1966 4738 2317 4810 exspectabat
2343 4739 2619 4794 Abraham
2637 4754 2763 4794 cum
2791 4737 3002 4793 czetrris
3024 4736 3249 4791 sanctis.
3278 4734 3378 4790 Vel

1792 4832 1986 4887 aliter:
2022 4830 2309 4902 Postquam
2330 4832 2466 4885 venit
2492 4829 2787 4901 plenitudo,
2813 4829 2864 4883 id
2887 4837 2970 4884 est
2995 4828 3120 4882 linis
3151 4834 3206 4881 et
3237 4841 3377 4882 con-

1793 4921 2089 4977 summatio
2116 4921 2396 4992 temporis,
2418 4920 2563 4991 quod
2589 4920 2945 4975 constituerat
2963 4917 3199 4987 primum
3231 4932 3375 4987 prae-

1792 5014 1954 5069 terire
1983 5010 2148 5080 Deus,
2174 5021 2308 5068 tunc
2339 5012 2485 5065 misit
2516 5011 2656 5066 Deus
2678 5009 2882 5064 Filium
2902 5026 3077 5064 suum.
3116 5008 3254 5064 Cum
3286 5009 3380 5065 Fi-

1790 5104 1898 5158 lius
1926 5102 2022 5157 Dei
2054 5102 2257 5173 ubique
2286 5111 2433 5157 totus
2459 5112 2516 5156 et
2549 5116 2789 5171 praesens
2826 5109 2993 5167 esset,
3028 5102 3134 5156 hoc
3162 5101 3380 5157 mittere

1791 5193 1927 5249 nihil
1953 5193 2102 5249 aliud
2126 5192 2249 5259 fuit,
2272 5182 2438 5263 quam
2460 5193 2607 5263 quod
2626 5208 2754 5248 eum
2787 5194 2884 5264 qui
2916 5192 3207 5250 invisibilis
3234 5204 3375 5261 erat,

1790 5293 1847 5348 in
1869 5293 2043 5349 forma
2061 5293 2203 5349 servi
2223 5292 2493 5349 visibilem
2521 5292 2787 5348 exhibuit.
2826 5292 3025 5348 Filium
3046 5293 3187 5361 dico,
3211 5308 3376 5365 quem

1791 5387 1926 5442 adeo
1951 5385 2278 5453 bumiliavit,
2304 5393 2367 5441 ut
2394 5385 2598 5456 factum
2618 5400 2685 5440 ea:
2708 5385 2945 5451 muliere,
2975 5385 3029 5440 id
3050 5395 3137 5441 est
3166 5394 3224 5440 ut
3248 5400 3374 5440 eum

1791 5478 1886 5550 qui
1912 5478 2151 5534 infactus
2179 5485 2236 5533 et
2270 5478 2639 5548 sempiternus
2675 5485 2813 5544 erat,
2862 5475 3133 5533 facturam
3177 5490 3376 5531 novam

1792 5586 1860 5626 ex
1890 5571 2118 5625 muliere
2147 5569 2309 5625 vellet
2336 5569 2634 5639 suscipere.
2679 5566 2907 5622 Factum
2941 5568 3107 5623 etiam
3129 5565 3223 5618 sub
3244 5564 3373 5633 lege,

1794 5664 1923 5733 quia
1945 5661 2048 5717 sub
2078 5661 2195 5732 lege
2224 5659 2376 5727 vixit,
2419 5671 2474 5715 et
2510 5660 2681 5730 legem
2712 5660 2974 5730 implevit,
3021 5657 3152 5712 dum
3196 5654 3377 5710 hostia

1794 5769 1895 5825 pro
1919 5753 2012 5808 illo
2031 5753 2157 5808 data
2190 5751 2314 5808 fuit.
2355 5751 2480 5807 ideo
2506 5753 2609 5806 sub
2631 5751 2767 5823 lege,
2799 5761 2856 5806 ut
2886 5749 3062 5822 pretio
3092 5746 3378 5814 sanguinis

1795 5844 1923 5902 dato
1953 5844 2225 5900 redimeret
2245 5857 2331 5898 eos
2355 5842 2446 5915 qui
2466 5851 2617 5897 erant
2643 5842 2737 5896 sub
2767 5842 2890 5913 lege.
2929 5839 3044 5896 Nisi
3084 5840 3229 5897 enim
3272 5838 3378 5895 sub
