3928 6468
544 467 650 528 503

1079 453 1134 510 ε.
1178 425 1526 510 BRUNONIS
1561 434 2146 502 cauruusmnonu

2248 430 2735 490 lNSTlTUTORlS
2771 428 2922 486 ore.
2961 427 3142 486 PARS
3167 415 3238 485 ιι.

3727 431 3818 487 501

545 581 660 650 lege
689 575 860 640 ﬁeret,
895 571 1180 640 legemque
1211 571 1438 629 teneret,
1477 575 1508 616 a
1537 561 1651 630 lege
1674 556 1927 620 liberare,
1969 561 2024 608 et
2051 553 2131 607 le—
2155 549 2210 614 Α
2233 547 2400 650 idem,
2425 545 2570 618 quod
2605 545 2808 647 idolum
2830 541 2932 650 fuit
2965 543 3124 646 olim:
3159 539 3308 650 Vtere
3340 539 3735 650 cqnv'ertimini
3771 543 3828 600 ad

547 647 670 744 gem
694 669 974 724 destruere
1001 675 1109 717 non
1130 665 1334 729 posset,
1362 656 1502 711 sicut
1524 647 1764 744 oportuit
1793 655 1854 702 ut
1896 653 2128 701 mortem

548 737 840 833 gestando,
889 761 1120 808 mortem
1163 741 1486 803 destrueret.
1529 739 1630 833 Ut“
1641 737 1954 833 redimeret,
1983 743 2036 833 et
2070 741 2131 788 ut

553 823 814 916 redempti
845 843 1186 912 reciperemus
1210 835 1542 904 adoptionem
1572 829 1824 899 ﬁliorum,
1859 823 1912 880 id
1934 831 2018 880 cst
2043 837 2132 916 es-

551 915 861 996 semusitilii
887 931 1242 1001 suscipientes
1269 923 1638 994 adeptionem,
1673 920 1726 975 id
1769 927 1852 974 est
1903 915 2132 972 haeredi—

555 1039 718 1084 tatem
745 1033 1021 1092 azternam,
1065 1033 1226 1089 quam
1275 1015 1435 1070 nobis
1481 1011 1656 1084 gratia
1703 1009 1796 1064 Dei
1835 1007 2128 1078 adoptavit.

557 1117 659 1174 Ubi
704 1118 780 1172 ait
819 1115 1016 1184 factum
1055 1125 1120 1163 ex
1160 1107 1400 1172 muliere,
1442 1103 1726 1174 qumritur,
1773 1115 1898 1155 cum
1932 1097 2132 1167 ubique

558 1208 698 1263 Deus
721 1213 868 1261 totus
891 1209 1054 1268 esset,
1081 1197 1358 1268 quomodo
1385 1194 1558 1266 magis
1583 1191 1747 1248 fuerit
1766 1191 1822 1245 in
1837 1197 1990 1245 utero
2010 1186 2134 1242 Vir-

555 1299 714 1370 ginis.
749 1294 922 1365 Cujus
943 1293 1022 1347 rei
1053 1297 1264 1361 ponunt
1292 1287 1468 1342 sancti
1507 1283 1917 1340 similitudinem
1943 1280 2134 1350 hujus—

555 1386 720 1453 modi,
757 1383 924 1456 quod,
953 1381 1096 1438 sicut
1126 1379 1328 1444 anima,
1364 1379 1494 1432 dum
1527 1385 1612 1432 est
1647 1376 1704 1430 in
1733 1387 1984 1444 corpore,
2013 1387 2135 1427 cor-

555 1492 657 1546 pus
679 1475 858 1545 ipsum
881 1471 1180 1534 sensiﬁcat,
1204 1469 1344 1540 regit
1375 1477 1429 1522 et
1463 1467 1646 1521 vivere
1667 1465 1830 1532 facit;
1857 1470 2134 1534 segregata

553 1583 583 1622 a
609 1581 857 1636 corpore,
893 1563 1020 1618 alibi
1051 1561 1270 1632 quidem
1299 1568 1410 1614 tota
1433 1558 1680 1615 similiter
1702 1564 1807 1623 est,
1833 1570 1934 1610 nec
1953 1564 2134 1610 tamen

555 1658 760 1712 ibidem
791 1653 1028 1710 cilicium
1058 1652 1229 1707 facit:
1269 1651 1342 1706 ita
1365 1649 1641 1716 divinitas,
1683 1647 1811 1703 licet
1845 1645 1974 1700 alibi
2021 1653 2135 1699 tota

557 1751 648 1816 sit,
679 1758 740 1803 ut
769 1749 826 1803 in
857 1755 1011 1802 utero
1037 1745 1296 1816 Virginis,
1339 1760 1450 1799 non
1491 1751 1671 1797 tamen
1712 1739 1960 1811 sequitur
1991 1735 2136 1810 quod

561 1842 704 1896 idem
749 1847 1001 1910 operetur
1043 1837 1170 1892 alibi
1212 1836 1358 1906 quod
1385 1836 1440 1890 in
1469 1843 1626 1890 utero
1663 1832 1922 1904 Virginis.
1963 1830 2136 1900 Supe—

2231 638 2434 709 legem;
2463 653 2586 690 nam
2607 651 2706 692 vos
2720 636 2838 706 jam
2861 634 3151 689 observatis
3175 635 3320 701 dies,
3357 631 3419 688 id
3456 641 3546 688 est
3579 631 3828 698 Sabbata;

2231 729 2535 785 observatis
2567 729 2734 784 etiam
2771 743 2990 792 menses,
3017 725 3074 781 id
3103 732 3186 781 est
3227 725 3648 780 innovationes
3677 725 3826 792 lente;

2231 831 2279 875 et
2317 829 2572 892 tempora,
2605 820 2660 874 id
2689 828 2774 874 est
2811 818 3021 890 jejunia
3060 816 3464 884 Hebraeorum,
3499 817 3558 870 in
3597 820 3828 888 tempori-

2231 913 2334 966 bus
2356 919 2588 978 statuta;
2613 909 2916 966 observatis
2943 907 3108 964 etiam
3137 925 3336 974 annos,
3365 907 3422 961 id
3453 915 3544 962 est
3565 908 3828 978 septimum

2231 1017 2461 1070 annum,
2493 1009 2548 1056 et
2572 1000 2856 1071 jubilaeum
2884 1013 3038 1054 more
3077 997 3479 1052 Hebraeorum.

2303 1091 2371 1148 Et
2399 1093 2528 1163 quia
2573 1092 2653 1148 sic
2691 1093 2872 1163 agitis,
2901 1092 3056 1145 timeo
3089 1107 3196 1158 vos,
3229 1089 3293 1145 id
3331 1097 3426 1143 est
3457 1087 3600 1143 nihil
3636 1089 3762 1151 adeo
3787 1092 3826 1145 in

2233 1184 2388 1240 vobis
2437 1185 2602 1239 timeo
2641 1183 2802 1240 sicuti
2847 1199 2965 1238 vos.
3023 1181 3234 1250 Timeo,
3291 1183 3563 1254 inquam,
3609 1203 3672 1239 ne
3720 1186 3827 1256 {om

2236 1275 2406 1346 (quod
2440 1276 2550 1330 cito
2586 1275 2900 1345 contingere
2945 1277 3144 1344 potest)
3191 1274 3578 1330 laboraverim
3617 1275 3670 1329 in
3711 1278 3827 1330 vobis

2235 1368 2347 1421 sine
2375 1383 2560 1434 causa,
2591 1366 2645 1420 id
2681 1367 2912 1422 estsine
2943 1365 3123 1422 fructu
3155 1366 3452 1423 utilitatis.
3502 1365 3612 1423 Sed
3660 1383 3722 1424 ne
3759 1383 3824 1424 nze

2236 1456 2440 1512 frustra
2463 1459 2746 1513 laborasse
2769 1459 3067 1528 contingat,
3099 1466 3269 1512 estote
3291 1459 3449 1512 sicut
3479 1475 3598 1530 ego,
3625 1475 3728 1513 non
3753 1477 3824 1514 ru-

2235 1559 2420 1606 raiztes
2450 1549 2663 1622 legalia,
2704 1551 2832 1621 quia
2864 1559 2912 1604 et
2941 1566 3034 1620 ego
3067 1549 3144 1604 fui
3176 1550 3321 1605 olim
3351 1550 3556 1621 legalis
3595 1552 3724 1604 sicut
3759 1568 3822 1604 ros

2236 1655 2358 1695 esse
2385 1642 2568 1707 vultis,
2597 1649 2652 1696 et
2679 1641 2918 1696 deserui.
2957 1640 3118 1696 Modo
3139 1641 3356 1708 videte,
3393 1657 3570 1712 quam
3597 1642 3820 1712 insipien-

2237 1741 2322 1786 ter
2355 1733 2458 1787 hoc
2491 1731 2690 1787 velitis.
2739 1731 2831 1786 Vel
2857 1731 2933 1786 ita
2963 1750 2976 1786 :
3011 1730 3190 1785 Estote
3223 1731 3380 1784 sicut
3404 1747 3528 1802 ego,
3583 1731 3704 1802 quia
3743 1747 3816 1802 ego

2240 1839 2364 1878 sum
2395 1823 2540 1878 sicut
2562 1839 2680 1890 vos,
2705 1823 2976 1893 gentiliter
3001 1823 3208 1877 vivens.
3255 1821 3670 1892 lmponebatur
3687 1821 3819 1876 Paulo

565 1903 912 1985 riusnotasse
938 1903 1414 1995 debuirnusquod,
1445 1903 1906 1994 quemadnmdum
1937 1935 2140 1991 parvu-
2173 1903 2215 1962 Β
2243 1915 2312 1970 ab
2333 1915 2440 1971 illis
2467 1916 2692 1985 pseudo,
2721 1916 2868 1986 quod
2903 1914 3029 1971 odio
3071 1915 3308 1970 haberet
3343 1915 3595 1982 Galatas,
3644 1925 3692 1971 et
3729 1915 3816 1970 ideo

565 2023 649 2076 lus
679 2021 785 2086 ille,
817 2019 864 2074 si
889 2019 1041 2088 prius
1057 2033 1220 2087 quam
1257 2016 1436 2070 veniat
1461 2015 1528 2068 ad
1557 2023 1802 2068 maturos
1823 2027 1999 2066 annos
2021 2026 2140 2066 mo-

559 2111 718 2175 ritur,
753 2109 1124 2174 hsereditatem
1153 2107 1380 2173 amittit;
1421 2105 1500 2160 sic
1539 2105 1634 2175 qui
1669 2105 1736 2159 de
1776 2103 1892 2174 lege
1929 2102 1998 2156 ad
2023 2117 2142 2156 ma-

560 2201 838 2255 turitatem
865 2199 987 2254 tidci
1033 2199 1270 2253 transire
1297 2196 1552 2262 noluerit,
1582 2211 1775 2266 expers
1809 2194 1869 2250 lit
1907 2193 2140 2250 haeredi-

559 2296 706 2350 tatis.

631 2385 884 2438 Diccrcut
927 2383 1168 2438 Galatze:
1207 2381 1318 2436 Vos
1347 2379 1590 2452 quidem,
1624 2379 1819 2447 Judaei,
1869 2379 2146 2450 recipietis

561 2475 905 2544 adoptionem
948 2473 1182 2527 tiliorum
1209 2491 1221 2526 :
1249 2473 1342 2528 sed
1382 2471 1512 2542 quid
1555 2471 1794 2542 proderit
1829 2470 2030 2525 nobis?
2061 2469 2142 2524 Ad

563 2569 668 2622 hoc
689 2565 890 2621 Paulus
919 2585 930 2618 :
965 2563 1082 2618 Non
1117 2563 1298 2618 solum
1325 2579 1430 2638 pos
1471 2579 1664 2618 sumus
1692 2563 1812 2628 lilii,
1853 2561 1948 2618 sed
1997 2559 2144 2632 quod

562 2671 662 2710 vos
707 2655 934 2727 gentiles
977 2652 1230 2708 similiter
1274 2652 1406 2708 estis
1453 2651 1569 2706 lilii.
1619 2650 1819 2706 Probat
1855 2652 1963 2706 hoc
1999 2650 2144 2720 quod

561 2747 705 2802 Deus
737 2747 880 2800 misit
907 2743 1168 2816 Spiritum
1198 2741 1333 2798 Filii
1363 2745 1468 2810 sui,
1500 2744 1554 2798 id
1584 2752 1669 2798 est
1701 2744 1952 2800 eumdem
1981 2757 2144 2814 quem

563 2836 736 2893 Filius
765 2837 976 2906 habuit,
1011 2835 1094 2890 vel
1130 2849 1292 2906 quem
1325 2833 1496 2890 Filius
1526 2835 1692 2890 dedit.
1725 2834 1892 2902 Misit,
1939 2835 2061 2890 dico
2089 2835 2145 2888 in

561 2931 726 2984 corda
755 2937 957 2996 nostra,
985 2929 1038 2984 id
1065 2937 1148 2984 est
1177 2943 1360 2984 meum
1402 2935 1457 2982 et
1494 2935 1693 2994 vestra,
1727 2927 1993 2998 Spiritum
2023 2927 2146 2982 dico

565 3023 904 3088 clamantem,
957 3021 1010 3076 id
1057 3029 1140 3077 est
1181 3020 1417 3076 clamare
1451 3033 1550 3075 nos
1600 3019 1886 3075 facientem
1927 3039 1940 3075 :
1973 3019 2142 3086 Abba,

563 3113 780 3170 Iudaeos
805 3131 820 3180 ;
845 3113 1030 3180 Pater,
1065 3112 1310 3183 gentiles.
1353 3111 1420 3167 Et
1442 3113 1888 3182 quandoquidem
1929 3113 2147 3182 utrique

563 3205 662 3262 lilii
695 3221 887 3262 sumus
914 3213 968 3260 et
995 3205 1318 3260 clamamus.
1361 3203 1548 3274 Itaque
1571 3204 1690 3273 jam
1712 3221 1813 3257 non
1837 3213 1916 3258 est
1946 3203 2146 3274 aliquis

565 3313 764 3364 servus,
799 3298 888 3350 sed
920 3295 1084 3366 filius.
1123 3295 1262 3361 Quia
1305 3297 1352 3350 si
1399 3295 1598 3362 Filius,
1645 3296 1749 3351 erit
1791 3297 1953 3350 etiam
1981 3297 2146 3352 lintres

567 3389 739 3444 beatae
767 3387 1120 3443 haereditatis.
1171 3387 1238 3441 Et
1273 3387 1418 3458 quod
1449 3387 1524 3442 ita
1565 3387 1812 3443 futurum
1848 3389 1937 3455 sit,
1979 3397 2151 3445 testor

567 3478 724 3532 vobis
755 3493 852 3548 per
879 3476 1074 3531 Deum.
1119 3475 1214 3531 Vel
1245 3476 1318 3531 ita
1356 3495 1368 3530 :
1409 3476 1593 3531 Hteres
1623 3478 1726 3532 erit
1753 3495 1845 3547 per
1872 3478 2064 3547 Deum,
2095 3479 2150 3534 id

565 3577 650 3624 est
703 3583 800 3638 per
847 3567 1280 3623 miscricordiam
1319 3565 1436 3634 Dei,
1479 3583 1587 3622 non
1633 3585 1729 3639 per
1763 3569 1956 3640 legem.
1994 3569 2152 3627 Nunc

567 3659 781 3714 reducit
803 3659 883 3714 eis
905 3659 972 3714 ad
995 3659 1316 3714 memoriam
1346 3659 1585 3728 priorem
1617 3667 1842 3726 statum,
1864 3676 2025 3730 quem
2053 3661 2152 3716 ha-

567 3750 807 3806 buerunt
848 3751 904 3804 in
949 3751 1163 3806 cultura
1203 3750 1496 3818 idolorum,
1546 3751 1782 3821 probans
1835 3767 1936 3822 pro
1983 3753 2152 3808 nihilo

567 3839 712 3897 idola
750 3841 1044 3908 dimisisse,
1079 3841 1124 3896 si
1157 3841 1328 3911 legem
1363 3840 1656 3910 accipiunt.
1699 3839 1812 3895 Lex
1855 3841 2000 3896 enim
2035 3841 2152 3911 jam

567 3943 651 3989 est
676 3933 980 3990 idololatria
1015 3947 1082 3988 ex
1114 3949 1224 4005 quo
1255 3933 1402 3988 venit
1432 3933 1624 4003 gratia.
1665 3931 1804 4000 Quia
1841 3934 1936 4003 qui
1979 3931 2152 4004 legem

567 4031 724 4095 putat
749 4039 870 4078 esse
905 4023 972 4078 ad
992 4021 1406 4093 justiticandum
1431 4023 1816 4091 necessariam,
1843 4023 2154 4095 derogando

567 4115 698 4182 Deo,
747 4117 894 4186 quod
949 4115 1044 4170 Dei
1075 4124 1179 4178 est,
1228 4115 1332 4185 legi
1381 4115 1654 4182 attribuit,
1694 4115 2154 4185 quemadmodum

569 4206 867 4262 idololatraa
891 4205 1257 4261 attribuebant
1284 4207 1432 4276 quod
1469 4205 1566 4260 Dei
1603 4214 1742 4272 erat,
1786 4205 1954 4260 idolo.
1999 4204 2156 4262 Nunc

567 4298 736 4355 etiam
757 4299 806 4355 si
835 4299 1010 4370 legem
1039 4299 1333 4368 accipiunt,
1376 4299 1616 4354 deterius
1637 4299 1742 4354 erit
1779 4315 1946 4370 quam
1969 4300 2152 4372 prius;

569 4395 706 4443 tunc
735 4387 882 4442 enim
914 4403 1010 4458 per
1049 4387 1436 4456 ignorantiam,
1477 4403 1626 4442 nunc
1660 4403 1789 4444 vero
1829 4389 2064 4446 scientes
2101 4399 2156 4446 et

569 4480 866 4550 prudentes
911 4495 1136 4534 manum
1195 4479 1412 4534 mittent
1467 4479 1524 4534 in
1565 4480 1766 4551 ignem.
1825 4479 2026 4537 Littera
2075 4483 2156 4539 sic

567 4571 854 4644 jungitur:
893 4569 1052 4626 Nunc
1097 4570 1232 4626 estis
1269 4570 1390 4638 lilii,
1437 4571 1532 4626 sed
1589 4579 1720 4627 tunc
1760 4573 1980 4643 quidem
2029 4583 2154 4630 ante

569 4661 984 4718 conversionem
1015 4661 1333 4716 serviebatis
1373 4660 1460 4715 his
1493 4661 1588 4731 qui
1619 4677 1728 4716 non
1753 4670 1913 4718 erant
1941 4663 2035 4718 dii.
2085 4661 2154 4717 Et

569 4752 618 4808 si
659 4767 756 4823 per
791 4751 1128 4822 opinionem,
1167 4752 1332 4822 220
1371 4767 1482 4808 non
1517 4761 1698 4808 tamen
1745 4767 1842 4824 per
1875 4763 2148 4810 naturam.

570 4843 726 4900 Tunc
757 4846 840 4900 sic
889 4845 1228 4912 serviebatis,
1287 4845 1382 4900 sed
1433 4861 1600 4912 nunc,
1644 4862 1764 4899 cum
1804 4847 2151 4917 cognoveritis

569 4937 769 5004 Deum,
813 4947 1002 4993 contra
1041 4938 1146 4992 hoc
1184 4936 1330 5007 quod
1381 4935 1458 4992 ait
1493 4938 1834 5008 ignorantes;
1875 4947 1928 4993 et
1964 4939 2154 4994 dicens

571 5043 692 5080 cum
713 5029 1058 5096 cogitaveritis
1083 5027 1312 5083 Paulum
1335 5029 1538 5084 dixisse
1565 5047 1652 5086 eos
1683 5040 1730 5084 et
1765 5033 1992 5102 corrigo,
2037 5031 2150 5085 imo

571 5133 700 5173 cum
723 5135 820 5173 vos
853 5121 1069 5188 cogniti,
1097 5120 1149 5174 id
1181 5129 1264 5176 est
1291 5122 1574 5192 approbati
1609 5123 1744 5179 estis
1771 5141 1804 5176 a
1843 5123 1976 5190 Deo,
2023 5139 2154 5194 quo-

573 5208 762 5276 modo,
799 5209 854 5264 id
881 5219 962 5266 est
993 5227 1100 5282 qua
1133 5213 1340 5268 ratione
1370 5215 1734 5268 convertimini
1779 5216 1991 5281 iterum,
2024 5215 2154 5286 quia

573 5299 704 5354 olim
745 5301 798 5355 in
831 5303 1016 5358 eodem
1045 5305 1230 5371 eratis,
1261 5305 1331 5359 ad
1359 5305 1633 5371 elementa,
1665 5305 1720 5360 id
1751 5314 1836 5361 est
1864 5305 1932 5360 ad
1963 5305 2052 5360 illa
2079 5307 2154 5361 le-

575 5391 716 5462 galia
745 5393 982 5462 inﬁrma,
1014 5395 1068 5451 id
1111 5405 1194 5451 est
1227 5395 1394 5450 etiam
1425 5405 1669 5466 tempore
1705 5413 1808 5452 suo
1837 5397 2154 5466 impotentia

567 5479 870 5552 justiﬁearc
907 5485 1230 5555 quemlibet;
1278 5493 1326 5538 et
1379 5484 1544 5538 etiam
1595 5485 1648 5540 in
1701 5485 1790 5539 illa
1844 5485 2158 5540 inﬁrmitate

571 5587 757 5644 egena,
783 5573 835 5628 id
865 5583 948 5630 est
985 5575 1164 5628 alieno
1194 5573 1397 5628 auxilio
1435 5575 1668 5644 egentia.
1703 5574 1824 5630 ‘lloc
1857 5575 2004 5630 enim
2037 5585 2160 5630 tan-

574 5665 751 5720 tulum
799 5666 944 5736 quod
993 5665 1224 5720 faciebat
1271 5664 1474 5736 [licbat]
1516 5666 1622 5722 nisi
1667 5683 1762 5737 per
1785 5668 2050 5724 auxilium
2079 5667 2160 5722 fu-

575 5764 716 5810 turae
745 5755 872 5810 tidei
907 5771 1016 5811 non
1045 5765 1275 5826 poterat,
1305 5755 1492 5824 quibus
1513 5757 1794 5814 elementis
1835 5761 2000 5816 modo
2045 5777 2159 5814 ser-

575 5847 684 5900 uire
739 5846 894 5900 rullis
943 5857 996 5902 et
1056 5847 1241 5900 denuo.
1291 5847 1398 5904 Lex
1439 5849 1582 5904 enim
1621 5851 1818 5908 amodo
1853 5852 2006 5910 vobis
2056 5853 2158 5908 erit

2245 2023 2356 2063 non
2385 2009 2689 2078 aperuisset
2719 2007 2825 2062 illis
2853 2021 3072 2062 omnem
3093 2007 3418 2062 veritatem.
3464 2006 3544 2062 De
3565 2023 3674 2078 quo
3695 2008 3816 2062 modo

2244 2109 2590 2167 excusat-se,
2640 2108 2694 2154 et
2735 2098 2922 2154 laudat
2957 2113 3053 2154 eos
3095 2099 3162 2153 de
3197 2098 3384 2168 priori
3418 2099 3810 2160 conversatione.

2247 2191 2300 2244 in
2343 2207 2449 2262 qua
2493 2206 2554 2246 se
2597 2191 2826 2244 multum
2853 2190 3119 2261 benignos
3150 2191 3468 2247 exhibuere
3509 2191 3690 2246 Paulo.
3725 2189 3812 2244 Ideo

2245 2283 2408 2336 etiam
2439 2284 2520 2338 sic
2548 2281 2846 2348 blanditur,
2875 2282 3002 2352 quia
3028 2291 3150 2352 post
3184 2297 3376 2353 pauca
3415 2283 3584 2338 verba
3613 2283 3810 2352 asperius

2246 2383 2330 2430 est
2371 2389 2468 2429 eos
2516 2387 2896 2446 aggressurus.
2943 2373 3146 2430 Littera
3197 2374 3286 2430 sic
3333 2375 3631 2446 jungitur:
3674 2374 3807 2428 Estote

2247 2465 2384 2518 sicut
2407 2481 2520 2536 ego,
2555 2473 2609 2520 et
2645 2464 2856 2519 obsecro
2899 2481 2987 2518 vos
3018 2473 3078 2519 ut
3112 2465 3236 2522 sitis
3288 2467 3498 2536 fratres
3547 2467 3668 2534 mei,
3699 2466 3804 2536 piam

2248 2553 2589 2612 ati‘ectionem
2634 2556 2898 2612 habentes
2935 2571 3063 2628 erga
3093 2573 3212 2626 me;
3261 2560 3410 2612 nihil
3445 2560 3594 2614 enim
3639 2559 3802 2612 lwsislit

2249 2665 2330 2705 me
2353 2650 2408 2704 in
2438 2650 2640 2720 aliquo.
2679 2649 2860 2716 Quare
2879 2665 2982 2722 ego
3010 2651 3204 2708 odiens
3231 2667 3340 2708 vos
3362 2653 3642 2708 debuerim
3675 2649 3800 2706 subti-

2249 2741 2431 2796 cuisse
2456 2743 2760 2796 veritatem.
2802 2741 2948 2798 Nihil
2972 2758 3058 2798 me
3081 2744 3350 2811 laesistis;
3381 2745 3481 2800 sed
3513 2745 3628 2800 scio
3649 2747 3710 2810 (et
3732 2755 3799 2794 vos

2249 2830 2386 2886 bene
2413 2831 2586 2902 scitis)
2626 2833 2754 2903 quia
2783 2833 3139 2904 evattgelizavi
3167 2835 3322 2888 vobis
3353 2851 3450 2905 per
3491 2835 3797 2904 infirmitatem

2249 2923 2462 2989 carnis;
2492 2938 2602 2978 non
2633 2932 2818 2980 tamen
2866 2925 3111 2995 spiritus,
3160 2927 3300 2997 quia
3349 2927 3398 2982 si
3447 2925 3793 2981 intirmabarrt

2250 3014 2674 3084 contemptibilis
2708 3029 2860 3070 eram
2908 3017 3212 3071 secundum
3248 3033 3506 3084 carnem,
3559 3017 3612 3070 in
3649 3016 3794 3068 virtute

2254 3103 2491 3176 Spiritus
2529 3121 2626 3176 per
2655 3105 2922 3163 miracula
2951 3107 3112 3164 fortis
3147 3109 3515 3180 apparebam.
3560 3105 3788 3162 Praulican'

2251 3217 2348 3272 per
2395 3199 2766 3256 infirmitatem
2793 3220 2806 3255 :
2835 3215 2935 3258 nec
2965 3217 3142 3272 pauco
3173 3211 3450 3275 tempore,
3485 3204 3576 3258 sed
3599 3201 3695 3273 jam
3715 3197 3786 3268 pri-

2252 3292 2362 3359 die,
2384 3292 2532 3362 quod
2562 3293 2724 3348 ttedio
2747 3294 2904 3350 vobis
2929 3310 3054 3350 esse
3074 3305 3266 3365 posset
3287 3312 3416 3352 mea
3445 3295 3720 3350 inﬁrmitas.
3745 3287 3784 3341 Et

2252 3400 2377 3440 cum
2409 3393 2560 3440 tanta
2591 3399 2678 3440 me
2707 3395 2980 3456 premeret
3027 3387 3352 3456 inﬁrmitas,
3399 3403 3488 3442 vos
3535 3393 3692 3440 tamen
3717 3393 3784 3432 non

2253 3476 2524 3545 sprevistis
2552 3491 2678 3532 cum
2713 3477 3100 3548 praedicabant,
3147 3495 3336 3550 neque
3372 3476 3658 3549 respuistis,
3693 3483 3780 3528 eum

2254 3567 2492 3636 primum
2533 3567 2600 3622 ad
2639 3568 3046 3638 [medicandum
3085 3585 3379 3638 veneram,
3406 3569 3705 3624 tentatiouettt
3727 3575 3778 3614 re-

2255 3666 2424 3712 stram
2453 3657 2656 3714 iactam
2683 3661 2740 3714 in
2763 3675 2920 3714 carne
2939 3677 3075 3716 utea.
3117 3661 3176 3716 ln
3201 3662 3527 3717 inﬁrmitate
3557 3657 3676 3714 enim
3693 3663 3778 3706 mea

2257 3751 2498 3804 tentabat
2541 3765 2642 3808 vos
2671 3749 2835 3821 Deus,
2883 3753 3042 3824 quasi
3081 3754 3295 3810 diceret
3327 3774 3342 3810 :
3372 3753 3432 3810 Si
3483 3747 3776 3808 inﬁrmitatem

2255 3838 2410 3894 Pauli
2431 3840 2714 3910 abjiciunt,
2757 3843 2836 3898 rei
2875 3853 3020 3898 sunt.
3063 3843 3122 3899 Si
3152 3844 3397 3918 benigne
3423 3841 3700 3912 suscipiunt,
3718 3831 3760 3886 di

2255 3933 2348 4004 gni
2385 3941 2534 3988 sunt.
2573 3931 2853 4004 Respuere
2889 3935 3014 4005 plus
3042 3946 3126 3992 est
3169 3951 3346 4008 quam
3391 3947 3639 4008 spernere,
3671 3926 3774 3982 sicut
3865 3926 3867 3990 Ϊ

2255 4023 2472 4093 penitus
2511 4024 2750 4096 abjicere
2793 4027 2966 4098 magis
2995 4035 3078 4082 est
3101 4043 3274 4097 quam
3309 4026 3556 4098 patiendo
3589 4025 3766 4078 conlem-
3861 4071 3863 4104 τ

2255 4129 2404 4170 nere.
2445 4114 2568 4170 Non
2593 4131 2682 4171 me
2724 4117 3029 4186 sprevistis,
3059 4119 3150 4172 sed
3172 4120 3462 4190 excepistis
3487 4132 3560 4170 me
3579 4113 3688 4167 sicut
3707 4121 3768 4158 απ·
3861 4111 3863 4190 ί

2255 4204 2428 4276 gelum
2455 4206 2574 4274 Dei,
2603 4215 2660 4262 et
2678 4208 2814 4262 sicut
2835 4207 3106 4264 Christum
3128 4207 3338 4266 Iesum.
3377 4209 3444 4264 Et
3468 4221 3580 4264 cum
3601 4217 3679 4274 per
3697 4199 3767 4252 hoc

2255 4307 2513 4365 appareat
2539 4297 2744 4351 nullam
2776 4298 2910 4365 odii,
2941 4299 3036 4353 sed
3059 4301 3292 4355 multam
3319 4315 3442 4356 esse
3462 4307 3654 4354 causam
3674 4285 3764 4340 dile-

2257 4387 2476 4454 ctionis,
2502 4387 2645 4442 male
2675 4388 2839 4442 sentit
2864 4389 2958 4459 qui
3003 4391 3321 4460 suspicatur
3351 4382 3605 4444 inimicari
3641 4373 3760 4430 vobis-

2257 4477 2326 4534 Et
2349 4479 2480 4549 quia
2506 4480 2562 4534 in
2587 4479 2902 4550 exceptione
2923 4483 3031 4536 mei
3053 4483 3189 4538 adeo
3211 4480 3434 4553 benigni
3471 4473 3650 4538 fuistis,
3681 4475 3758 4532 ενθθ

2257 4569 2347 4622 ubi
2375 4578 2452 4624 est
2473 4570 2744 4626 beatitudo
2765 4581 2959 4640 vestra,
2983 4589 3092 4644 qua
3114 4573 3194 4630 sic
3213 4575 3370 4644 prius
3395 4557 3758 4638 Evangelioobf‘

2255 4660 2416 4716 diatis
2437 4663 2460 4714 ?
2495 4660 2562 4716 Et
2585 4677 2710 4718 vere
2729 4663 3032 4734 beatitudo,
3053 4668 3181 4738 quia
3211 4669 3329 4738 ipse
3350 4660 3666 4720 testimonium
3679 4663 3756 4720 ptr'

2203 4811 2210 4818 ,
2253 4752 2402 4806 ltibea
2427 4753 2590 4820 vobis,
2623 4756 2762 4824 quod
2787 4757 2834 4810 si
2864 4757 2982 4826 ﬁeri
3013 4767 3184 4828 posset
3214 4757 3478 4813 eruissetis
3525 4747 3672 4805 oculos
3703 4753 3756 4828 τις

2254 4853 2412 4912 stros,
2449 4855 2499 4899 et
2528 4843 2806 4902 dedissetis
2851 4824 3211 4906 mihiaPosse
3257 4849 3372 4906 ﬁeri
3410 4839 3631 4911 intelligit
3654 4824 3751 4902 (Ιιιοά

2253 4943 2622 5005 opportunum
2658 4945 2743 4992 est
2787 4937 2924 4994 ﬁeri.
3701 5007 3710 5018 ,

2325 5026 2391 5082 Ει
2421 5029 2548 5098 quia
2591 5037 2738 5084 tanta
2763 5030 2817 5084 vi
2848 5031 3153 5090 dilectionis
3191 5034 3326 5090 mibi
3367 5021 3580 5086 devincti
3613 5019 3746 5106 critus}

2253 5135 2376 5190 ergo
2399 5133 2500 5174 nec
2521 5121 2852 5176 credendum
2883 5131 2968 5178 est
2995 5127 3140 5194 quod
3169 5141 3270 5197 ego
3303 5125 3470 5194 [actus
3502 5127 3600 5170 sum
3623 5104 3748 5160 inimi-

2255 5225 2346 5262 cus
2379 5207 2542 5262 vobis.
2584 5207 2742 5276 Quod
2771 5211 2892 5267 ideo
2915 5215 3118 5282 putatis
3141 5216 3272 5286 quia
3305 5227 3424 5270 sum
3443 5208 3599 5262 dicens
3621 5197 3742 5288 tertii

2257 5300 2420 5354 vobis.
2460 5299 2518 5354 Si
2553 5301 2836 5358 veritatem
2873 5285 3176 5374 reticerem,
3219 5315 3273 5361 et
3314 5317 3410 5358 vos
3445 5285 3744 5354 blandiment-s

2257 5392 2554 5462 palparem,
2591 5393 2672 5449 sic
2699 5409 2788 5450 me
2811 5395 3132 5465 judicaretis
3152 5397 3400 5452 amicum.
3435 5387 3536 5457 Εεο
3551 5375 3738 5465 ¹³⁰¹Ῐ⁵¹¹ηΪ

2259 5455 2514 5540 inimicus
2536 5455 2720 5554 vobis;
2759 5455 2856 5542 sed
2887 5487 2964 5542 illi
3010 5489 3342 5554 temulautur,
3383 5481 3432 5536 id
3467 5455 3542 5531 est

2259 5593 2344 5632 vos
2373 5595 2476 5632 non
2505 5579 2630 5634 bene
2639 5571 2664 5645 ξ
2689 5580 2786 5635 sed
2823 5581 2946 5636 ideo
2967 5583 3096 5652 quia
3129 5581 3304 5636 volunt
3332 5591 3412 5630 vos
3437 5587 3468 5624 α
3487 5563 3575 5638 βάε
3593 5549 3734 5652 CMT

2254 5669 2550 5736 excludere,
2599 5643 2696 5741 ita)
2717 5681 2796 5740 ut,
2827 5643 3120 5744 postquam
3145 5689 3242 5730 vos
3265 5666 3460 5742 plenius
3487 5660 3534 5713 in
3558 5643 3730 5744 οποτξξπ

2255 5777 2416 5816 suum
2440 5763 2714 5828 duxerint,
2737 5779 2835 5818 vos
2869 5766 3186 5821 wmulemini
3207 5763 3342 5826 illos,
3367 5765 3414 5812 et
3433 5735 3728 5828 exigam“:

2259 5797 2416 5816 Duulll
2440 5797 2602 5818 ιιυιῠι
2613 5797 2714 5828 ulli,
2745 5797 2835 5818 "ra
2869 5797 3186 5821 ωυιιησηιυη
3208 5797 3342 5826 κινῇ
3367 5797 3414 5812 ν’
3435 5797 3536 5814 ν“Ἰ³
3717 5807 3724 5818 ι

2259 5855 2342 5909 his
2379 5855 2672 5924 imperiose
2717 5858 2864 5924 quod
2909 5859 3197 5914 voluerint.
3237 5853 3335 5910 Sed
3373 5843 3517 5904 nolite
3555 5818 3727 5889 εῐὲιιιῑιι⁸η
3817 5797 3821 5884 l
