3928 6414
139 348 261 415 505

764 410 771 413 ν
800 338 1170 412 EXPOSITIO
1204 339 1274 396 IN
1308 337 1693 401 EPISTOLAS
1722 338 1953 425 Ρᾼυιι.
1991 369 2063 379 -
2101 338 2168 395 1N
2206 338 2425 398 EPlST.
2466 342 2559 398 AD
2595 344 2750 403 GAL.

3323 356 3434 412 306

136 462 311 528 illos;
365 458 461 515 sed
509 456 840 514 mnulamini
874 466 930 512 ct
969 472 1057 513 mc
1090 465 1146 514 ct
1193 455 1488 527 quemlibet
1536 454 1756 524 bunum;
1785 461 1825 519 Α
1856 468 2042 526 quaero
2071 470 2142 511 an
2173 456 2379 532 legistis
2437 460 2695 529 quoniam
2726 462 2841 532 ipsa
2870 464 2957 519 lex
2990 480 3049 519 sc
3069 480 3178 521 non
3208 482 3330 525 esse
3350 478 3430 526 te-

135 567 251 609 nec
272 549 570 622 aliquando
601 549 655 604 in
682 548 847 617 malo,
881 548 930 605 si
952 547 1092 604 forte
1116 546 1402 614 suadeam,
1433 546 1526 602 sed
1550 561 1750 616 semper

136 646 204 700 in
232 644 404 709 bona;
438 650 493 698 et
529 659 634 698 non
668 650 876 696 tantum
918 659 1037 696 cum
1060 658 1291 713 praesens
1331 656 1450 697 sum
1485 642 1628 709 apud
1657 658 1746 696 vos

137 733 489 792 temulamini
552 748 681 801 me,
740 732 837 789 scd
891 733 1057 788 etiam
1123 749 1249 789 cum
1310 734 1511 791 absens
1569 732 1742 790 fuero.

137 823 298 881 Idem
354 824 503 895 quod
554 823 807 894 superius
851 824 1125 894 probavit,
1170 825 1378 881 scilicet
1428 826 1600 897 legem
1644 841 1747 881 nos

139 933 271 974 esse
326 916 617 973 tenendam
641 957 658 984 ,
729 915 911 973 adhuc
961 917 1160 987 probat
1211 932 1308 987 per
1359 918 1523 973 verba
1572 917 1746 986 ipsius

138 1008 401 1079 ejusdem
461 1006 618 1078 legis.
691 1005 846 1061 Sicut
902 1007 1050 1062 enim
1107 1016 1297 1077 postea
1347 1007 1586 1063 ostendit
1648 1022 1743 1063 ve-

140 1099 339 1157 niente
383 1099 541 1170 221
589 1097 839 1154 libertate
873 1097 1001 1154 ﬁdei
1034 1098 1372 1169 repudianda
1405 1106 1489 1154 est
1511 1098 1746 1154 servitus

138 1188 306 1261 legis.
333 1188 538 1244 Littera
558 1188 901 1260 sicjungitur
929 1207 944 1243 :
976 1188 1051 1243 Αἵ
1055 1189 1337 1243 mulamini
1358 1205 1465 1255 me,
1480 1198 1535 1244 et
1548 1204 1744 1259 quem-

140 1281 281 1339 libet
309 1298 536 1338 nonum.
564 1281 694 1340 Illos
720 1298 851 1338 vero
873 1299 941 1339 ne
968 1284 1301 1339 aemulemini
1330 1302 1345 1353 ;
1375 1283 1526 1355 quod
1569 1284 1618 1340 si
1647 1299 1743 1340 eos

140 1376 407 1431 aemulari
441 1375 636 1443 vultis,
670 1393 701 1429 ο
721 1375 880 1446 ﬁlioli
911 1377 1047 1442 mei,
1075 1375 1243 1432 dicite
1287 1376 1444 1431 mihi.
1477 1375 1612 1432 Illuc
1648 1393 1744 1434 us-

138 1482 254 1539 que
282 1467 488 1538 pendet
513 1467 880 1523 constructio:
911 1466 1020 1523 Eos
1045 1467 1142 1538 qui
1167 1466 1321 1537 prius
1348 1475 1505 1523 crant
1527 1468 1625 1523 ﬁlii
1648 1483 1739 1525 se-

139 1559 397 1616 cundum
423 1558 784 1631 integritatem
810 1559 952 1626 ﬁdei,
976 1558 1302 1615 diminutive
1332 1558 1532 1616 ﬁliolos
1560 1561 1744 1631 appel-

142 1652 250 1718 lat,
295 1652 430 1724 quia
469 1652 716 1709 volentes
758 1652 1040 1708 adbterere
1066 1643 1370 1723 perversis,
1440 1653 1739 1724 plurimum

141 1743 410 1799 diminuti
431 1752 591 1799 erant
619 1743 674 1798 in
700 1744 847 1799 bono
874 1743 1175 1801 ﬁliationis.
1207 1741 1399 1799 Filioli
1440 1744 1576 1811 mei,
1608 1761 1738 1815 quos

1850 548 2088 603 nendam
2120 558 2309 619 aperte
2342 550 2538 606 innuit.
2588 552 2857 624 Scriptum
2899 564 2977 610 est
3015 558 3155 612 enim
3212 559 3268 614 in
3314 561 3437 633 lege

1849 640 2113 710 quoniam
2148 638 2422 694 Abraham
2445 642 2628 697 habuit
2646 646 2778 699 duos
2799 645 2961 715 ﬁlios.
2985 644 3183 704 Multos
3210 650 3429 720 quidem

1848 731 1988 787 ﬁlios
2009 730 2202 786 habuit
2220 729 2496 787 Abraham
2518 774 2535 800 ,
2557 734 2653 790 sed
2674 735 2741 790 de
2764 736 2849 790 his
2869 736 3084 794 duobus
3100 741 3432 798 conveniens

1847 823 2021 896 ﬁgura
2050 821 2155 878 fuit
2181 821 2250 877 ad
2276 822 2436 879 ﬁdem
2457 833 2514 880 et
2536 825 2731 896 legem.
2768 825 2895 884 Haec
2917 838 3099 884 autem
3124 831 3289 887 verba
3318 846 3433 887 non

1844 914 2037 971 eadem
2062 913 2418 970 inveniuntur
2436 916 2497 989 in.
2517 914 2714 973 Genesi
2738 935 2753 985 ;
2781 919 2875 974 sed
2896 935 3050 990 aeque
3070 922 3322 977 valentia.
3353 922 3430 978 Dc

1845 1003 2045 1073 quibus
2072 1002 2288 1058 duobus
2332 1003 2458 1059 ﬁliis
2486 1004 2699 1077 Moyses
2738 1015 2909 1062 totum
2950 1009 3018 1064 ad
3048 1009 3212 1069 ﬁnem
3255 1027 3431 1083 usque

1844 1094 2163 1164 descripsit,
2195 1093 2343 1163 quod
2374 1110 2497 1153 non
2522 1094 2649 1151 fecit
2676 1096 2744 1153 de
2780 1098 3012 1155 caeteris.
3045 1097 3185 1166 Quia
3221 1100 3430 1159 Paulus

1845 1203 1957 1243 non
1985 1187 2287 1243 secundum
2322 1186 2540 1258 singula
2567 1188 2882 1260 allegoriam
2907 1191 3184 1261 sequitur,
3218 1192 3428 1250 bonum

1843 1287 1926 1335 est
1962 1286 2021 1333 ut
2042 1278 2248 1334 eisdem
2274 1278 2454 1334 verbis
2482 1294 2604 1334 eam
2648 1280 2980 1349 aperiamus.
3010 1280 3288 1338 Abraham
3332 1285 3430 1354 qui

1848 1368 2243 1439 interpretatur
2266 1378 2418 1440 pater
2436 1369 2737 1424 -'multarum
2767 1373 2997 1441 gentium
3014 1414 3029 1439 ,
3057 1373 3267 1429 habens
3286 1374 3435 1437 duos

1840 1460 2002 1527 ﬁlios,
2015 1459 2067 1514 id
2092 1468 2179 1515 est
2197 1459 2335 1516 duos
2362 1461 2613 1531 populos,
2631 1461 2901 1532 signiﬁcat
2927 1461 3097 1519 Deum
3134 1464 3428 1520 habentem

1841 1549 1980 1606 duos
2006 1548 2168 1617 ﬁlios,
2186 1548 2450 1605 Gentilem
2480 1549 2689 1606 scilicet
2716 1560 2770 1606 et
2790 1550 3059 1608 Judaeum.
3088 1552 3209 1609 Non
3235 1563 3424 1611 tamen

1840 1643 1986 1714 quod
2001 1644 2197 1716 singuli
2211 1648 2400 1700 eorum
2414 1644 2525 1701 sint
2539 1644 2635 1700 ﬁlii
2646 1644 2765 1711 Dei,
2782 1644 2888 1701 nisi
2903 1646 2994 1715 qui
3010 1646 3065 1700 in
3087 1654 3317 1717 utroque
3330 1663 3432 1718 po.

1784 1804 1789 1809 ι
1840 1737 1987 1807 pulo,
2010 1736 2159 1808 digni
2181 1735 2773 1799 fuerintinvcnti.Duos
2783 1737 2926 1807 ﬁlios
2947 1737 3434 1806 habuilAbraham,

142 1851 239 1907 ego
258 1836 534 1906 parturio,
567 1835 621 1890 id
642 1842 727 1890 est
743 1835 811 1889 de
830 1850 1067 1905 quorum
1090 1835 1472 1902 instructione,
1495 1836 1736 1892 maximo
1769 1829 1813 1884 Β
1838 1843 1998 1883 unum
2009 1827 2074 1881 de
2087 1827 2309 1894 ancilla,
2324 1827 2388 1882 id
2399 1835 2483 1882 est
2502 1825 2697 1883 Ismael
2714 1828 2783 1883 dc
2796 1826 2968 1898 Agar,
2997 1834 3050 1881 et
3070 1844 3233 1882 unum
3258 1827 3322 1881 de
3336 1825 3436 1883 Li—

143 1934 355 1981 conatu
404 1926 617 1982 laboro.
664 1925 947 1983 Parturire
992 1926 1141 1983 enim
1182 1926 1385 1982 dicitur
1423 1927 1580 1987 labor
1621 1928 1740 1996 ille,

145 2033 321 2089 quem
351 2017 409 2072 in
432 2017 699 2074 emisione
732 2018 888 2089 pueri
916 2027 1090 2074 mater
1139 2019 1374 2090 patitur,
1419 2019 1742 2091 priusquam

144 2107 291 2183 puer
341 2119 498 2165 extra
544 2110 810 2166 mittatur.
844 2109 989 2176 Quos
1041 2112 1285 2182 parturio
1332 2112 1559 2177 iterum;
1612 2112 1744 2167 olim

145 2203 304 2257 enim
334 2217 463 2256 cum
506 2201 751 2257 inﬁdeles
781 2200 978 2269 eratis,
1024 2200 1259 2257 multum
1290 2201 1536 2258 laborem
1577 2201 1746 2258 habui

147 2292 205 2348 in
232 2292 417 2348 vobis.
442 2291 697 2348 Parturio
722 2301 776 2348 et
798 2293 988 2350 laboro
1011 2294 1066 2349 in
1087 2294 1271 2361 vobis,
1303 2294 1474 2350 donec
1499 2294 1558 2349 in
1580 2293 1747 2350 Chri-

148 2398 242 2444 sto
276 2386 659 2443 reformemini
690 2388 746 2444 in
788 2388 894 2444 ﬁde
924 2388 1081 2459 cujus
1108 2388 1394 2445 reformati
1418 2388 1584 2454 estis,
1619 2389 1750 2460 quia

149 2478 265 2534 illis
302 2477 512 2548 pseudo
532 2479 727 2534 saltem
746 2479 1125 2536 consensistis.
1159 2478 1271 2536 Nec
1294 2479 1371 2536 ait
1396 2479 1559 2536 donec
1577 2478 1752 2534 refor-

149 2569 419 2637 memini,
450 2569 548 2626 sed
571 2569 733 2626 donec
765 2569 1007 2626 Christus
1048 2572 1306 2642 formetur
1327 2573 1385 2627 in
1407 2572 1570 2628 vobis.
1591 2570 1746 2626 Chri-

150 2673 280 2720 stus
309 2663 460 2720 enim
486 2662 826 2721 deformatus
847 2672 963 2730 est,
988 2672 1043 2719 et
1071 2662 1304 2721 formam
1333 2681 1489 2720 suam
1520 2662 1756 2734 perdidit

153 2755 212 2811 in
258 2756 418 2813 vobis
447 2756 708 2812 seductis.
743 2753 872 2824 Vel,
905 2755 1246 2812 deformatus
1279 2764 1365 2813 est
1393 2756 1449 2811 in
1477 2755 1669 2822 vobis,
1700 2754 1757 2810 id

152 2859 242 2905 est
272 2849 330 2903 in
374 2849 732 2909 similitudine
758 2848 951 2905 vestri.
982 2847 1281 2904 Audientes
1310 2847 1457 2903 enim
1484 2846 1578 2903 alii
1612 2862 1756 2918 quo-

156 2941 331 2997 modo
357 2941 483 2998 ﬁdei
502 2939 711 2998 Christi
732 2941 1019 2999 detrahitis
1042 2983 1057 3008 ,
1087 2939 1282 2996 dicunt
1298 2941 1549 3022 exemplo
1569 2946 1758 2996 vestro

157 3033 588 3091 insuﬁicientcm
615 3050 738 3091 esse
764 3034 835 3090 ad
869 3035 1103 3091 salutem
1128 3034 1291 3089 ﬁdem
1312 3033 1547 3089 Christi.

236 3123 313 3179 Ut
353 3124 532 3196 magis
571 3141 668 3182 eos
692 3126 1020 3193 deterreret,
1044 3124 1359 3197 aggravavit
1390 3124 1598 3180 dictum
1625 3125 1757 3181 dum

161 3218 246 3272 ait
271 3216 440 3271 donec
472 3217 732 3288 formetur
777 3216 1057 3283 Christus,
1087 3231 1286 3287 quem,
1333 3215 1494 3286 quasi
1518 3215 1756 3283 diceret,

159 3304 784 3363 deformastis.Filiolos
814 3321 913 3362 vos
946 3305 1192 3376 appello;
1226 3304 1356 3370 sed,
1397 3303 1523 3359 licet
1544 3304 1759 3370 absens,

164 3395 351 3451 dicam
373 3394 591 3450 ﬁliolos.
607 3394 813 3451 Tamen
842 3395 1005 3450 modo
1020 3392 1201 3448 vellent
1229 3409 1341 3447 esse
1360 3409 1600 3463 praesens
1621 3392 1762 3464 apud

168 3501 285 3551 vos,
309 3491 358 3538 et
372 3483 451 3538 sic
473 3493 681 3539 mutare
704 3500 879 3538 vocem
902 3498 1071 3538 meam
1088 3523 1103 3548 ,
1132 3482 1261 3552 quia
1307 3482 1355 3538 si
1377 3483 1542 3541 modo
1555 3497 1654 3538 vos
1669 3498 1766 3553 ap-

166 3577 315 3648 pello
329 3576 552 3645 ﬁliolos,
576 3591 815 3647 praesens
828 3576 1066 3632 dicerem
1089 3576 1193 3631 vos'
1201 3575 1410 3631 alienos
1420 3575 1766 3631 detrahentes

169 3667 316 3736 Deo,
354 3678 410 3726 et
446 3670 619 3724 multa
651 3668 758 3724 alia
788 3668 1100 3739 opprobria.
1132 3666 1265 3735 Quae
1292 3666 1500 3723 Paulus
1529 3667 1656 3722 licet
1684 3666 1769 3722 di—

169 3770 351 3826 mret,
382 3759 432 3814 si
480 3774 721 3830 praesens
761 3765 936 3826 esset,
984 3757 1161 3814 noluit
1201 3766 1384 3812 tamen
1428 3756 1484 3812 in
1527 3754 1769 3826 Epistola

172 3850 422 3906 scribere
439 3891 455 3918 ,
478 3850 657 3907 sciens
679 3848 979 3921 Epistolam
1002 3862 1421 3920 permansuram
1441 3889 1456 3914 ,
1479 3855 1534 3903 et
1558 3847 1627 3902 dc
1647 3862 1767 3903 cor-

174 3941 423 4005 rectione
441 3955 633 3997 eorum
656 3941 935 3997 conﬁdens
952 3984 967 4009 ,
994 3955 1230 4012 quorum
1254 3940 1648 4012 improperium
1669 3940 1772 3996 du-

175 4048 303 4089 rare
351 4032 561 4100 noluit;
598 4042 654 4089 et
680 4033 911 4102 merito,
958 4049 1085 4088 cum
1128 4041 1318 4089 essent
1340 4032 1680 4104 "corrigendi.
1714 4031 1773 4087 Si

176 4124 328 4195 apud
378 4140 478 4180 vos
513 4140 729 4193 essem,
774 4133 1047 4180 mutarem
1087 4140 1310 4192 vocem,
1355 4125 1478 4181 ideo
1521 4125 1774 4196 quoniam

178 4233 333 4273 nunc
356 4217 686 4287 confundor,
717 4217 772 4271 id
800 4224 885 4272 est
911 4216 1249 4273 verecundor
1277 4218 1335 4271 in
1360 4216 1526 4272 vobis.
1560 4216 1776 4273 Lauda-

180 4324 377 4364 veram
410 4309 559 4371 enim
608 4308 771 4364 ﬁdem
797 4316 1038 4364 vestram
1083 4308 1228 4380 apud
1277 4309 1417 4366 alias
1463 4308 1775 4377 Ecclesias,

180 4417 340 4473 quae,
367 4401 653 4457 audientes
673 4399 1082 4471 corruptionem
1103 4410 1300 4457 vestra:
1326 4401 1472 4470 ﬁdei,
1504 4402 1781 4458 aestimant

1844 1916 1987 1983 bera,
2012 1916 2065 1972 id
2091 1926 2176 1973 est
2191 1916 2347 1973 Isaac
2365 1917 2432 1973 de
2463 1915 2619 1973 Sara.
2644 1917 2817 1972 Filius
2840 1918 2909 1973 de
2937 1918 3134 1973 ancilla
3159 1916 3430 1988 signiﬁcat

1843 2003 2130 2062 Iudaicum
2178 2007 2460 2078 populum,
2486 2006 2656 2062 ﬁlium
2687 2007 2918 2075 ancilla},
2950 2007 3004 2061 id
3027 2017 3111 2063 est
3141 2006 3297 2077 legis,
3342 2008 3440 2076 qui

1844 2097 1984 2154 bene
2004 2096 2261 2154 dicuntur
2278 2096 2374 2155 ﬁlii
2398 2096 2609 2155 ancillae
2622 2137 2638 2164 ,
2663 2096 2757 2167 qui
2786 2096 2936 2152 velut
2963 2095 3105 2151 servi
3127 2094 3439 2155 serviebant

1845 2189 2042 2245 timore
2053 2205 2228 2260 pruna:
2239 2199 2294 2245 et
2309 2204 2495 2245 amore
2515 2188 2819 2246 carnalium
2838 2187 2893 2242 in
2909 2186 3239 2243 carnalibus.
3264 2183 3439 2240 Filius

1847 2289 2032 2337 autem
2060 2281 2244 2337 liberte
2274 2281 2547 2353 signiﬁcat
2586 2279 2848 2350 pupulum
2872 2278 3107 2345 ﬁdelem,
3146 2276 3243 2348 qui
3268 2276 3343 2335 in?
3368 2276 3440 2329 li-

1848 2373 2058 2431 bertate
2076 2372 2200 2428 ﬁdei
2231 2371 2343 2429 Deo
2364 2388 2431 2428 ex
2464 2371 2752 2428 dilectione
2781 2370 2982 2437 servit,
3008 2385 3116 2425 non
3144 2384 3211 2424 ex
3245 2367 3439 2423 timore

1851 2484 1955 2525 nec
1973 2477 2195 2540 pr0pter
2216 2466 2562 2537 temporalia,
2598 2465 2696 2521 sed
2727 2472 2949 2535 propter
2972 2473 3194 2535 aeterna.
3234 2458 3297 2514 Et
3318 2458 3446 2514 licet

1853 2569 2084 2630 uterque
2125 2567 2270 2615 esset
2298 2557 2444 2612 ﬁlius
2489 2555 2724 2611 Abraha:
2745 2596 2760 2621 ,
2801 2563 2987 2609 tamen
3031 2552 3250 2608 diverso
3276 2549 3437 2619 222

1855 2652 2019 2709 modo
2045 2650 2180 2706 nati.
2208 2648 2312 2715 Qui
2339 2648 2488 2705 enim
2529 2646 2634 2703 fuit
2661 2646 2724 2701 de
2750 2645 2981 2713 ancilla,
3004 2644 3213 2700 scilicet
3248 2640 3444 2696 Ismael

1856 2748 1925 2804 de
1968 2746 2143 2818 Agar,
2189 2744 2281 2799 hic
2322 2751 2479 2798 natus
2506 2751 2585 2796 est
2629 2740 2916 2796 secundum
2945 2753 3189 2803 carnem,
3219 2734 3348 2806 quia
3389 2741 3447 2789 et

1856 2837 2004 2908 Agar
2022 2835 2316 2907 juveneula
2349 2841 2547 2889 eratet
2571 2829 2825 2887 fecunda.
2852 2828 3116 2884 Similiter
3142 2825 3329 2897 legalis
3357 2839 3449 2893 po-

1858 2929 2022 3000 pulus
2052 2935 2217 2983 natus
2244 2924 2419 2980 estde
2454 2923 2650 2978 ancilla
2670 2963 2685 2989 ,
2718 2920 2774 2976 id
2806 2928 2891 2977 est
2920 2919 2987 2975 de
3004 2919 3121 2989 lege
3146 2915 3447 2973 secundum

1861 3033 2082 3075 carnem
2102 3059 2118 3084 ,
2161 3015 2291 3086 quia
2316 3022 2372 3069 et
2398 3014 2451 3067 in
2483 3012 2796 3068 carnalibus
2821 3020 2877 3066 et
2920 3022 3110 3063 amore
3146 3004 3451 3063 carnalium

1863 3109 2172 3174 serviebat;
2204 3107 2249 3162 si
2283 3111 2564 3176 peccaret,
2589 3103 2772 3160 statim
2799 3103 2856 3157 in
2884 3114 3049 3156 carne
3078 3095 3262 3168 puniri
3287 3095 3451 3151 time-

1862 3200 1974 3256 bat.
2004 3197 2177 3254 Filius
2201 3203 2382 3251 autem
2403 3196 2493 3267 qui
2516 3194 2621 3249 fuit
2634 3193 2700 3248 de
2721 3193 2889 3247 libera
2907 3233 2922 3258 ,
2946 3190 3155 3247 scilicet
3174 3187 3325 3243 lsaac
3344 3228 3358 3253 ,
3386 3185 3454 3240 de

1866 3291 2005 3347 Sara
2033 3297 2198 3346 natus
2225 3295 2310 3344 est
2351 3302 2461 3342 non
2509 3285 2809 3343 secundum
2853 3297 3094 3339 carnem.
3131 3279 3269 3335 Sara
3303 3277 3452 3333 enim

1862 3384 2044 3441 vetula
2078 3390 2197 3438 erat
2233 3389 2288 3437 et
2314 3378 2512 3435 sterilis
2531 3421 2546 3446 ,
2595 3377 2692 3434 sed
2721 3394 2815 3448 per
2843 3375 3299 3446 repromissionem
3329 3370 3448 3426 Dei.

1866 3476 2011 3532 Deus
2029 3475 2208 3540 enim,
2240 3471 2383 3529 sicut
2424 3470 2513 3542 pie
2536 3469 2894 3540 promiserat,
2930 3468 3133 3523 virtute
3159 3481 3258 3522 sua
3302 3465 3458 3520 nasci

1867 3566 1998 3624 facit
2034 3565 2208 3621 ﬁlium
2233 3564 2302 3620 de
2330 3563 2502 3620 sterili
2526 3571 2580 3617 et
2606 3562 2900 3631 decrepita.
2933 3557 3196 3615 Similiter
3225 3556 3459 3627 pepulus

1867 3659 2072 3725 ﬁdelis,
2099 3657 2197 3729 qui
2222 3656 2324 3711 fuit
2347 3655 2415 3711 de
2445 3654 2645 3720 libera,
2678 3652 2733 3708 id
2770 3662 2855 3708 est
2883 3660 3046 3707 natus
3075 3665 3141 3705 ex
3168 3648 3270 3703 lide
3288 3690 3303 3714 ,
3333 3664 3457 3718 quae

1866 3751 2040 3809 libera
2080 3757 2167 3808 est
2205 3763 2304 3819 per
2324 3741 2696 3812 dilectionem,
2727 3759 2835 3799 non
2861 3743 3004 3799 sicut
3031 3756 3099 3796 ex
3143 3739 3338 3794 ancilla
3367 3753 3463 3808 per

1871 3845 2146 3900 timorem.
2170 3839 2271 3896 Hic
2293 3839 2529 3911 populus
2549 3843 2820 3892 natus—test
2840 3849 2936 3903 per
2954 3828 3461 3902 repromissionem,

1870 3934 2005 4005 quia
2033 3933 2180 3989 Deus
2200 3928 2629 3987 misericorditer
2649 3924 2979 3998 promiserat
2999 3938 3058 3979 se
3078 3937 3174 3993 per
3199 3919 3361 3976 ﬁdem
3389 3917 3466 3973 fa-

1872 4042 1997 4083 cere
2043 4024 2422 4081 salvationem.
2466 4020 2593 4076 Ideo
2643 4024 2762 4074 erat
2808 4032 2903 4087 per
2950 4011 3462 4085 repromissionem,

1872 4119 2003 4192 quia
2024 4134 2135 4175 non
2163 4115 2332 4174 servit
2350 4113 2466 4170 Deo
2485 4109 2759 4168 desiderio
2784 4106 3087 4165 carnalium
3106 4146 3122 4172 ,
3151 4118 3276 4174 quae
3296 4100 3463 4166 videt,

1876 4210 1973 4267 sed
2021 4223 2211 4265 amore
2243 4203 2611 4277 spiritualium
2646 4215 2771 4272 quae
2820 4212 2980 4253 nemo
3019 4196 3186 4262 vidit,
3230 4194 3324 4250 sed
3370 4208 3467 4263 per

1878 4302 2052 4359 solam
2080 4298 2566 4371 repromissionem
2597 4292 2694 4349 Dei
2720 4291 3034 4347 habiturum
3060 4303 3119 4344 se
3152 4285 3396 4343 conlidit.

1954 4390 2086 4458 Quae
2108 4389 2327 4455 omnia,
2368 4386 2579 4443 scilicet
2610 4383 2889 4439 Abraham
2919 4378 3181 4434 habuisse
3224 4376 3364 4431 duos
3405 4374 3470 4428 ﬁ-

185 4464 460 4549 meream
494 4493 801 4560 mendacii,
825 4464 888 4549 et
910 4508 1074 4564 super
1102 4493 1208 4549 hoc
1234 4464 1521 4552 erubesco.
1561 4492 1674 4551 Vos
1713 4494 1782 4550 ﬁ-
1816 4506 1861 4562 ι)
1883 4485 2024 4551 ιὶοεν
2070 4483 2219 4538 hunc
2244 4481 2313 4537 de
2356 4476 2552 4534 amula
2592 4473 2894 4532 secundum
2921 4473 3211 4564 ξίὶελὶιᾚεειιιρΔ
3235 4468 3383 4522 hunc
3405 4464 3472 4520 ἀεὶ

185 4585 304 4640 lioli
348 4586 494 4653 mei,
521 4587 684 4643 dicite
719 4587 883 4642 mihi.
924 4584 1051 4654 Vel,
1104 4586 1389 4657 si‘placct,
1425 4604 1537 4644 non
1566 4594 1782 4658 oportet

190 4677 323 4732 illuc
351 4694 530 4748 usque
550 4678 874 4749 protendere
895 4679 977 4736 sic
1005 4678 1378 4735 continuando
1405 4696 1420 4734 :
1449 4677 1783 4735 Al'mulami—

191 4770 246 4824 ni
271 4786 363 4825 me
382 4811 397 4838 ,
419 4771 565 4841 quod
590 4771 776 4842 utique
795 4771 1034 4839 debetis,
1057 4771 1188 4842 quia
1217 4786 1314 4826 vos
1332 4770 1467 4826 estis
1489 4770 1641 4827 ﬁlioli
1674 4770 1783 4827 mei

190 4877 336 4933 quos
358 4861 557 4918 iterum
590 4863 859 4933 parturio,
905 4874 1011 4920 etc.
1046 4861 1327 4919 Sententia
1352 4862 1642 4918 verborum
1670 4877 1782 4917 non

192 4961 463 5011 mutatur.
488 4950 558 5011 Et
577 4955 708 5026 quia
734 4955 1032 5026 confundor
1067 4956 1124 5011 in
1157 4954 1299 5010 vobis
1322 4953 1594 5020 seductis,
1620 4952 1784 5008 modo

195 5036 364 5105 dicite
386 5057 445 5105 et
464 5049 788 5120 respondete
820 5049 956 5104 mihi
983 5068 998 5105 :
1037 5046 1139 5104 Vos
1163 5049 1254 5120 qui
1275 5047 1371 5102 sub
1394 5047 1506 5118 lege
1532 5044 1690 5101 vultts
1714 5061 1791 5099 es-

196 5156 281 5209 se,
312 5156 421 5195 non
445 5139 652 5211 legistis
693 5156 780 5195 vos
808 5139 1017 5210 legem?
1034 5137 1483 5210 Complexionem
1514 5135 1645 5192 facit
1665 5134 1791 5203 ,illis

198 5232 499 5301 utrinque;
544 5229 861 5297 ferientem,
908 5230 1038 5300 quia
1079 5230 1127 5285 si
1152 5230 1326 5300 legem
1370 5245 1478 5285 non
1511 5228 1789 5299 legerunt,

199 5320 437 5375 stultum
469 5327 555 5373 est
579 5318 812 5373 transire
851 5319 918 5373 ad
949 5319 1079 5373 illud
1103 5319 1253 5389 quod
1293 5319 1563 5375 nesciunt.
1597 5316 1653 5371 Si
1690 5333 1792 5372 au-

200 5419 314 5467 tem
342 5411 616 5483 legerunt,
640 5427 767 5467 cum
781 5411 973 5467 eadem
997 5411 1083 5467 lex
1104 5411 1358 5467 veniente
1379 5411 1484 5467 ﬁde
1510 5410 1796 5481 prohibeat

203 5520 265 5561 se
295 5505 510 5572 teneri,
543 5505 842 5576 plurimum
870 5502 1145 5574 desipiunt
1184 5503 1280 5575 qui
1313 5519 1436 5559 eam
1474 5513 1657 5559 tenere
1699 5517 1795 5558 vo-

178 5600 347 5653 .lunt.’
371 5596 619 5653 Alterum
660 5605 842 5652 tamen
874 5596 1181 5651 membrum
1217 5594 1613 5665 complexionis
1642 5607 1792 5648 exse-

208 5690 401 5761 quitur
423 5731 438 5756 ,
476 5688 582 5744 hoc
601 5696 713 5756 est,
740 5689 787 5744 si
812 5688 984 5759 legem
1006 5687 1271 5770 legerunt.

234 5830 241 5836 .
283 5780 537 5839 Dice‘rent
565 5781 640 5836 illi
675 5800 687 5836 :
720 5780 862 5847 Quid
893 5780 1019 5837 inde
1067 5780 1113 5837 si
1159 5780 1334 5852 legem
1366 5778 1640 5852 legimus?
1670 5776 1797 5833 ideo

1888 4577 2060 4634 libera
2081 4589 2178 4645 per
2214 4568 2735 4641 repromissionem,
2783 4565 2900 4620 haec
2924 4562 3108 4618 omnia
3155 4560 3303 4614 dicta
3350 4565 3472 4612 sunt

1887 4686 1979 4741 per
1999 4666 2342 4737 allegoriam,
2373 4662 2426 4721 id
2447 4670 2534 4717 est
2554 4674 2650 4730 per
2671 4657 2837 4712 alium
2862 4655 3193 4710 intellectum
3216 4664 3381 4721 quam
3402 4648 3474 4704 sit

1889 4759 2141 4817 litteralis
2167 4756 2260 4812 hic
2282 4753 2618 4813 habendum.
2645 4748 2767 4819 Ipse
2790 4758 2970 4811 tamen
2997 4761 3108 4799 non
3131 4742 3471 4812 singulorum

1891 4850 2208 4923 allegoriam
2227 4846 2575 4916 exsequitur,
2614 4841 2722 4897 nisi
2748 4840 2926 4896 solum
2961 4837 3030 4892 de
3052 4834 3248 4923 ancilla
3272 4841 3330 4923 et
3350 4832 3477 4923 libet

1891 4957 1972 4998 ra.
2003 4919 2154 4995 Vere
2182 4944 2312 4993 sunt
2333 4935 2479 4991 dicta
2529 4946 2626 5003 per
2676 4926 3014 4999 allegoriam.
3044 4922 3174 4978 Herc
3201 4921 3370 4988 enim,
3423 4919 3475 4974 id

1898 5041 1975 5089 .st
2012 5030 2210 5087 ancilla
2249 5036 2306 5085 et
2350 5026 2551 5092 libera,
2600 5029 2756 5089 sunt,
2803 5020 2857 5074 id
2883 5027 2969 5073 est
3003 5014 3341 5087 signiﬁcant,
3370 5012 3477 5067 duo

1896 5123 2261 5189 Testamenta,
2291 5118 2460 5175 Vetus
2481 5125 2539 5172 et
2562 5114 2797 5177 Novum.
2836 5110 3013 5167 Unum
3046 5107 3257 5182 quidem
3282 5104 3476 5162 Testa-

1893 5229 2137 5278 mentum
2162 5260 2178 5286 ,
2217 5216 2272 5272 id
2311 5222 2398 5271 est
2421 5213 2595 5285 legem
2622 5224 2876 5281 generans
2901 5205 3043 5260 ﬁlios
3064 5203 3121 5257 in
3146 5201 3445 5256 seruitutem
3461 5239 3477 5263 ,

1893 5314 2025 5386 quia
2049 5321 2103 5367 et
2130 5311 2327 5367 timore
2351 5319 2527 5378 pmnee
2566 5311 2621 5359 et
2652 5316 2752 5372 pro
2794 5296 3111 5355 carnalibus
3152 5291 3477 5386 serviebant.

1897 5381 2033 5465 illud
2063 5419 2233 5461 unum
2257 5401 2382 5458 dico
2400 5398 2591 5457 datum
2618 5397 2675 5450 in
2696 5401 2868 5448 monte
2891 5389 3063 5453 Sina;
3108 5385 3184 5441 ibi
3216 5383 3363 5439 enim
3391 5381 3481 5436 lex

1898 5502 2025 5558 data
2055 5498 2160 5553 fuit
2193 5496 2249 5551 in
2272 5495 2509 5551 deserto.
2541 5488 2673 5545 Sina
2715 5486 3103 5555 interpretatur
3131 5476 3446 5532 mandatum
3465 5513 3482 5536 ,

1898 5601 1954 5649 et
1976 5607 2070 5663 per
2097 5598 2335 5646 montem
2378 5582 2719 5639 altitudinem
2749 5575 3019 5647 superbire
3062 5568 3392 5663 accipimus,
3424 5571 3487 5663 ut

1899 5654 2150 5739 dicamus
2172 5692 2428 5750 generous
2455 5675 2511 5727 in
2532 5672 2837 5725 servitutem
2857 5666 2913 5718 in
2940 5668 3112 5716 monte
3135 5654 3383 5750 Sinatid
3402 5658 3490 5707 est

1902 5772 1959 5830 in
1986 5746 2240 5845 superbia
2291 5764 2553 5825 mandati.
2578 5759 2755 5840 μιόωί
2799 5756 2977 5823 enim,
3030 5751 3124 5823 qui
3176 5747 3277 5805 soli
3312 5746 3486 5823 legem
