3928 6436
500 350 605 406 307

1034 344 1092 397 S.
1134 335 1480 396 BRUNONIS
1518 329 2157 391 CARTIIUSIANORUM
2186 330 2676 391 INSTITUTORIS
2712 334 2861 392 OPP.
2900 333 3083 391 PARS
3110 335 3173 393 II.

501 463 803 525 habebant,
838 456 1250 529 superbiebant,
1287 453 1527 508 dicentes
1554 464 1613 505 se
1645 446 1902 519 populum
1935 445 2070 513 Dei,
2101 449 2149 509 Α
2178 448 2256 501 Ad
2282 448 2539 517 litteram,
2580 465 2750 520 quare
2794 452 2875 506 sic
2910 451 3321 524 intelligendum
3357 453 3479 508 est?
3500 520 3506 524 ἢ
3530 450 3673 511 Vere
3706 459 3777 514 Ii-

498 557 636 611 alios
661 569 771 609 non
792 545 1052 622 populum
1069 589 1084 615 ,
1132 546 1224 601 sed
1257 559 1437 600 canes.
1465 541 1644 595 Unum
1673 538 2080 595 Testamentum

497 649 684 703 datum
713 651 798 700 est
822 644 879 698 in
905 648 1092 696 monte
1118 636 1247 692 Sina
1266 678 1281 702 ,
1309 650 1425 705 quae
1453 642 1528 687 est
1550 633 1717 703 Agar,
1756 630 1811 685 id
1833 638 1918 686 est
1934 629 2081 701 quod

502 737 914 794 Testamentum
962 729 1234 803 signiﬁcat
1266 726 1430 797 Agar.
1464 722 1676 779 Relatio
1704 722 1847 777 bona
1876 729 1962 777 est
1984 736 2081 792 per

497 848 638 901 qua,
668 829 798 899 quia
820 826 1065 896 sequitur
1086 820 1366 893 proprium
1392 815 1642 873 feminini
1667 814 1899 885 generis.
1935 814 2081 883 Agar

497 924 885 991 interpretatur
908 916 1160 971 alienatio
1181 954 1196 979 ,
1219 927 1285 967 ex
1316 912 1437 985 ipso
1459 906 1680 964 nomine
1703 906 1940 960 innuens
1968 902 2079 959 Ve-

502 1022 590 1069 tus
620 1013 1027 1068 Testamentum
1059 1004 1406 1060 alienandum
1434 1016 1557 1057 esse
1581 1007 1637 1055 et
1660 996 2073 1054 destruendum.

499 1102 644 1159 Idem
672 1096 994 1172 signiﬁcavit
1023 1098 1127 1151 hoc
1169 1093 1314 1166 quod
1356 1107 1465 1147 non
1496 1092 1552 1145 in
1594 1099 1741 1145 terra
1782 1087 2079 1158 repromis-

499 1193 700 1260 sionis,
729 1191 825 1248 sed
853 1190 908 1245 in
939 1187 1159 1242 deserto
1195 1186 1383 1240 datum
1430 1181 1568 1247 fuit,
1601 1179 1749 1250 quod
1793 1191 2076 1248 nunquam

500 1301 598 1357 per
623 1298 785 1353 oper-a
818 1280 983 1351 hujus
1005 1278 1143 1349 legis
1170 1275 1387 1332 venturi
1424 1280 1610 1328 essent
1652 1272 1708 1325 in
1738 1285 1923 1325 veram
1960 1278 2075 1357 ter-

497 1389 615 1429 ram
640 1368 1104 1442 repromissionis.
1133 1364 1275 1419 Vere
1312 1365 1369 1417 in
1396 1362 1735 1425 servitutem,
1774 1374 1899 1413 nam
1943 1356 2076 1412 Sina

495 1473 572 1519 est
593 1479 743 1518 mons
776 1464 835 1516 in
851 1459 1076 1514 Arabia.
1108 1456 1212 1511 Per
1238 1455 1343 1510 hoc
1365 1453 1511 1509 enim
1538 1451 1682 1523 quod
1698 1492 1714 1518 ,
1740 1450 1870 1506 dum
1892 1456 2078 1505 essent

497 1550 897 1621 incaptivitate
916 1591 930 1615 ,
960 1545 1300 1617 accipiebant
1335 1544 1479 1598 hanc
1500 1542 1670 1613 legem
1689 1583 1703 1607 ,
1734 1539 2077 1611 signiﬁcaba-

489 1653 591 1699 tur
612 1643 760 1713 quod
785 1643 868 1697 lex
892 1640 947 1694 in
975 1638 1285 1708 captivitate
1307 1635 1434 1690 data
1457 1632 1748 1705 generabat
1768 1647 1863 1687 eos
1888 1631 1943 1685 in
1969 1646 2077 1687 ser-

500 1735 769 1799 vitutem;
819 1745 1102 1801 nunquam
1132 1744 1230 1799 per
1258 1742 1423 1798 opera
1460 1726 1596 1796 legis
1628 1732 1889 1780 venturos
1920 1724 1976 1777 in
2004 1723 2075 1777 li-

494 1829 785 1883 bertatem.
808 1824 956 1880 Idem
977 1821 1299 1893 allegoricus
1325 1818 1505 1873 innuit
1528 1817 1853 1873 intellectus.
1876 1813 2077 1869 Arabia

499 1919 647 1976 enim
677 1915 949 1971 humilitas
995 1914 1077 1969 vel
1123 1912 1335 1983 afﬂictio
1362 1911 1770 1980 interpretatur.
1791 1905 1967 1973 ,Unde
1998 1905 2079 1960 sic

498 2004 732 2066 dicimus
760 2027 775 2062 :
804 2005 935 2062 Sina
968 2021 1116 2059 mons
1161 2012 1240 2058 est
1269 2004 1326 2055 in
1360 1998 1563 2055 Arabia
1583 2042 1598 2068 ,
1642 2000 1697 2055 id
1727 2007 1813 2055 est
1846 1997 2077 2053 manda-

497 2110 644 2168 tum,
673 2107 727 2155 et
754 2098 1007 2168 superbia
1040 2104 1125 2152 est
1153 2095 1209 2149 in
1235 2094 1449 2150 aﬁlictis
1473 2108 1591 2160 seu,
1621 2092 1768 2163 quod
1795 2091 1937 2146 idem
1970 2098 2074 2157 est,

499 2186 823 2245 bumiliatis.
850 2188 953 2244 Per
972 2189 1077 2243 hoc
1099 2187 1245 2241 enim
1267 2185 1413 2256 quod
1437 2184 1822 2255 superbiebant
1843 2183 1910 2238 de
1929 2197 2081 2237 man-

496 2283 646 2348 dato,
676 2290 731 2337 et
756 2280 1058 2350 saepissime
1088 2279 1233 2332 velut
1253 2277 1386 2332 mali
1412 2278 1555 2331 servi
1582 2275 1958 2347 aﬁligebantur
1982 2288 2079 2344 per

496 2374 672 2444 legem
691 2414 707 2439 ,
739 2379 964 2442 apparet
996 2371 1142 2439 quod
1185 2370 1273 2424 lex
1308 2368 1400 2423 illa
1430 2375 1745 2439 generasset
1768 2381 1864 2421 eos
1886 2367 1942 2419 in
1968 2381 2079 2419 ser-

502 2464 740 2517 vitutem.
766 2461 898 2516 Sina
926 2476 1086 2515 mons
1114 2460 1271 2515 estin
1298 2459 1500 2514 Arabia
1518 2500 1533 2523 ,
1555 2460 1646 2528 qui
1669 2472 1829 2514 mons
1852 2457 2076 2526 conjun-

498 2559 615 2606 ctus
658 2560 764 2618 est,
812 2551 867 2605 id
906 2561 989 2606 est
1032 2550 1368 2605 assimilatus
1419 2550 1467 2604 ei
1500 2548 1868 2615 Hierusalem,
1903 2548 2077 2621 idest

497 2642 727 2698 Judaico
756 2642 955 2712 populo
981 2640 1182 2696 videnti
1206 2639 1378 2695 Deum
1397 2682 1413 2707 ,
1446 2640 1576 2710 quia
1603 2639 1720 2694 aliae
1740 2646 1926 2710 gentes
1948 2646 2079 2692 tunc

496 2736 760 2807 temporis
787 2734 1103 2791 nesciebant
1126 2732 1316 2788 Deum.
1365 2730 1702 2787 Hierusalem
1745 2730 1898 2796 dico,
1940 2736 2078 2801 qua?

497 2844 636 2882 nunc
665 2836 773 2893 est,
804 2827 858 2882 id
898 2835 983 2882 est
1014 2841 1137 2896 quae
1164 2824 1221 2879 in
1265 2823 1625 2894 praesentibus
1646 2823 1817 2889 videt,
1854 2830 1909 2877 et
1950 2821 2078 2877 colit

498 2918 670 2974 Deum
695 2934 805 2974 non
836 2918 892 2973 in
930 2917 1296 2987 spiritalibus,
1323 2925 1378 2972 et
1402 2915 1524 2971 ideo
1546 2931 1655 2969 non
1696 2914 1880 2969 visura
1907 2914 1962 2967 in
1991 2912 2077 2968 fu-

496 3018 645 3065 tlIl'O.

2184 541 2312 596 bcra
2342 550 2446 607 est,
2479 557 2604 597 nam
2639 543 2717 598 sic
2756 543 2833 598 ait
2859 543 3028 601 Isaias
3060 543 3143 599 :0
3164 554 3222 600 tu
3252 545 3459 601 sterilis
3484 545 3766 606 Ecclesia!

2183 629 2321 696 Quia
2347 630 2595 700 quaedam
2628 632 2861 699 steriles,
2893 649 3016 704 qua:
3046 643 3237 705 postea
3264 636 3487 707 pariunt
3513 653 3613 708 per
3646 656 3772 711 gn.

2180 717 2336 786 tiam,
2367 728 2428 775 ut
2452 722 2641 795 eadem
2689 721 2824 777 Sara
2854 733 2909 778 et
2933 723 3234 794 Elizabeth,
3285 727 3409 782 ideo
3448 728 3596 784 addit
3631 746 3646 783 :
3690 730 3768 785 Tn

2181 809 2400 877 sterilis,
2430 827 2548 882 qua:
2573 828 2675 866 non
2700 830 2868 884 parts,
2891 814 3074 871 (celare
3094 816 3298 873 animo.
3338 816 3571 890 Erumpe
3595 823 3767 878 etiam

2179 900 2435 957 exteriori
2462 903 2661 973 gaudio
2685 914 2734 958 et
2760 904 2957 973 clama,
2988 907 3042 963 id
3069 916 3154 963 est
3180 909 3351 965 invita
3377 910 3518 966 alios
3546 913 3613 968 ad
3643 929 3769 969 con-

2179 990 2523 1061 gaudendum
2544 992 2663 1048 tibi.
2697 992 2779 1047 Tu
2810 994 2934 1051 dico
2959 1012 3081 1066 qua:
3109 1013 3218 1053 non
3250 999 3432 1054 solum
3459 1017 3563 1055 non
3589 1006 3764 1072 paris,

2179 1080 2275 1136 sed
2308 1098 2401 1136 nec
2426 1083 2592 1138 etiam
2646 1086 2886 1154 parturis
2910 1128 2926 1154 ,
2977 1086 3031 1141 id
3064 1096 3150 1144 est
3177 1104 3274 1159 spe
3302 1104 3501 1146 carens
3530 1092 3586 1147 in
3621 1102 3766 1149 tem-

2176 1188 2309 1244 pore
2334 1175 2470 1246 legis
2502 1175 2571 1232 de
2612 1177 2896 1247 pariendo,
2926 1194 3035 1234 non
3066 1182 3303 1237 conaris.
3335 1181 3593 1239 Probavit
3615 1188 3764 1256 quod

2178 1264 2249 1320 sit
2275 1265 2480 1343 libera;
2509 1267 2706 1337 probat
2736 1267 2900 1323 etiam
2929 1269 3075 1340 quod
3114 1271 3188 1326 sit
3214 1279 3406 1327 mater.
3441 1272 3651 1328 Littera
3684 1285 3766 1331 ιιι

2177 1372 2303 1412 men
2327 1358 2622 1428 respondet
2647 1360 2713 1415 ad
2734 1361 3067 1431 proximum.
3096 1361 3224 1418 Ideo
3249 1365 3456 1433 lictore,
3477 1374 3607 1435 etc.,
3637 1368 3764 1438 quia

2177 1448 2279 1518 ﬁlii
2306 1450 2544 1517 desertae,
2576 1451 2630 1506 id
2659 1460 2746 1508 est
2768 1451 3047 1521 Ecclesiae,
3084 1470 3208 1525 quae
3242 1457 3297 1511 in
3338 1466 3588 1529 tempore
3628 1459 3764 1531 legis

2176 1541 2579 1598 cohabitatione
2606 1559 2636 1598 a
2674 1542 2788 1599 Deo
2824 1545 3081 1602 derelicta
3131 1545 3235 1604 fuit
3285 1564 3398 1604 non
3446 1550 3759 1605 dilectione.

2176 1630 2233 1686 In
2274 1642 2517 1703 tempore
2562 1634 2727 1690 etiam
2778 1635 2912 1708 legis
2945 1638 3121 1709 magis
3149 1639 3340 1695 dilexit
3369 1640 3518 1698 Deus
3546 1642 3765 1699 Iiberta-

2187 1734 2295 1782 tem
2324 1727 2449 1784 ﬁdei
2477 1744 2643 1799 quam
2668 1729 2986 1786 servitutem
3020 1732 3173 1803 legis.

2250 1820 2415 1888 Filii,
2456 1821 2678 1892 inquam
2706 1863 2723 1890 ,
2759 1822 2988 1889 desertae
3035 1825 3211 1897 magis
3247 1826 3404 1881 multi
3436 1835 3570 1883 sunt
3596 1844 3758 1899 quam

2180 1915 2292 1970 sint
2335 1913 2431 1968 ﬁlii
2470 1913 2593 1984 ejus
2641 1915 2797 1987 legis,
2832 1931 2956 1986 qua:
2981 1932 3127 1972 nunc
3158 1917 3322 1973 habet
3352 1919 3557 1975 virum.
3611 1919 3763 1978 Tune

2178 2007 2325 2062 enim
2349 2007 2435 2061 lex
2461 2007 2662 2064 multos
2690 2008 3003 2079 generabat,
3034 2008 3128 2063 sed
3157 2008 3254 2080 qui
3284 2010 3472 2066 ﬁdeles
3500 2020 3681 2078 erant,
3706 2022 3762 2067 ut

2179 2098 2395 2172 Moyses
2420 2108 2474 2155 et
2498 2100 2795 2170 praphetae,
2841 2099 3088 2155 videntes
3116 2100 3379 2155 duritiam
3418 2116 3634 2169 eorum,
3664 2119 3761 2159 nec

2178 2192 2371 2247 saltem
2399 2191 2714 2262 cogitabant
2736 2206 2830 2247 eos
2857 2191 2925 2246 de
2954 2190 3333 2262 spiritualibns
3362 2192 3583 2260 docere,
3626 2210 3759 2265 quos

2178 2283 2421 2353 quotidie
2452 2283 2508 2337 in
2537 2283 2850 2339 carnalibus
2878 2282 3148 2339 mandatis
3173 2283 3432 2338 videbant
3462 2292 3760 2357 transgres-

2178 2388 2331 2430 sores
2365 2388 2504 2429 esse.
2541 2373 2652 2429 Lex
2678 2374 2897 2444 quidem
2944 2382 3074 2429 tunc
3102 2374 3339 2429 habebat
3362 2375 3568 2442 virum,
3595 2376 3649 2431 id
3682 2385 3759 2431 est

2178 2467 2349 2523 Deum
2393 2466 2796 2523 cohabitatione
2819 2509 2834 2533 ,
2886 2481 2999 2521 non
3045 2475 3228 2522 tamen
3270 2467 3587 2524 dilectione.
3635 2467 3758 2523 Dea:

2178 2566 2382 2614 matres
2415 2567 2545 2613 sunt
2580 2577 2594 2612 :
2628 2559 2796 2614 altera
2838 2558 3032 2626 libera,
3067 2558 3234 2614 altera
3261 2559 3484 2615 ancilla.
3526 2558 3631 2615 Sed
3672 2576 3755 2614 nos

2178 2652 2498 2721 fratres,ego
2518 2658 2573 2706 et
2591 2650 2904 2722 quicunque
2922 2650 3128 2718 ﬁdeles,
3153 2667 3336 2705 sumus
3357 2651 3490 2723 ﬁlii,
3509 2666 3622 2706 non
3646 2667 3755 2707 ser-

2177 2742 2389 2807 vitutis,
2433 2742 2529 2798 sed
2555 2743 2946 2812 promissionis,
2976 2742 3031 2797 id
3052 2750 3136 2798 est
3162 2758 3258 2812 per
3278 2743 3613 2813 promissam
3636 2758 3752 2813 gra-

2176 2832 2309 2888 tiam
2340 2832 2458 2899 Dei,
2498 2832 2806 2901 secundum,
2844 2833 2897 2888 id
2936 2841 3020 2889 est
3054 2833 3108 2888 in
3146 2832 3561 2889 similitudinem
3584 2831 3749 2901 haec,

2177 2923 2274 2992 qui
2300 2938 2412 3001 non
2442 2922 2558 2994 lege
2583 2922 2787 2991 carnis,
2817 2924 2909 2979 sed
2944 2923 3146 2979 virtute
3170 2923 3341 2978 divini
3374 2924 3633 2994 promissi
3660 2939 3748 2977 na-

2177 3022 2268 3069 tus
2307 3012 2430 3068 fuit.
2482 3012 2733 3069 Ostendit
2772 3030 2874 3071 nos
2911 3029 3035 3071 esse
3084 3021 3245 3070 natos
3295 3015 3351 3069 in
3404 3014 3746 3069 similitudine

529 3094 536 3105 ’
563 3100 718 3157 Mons
744 3101 833 3156 ille
853 3101 1161 3171 conjunctus
1203 3107 1316 3167 est,
1367 3114 1477 3154 non
1525 3097 1670 3168 quod
1700 3098 1913 3152 radices
1954 3095 2074 3167 ejus
2102 3123 2146 3186 ρ
2178 3102 2351 3171 Isaac,
2383 3105 2512 3176 quia
2539 3106 2729 3161 eadem
2754 3106 2904 3177 signa
2929 3121 3167 3177 quorum
3196 3107 3369 3179 ﬁgura
3403 3108 3678 3178 praecessi;
3698 3107 3745 3161 ίιι

500 3193 854 3265 porrigantur
879 3209 1053 3264 usque
1078 3192 1415 3248 Hierusalem
1440 3233 1455 3258 ,
1482 3191 1575 3246 sed
1607 3189 1946 3246 assimilatus
1972 3188 2073 3243 Ju-

492 3285 661 3351 ‘tlaeis,
692 3285 821 3356 quia
849 3301 946 3355 per
979 3294 1221 3340 montem
1264 3284 1395 3338 Sina
1440 3283 1776 3354 signiﬁcatur
1820 3267 2075 3352 Superbia

496 3392 687 3432 eorum
707 3419 722 3440 ,
752 3394 860 3447 qua
895 3378 965 3432 de
987 3377 1241 3432 mandato
1265 3376 1666 3446 superbierunt.
1692 3374 1793 3430 Per
1818 3374 2075 3429 Arabiam

499 3468 839 3540 signiﬁcatur
862 3468 1078 3523 aﬁlictio
1096 3458 1285 3524 eor'um
1305 3510 1320 3536 ,
1348 3482 1455 3538 qua
1476 3476 1763 3538 peccantes
1784 3483 1881 3537 per
1903 3467 2074 3538 legem

497 3558 873 3623 aﬁligebantur
907 3574 1059 3614 more
1080 3575 1381 3615 servorum.
1408 3558 1507 3624 Ei,
1537 3557 1874 3631 Hierusalem
1898 3599 1914 3624 ,
1955 3571 2078 3628 quae

496 3666 646 3708 nunc
674 3659 754 3706 est
772 3693 787 3717 ,
822 3660 876 3707 et
909 3666 1035 3722 qua:
1062 3651 1232 3706 servit
1256 3651 1453 3706 timore
1479 3634 1656 3719 paenae
1674 3691 1688 3714 ,
1726 3664 1839 3703 non
1868 3663 2072 3703 amore.

499 3742 675 3798 Set-vit
712 3742 836 3799 dico
862 3759 980 3797 cum
1016 3744 1148 3814 ﬁliis
1179 3744 1321 3810 suis,
1367 3743 1418 3798 id
1452 3751 1536 3798 est
1577 3754 1701 3796 cum
1746 3739 2036 3811 proselytis
2060 3781 2075 3807 ,

495 3834 591 3904 qui
624 3835 693 3889 de
725 3834 1022 3905 gentilitate
1050 3836 1105 3889 in
1144 3833 1617 3890 circumcisionem
1647 3837 1948 3886 transeunt.
1983 3828 2080 3884 Vel

497 3928 657 3981 servit
682 3935 794 3983 tota
816 3928 1040 3983 insimul
1065 3929 1348 3999 Synagoga
1373 3942 1499 3982 cum
1528 3925 1656 3982 ﬁliis
1677 3922 1793 3978 suis
1820 3922 2074 3993 propriis.

498 4017 602 4075 llic
623 4019 716 4074 illo
746 4034 942 4089 genere
972 4019 1278 4085 servitutis,
1314 4020 1405 4075 hic
1435 4020 1561 4074 alio.
1592 4015 1932 4071 Hierusalem
1959 4029 2081 4084 quae

505 4126 653 4166 nunc
674 4118 760 4165 est
787 4111 946 4165 servit
963 4151 980 4178 ,
1002 4110 1092 4164 sed
1119 4110 1219 4163 illa
1248 4110 1588 4164 Hierusalem
1610 4124 1730 4179 qua:
1746 4115 1824 4162 est
1845 4122 2077 4171 sursum,

501 4205 557 4259 id
583 4213 669 4259 est
686 4218 798 4258 non
829 4203 1099 4269 carnalia,
1137 4203 1231 4258 sed
1258 4189 1524 4272 spiritalia
1551 4209 1809 4271 appetens
1827 4241 1842 4265 ,
1868 4199 1984 4254 haec
2003 4207 2080 4251 est

498 4296 697 4361 libera,
725 4293 854 4364 quia
883 4309 991 4349 non
1015 4310 1082 4348 ex
1110 4293 1338 4360 timore,
1371 4293 1465 4348 sed
1489 4292 1657 4348 servit
1676 4307 1744 4347 ex
1767 4290 2075 4347 dilectione:

497 4385 660 4457 223
685 4400 788 4441 nec
814 4385 1130 4468 temporalia
1163 4385 1379 4455 quaerit,
1410 4385 1505 4440 sed
1540 4392 1760 4440 aeterna.
1817 4382 1943 4439 Haec
1995 4391 2082 4440 est

2178 3196 2291 3262 illo,
2320 3196 2573 3252 videntur
2603 3198 2764 3252 hodie
2803 3198 2857 3253 in
2894 3199 3021 3254 ﬁliis
3047 3198 3322 3255 Ecclesiae.
3359 3198 3429 3254 Et
3457 3208 3637 3255 tamen
3663 3197 3744 3252 ad-

2176 3296 2430 3343 versatur
2457 3287 2770 3357 conjunetio
2798 3288 3012 3356 litterae,
3039 3289 3145 3344 hoc
3165 3290 3331 3345 modo
3362 3309 3376 3344 :
3409 3289 3562 3346 Licet
3589 3289 3742 3344 simus

2177 3368 2275 3432 ﬁlii
2301 3377 2684 3448 promissionis
2710 3420 2724 3443 ,
2774 3386 2953 3434 tamen
2989 3380 3249 3450 quomodo
3281 3389 3407 3434 tunc
3435 3380 3491 3436 in
3524 3389 3742 3450 tempore

2179 3469 2453 3524 Abraham
2481 3511 2496 3536 ,
2548 3469 2639 3525 hic
2682 3471 2773 3541 qui
2812 3472 3099 3525 secundum
3128 3488 3338 3526 carnem
3372 3482 3531 3527 natus
3568 3473 3740 3542 fuerat,

2177 3561 2234 3617 id
2261 3569 2345 3617 est
2372 3560 2585 3629 lsmael,
2603 3563 3009 3633 persequebatur
3026 3580 3143 3617 eum
3173 3565 3263 3634 qui
3292 3563 3579 3618 secundum
3604 3562 3742 3633 spiri-

2181 3660 2295 3706 tum
2326 3660 2489 3708 natus
2517 3661 2622 3718 est,
2653 3653 2861 3709 scilicet
2886 3652 3055 3709 Isaac.
3097 3653 3292 3710 Ismael
3316 3657 3465 3710 enim
3498 3664 3621 3710 natu
3644 3668 3743 3709 ma-

2175 3745 2266 3814 jor
2284 3746 2606 3800 verberabat
2640 3745 2793 3802 Isaac
2820 3746 3000 3802 adhuc
3040 3756 3321 3814 tenerum;
3358 3763 3525 3817 quem
3549 3746 3742 3801 videbat

2180 3836 2463 3892 dominum
2504 3836 2605 3891 sibi
2655 3846 2710 3891 et
2741 3836 3010 3892 haeredem
3047 3836 3316 3893 futurum.
3364 3837 3458 3892 Ila
3506 3839 3657 3893 etiam
3694 3835 3743 3890 ﬁt

2180 3945 2340 3995 nunc,
2377 3928 2524 3998 quod
2556 3928 2650 3998 qui
2678 3929 2927 3984 carnales
2956 3938 3085 3984 sunt
3110 3939 3521 4000 persequuntur
3549 3929 3742 4001 spirita-

2177 4019 2259 4075 les
2301 4026 2356 4074 et
2402 4019 2665 4091 aﬁligunt,
2708 4026 2763 4074 et
2790 4019 2920 4089 quia
2950 4018 3093 4074 sicut
3136 4018 3289 4076 Isaac
3331 4020 3663 4091 alﬁigebatur
3686 4016 3742 4071 ab

2180 4109 2396 4178 lsmael,
2451 4111 2526 4167 ita
2570 4120 2623 4167 et
2657 4127 2759 4167 nos
2812 4111 3126 4182 spirituales
3177 4111 3472 4182 aﬁligimur
3513 4128 3544 4166 a
3575 4124 3742 4166 carna-

2179 4203 2343 4258 libus.
2374 4201 2582 4273 Itaque,
2610 4201 2828 4271 fratres,
2859 4217 2957 4273 per
2978 4203 3084 4259 hoc
3109 4212 3333 4274 apparet
3353 4203 3502 4273 quod
3529 4218 3634 4258 non
3661 4215 3739 4255 su-

2182 4312 2307 4352 mus
2337 4296 2434 4351 ﬁlii
2465 4296 2710 4363 ancillae;
2762 4294 2970 4351 fuimus
3018 4295 3239 4365 quidem
3294 4295 3437 4351 servi
3488 4294 3617 4349 olim
3654 4291 3737 4347 sub

2181 4389 2320 4459 lege,
2353 4388 2449 4444 sed
2475 4388 2588 4458 jam
2628 4404 2822 4445 sumus
2850 4387 2948 4443 ﬁlii
2990 4388 3195 4455 liberm,
3220 4388 3274 4444 id
3305 4398 3388 4444 est
3416 4388 3622 4460 gratiae.
3652 4383 3738 4441 Sed

494 4476 742 4535 Ecclesia
788 4476 934 4544 ﬁdei,
976 4479 1093 4548 quae
1133 4478 1381 4547 superior
1418 4474 1758 4532 Hierusalem
1796 4484 1874 4530 est
1911 4485 2082 4530 mater
2112 4497 2156 4554 Β
2182 4482 2457 4538 interserit
2500 4481 2749 4552 quaedam
2784 4480 2973 4537 dicens
3001 4499 3014 4534 ε
3046 4479 3152 4547 Qui
3191 4480 3495 4536 secundum
3540 4491 3736 4536 carnem

494 4580 700 4625 nostra.
732 4569 977 4626 Ecclesia
1000 4569 1148 4625 enim
1176 4585 1278 4625 nos
1300 4570 1482 4641 genuit
1508 4568 1566 4624 in
1594 4569 1900 4625 libertatem
1929 4567 2072 4624 ﬁdei.

495 4661 634 4717 Vere
664 4662 866 4727 libera;
896 4675 1024 4716 nam
1052 4661 1286 4728 laetatur,
1312 4660 1553 4731 erumpit
1580 4668 1636 4716 et
1660 4661 1859 4717 clamat
1892 4680 1904 4716 :
1940 4658 2079 4715 Vere

493 4764 701 4822 mater;
736 4770 864 4810 nam
901 4754 997 4809 ﬁlii
1025 4753 1145 4824 ejus
1172 4752 1351 4808 multi.
1397 4752 1551 4820 Quod
1606 4753 1687 4809 sic
1719 4754 1796 4807 ait
1833 4771 1848 4808 :
1883 4751 2077 4808 Libera

492 4857 575 4903 est
606 4854 780 4903 mater
811 4855 1018 4903 nostra.
1071 4845 1207 4901 Nam
1241 4846 1321 4901 sic
1350 4846 1418 4901 de
1462 4860 1526 4900 ea
1576 4845 1842 4915 scriptum
1889 4853 1975 4900 est
2019 4845 2075 4899 in

492 4937 634 4993 Isaia
651 4959 662 4992 :
678 4939 891 4994 Laetare
910 4950 989 4994 tu.
1026 4937 1160 4994 Sara
1186 4937 1409 5007 sterilis,
1433 4954 1552 5010 qua:
1578 4937 1743 4997 modo
1768 4954 1872 4992 non
1891 4938 2074 5009 paris;

491 5045 704 5099 erumpe
726 5040 777 5084 et
798 5031 995 5097 clama,
1023 5047 1140 5101 qua:
1182 5046 1286 5084 non
1325 5032 1564 5101 parturis
1613 5028 1750 5103 (Isa.
1781 5046 1854 5094 tv,
1883 5028 1935 5100 i)
1958 5072 1972 5096 ,
2021 5029 2077 5085 id

490 5130 576 5180 est
604 5139 726 5193 qua:
747 5140 846 5178 nec
872 5125 940 5179 dc
962 5124 1225 5193 pariendo
1254 5123 1490 5177 laboras.
1540 5120 1666 5177 Ideo
1713 5120 1917 5186 laetare,
1950 5122 2077 5193 quia

492 5216 663 5288 magis
690 5214 844 5268 multi
865 5215 967 5284 ﬁlii
993 5217 1069 5268 tui
1097 5216 1318 5269 deserta!
1342 5213 1491 5269 Sam
1513 5229 1678 5283 quam
1706 5212 1815 5268 sint
1840 5212 1934 5267 ﬁlii
1956 5212 2077 5282 ejus

490 5308 658 5381 Agar,
688 5322 806 5377 qua:
839 5321 987 5361 nunc
1014 5306 1168 5359 habet
1211 5307 1402 5359 virum.
1451 5304 1694 5361 Habebat
1728 5303 1875 5374 Agar
1897 5304 2075 5359 Abra-

488 5401 618 5457 ham
650 5398 1075 5463 cohabitatione,
1104 5413 1215 5452 non
1261 5406 1441 5452 tamen
1485 5398 1794 5453 dilectione.
1848 5397 2082 5452 Carebat

493 5490 632 5547 Sara
662 5489 942 5546 Abraham
972 5489 1410 5554 cobabitatione,
1440 5503 1604 5559 quem
1629 5498 1816 5544 tamen
1845 5489 2082 5545 habebat

489 5584 802 5652 dilectione,
833 5582 962 5654 quia
998 5581 1210 5638 colebat
1237 5590 1291 5636 et
1335 5581 1591 5653 diligebat
1643 5596 1765 5636 eam
1796 5590 1859 5637 ut
1900 5580 2078 5652 legiti-

490 5692 638 5732 mam
666 5691 918 5733 uxorem.
960 5674 1150 5740 Isaias,
1180 5674 1274 5745 qui
1304 5682 1427 5745 post
1456 5675 1616 5745 longa
1647 5674 1844 5729 saecula
1880 5673 1984 5728 fuit
2011 5673 2079 5728 ab

491 5770 767 5826 Abraham
794 5812 807 5839 ,
860 5767 1062 5826 frustra
1111 5768 1190 5826 sic
1228 5769 1545 5841 loqueretur
1573 5769 1639 5825 de
1669 5768 1803 5825 Sara
1831 5778 1884 5825 et
1911 5767 2075 5842 Agar.

2178 4582 2327 4639 sunt,
2348 4581 2752 4646 persequuntur
2773 4587 2898 4640 nos,
2920 4572 3015 4628 sed
3040 4588 3149 4628 non
3180 4581 3263 4628 est
3285 4572 3626 4639 curandum;
3656 4568 3738 4641 ipsi

2177 4665 2326 4721 enim
2366 4664 2691 4736 ejicientur,
2740 4672 2796 4720 et
2836 4679 2939 4720 nos
2988 4665 3045 4718 in
3092 4664 3465 4721 haereditatem
3508 4660 3738 4720 introibi-

2181 4773 2325 4813 mus.

2249 4846 2409 4915 Quod
2455 4845 2537 4903 sic
2579 4845 2703 4901 ait:
2738 4844 2881 4911 Quid
2916 4844 3049 4898 dicit
3095 4843 3421 4916 Scriptura?
3465 4842 3527 4897 In
3576 4842 3740 4915 eodem

2178 4938 2362 5011 Moyse
2387 4937 2664 4994 invenitur
2689 4937 2817 5009 quia
2843 4979 2858 5001 ,
2904 4952 3029 4992 cum
3084 4934 3220 4991 Sara
3264 4936 3495 4991 vidisset
3537 4933 3675 5006 Agar
3700 4938 3744 4985 et

2179 5046 2410 5103 puerum
2442 5030 2563 5100 ejus
2594 5029 2971 5100 superbientes
3004 5035 3196 5083 contra
3227 5042 3287 5081 se
3310 5034 3366 5081 et
3394 5025 3567 5091 Isaac,
3598 5025 3668 5079 ait
3689 5019 3743 5076 ad

2174 5122 2452 5178 Abraham
2478 5140 2490 5176 :
2516 5120 2662 5190 Ejice
2682 5119 2937 5175 ancillam
2951 5129 3000 5174 et
3016 5119 3189 5190 ﬁlium
3212 5118 3325 5188 ejus
3351 5117 3504 5186 (Gen.
3522 5114 3740 5183 xxt,16).

2181 5209 2444 5265 Similiter
2462 5207 2558 5262 ﬁlii
2581 5207 2771 5279 gratiae
2792 5206 2984 5262 dicunt
3007 5225 3020 5261 ε
3052 5205 3302 5271 Domine,
3324 5204 3463 5273 ejicc
3486 5202 3738 5263 ancillam,

2160 5300 2236 5356 id
2261 5308 2347 5356 est
2375 5300 2572 5371 legem,
2603 5307 2658 5353 et
2682 5298 2852 5352 ﬁlium
2882 5297 3022 5367 ejus,
3070 5294 3125 5350 id
3163 5303 3249 5350 est
3285 5292 3574 5348 Judaicum
3599 5303 3742 5362 popu-

2184 5400 2319 5455 lum.
2352 5397 2476 5452 Non
2494 5397 2635 5452 enim
2656 5394 2802 5466 ﬁlius
2827 5392 3059 5460 ancillis,
3087 5392 3141 5447 id
3177 5400 3263 5447 est
3300 5390 3457 5461 legis,
3481 5390 3643 5446 limes
3658 5384 3742 5441 erit

2185 5491 2241 5545 in
2266 5489 2537 5560 promissa
2556 5485 2894 5542 beatitudine
2925 5501 3044 5539 cum
3064 5482 3182 5553 ﬁlio
3200 5481 3402 5549 liberae,
3430 5481 3487 5537 id
3516 5489 3600 5537 est
3619 5476 3738 5558 ﬁdei,

2184 5579 2642 5652 quemadmodum
2684 5578 2837 5633 ﬁlius
2877 5577 3023 5649 Agar
3062 5574 3274 5631 ancilla:
3319 5589 3429 5629 non
3466 5573 3572 5629 fuit
3598 5572 3741 5627 haeres

2187 5690 2311 5729 cum
2343 5672 2454 5727 ﬁlio
2488 5672 2637 5726 Sara}
2663 5670 2866 5726 liberae.
2908 5668 3118 5741 Itaque,
3162 5667 3375 5738 fratres,
3403 5666 3525 5736 jam
3555 5679 3649 5718 non
3671 5675 3742 5714 st-

2189 5782 2303 5821 mus
2332 5765 2437 5836 ﬁlii
2469 5763 2681 5820 ancilla:
2730 5761 2895 5837 (sicut
2927 5760 3233 5833 expositum
3264 5758 3370 5824 est)
3393 5799 3408 5823 ,
3451 5758 3544 5812 sed
3573 5755 3746 5819 libera.
