3928 6420
128 384 283 440 309

816 374 1187 435 EXPOSITIO
1224 374 1291 431 IN
1330 371 1713 430 EPISTOLAS
1749 366 1978 424 PAULI.
2018 397 2088 406 —
2126 364 2194 419 IN
2233 365 2449 422 EPIST.
2490 366 2583 421 AD
2620 368 2772 424 CAL.

3344 382 3455 439 διδ

124 516 280 568 qua
310 497 577 561 libertate,
610 495 664 550 id
694 499 778 550 est
812 510 911 564 per
950 493 1094 548 hanc
1118 491 1425 546 libertatem
1458 502 1622 558 quam
1660 483 1762 539 ha-
1795 484 1836 545 Α
1867 490 2209 554 persevcrate
2237 480 2294 536 in
2331 481 2434 536 hac
2462 480 2708 538 libertate
2738 483 2889 551 ﬁdei,
2930 494 2980 543 ιι
3010 492 3169 548 nolite
3191 499 3447 555 contineri

130 588 390 656 bemus,
444 587 691 645 Christus
741 585 949 642 habens
997 583 1245 640 eamdem
1284 581 1527 636 liberavit
1556 594 1648 632 nos
1669 592 1766 647 per

124 694 315 735 eam.

702 768 868 842 325.
906 767 1138 825 CAPUT
1174 766 1242 822 v.

246 881 267 914 ι
300 860 458 917 State
486 868 544 916 et
568 861 736 917 nolite
777 862 976 916 iterum
1002 859 1137 931 jugo
1161 852 1760 937 servitutisocontincri.

141 973 169 1005 ι
217 952 372 1009 Ecce
395 969 500 1025 ego
526 953 733 1009 Paulus
761 953 883 1009 dico
924 950 1081 1007 vobis
1116 949 1400 1021 quoniam,
1437 946 1486 1003 si
1528 946 1764 1002 circum-

144 1064 171 1097 ε
221 1045 514 1113 cidamini,
543 1045 799 1102 Christus
828 1044 966 1099 nihil
999 1041 1156 1098 vobis
1186 1040 1447 1112 proderit.
1480 1038 1763 1093 Testiﬁcor

146 1156 175 1188 ι
221 1146 418 1194 autem
446 1153 670 1194 rursum
695 1137 845 1194 omni
872 1135 1084 1192 homini
1108 1131 1517 1191 circumcidenti
1547 1146 1606 1188 se
1627 1146 1766 1201 quo-

147 1246 177 1280 s
221 1229 382 1283 niam
403 1229 617 1285 debitor
640 1237 726 1285 est
746 1228 1017 1284 universa:
1041 1226 1177 1298 legis
1194 1224 1475 1281 faciendae.
1502 1222 1765 1283 Evacuati

147 1337 177 1370 ς
225 1319 372 1375 estis
396 1334 433 1374 a
458 1318 700 1386 Christo,
730 1318 827 1391 qui
858 1319 914 1373 in
946 1319 1064 1390 lege
1083 1316 1494 1389 justiﬁeamini;
1530 1329 1563 1375 a
1590 1320 1763 1392 gratia

150 1432 177 1463 ι
222 1412 539 1468 excidistis.
566 1411 680 1468 Nos
719 1412 867 1468 enim
902 1411 1096 1482 spiritu
1118 1425 1187 1466 ex
1209 1409 1317 1470 ﬁde
1352 1423 1505 1484 Spem
1539 1412 1765 1483 iustitia:

149 1523 179 1554 α
221 1512 634 1575 exspectamus.
661 1500 802 1559 Nam
824 1502 883 1558 in
910 1501 1134 1563 Christo
1150 1502 1305 1572 Iesu,
1331 1519 1509 1576 neque
1529 1504 1765 1560 circum-

146 1613 175 1647 ι
216 1595 366 1650 cisio
405 1593 608 1669 aliquid
639 1594 826 1666 valet,
873 1612 1053 1669 neque
1090 1596 1439 1668 praeputium,
1476 1594 1571 1652 sed
1605 1594 1761 1664 ﬁdes,

146 1707 177 1742 σ
210 1705 349 1761 quae
366 1705 467 1761 per
496 1690 815 1746 charitatem
843 1687 1237 1763 [dilectionem]
1259 1696 1536 1759 operatur.
1558 1686 1762 1743 Curre-

149 1801 175 1834 ς
218 1782 373 1841 batis
401 1785 575 1840 bene:
602 1784 728 1855 quis
753 1798 855 1839 vos
876 1782 1169 1839 fascinavit
1196 1780 1525 1855 [impedivit]
1547 1781 1759 1837 veritati

148 1890 177 1924 σ
213 1888 336 1928 non
369 1873 626 1930 obedire?
650 1872 866 1929 Nemini
886 1873 1298 1929 consenseritis.
1331 1872 1623 1929 Persuasio
1644 1873 1760 1928 haec

149 1980 175 2013 ι
212 1979 334 2018 non
364 1973 453 2021 est
480 1980 547 2020 ex
575 1980 641 2020 eo
667 1966 764 2036 qui
804 1965 1022 2021 vocavit
1050 1980 1170 2020 vos.
1218 1964 1492 2021 Modicum
1522 1964 1759 2020 fermen-

149 2075 173 2107 ι
214 2062 340 2110 tum
388 2064 560 2112 totam
610 2072 852 2113 massam
876 2058 1178 2128 corrumpit
1217 2056 1272 2129 (I
1290 2055 1413 2113 Cor.
1440 2074 1494 2123 v,
1522 2056 1599 2127 6).
1643 2054 1759 2127 Ego

152 2162 177 2196 ι
214 2146 446 2202 conﬁdo
488 2147 543 2201 in
587 2146 745 2203 vobis
787 2147 842 2200 in
871 2145 1103 2203 Domino
1130 2146 1279 2219 quod
1309 2147 1447 2201 nihil
1487 2146 1637 2202 aliud
1670 2161 1759 2201 sa-

148 2255 172 2285 σ
208 2236 405 2306 pietis.
430 2235 535 2303 Qui
558 2245 740 2292 autem
763 2237 1055 2292 conturbat
1077 2237 1451 2307 vos,portabit
1465 2237 1755 2308 judicium,

151 2347 176 2381 ι
211 2328 543 2399 quicunque
569 2337 655 2385 est
678 2328 787 2385 ille.
821 2327 937 2400 Ego
966 2338 1167 2395 autem,
1200 2328 1417 2396 fratres,
1451 2329 1498 2384 si
1527 2330 1760 2385 circum.

149 2439 175 2474 ι
209 2421 491 2476 eisionem
522 2420 701 2477 adhuc
726 2421 962 2492 praedico
986 2463 1001 2487 ,
1032 2421 1162 2492 quid
1209 2422 1390 2477 adhuc
1422 2422 1758 2491 persecutio-

151 2535 173 2567 ι
208 2530 342 2569 nem
361 2515 576 2585 patior?
596 2513 740 2586 Ergo
760 2522 1082 2570 evacuatum
1106 2523 1191 2570 est
1210 2515 1528 2570 scandalum
1552 2514 1753 2571 crucis.

151 2627 172 2660 ι
206 2606 445 2663 Utinam
471 2616 525 2662 et
551 2607 944 2663 abscindantur
969 2606 1063 2677 qui
1097 2622 1197 2662 vos
1225 2606 1593 2662 conturbant!
1645 2605 1755 2662 Vos

151 2720 173 2752 ι
208 2698 370 2757 enim
400 2699 458 2754 in
488 2699 794 2755 libertatem
815 2700 995 2755 vocati
1023 2699 1178 2765 estis,
1203 2697 1418 2767 fratres,
1444 2707 1655 2755 tantum
1688 2715 1756 2756 ne

152 2814 174 2845 ι
204 2794 527 2849 libertatem
575 2793 629 2847 in
675 2792 1023 2849 occasionem
1069 2792 1208 2849 detis
1258 2792 1441 2849 carnis
1464 2834 1479 2860 ,
1530 2793 1625 2849 sed
1656 2808 1753 2863 per

154 2905 175 2938 ι
208 2885 545 2942 charitatem
579 2885 806 2956 spiritus
851 2886 1051 2941 servite
1097 2886 1352 2941 invicem.
1384 2883 1578 2941 Omnis
1605 2885 1752 2941 enim

154 2997 174 3030 ι
208 2979 304 3034 lex
337 2978 398 3033 in
426 2992 539 3033 uno
567 2992 822 3034 sermone
865 2977 1124 3047 impletur
1156 2997 1167 3031 :
1207 2976 1409 3049 Diliges
1437 2980 1752 3049 proximum

151 3085 172 3120 ι
208 3077 377 3123 tuum
414 3069 557 3124 sicut
594 3068 831 3139 teipsum
871 3067 1089 3139 (Matth.
1118 3084 1256 3135 χχιι,
1280 3069 1390 3139 59).
1420 3068 1560 3139 Quia
1589 3070 1636 3125 si
1663 3071 1753 3125 iu-

153 3179 176 3211 σ
206 3160 396 3216 vicem
417 3160 681 3217 mordetis
710 3168 767 3215 et
791 3159 1100 3227 comeditis,
1128 3161 1307 3216 videte
1338 3176 1407 3216 ne
1432 3162 1501 3216 ab
1518 3162 1750 3219 invicem

152 3268 174 3300 ι
208 3249 645 3305 consumamini.
701 3248 833 3306 Dico
899 3259 1081 3306 autem
1131 3251 1185 3305 in
1244 3251 1485 3307 Christo.
1545 3252 1753 3323 Spiritu

153 3356 173 3388 ι
204 3339 493 3394 ambulate
524 3347 579 3395 et
604 3339 874 3396 desideria
909 3340 1094 3396 carnis
1124 3356 1230 3397 non
1265 3342 1577 3412 perﬁcietis.
1609 3343 1752 3401 Caro

153 3448 176 3481 ι
208 3430 367 3485 enim
394 3431 735 3503 concupiscit
770 3431 1035 3488 adversus
1074 3433 1325 3503 spiritum
1346 3476 1361 3500 ,
1393 3435 1619 3505 spiritus
1648 3453 1750 3492 au-

155 3539 179 3574 ι
213 3530 326 3577 tem
362 3522 626 3579 adversus
656 3539 899 3580 carnem.
931 3522 1058 3580 Hmc
1081 3525 1226 3580 enim
1256 3526 1361 3581 sibi
1394 3527 1623 3584 invicem
1655 3530 1751 3586 ad-

155 3631 179 3664 s
212 3622 533 3682 versantur,
560 3623 751 3671 utnon
776 3631 1120 3687 quaecunque
1148 3616 1241 3673 illa
1271 3616 1504 3675 faciatis.
1539 3619 1676 3687 Quia
1702 3623 1749 3678 si

155 3722 180 3758 α
209 3705 414 3776 spiritu
448 3706 721 3763 ducemini
744 3749 760 3774 ,
813 3723 923 3763 non
958 3708 1094 3764 estis
1129 3708 1233 3764 sub
1280 3710 1413 3780 lege.
1463 3708 1750 3768 Manifesta

153 3814 178 3850 ι
207 3804 403 3854 autem
435 3807 563 3853 sunt
588 3814 754 3870 opera
776 3799 980 3866 carnis,
1004 3815 1127 3869 qum
1153 3808 1282 3855 sunt
1304 3800 1618 3872 fornicatio,
1646 3804 1750 3859 im-

156 3908 177 3941 ι
207 3888 509 3958 munditia,
539 3890 899 3963 impudicitia,
928 3893 1164 3960 luxuria,
1198 3893 1465 3950 idolorum
1490 3897 1747 3963 servitus,

153 4001 175 4034 ι
204 3982 510 4050 veneﬁcia,
554 3983 876 4052 inimicitiae,
915 3985 1315 4053 contentiones,
1351 3987 1747 4055 aemulationes,

154 4093 175 4126 ι
211 4074 335 4140 irae,
360 4075 514 4142 rixae,
539 4075 929 4144 dissensiones,
954 4085 1137 4143 secta,
1165 4077 1403 4143 invidiae,
1430 4077 1747 4146 homicidia,

155 4185 176 4217 ι
205 4165 531 4234 ebrietates,
560 4168 1012 4234 comessationes,
1039 4175 1093 4222 et
1117 4167 1205 4223 his
1229 4167 1448 4235 similia,
1468 4185 1590 4240 quae
1610 4186 1749 4241 prae-

154 4277 175 4310 ι
208 4258 343 4314 dico
361 4259 536 4328 vobis,
565 4260 706 4317 sicut
726 4260 971 4331 praedixi,
997 4260 1258 4331 quoniam
1287 4262 1379 4331 qui
1406 4263 1534 4318 talia
1557 4273 1744 4335 agunt,

153 4368 172 4401 ι
208 4365 447 4422 regnum
501 4350 594 4407 Dei
648 4369 755 4408 non
800 4342 1227 4423 consequeutﬁr.
1279 4351 1515 4411 Fructus
1560 4364 1743 4412 autem

151 4459 171 4493 ι
203 4441 442 4511 spiritus
465 4452 547 4499 cst
568 4443 827 4511 Charitas,
858 4443 1139 4515 gaudium,
1170 4460 1297 4515 pax,
1336 4446 1616 4516 patientia,
1650 4447 1744 4503 bc-

1857 574 1989 645 jugo
2039 574 2329 639 servitutis,
2367 574 2421 628 id
2450 582 2534 629 est
2564 576 2722 629 atteri
2754 592 2922 638 onere
2951 583 3086 655 legis
3124 586 3335 645 iterum.
3380 591 3449 648 Et

1865 664 2004 719 bene
2031 664 2245 731 iterum,
2275 663 2404 734 quia
2431 666 2479 718 si
2506 681 2604 721 vos
2628 667 2815 727 ﬁdeles
2836 672 2952 743 jam
2980 676 3447 752 circumcidimini,

1865 754 2010 810 idem
2040 763 2125 811 est
2151 756 2298 825 quod
2327 756 2395 810 ad
2427 756 2573 816 idola
2602 764 2869 833 converti,
2898 766 3101 836 quibus
3135 778 3295 826 antea
3332 789 3447 829 ser-

1863 844 2114 900 viebatis.
2143 844 2396 904 Dicerent
2423 846 2501 905 illi
2533 870 2547 906 :
2577 850 2845 911 Nolumus
2874 872 3092 913 omnem
3121 861 3293 932 legem
3325 880 3448 920 sus-

1865 935 2046 1005 cipere
2096 934 2205 991 nisi
2256 941 2432 996 solam
2480 942 2957 1003 circumcisionem
3024 965 3190 1020 quam
3257 954 3449 1012 habuit

1863 1026 2164 1100 Abraham,
2196 1032 2291 1104 qui
2344 1032 2448 1089 fuit
2476 1035 2594 1091 sine
2624 1036 2759 1109 lege.
2813 1038 3017 1095 Contra
3062 1042 3166 1099 hoc
3195 1043 3397 1103 Paulus
3430 1067 3443 1102 :

1862 1114 2041 1178 Nolite
2066 1122 2332 1178 contineri
2353 1123 2487 1195 jugo
2516 1124 2669 1196 legis,
2703 1128 2953 1197 quoniam
2982 1129 3247 1201 Christus,
3279 1135 3332 1190 id
3363 1145 3448 1192 est

1864 1212 1999 1271 ﬁdes
2027 1213 2401 1282 Christi,nihil
2426 1218 2659 1297 proderit
2687 1220 2853 1287 vobis,
2882 1222 2927 1277 si
2957 1223 3445 1297 circumcidamini,

1864 1312 1919 1359 et
1944 1320 2074 1361 ecce
2099 1322 2193 1376 ego
2226 1304 2455 1374 Paulus,
2486 1294 2645 1378 cujus
2674 1312 2973 1369 auctoritas
2999 1315 3198 1386 ubique
3227 1294 3446 1392 vulgata
3515 1363 3524 1372 .

1863 1406 1948 1454 est
1969 1440 1986 1465 ,
2035 1398 2141 1455 hoc
2185 1400 2305 1453 dico
2334 1409 2388 1455 et
2416 1399 2640 1458 aﬁirmo.
2654 1403 2796 1457 vobis
2821 1406 2966 1474 quod
2998 1408 3043 1462 si
3082 1408 3444 1468 circumcida—
3543 1472 3551 1479 ,

1863 1490 2020 1558 mini,
2045 1491 2177 1551 ﬁdes
2222 1491 2429 1547 Christi
2468 1508 2576 1548 non
2627 1495 2866 1563 proderit
2909 1498 3082 1555 vobis.
3116 1500 3235 1557 Non
3266 1505 3475 1560 solum'

1863 1582 1993 1654 quia
2021 1582 2273 1641 Christus
2303 1599 2413 1640 non
2443 1586 2685 1655 proderit
2708 1587 2885 1655 vobis,
2910 1590 3002 1644 sed
3032 1592 3194 1647 etiam
3228 1606 3447 1666 propter

1864 1675 2208 1747 importabile
2230 1694 2372 1735 onus
2405 1678 2541 1750 legis
2570 1693 2680 1734 non
2710 1680 2919 1736 debetis
2945 1683 3279 1741 circumcidi.
3305 1687 3446 1754 Quia

1863 1768 1943 1825 sic
1967 1769 2045 1825 ait
2077 1788 2089 1824 :
2126 1769 2400 1841 Testiﬁcor
2422 1788 2654 1839 rursum,
2682 1771 2735 1827 id
2761 1780 2846 1827 est
2873 1775 2956 1828 vel
2985 1774 3128 1830 sicut
3155 1777 3285 1832 olim
3313 1779 3446 1835 dum

1862 1874 2013 1914 eram
2040 1860 2095 1915 in
2124 1861 2243 1932 lege
2270 1862 2741 1918 testiﬁcabanVel
2772 1881 3004 1932 rursum,
3038 1867 3092 1922 id
3113 1876 3198 1923 cst
3223 1868 3444 1938 iterum,

1863 1953 1967 2009 hoc
1992 1953 2204 2009 adduco
2228 1953 2297 2008 ad
2346 1955 2488 2010 idem
2536 1955 2962 2012 dissuadendum
2993 1959 3141 2028 quod
3184 1976 3280 2030 per
3306 1977 3446 2031 prae-

1861 2044 2031 2100 missa
2056 2045 2460 2101 dissuadebam.
2494 2044 2777 2102 Testilicor
2806 2050 2949 2101 omni
2978 2049 3180 2103 homini
3214 2053 3442 2106 circum-

1861 2137 2056 2192 cidenti
2082 2154 2137 2192 se
2163 2140 2433 2209 quoniam,
2474 2138 2527 2194 id
2555 2146 2639 2195 est
2666 2138 3055 2209 quod,ipseest
3078 2140 3285 2195 debitor
3315 2142 3437 2195 uni-
3538 2214 3543 2221 .

1860 2246 2020 2285 versa:
2043 2230 2172 2301 legis
2204 2231 2481 2301 facienda.
2504 2230 2865 2287 Circumcisio
2893 2232 3037 2286 enim
3070 2232 3239 2303 exigit
3267 2243 3327 2288 ut
3355 2249 3442 2289 sc-

1859 2330 2099 2392 quantur
2132 2331 2328 2377 caetera
2378 2338 2544 2393 opera
2596 2324 2750 2395 legis,
2795 2324 3258 2397 quemadmodum
3303 2325 3439 2380 ﬁdes

1858 2420 1982 2481 post
2010 2411 2338 2481 baptismum
2377 2412 2544 2483 exigit
2572 2422 2635 2466 ιιι
2658 2421 2958 2483 sequantur
2990 2429 3155 2483 opera
3190 2414 3333 2469 ﬁdei.
3375 2414 3444 2470 Et

1859 2517 1927 2559 ne
1952 2504 2153 2574 putetis
2178 2518 2277 2559 vos
2301 2518 2463 2574 posse
2489 2505 2829 2571 circumcidi,
2866 2505 2974 2560 nisi
3005 2521 3148 2561 onus
3175 2506 3315 2576 legis
3345 2522 3443 2577 per

1858 2592 2040 2646 omnia
2066 2591 2310 2662 portetis.
2352 2592 2492 2648 Vere
2534 2593 2788 2649 Christus
2831 2595 2968 2649 nihil
3002 2595 3246 2665 proderit
3279 2596 3442 2668 225

1856 2684 2057 2750 vobis;
2100 2700 2228 2739 nam
2278 2685 2321 2740 si
2366 2685 2877 2752 circumcidamini,
2925 2689 3166 2741 evacuati
3215 2690 3342 2743 estis
3408 2706 3443 2743 a

1816 2798 1824 2804 ·
1858 2774 2091 2843 Christo,
2125 2777 2177 2832 id
2207 2784 2293 2832 est
2330 2776 2509 2833 inanis
2538 2776 2680 2832 facta
2712 2786 2795 2834 cst
2834 2778 2989 2834 vobis
3033 2779 3166 2836 ﬁdes
3203 2780 3431 2837 Christi.

1856 2867 2105 2925 Dieerent
2127 2870 2204 2925 illi
2234 2889 2245 2923 :
2272 2868 2543 2926 Malumus
2562 2885 2595 2925 a
2618 2869 2837 2926 Christo
2862 2871 3119 2927 evacuari
3141 2887 3307 2942 quam
3326 2889 3440 2929 non

1856 2963 2197 3029 circumcidi,
2228 2963 2373 3019 sicut
2404 2962 2549 3018 Deus
2584 2962 2882 3018 mandavit.
2918 2962 3000 3017 Ad
3039 2964 3141 3018 hoc
3180 2963 3384 3019 Paulus
3423 2982 3437 3019 :

1854 3052 1972 3111 Non
2008 3055 2185 3109 solum
2225 3070 2256 3108 a
2288 3054 2532 3123 Christo,
2566 3053 2662 3109 sed
2693 3053 2856 3108 etiam
2898 3054 3173 3109 excidistis
3200 3072 3234 3109 a
3258 3057 3438 3126 gratia

1857 3144 1952 3200 Dei
1986 3160 2103 3211 vos,
2135 3145 2429 3215 quicunque
2457 3145 2513 3198 in
2554 3144 2664 3215 lege
2701 3144 3099 3214 justiﬁcamini,
3132 3146 3186 3201 id
3225 3155 3311 3203 est
3343 3163 3443 3218 per

1781 3199 1826 3262 ο
1857 3238 2032 3309 legem
2091 3199 2542 3307 iu'stiﬁcalionem
2604 3199 2878 3307 quaeritis.
2931 3236 3038 3302 llic,
3080 3240 3219 3295 bene
3252 3199 3436 3296 ἀειὲιι-

1856 3328 2031 3383 miuat
2067 3327 2346 3398 quomodo
2374 3328 2662 3399 prohibeat
2686 3328 3195 3400 circumcisionem,
3232 3331 3443 3388 scilicet

1852 3428 1915 3475 ut
1935 3435 2032 3489 per
2050 3434 2171 3474 eam
2201 3433 2310 3474 non
2334 3428 2582 3489 quaerant
2600 3419 3071 3490 justiﬁeationem,
3096 3436 3223 3478 cum
3250 3431 3437 3480 tamen

1850 3517 2049 3582 passus
2086 3511 2157 3567 sit
2185 3512 2507 3568 circumcidi
2549 3511 2919 3582 Timotheum,
2951 3523 3011 3569 ut
3055 3516 3270 3571 tolleret
3303 3532 3334 3572 a
3374 3532 3437 3573 se

1852 3602 2242 3673 suspicionem,
2273 3611 2503 3675 uterque
2546 3612 2727 3660 tamen
2778 3602 2984 3661 Paulus
3025 3613 3081 3660 et
3116 3605 3439 3663 Timotheus

1851 3692 2156 3765 intelligens
2203 3692 2342 3748 nihil
2381 3691 2632 3748 conferre
2671 3692 2896 3763 Iustitiae
2939 3693 3438 3750 circumcisionem.

1852 3784 1992 3841 Vere
2018 3800 2180 3841 nemo
2209 3785 2544 3855 justiﬁeatur
2571 3784 2627 3839 in
2657 3786 2807 3856 lege;
2844 3802 2968 3839 nam
2996 3802 3090 3840 nos
3118 3786 3299 3841 solum
3344 3786 3441 3855 qui

1851 3893 2042 3934 sumus
2090 3893 2156 3933 ea:
2209 3878 2331 3947 ﬁde,
2377 3885 2739 3947 exspectamus
2788 3893 2931 3947 spem
2962 3877 3215 3946 justitiaa,
3261 3878 3314 3932 id
3357 3887 3443 3933 est

1849 3969 2240 4025 beatitudinem
2261 3984 2384 4040 quae
2415 3984 2482 4025 ex
2515 3968 2727 4039 justitia
2762 3977 3033 4038 speratur.
3065 3967 3131 4036 Et
3166 3969 3316 4040 quod
3344 3985 3439 4024 ex-

1850 4059 2112 4129 spectatio
2144 4067 2332 4114 nostra
2367 4067 2515 4114 certa
2538 4057 2630 4124 sit,
2653 4066 2870 4113 constat
2899 4073 2963 4113 ex
2996 4073 3063 4114 eo
3088 4059 3218 4130 quia
3244 4075 3438 4130 exspe-

1846 4156 2061 4205 ctamus
2086 4163 2184 4219 per
2209 4146 2494 4219 Spiritum,
2527 4149 2608 4204 sic
2636 4163 2737 4203 nos
2785 4163 3007 4217 sperare
3040 4149 3432 4223 insinuantem.

1846 4238 1974 4295 Ideo
1996 4255 2062 4295 ex
2088 4239 2195 4295 ﬁde
2216 4247 2426 4294 tantum
2454 4254 2604 4309 spem
2628 4238 2922 4305 habemus;
2958 4256 3083 4293 nam
3120 4241 3177 4293 in
3217 4239 3432 4296 Christo

1846 4331 1995 4400 Iesu,
2023 4331 2078 4388 id
2110 4341 2195 4387 est
2231 4332 2289 4387 in
2330 4332 2436 4386 ﬁde
2472 4331 2677 4386 Christi
2710 4330 2862 4398 Jesu,
2898 4348 3058 4403 neque
3095 4334 3435 4388 circumcisio

1848 4424 2053 4496 aliquid
2089 4423 2248 4491 valet,
2289 4440 2448 4495 neque
2485 4425 2827 4495 praeputium,
2858 4424 2949 4478 sed
2984 4424 3099 4479 sola
3129 4425 3283 4494 ﬁdes,
3318 4442 3438 4497 qua

152 4551 172 4585 ι
205 4533 475 4604 uiguit“,
492 4534 732 4601 bonitas,
756 4534 1160 4607 [anganimims'
1179 4539 1561 4605 mansuetudo,
1586 4538 1740 4606 ﬁdes,
1775 4547 1822 4607 υ
1849 4525 2031 4572 tamen
2054 4532 2163 4572 non
2186 4517 2259 4572 sit
2278 4516 2483 4607 otiosa,
2498 4516 2588 4570 sed
2611 4524 2875 4586 operetur;
2899 4532 2998 4572 nec
3020 4518 3435 4586 contumeliose,

150 4643 171 4677 ι
205 4625 502 4693 modestia,
544 4626 898 4693 continentia,
947 4628 1191 4684 castitas.
1234 4628 1512 4686 Adversus
1549 4630 1742 4702 hujus-

152 4733 171 4765 ι
201 4715 356 4769 modi
381 4729 492 4770 non
517 4724 602 4772 est
631 4716 736 4771 lex.
756 4714 867 4784 Qui
893 4725 1076 4772 autem
1107 4726 1234 4773 sunt
1260 4717 1488 4786 Christi,
1515 4736 1739 4776 carnem

150 4828 168 4859 ι
201 4823 365 4863 suam
397 4809 789 4864 cruciﬁxerunt
830 4825 955 4865 cum
1006 4810 1156 4866 vitiis
1199 4819 1255 4866 et
1283 4813 1741 4883 concupiscentiis

150 4922 168 4953 ι
201 4900 258 4971 (1
282 4901 435 4956 Petr.
463 4918 522 4969 ιι,
548 4902 657 4973 ll).
687 4902 744 4957 Si
766 4903 1001 4959 vivimus
1015 4903 1232 4975 spiritu,
1258 4905 1451 4975 spiritu
1473 4915 1529 4960 et
1548 4907 1742 4962 ambu-

149 5013 166 5044 ι
196 4992 404 5048 lemus.
453 4991 573 5047 Non
610 4992 911 5050 eﬁiciamur
943 4995 1126 5051 inanis
1157 4996 1341 5067 gloriae
1370 4997 1573 5067 cupidi,
1601 4998 1739 5053 invi-

151 5105 167 5135 ι
198 5099 320 5140 cem
356 5093 742 5155 provocantes,
772 5085 1004 5141 invicem
1034 5085 1356 5142 invidentes.
1392 5106 1410 5138 ι

791 5191 1093 5232 EXPOSITIO.

215 5266 371 5322 Licet
401 5267 548 5322 enim
596 5267 850 5324 Christus
897 5269 1002 5325 sub
1047 5270 1165 5340 lege
1209 5268 1398 5337 fuerit,
1435 5270 1523 5326 lex
1554 5279 1736 5327 tamen
1798 5312 1809 5325 .

146 5374 255 5414 non
286 5368 374 5414 est
398 5359 672 5415 dominata
707 5360 756 5414 ei
789 5361 884 5431 qui
912 5369 1197 5431 peccatum
1229 5376 1338 5417 non
1371 5362 1603 5430 habuit;
1641 5364 1736 5419 sed

144 5467 210 5508 ex
242 5451 363 5509 sola
397 5451 647 5530 libertate
690 5450 818 5508 fecit
842 5495 857 5520 ,
906 5452 1170 5524 quidquid
1201 5452 1345 5510 fecit.
1385 5453 1452 5509 Et
1480 5455 1609 5526 quia
1638 5456 1735 5511 ﬁlii

143 5543 332 5600 liberae
357 5558 586 5610 sumus;
616 5552 669 5599 et
692 5559 789 5614 per
810 5544 1090 5601 Christum
1113 5545 1414 5601 libertatem
1435 5548 1738 5617 apprehen-

146 5636 352 5703 dimus,
382 5636 528 5691 sicut
554 5650 621 5690 ex
653 5636 843 5692 eadem
892 5637 1009 5708 lege
1050 5646 1237 5708 aperte
1261 5638 1555 5711 colligitur,
1588 5640 1737 5696 insa-

147 5723 234 5779 nia
265 5731 354 5780 est
383 5731 463 5790 ut,
493 5723 585 5793 qui
612 5738 708 5793 per
741 5723 901 5779 ﬁdem
930 5723 1066 5779 liber
1092 5733 1197 5792 est,
1229 5740 1447 5781 servum
1479 5741 1542 5782 se
1573 5725 1740 5783 faciat

150 5829 244 5885 per
270 5816 470 5890 legem.
524 5815 591 5871 Et
635 5816 755 5873 ideo
787 5816 915 5888 quia
960 5816 1115 5873 liberi
1164 5818 1298 5874 estis
1342 5825 1519 5891 state,
1568 5817 1619 5874 id
1654 5826 1741 5877 est

1849 4608 1948 4665 sed
1981 4625 2073 4679 per
2096 4608 2430 4663 dilectionem
2460 4606 2555 4662 Dei
2578 4616 2633 4661 et
2653 4608 2907 4677 proximi.

1920 4699 2084 4756 Fides
2133 4700 2250 4755 sola
2298 4699 2442 4754 valet
2493 4698 2546 4752 in
2577 4695 2821 4765 Christo,
2865 4708 2920 4753 et
2963 4699 3019 4752 in
3049 4699 3151 4754 hac
3196 4698 3301 4754 ﬁde
3337 4714 3434 4756 vos

1850 4794 1997 4859 bene,
2030 4791 2085 4847 id
2110 4799 2195 4848 est
2244 4806 2342 4861 per
2369 4790 2717 4846 dilectionem
2751 4789 3077 4856 currebatis,
3110 4790 3163 4844 id
3194 4799 3277 4846 est
3305 4805 3436 4861 ope-

1848 4883 2125 4940 rabimini.
2157 4880 2263 4938 Sed
2295 4882 2414 4953 quis
2437 4880 2705 4951 impedivit
2738 4897 2824 4933 vos
2853 4880 2995 4935 male
3026 4881 3306 4937 suadendo
3329 4898 3433 4936 non

1848 4976 2057 5031 obedire
2070 4975 2305 5043 veritati,
2328 4988 2495 5044 quam
2521 4988 2553 5027 a
2573 4987 2661 5027 me
2678 4972 2978 5028 didicistis?
3008 4970 3079 5028 Ut
3100 4980 3282 5028 autem
3303 4974 3434 5030 obe—

1846 5067 2011 5124 diatis
2064 5065 2299 5132 veritati,
2348 5079 2417 5119 ne
2463 5063 2852 5120 consenseritis
2895 5063 3058 5119 alicui
3101 5065 3427 5132 carnalium,

1846 5158 1975 5231 quia
2004 5158 2118 5212 hare
2159 5156 2433 5226 persuasio
2453 5169 2647 5211 eorum
2677 5171 2781 5209 non
2815 5163 2893 5209 est
2916 5170 2981 5209 ex
3009 5172 3090 5223 eo,
3127 5156 3177 5211 id
3212 5164 3297 5212 est
3339 5172 3431 5212 sc-

1845 5250 2086 5307 cundum
2136 5248 2328 5315 Deum,
2358 5249 2449 5319 qui
2475 5264 2574 5319 per
2606 5248 2838 5319 gratiam
2865 5264 3023 5305 suam
3058 5259 3208 5304 vocat
3234 5266 3330 5306 vos
3357 5249 3427 5311 ad

1845 5360 2096 5417 regnum.
2128 5342 2255 5399 ldco
2291 5358 2359 5398 ne
2394 5343 2806 5410 consenseritis,
2836 5345 2964 5414 quia
3016 5345 3281 5399 modicum
3319 5344 3427 5414 fer-

1843 5447 2097 5504 mentum,
2133 5436 2189 5491 id
2227 5445 2311 5493 est
2339 5436 2424 5491 vel
2446 5436 2640 5492 saltem
2668 5451 3004 5505 consensus,
3033 5437 3118 5492 vel
3153 5437 3269 5492 sola
3300 5451 3424 5506 per-

1844 5534 2051 5601 suasio,
2082 5533 2169 5588 vel
2200 5532 2279 5588 illi
2315 5532 2474 5603 pauci
2504 5532 2646 5588 male
2679 5531 2991 5589 suadentes.
3023 5531 3147 5597 hoc,
3176 5531 3427 5600 inquam,

1844 5635 2125 5691 modicum
2152 5632 2444 5703 corrumpit
2468 5638 2635 5687 totam
2661 5646 2915 5696 massam,
2937 5636 2994 5684 et
3012 5626 3144 5683 facit
3171 5627 3384 5682 acidam
3404 5669 3419 5694 ,

1845 5729 1900 5785 id
1928 5737 2014 5784 cst
2038 5726 2122 5782 vel
2148 5733 2321 5782 totam
2351 5724 2681 5793 Ecclesiam,
2703 5723 2787 5779 vel
2826 5720 3015 5778 omnia
3039 5720 3182 5775 bona
3205 5734 3416 5776 eorum.

1846 5821 2119 5879 Modicum
2142 5818 2365 5892 quidem
2401 5814 2730 5875 fermentum
2756 5812 3054 5885 corrumpit
3081 5820 3253 5872 totam
3278 5827 3423 5871 mas—
