3928 6408
509 368 613 435 an
1046 368 1104 425 s.
1147 344 1495 424 vacamus
1529 360 2171 422 cmmosmnoauu
2210 359 2703 421 lNSTl’l‘U'l‘ORlS
2738 362 2890 421 ore.
2926 362 3109 421 esas
3142 364 3209 421 η.

512 506 663 558 sam;
690 490 788 547 sed
816 504 914 545 vos
943 502 1056 543 non
1084 482 1535 556 corrumpemini.
1570 480 1682 553 Ego
1723 480 1870 537 enim
1892 479 2099 550 conﬁdo
2128 478 2175 537 A
2195 468 2353 546 estis,
2395 481 2700 537 secundum
2730 480 2987 551 spiritum
3024 478 3395 538 ambulabitis.
3425 479 3607 539 Etiam
3633 484 3767 543 aliud

514 582 570 637 in
595 578 762 646 vobis,
792 588 846 635 et
875 578 981 633 hoc
1022 574 1077 632 in
1114 574 1364 638 Domino,
1394 572 1449 627 id
1476 578 1560 627 est
1585 586 1686 642 per
1714 577 2100 640 cooperantem

509 671 669 728 vobis
714 669 944 743 gratiam
986 668 1103 733 Dei,
1149 666 1287 738 quod
1309 662 1444 718 nihil
1488 662 1637 717 aliud
1685 660 1904 731 sopistis
1932 674 2098 730 quam

513 763 665 833 quod
716 775 917 815 sanum
966 766 1070 823 est,
1097 765 1153 812 et
1184 771 1284 826 ego
1333 768 1432 809 vos
1458 751 1641 807 docui.
1670 748 1784 805 Vos
1808 764 1920 804 non
1952 748 2100 804 aliud

514 853 773 923 sapictis;
803 851 893 905 sed
926 850 1015 904 ille
1057 850 1146 919 qui
1176 844 1457 901 conturbat
1482 860 1590 909 vos,
1616 840 1673 897 id
1695 849 1781 897 cst
1804 841 1899 911 qui
1947 839 2101 910 puri-

511 951 680 999 tatem
713 942 838 999 ﬁdei
862 950 1055 996 vestra:
1089 937 1416 994 admistione
1454 933 1789 990 inﬁdelitatis
1827 932 2099 987 turbidam

512 1033 667 1101 facit,
718 1035 806 1089 ille
848 1031 1082 1104 portabit
1099 1029 1391 1102 judicium,
1424 1027 1477 1082 id
1507 1035 1590 1081 est
1619 1022 1912 1081 sustinebit
1943 1022 2101 1077 dam-

512 1126 825 1190 nationem;
856 1121 1073 1176 etiamsi
1113 1120 1186 1176 sit
1216 1117 1434 1182 Petr‘us,
1474 1123 1568 1172 aut
1594 1114 1821 1185 angelus
1845 1112 1913 1167 de
1935 1111 2096 1167 caelo.

510 1215 674 1271 Modo
698 1214 989 1285 respondet
1010 1211 1079 1268 ad
1102 1212 1234 1266 illud
1258 1211 1405 1282 quod
1436 1207 1790 1279 imponebant
1811 1204 1915 1275 ipsi
1935 1217 2101 1274 pseu-

509 1308 602 1374 do,
635 1306 843 1363 scilicet
876 1305 1026 1377 quod
1074 1305 1229 1376 prius
1257 1302 1481 1374 quidem
1508 1298 1825 1355 destruebat
1856 1296 2098 1352 circum-

508 1399 812 1465 cisionem;
871 1398 1001 1464 sed,
1052 1395 1219 1451 modo
1287 1391 1680 1465 llicroSolymis
1728 1395 2010 1446 correctus
2065 1401 2097 1441 a

507 1489 666 1546 Petro
699 1500 753 1546 et
783 1490 852 1545 ab
877 1489 1024 1554 aliis,
1053 1486 1384 1558 praedicabat
1412 1481 1910 1540 circumcisionem.
1938 1476 2096 1544 Quod

507 1586 712 1645 falsum
752 1602 877 1643 esse
905 1585 1227 1656 comprobat
1253 1583 1441 1639 dicens
1467 1598 1479 1636 :
1511 1580 1593 1635 llli
1612 1594 1715 1635 vos
1746 1579 2093 1639 conturbant,

506 1679 603 1733 sed
644 1694 745 1749 ego
771 1693 881 1733 non
917 1676 1186 1732 conturbo
1214 1690 1336 1730 vos.
1378 1673 1437 1728 Si
1465 1681 1663 1738 autem,
1684 1670 1902 1737 fratres,
1931 1667 2095 1725 sicuti

506 1769 585 1823 illi
613 1769 920 1839 imponunt,
957 1767 1130 1822 adhuc
1149 1766 1380 1837 prwdico
1415 1765 1890 1828 circumcisionem,
1913 1761 2091 1818 adhuc

507 1860 652 1927 ideo,
693 1833 843 1931 quia,
867 1833 997 1916 dum
1035 1833 1160 1915 erat
1191 1857 1432 1924 Iudaeus,
1462 1854 1794 1927 praedicabat
1820 1869 1980 1909 eam:
2014 1852 2090 1919 si,
2128 1833 2169 1889 Β

510 1951 759 2022 inquam,
789 1953 869 2008 sic
910 1951 1149 2023 praedico
1172 1949 1373 2015 adhuc,
1404 1949 1548 2004 sicut
1575 1963 1607 2002 a
1650 1945 1921 2018 principio
1949 1959 2091 2016 pra:-

504 2041 797 2099 dicationis
820 2044 998 2113 patior
1020 2040 1453 2114 persecutionem
1483 2056 1515 2095 a
1547 2038 1768 2095 Iudaeis.
1789 2036 1928 2105 Quia
1952 2036 2094 2092 sicut

503 2121 793 2199 imponunt
822 2129 868 2184 si
899 2128 1136 2199 praedico
1166 2125 1665 2191 circumcisionem,
1711 2138 1835 2194 ergo
1863 2137 2093 2176 evacua-

504 2226 618 2271 tum
662 2227 739 2272 cst
765 2218 1080 2273 scandalum
1106 2218 1300 2271 crucis.
1332 2215 1505 2271 Judazi
1549 2214 1697 2270 enim
1746 2211 2091 2268 scandaliza‘

500 2310 705 2365 bantur
733 2311 790 2366 in
821 2312 927 2366 hoc
950 2311 1097 2381 quod
1135 2325 1232 2381 per
1268 2310 1443 2364 solam
1480 2322 1699 2364 crucem
1730 2306 2093 2377 praedicabam

500 2402 798 2473 justiﬁcari
833 2403 1134 2457 hominem.
1168 2401 1325 2468 Quod
1359 2400 1407 2455 si
1436 2399 1587 2454 cruci
1625 2398 1957 2453 admisceam
1984 2397 2094 2452 cir-

504 2491 990 2558 cumcisionem,et
1015 2506 1083 2546 ex
1099 2501 1335 2561 utroque
1361 2490 1539 2545 dicam
1559 2487 1868 2559 iustiﬁcari,
1896 2486 2092 2558 placati

503 2589 635 2638 sunt
684 2583 820 2637 mibi
867 2581 1062 2639 Judaei.
1102 2582 1217 2654 Ego
1245 2597 1357 2647 non
1381 2596 1482 2637 vos
1530 2580 1821 2646 conturbo,
1874 2578 1970 2636 sed
2013 2579 2091 2635 illi

504 2674 839 2730 conturbant
863 2689 983 2730 vos.
1008 2673 1076 2730 Et
1097 2675 1304 2729 utinam
1330 2688 1440 2729 non
1476 2673 1653 2729 solum
1677 2669 1928 2742 pellicula
1954 2684 2092 2740 prae-

501 2766 667 2837 putii,
695 2766 793 2822 sed
837 2766 1469 2837 renitusabscindantur
1512 2763 1587 2819 illi
1623 2765 1713 2835 qui
1745 2779 1833 2819 vos
1876 2772 2092 2817 contur—

504 2858 650 2915 bant.
672 2856 791 2914 Non
809 2859 1061 2931 intelligit
1084 2858 1288 2914 Paulus
1307 2857 1678 2913 membrorum
1704 2854 2088 2920 abscisionem,

502 2949 599 3007 sed
658 2950 803 3006 sicut
852 2950 1057 3007 abscisi
1104 2949 1343 3006 testiculi
1396 2964 1505 3005 non
1545 2955 1836 3020 generant,
1867 2946 1949 3002 sic
1998 2945 2090 3001 isti

503 3041 919 3108 abscindantur,
956 3058 1025 3097 ne
1051 3042 1351 3113 quemlibet
1376 3056 1642 3113 generare
1678 3039 1893 3111 possint
1926 3039 1981 3094 in
2002 3053 2092 3093 er-

2196 571 2401 628 bouum
2434 572 2559 629 inde
2584 574 2853 645 provenit,
2878 572 3008 644 quia
3038 572 3301 628 desideria
3316 573 3517 643 carnis,
3543 582 3599 630 et
3618 576 3664 632 si
3682 591 3767 646 per

2196 663 2660 737 impugnationem
2690 667 2955 733 sentiatis,
2977 683 3081 721 non
3115 673 3296 721 tamen
3326 674 3450 721 actu
3473 666 3761 736 perﬁcictis.

2200 750 2306 809 Sed
2354 757 2482 814 licet
2528 773 2638 813 non
2689 757 3007 828 perﬁciatis,
3059 765 3243 813 tamen
3290 774 3415 811 coro
3456 760 3763 828 concupiscit

2200 849 2769 927 adversusspiritum;
2796 859 2853 905 et
2895 849 2977 904 sic
3027 849 3493 920 impugnationem
3542 848 3759 906 sentitis.

2196 941 2296 998 Vel
2324 942 2575 998 dicamus
2614 940 2811 995 iterum
2847 958 2862 994 :
2912 938 3058 995 Bene
3090 939 3215 995 dico
3257 938 3527 997 desideria
3575 941 3760 1009 carnis,

2197 1038 2324 1089 nam
2351 1048 2478 1089 caro
2499 1018 2836 1101 concupiscit
2861 1030 3125 1087 adversus
3147 1030 3420 1101 spiritum,
3453 1040 3504 1086 et
3532 1032 3759 1102 spiritu,

2197 1126 2252 1180 id
2285 1133 2369 1181 est
2403 1125 2548 1180 ratio
2576 1122 2918 1193 concupiscit
2944 1138 3007 1177 ea
3040 1138 3165 1193 qua:
3193 1130 3323 1179 sunt
3373 1123 3625 1179 adversus
3652 1140 3753 1179 car-

2197 1230 2334 1271 nem.
2373 1215 2513 1272 Vere
2555 1230 2684 1271 caro
2716 1222 2771 1270 et
2794 1214 3021 1286 spiritus
3050 1215 3191 1270 alter
3237 1214 3500 1270 adversus
3545 1215 3758 1271 alterum

2197 1304 2556 1379 concupiscit.
2599 1306 2730 1363 Hac
2761 1308 2923 1374 enim,
2948 1307 3003 1363 id
3045 1316 3130 1363 est
3153 1323 3284 1364 caro
3308 1316 3364 1363 et
3388 1307 3641 1378 spiritus,
3668 1310 3759 1362 ad-

2196 1408 2473 1455 versantur
2497 1398 2625 1466 sibi,
2653 1412 2766 1454 non
2789 1412 2922 1454 caro
2948 1398 3121 1465 carni,
3148 1414 3250 1454 nec
3275 1398 3506 1468 spiritus
3539 1399 3757 1469 spiritui,

2195 1492 2291 1548 sed
2317 1492 2560 1557 invicem,
2594 1491 2647 1546 id
2681 1499 2769 1547 est
2794 1504 2925 1546 caro
2946 1490 3000 1545 in
3028 1490 3302 1561 spiritum,
3326 1490 3553 1561 spiritus
3580 1491 3637 1545 in
3656 1507 3759 1547 caro

2194 1600 2340 1641 nem.
2392 1583 2787 1650 Adversantur,
2822 1583 2900 1637 ita
2940 1590 2997 1636 ut
3043 1598 3147 1636 non
3200 1581 3417 1652 faciatis
3452 1582 3635 1636 omnia
3675 1582 3758 1638 ills

2193 1690 2513 1748 quaecunque
2532 1674 2714 1741 vultis,
2744 1689 2841 1730 seu
2868 1674 3140 1741 carnales,
3167 1688 3264 1730 seu
3293 1673 3588 1744 spiritales.
3610 1672 3761 1735 Nemo

2195 1770 2341 1824 enirn
2372 1769 2509 1824 adeo
2543 1768 2749 1839 justus,
2778 1767 2872 1838 qui
2912 1782 3024 1821 non
3080 1766 3149 1821 ad
3173 1766 3350 1822 vicem
3379 1765 3560 1821 cadat.
3610 1763 3758 1822 Nam

2197 1862 2332 1917 adeo
2361 1861 2541 1916 malus
2571 1860 2665 1932 qui
2691 1875 2793 1916 nos
2820 1859 2891 1914 ab
2910 1858 3094 1929 aliquo
3124 1857 3272 1928 quod
3300 1872 3432 1913 caro
3478 1859 3691 1926 suadet,
3712 1873 3763 1913 ss

2195 1950 2489 2023 aliquando
2521 1949 2795 2006 cohibeat.
2832 1947 2980 2003 Dixit
3021 1948 3167 2019 quod
3204 1947 3254 2003 si
3281 1947 3542 2014 vivimus,
3588 1947 3761 2017 spirits

2195 2041 2480 2098 ambulare
2533 2055 2851 2108 possumus.
2886 2036 3028 2106 Quia
3071 2037 3119 2092 si
3167 2036 3424 2107 spiritum
3472 2037 3762 2107 sequimur.

2193 2131 2463 2189 desideria
2494 2131 2677 2188 carnis
2714 2144 2823 2185 non
2872 2127 3210 2200 perﬁcimus,
3244 2126 3375 2197 quia
3404 2139 3540 2183 caro
3577 2134 3764 2197 pugnat

2195 2222 2460 2278 adversus
2491 2220 2765 2290 spiritum.
2798 2216 2876 2273 De
2897 2232 3007 2287 qua
3039 2231 3220 2288 pugna
3248 2214 3434 2271 carnis
3463 2222 3521 2270 et
3553 2214 3764 2285 Spiritus

2193 2314 2360 2370 modo
2377 2312 2496 2368 vult
2519 2310 2840 2382 diiudicare,
2864 2308 3054 2365 dicens
3077 2326 3091 2363 :
3113 2308 3257 2364 Caro
3279 2315 3470 2364 contra
3496 2306 3763 2377 spiritum;

2195 2405 2428 2476 spiritus
2453 2411 2662 2477 pugnat
2690 2390 2883 2458 contra
2907 2415 3150 2457 carnem.
3177 2398 3320 2465 Quia
3331 2400 3379 2454 si
3392 2413 3495 2455 vos
3519 2398 3762 2453 «iacintini

2192 2498 2407 2568 spiritu,
2444 2496 2500 2551 id
2527 2504 2612 2552 est
2643 2494 2878 2560 ratione,
2911 2492 3032 2563 jam
3059 2508 3161 2547 non
3198 2492 3327 2546 estis
3368 2490 3464 2545 sub
3507 2490 3639 2561 lege.
3668 2489 3762 2545 Lex

2192 2588 2339 2644 enim
2372 2587 2553 2659 posita
2583 2594 2670 2643 est
2702 2595 2765 2641 ut
2811 2594 3130 2657 peccatores
3158 2584 3437 2650 cohibeat,
3468 2583 3566 2639 sed
3596 2581 3645 2638 si
3685 2596 3760 2636 ss-

2191 2681 2433 2737 candum
2484 2678 2739 2750 spiritum
2787 2677 2972 2749 agitis,
3005 2676 3123 2747 jam
3150 2691 3263 2730 non
3310 2673 3574 2744 peccatis,
3603 2671 3758 2742 etqui

2191 2789 2303 2829 non
2324 2779 2534 2843 peccat,
2552 2770 2696 2826 liber
2722 2777 2808 2825 est
2831 2784 2862 2824 a
2888 2768 3026 2839 lege.
3055 2766 3161 2835 Qui
3185 2765 3381 2837 spiritu
3405 2765 3646 2833 ducitur,
3666 2778 3755 2820 non

2191 2873 2278 2922 est
2310 2865 2415 2921 sub
2452 2865 2600 2935 lege;
2626 2864 2726 2934 qui
2760 2874 2943 2917 autem
2990 2875 3190 2926 carne,
3239 2858 3291 2913 is
3336 2856 3640 2928 captivatur
3669 2855 3754 2911 sub

2190 2956 2330 3028 lege.
2358 2956 2517 3024 Quod
2547 2955 2963 3026 requipollenter
2986 2952 3063 3008 ait
3089 2970 3102 3007 :
3136 2948 3315 3021 Opera
3345 2950 3576 3020 spiritus
3597 2947 3751 3004 nemi-

2192 3065 2319 3106 nem
2368 3049 2624 3122 redigunt
2644 3048 2749 3105 sub
2791 3048 2939 3118 lege;
2976 3046 3072 3101 sed
3098 3061 3255 3115 opera
3292 3045 3474 3098 carnis
3516 3043 3607 3098 illa
3649 3049 3750 3096 sunt

500 3136 628 3189 rore
661 3146 783 3189 suo.
837 3134 1181 3190 Conturbant
1218 3134 1408 3205 utique
1446 3148 1579 3199 vos,
1619 3132 1749 3187 dum
1780 3130 1835 3186 in
1859 3130 2092 3187 servitu—
2118 3177 2160 3236 ο
2193 3140 2507 3211 manifesta;
2544 3155 2656 3195 non
2685 3146 2903 3209 oportet
2946 3136 3318 3207 improperare
3351 3149 3438 3190 ea.
3473 3132 3749 3204 Turpitudo

499 3235 609 3281 tem
634 3226 773 3299 legis
798 3227 1045 3299 redigere
1074 3226 1285 3281 volunt.
1324 3224 1467 3279 Nam
1514 3241 1602 3280 vos
1619 3265 1633 3291 ,
1665 3223 1880 3294 fratres,
1917 3224 2092 3277 vocati
2122 3223 2160 3236 "
2192 3231 2337 3287 θείω
2361 3247 2553 3288 eorum
2574 3231 2833 3286 omnibus
2861 3237 2944 3285 est
2964 3236 3091 3284 nota
3117 3235 3174 3283 et
3191 3226 3500 3296 captivitas,
3524 3224 3644 3280 [deo
3660 3238 3746 3279 non

499 3320 628 3373 estis
674 3321 731 3373 in
754 3319 1061 3373 libertatem
1089 3318 1205 3374 Dei.
1246 3317 1360 3373 Hoc
1394 3316 1776 3372 tantummodo
1803 3315 2002 3381 videte,
2029 3331 2091 3369 ne

500 3409 801 3465 libertatem
822 3419 1062 3467 vestram
1094 3411 1230 3466 detis
1252 3412 1309 3465 in
1334 3412 1663 3465 occasionem
1693 3410 1894 3476 carnis,
1924 3409 1978 3463 id
2005 3415 2091 3465 est

500 3517 571 3556 nc
616 3510 842 3573 propter
886 3503 1192 3558 libertatem
1234 3502 1487 3558 licentius
1530 3517 1630 3557 vos
1657 3516 1818 3572 posse
1863 3514 2095 3571 peccare

499 3592 760 3649 credatis.
790 3592 901 3649 Nec
927 3593 1032 3649 hoc
1057 3592 1294 3660 faciatis,
1340 3594 1431 3648 sed
1476 3594 1725 3648 servitute
1745 3593 1970 3646 invicem
1997 3608 2101 3667 per.

505 3684 823 3739 rharitatem
852 3686 1096 3756 spiritus,
1145 3685 1201 3741 id
1238 3695 1351 3752 est,
1381 3700 1479 3755 per
1510 3683 1810 3754 spiritalem
1841 3683 2089 3738 dilectio-

499 3789 628 3831 nem
669 3787 908 3848 agentes.

569 3868 803 3940 Accepta
833 3872 1124 3928 occasione
1144 3871 1261 3927 vult
1304 3871 1624 3937 ostendere,
1649 3872 1732 3925 eis
1768 3869 2087 3925 facilitatem

498 3975 655 4016 nova:
684 3960 820 4034 legis
869 3978 992 4034 quae
1040 3963 1099 4017 in
1137 3977 1251 4018 uno
1293 3978 1546 4019 sermone
1574 3961 1848 4032 impletur,
1889 3968 1946 4015 et
1985 3960 2089 4017 hac

497 4054 699 4108 iterum
724 4055 1014 4110 occasione
1041 4055 1269 4124 corripit
1294 4070 1390 4110 eos
1420 4070 1452 4109 a
1476 4054 1834 4120 detractione,
1855 4052 2044 4108 dicens
2071 4071 2084 4107 :

504 4145 719 4199 Servite
748 4145 983 4201 invicem
1013 4161 1112 4216 per
1132 4146 1475 4202 charitatem.
1511 4144 1653 4200 Nam
1683 4147 1854 4199 omnis
1887 4145 1973 4199 lea:
1992 4146 2091 4198 im-

496 4235 673 4306 pletur
693 4236 859 4307 226
887 4237 943 4290 in
964 4252 1066 4290 uno
1101 4253 1357 4303 sermone,
1378 4237 1435 4292 in
1463 4238 1571 4292 hoc
1598 4236 1807 4292 scilicet
1836 4253 1849 4291 :
1885 4234 2086 4306 Diliges

496 4325 799 4393 proximum
831 4334 980 4379 tuum
1012 4326 1153 4380 sicut
1208 4327 1452 4396 teipsum,
1482 4327 1625 4382 sicut
1670 4326 1727 4381 in
1760 4326 1987 4397 cpistola
2018 4327 2086 4383 ad

498 4414 780 4472 Romanos
808 4417 1164 4487 exposuimus
1199 4417 1375 4489 (Rom.
1400 4424 1505 4491 In).
1540 4417 1651 4475 Lex
1683 4419 1927 4491 praecipit
1947 4420 2085 4475 dile-

2189 3330 2349 3378 curat
2375 3320 2639 3378 detestari
2667 3321 2853 3376 carnis
2898 3334 3084 3389 opera,
3135 3317 3264 3387 quia
3301 3316 3418 3371 sola
3453 3330 3639 3371 eorum
3666 3328 3747 3367 no-

2190 3415 2340 3470 mina
2369 3414 2504 3470 satis
2545 3412 2832 3484 assignant
2878 3410 3202 3467 foeditatem.
3238 3406 3417 3478 Opera
3448 3407 3627 3463 carnis
3648 3405 3746 3459 dico

2188 3525 2306 3581 quis
2325 3515 2449 3562 sunt
2473 3506 2613 3572 htec,
2660 3504 2839 3561 silicet
2868 3502 3173 3573 fornicatio,
3206 3498 3575 3565 immunditia,
3599 3499 3745 3567 imps-

2189 3602 2400 3666 dicitia,
2430 3598 2670 3653 luxuria.
2717 3595 3159 3652 Fornicationem
3194 3603 3356 3649 vocat
3379 3608 3507 3649 cum
3534 3590 3725 3648 meretri

2189 3694 2378 3758 cibus,
2401 3690 2487 3746 vel
2513 3689 2821 3760 coniugatis
2864 3687 3067 3759 pollui;
3094 3685 3527 3753 immunditiam,
3550 3683 3748 3754 turpitu-

2188 3786 2380 3853 dinem.
2412 3783 2560 3838 illam
2589 3797 2713 3852 quas
2751 3781 2813 3836 ﬁt
2849 3788 3049 3851 praeter
3093 3787 3368 3833 naturam.
3402 3775 3472 3833 Et
3512 3777 3665 3832 etiam
3701 3775 3746 3827 ia

2188 3877 2415 3935 incestis
2438 3874 2665 3941 osculis,
2685 3881 2740 3929 et
2772 3874 2828 3928 in
2862 3870 3187 3928 tractatione
3215 3869 3442 3939 polluta.
3484 3865 3722 3939 impudici

2188 3970 2322 4026 tiam
2358 3974 2521 4023 vocat
2541 3966 2729 4031 etiam,
2753 3964 2802 4020 si
2829 3978 2940 4019 non
2962 3962 3035 4019 sit
3072 3960 3395 4028 fornicator,
3421 3960 3509 4016 vel
3541 3962 3750 4015 immun-

2188 4061 2316 4129 dus,
2344 4060 2441 4116 sed
2468 4059 2526 4114 in
2556 4058 2739 4114 verbis
2767 4064 2821 4111 et
2845 4054 3055 4121 habitu,
3087 4062 3142 4110 et
3173 4052 3475 4109 motatione
3500 4051 3749 4108 membro-

2189 4167 2313 4207 rum
2359 4165 2469 4207 non
2515 4150 2589 4205 sit
2635 4147 2833 4219 pudice
2878 4153 3233 4216 temperatus.
3276 4142 3577 4200 Luxuriam
3613 4147 3750 4196 vocat

2189 4240 2624 4313 superﬁuitatem
2668 4236 2891 4303 carnis,
2926 4236 3041 4292 sive
3067 4235 3122 4290 in
3164 4235 3311 4307 gula,
3344 4235 3462 4291 sive
3505 4234 3563 4289 in
3602 4232 3746 4289 coitu.

2188 4333 2323 4402 Qua:
2349 4330 2566 4387 luxuria
2596 4330 2761 4385 etiam
2793 4328 2983 4385 haberi
3021 4334 3201 4398 potest
3227 4327 3284 4382 in
3307 4340 3481 4381 uxore
3509 4326 3559 4381 si
3591 4337 3751 4394 super-

2188 4424 2296 4480 ﬁue
2325 4438 2390 4480 ea
2423 4430 2630 4478 utatur.

496 4507 759 4576 ctionem,
778 4509 916 4580 quod
939 4511 986 4564 si
1007 4518 1327 4582 spernentes
1354 4511 1527 4583 legem
1556 4513 1778 4567 invicem
1804 4513 2080 4579 mordetis,
2114 4533 2163 4594 ι)
2258 4513 2434 4588 Opera
2464 4511 2647 4568 carnis
2671 4510 2839 4568 etiam
2862 4518 2992 4567 sunt
3022 4510 3247 4564 servitus
3277 4508 3576 4575 idolorum,
3620 4521 3748 4561 teneo

497 4599 837 4657 detrahendo
888 4603 1025 4658 alter
1067 4602 1245 4669 alteri,
1278 4618 1378 4659 nec
1424 4604 1601 4659 solum
1645 4604 1944 4669 mordetis,
1987 4603 2084 4659 sed

494 4691 660 4747 etiam
700 4693 996 4759 comeditis,
1040 4694 1093 4748 id
1116 4704 1204 4750 est
1226 4695 1369 4750 bona
1405 4694 1642 4766 proximi
1676 4710 1773 4766 per
1811 4694 2076 4749 invidiam

494 4783 715 4853 penitus
741 4783 1037 4840 devoratis.
1071 4782 1249 4839 Videte
1291 4800 1355 4839 ne
1376 4784 1783 4849 consumamini,
1816 4782 1869 4837 id
1904 4791 1989 4838 est
2017 4796 2086 4837 ne

468 4924 471 4931 .
495 4875 830 4932 devorcmini
851 4877 1091 4943 invicem,
1118 4875 1169 4932 id
1189 4885 1274 4933 est
1293 4886 1373 4944 tu,
1391 4877 1520 4948 quia
1541 4875 1784 4931 detrahis
1804 4874 2082 4944 proximo;

496 4967 608 5033 ille,
639 4967 766 5039 quia
803 4968 1042 5024 detrahit
1091 4970 1209 5025 tibi.
1253 4968 1619 5040 Posteaquam
1664 4967 1800 5022 satis
1832 4966 2087 5037 probavit

496 5061 672 5129 legem
715 5075 826 5115 non
856 5077 977 5117 csse
1015 5062 1329 5129 tenendam,
1382 5061 1569 5135 incipit
1601 5075 1750 5117 nunc
1779 5060 2084 5130 approbare

497 5148 661 5225 filem
695 5158 752 5205 et
783 5152 1035 5222 gratiam.
1073 5151 1277 5209 Littera
1318 5151 1664 5224 siejungitur
1710 5169 1723 5206 :
1774 5150 1964 5207 Videte
2016 5165 2086 5207 ne

497 5245 902 5300 consumamini
953 5247 1257 5301 secundum
1312 5244 1628 5299 suasionem
1661 5243 1879 5310 carnis,
1930 5258 2082 5298 mor-

494 5337 674 5393 dendo
709 5346 763 5393 et
794 5338 1131 5394 comedendo
1176 5352 1276 5393 vos
1299 5336 1563 5404 invicem;
1624 5336 1718 5392 sed
1750 5336 1870 5391 dico
1896 5337 2083 5391 vobis:

495 5426 779 5481 Ambulate
804 5428 1021 5499 spiritu,
1058 5426 1113 5481 id
1135 5434 1221 5481 est
1253 5424 1499 5495 perﬁcite
1526 5408 1666 5481 bene
1694 5426 1971 5495 operando
1992 5439 2083 5480 sc-

495 5518 735 5574 cundum
780 5520 932 5589 quod
977 5518 1232 5573 hortatur
1258 5531 1359 5574 vos
1404 5517 1651 5588 spiritus,
1698 5516 1751 5573 id
1784 5525 1871 5572 est
1918 5517 2080 5572 ratio.

492 5611 777 5667 Ambulate
795 5612 922 5667 dico
946 5611 1166 5682 spiritu,
1185 5618 1241 5666 et
1260 5610 1366 5665 hoc
1393 5611 1450 5663 in
1479 5609 1722 5675 Christo,
1748 5608 1803 5663 id
1830 5618 1916 5664 est
1936 5610 2081 5680 quod

496 5712 710 5760 tantum
745 5706 874 5760 licet
905 5705 1083 5759 facere
1124 5719 1221 5775 per
1246 5702 1560 5769 Christum;
1591 5713 1647 5760 et
1677 5719 1786 5758 non
1822 5703 1989 5769 aliud,
2021 5710 2082 5759 ut

497 5800 623 5869 quis
662 5799 965 5855 secundum
1017 5799 1284 5855 rationem
1327 5810 1601 5870 operetur.
1655 5798 1715 5855 Si
1763 5799 1816 5852 in
1859 5798 2079 5853 Christo

2186 4607 2338 4678 ﬁcia,
2367 4605 2695 4669 inimicitiw,
2728 4604 2782 4659 id
2829 4612 2916 4659 est
2936 4603 3098 4674 longa
3132 4602 3288 4668 odia,
3320 4602 3669 4656 contentiones
3702 4596 3748 4649 in

2188 4697 2393 4764 verbis,
2418 4693 2805 4762 azmalationes,
2834 4693 2981 4765 quod
3003 4692 3234 4767 quilibet
3282 4692 3534 4748 invidens
3563 4691 3750 4744 laborat

2188 4803 2456 4859 usurpare
2501 4786 2607 4843 sibi
2642 4786 2850 4842 bonum
2898 4785 3143 4841 alterius.
3182 4784 3323 4839 Sunt
3357 4784 3524 4839 etiam
3562 4783 3671 4845 ira,
3707 4776 3752 4831 id

2188 4889 2272 4938 est
2319 4880 2516 4937 subita:
2568 4878 2967 4934 commotiones
3017 4876 3207 4931 animi.
3263 4874 3332 4930 Et
3383 4875 3452 4931 de
3494 4866 3749 4936 ira'risc',

2189 4973 2409 5044 quando
2434 4986 2525 5027 res
2552 4971 2732 5042 agitur
2756 4969 2975 5041 pugnis.
3007 4967 3148 5024 Sunt
3173 4968 3372 5023 iterum
3396 4967 3750 5027 dissensiones,

2191 5079 2314 5134 quzc
2348 5079 2490 5133 saepe
2518 5062 2658 5117 ﬁunt
2702 5062 2757 5116 in
2800 5060 3061 5116 Ecclesia.
3090 5059 3230 5115 Sunt
3264 5060 3429 5114 etiam
3459 5070 3640 5123 secus,
3668 5069 3753 5126 pro

2195 5171 2309 5227 quo
2330 5156 2384 5210 in
2409 5155 2601 5210 Graeco
2627 5154 2857 5209 habetur
2884 5154 3140 5209 haereses.
3170 5151 3309 5207 Sunt
3342 5153 3509 5207 etiam
3535 5150 3751 5210 invidia,

2191 5247 2246 5303 id
2278 5255 2366 5303 est
2390 5247 2568 5303 malus
2591 5246 2730 5301 livor
2757 5245 2959 5312 animi;
2983 5244 3079 5315 qui
3096 5300 3097 5305 η
3116 5244 3244 5299 licet
3274 5257 3336 5299 se
3370 5258 3483 5297 non
3508 5252 3756 5298 consecu-

2193 5347 2377 5395 turum
2403 5339 2544 5396 sciat
2563 5339 2692 5393 rem'
2708 5336 2967 5408 proximi,
2998 5335 3203 5390 invidet
3231 5343 3411 5390 tamen
3435 5335 3515 5400 ei,
3540 5343 3754 5401 eumque

2193 5447 2315 5489 eam
2355 5431 2557 5486 habere
2589 5430 2776 5486 nollet.
2806 5427 3010 5483 lterum
3039 5425 3360 5493 homicidia,
3386 5425 3679 5487 ebrietates,
3706 5418 3753 5473 id

2191 5532 2276 5581 est
2305 5532 2580 5580 consueta:
2631 5535 2798 5592 supra
2844 5519 3067 5574 modum
3110 5517 3448 5588 potationes,
3488 5526 3543 5570 et
3574 5525 3755 5567 comes-

2190 5616 2422 5670 sationes
2447 5622 2499 5669 et
2521 5613 2727 5667 similia
2757 5611 2838 5665 Itis
2868 5626 2986 5682 qua:
3014 5609 3167 5664 modo
3193 5608 3427 5678 prwdico
3450 5607 3611 5672 vobis,
3629 5603 3753 5657 sicut

2187 5706 2318 5760 olim
2364 5698 2645 5775 prccditvi,~
2673 5718 2800 5758 eum
2847 5702 3002 5756 vobis
3049 5700 3287 5771 primum
3337 5695 3656 5769 prmdicavi,
3701 5698 3753 5744 ul

2186 5799 2423 5856 caveatis
2470 5798 2538 5852 ab
2584 5797 2725 5863 illis,
2790 5795 3039 5865 quoniam
3095 5792 3185 5865 qui
3250 5791 3387 5847 talia
3448 5797 3641 5862 agunt,
3698 5779 3753 5836 hi
