3928 6412
164 394 290 452 8ιὸ

818 364 1183 442 ωοεῑτιο
1215 380 1285 439 IN
1322 365 1706 441 EPISTULAS
1737 381 1766 439 ι

1869 381 1966 440 [ιι.
2000 412 2073 425 --
2104 380 2175 439 IN
2208 379 2430 441 EPIST.
2469 379 2563 438 AD
2595 380 2753 440 GAL.

3324 381 3445 439 δυ’

165 523 289 564 non
346 508 723 574 consequentur
764 512 983 572 regnum
1030 484 1130 554 Dei
1153 540 1171 565 ,
1212 498 1274 554 si
1330 498 1390 554 in
1462 498 1569 573 hoc
1632 506 1757 555 actu
1786 507 1836 564 Α
1869 516 1888 550 ι
1931 496 2077 555 enim
2107 496 2458 555 seminaverit
2481 497 2647 555 homo
2665 537 2682 564 ,
2710 496 2831 552 haec
2861 502 2919 552 et
2947 503 3132 552 metet.
3163 494 3435 564 Quoniam

166 598 347 670 υτ
370 589 755 666 comprehensi
798 599 946 648 sunt.
995 589 1122 647 Haec
1162 590 1418 662 praedicta
1467 597 1596 646 sunt
1630 604 1763 660 ope-

164 705 238 745 ra
282 687 497 752 carnis;
557 684 651 741 sed
691 697 857 754 opera
910 682 1135 753 spiritus
1185 689 1309 736 sunt
1351 681 1482 736 nec.
1542 679 1612 735 Et
1653 695 1763 736 non

166 780 255 835 ait
306 793 501 849 opera,
548 775 646 833 sed
704 776 774 831 ad
811 773 1341 831 commendationem
1366 813 1382 839 ,
1437 772 1514 828 ait
1559 772 1763 843 fructus

167 869 441 942 Spiritus.
482 867 584 924 Bis
621 868 773 923 enim
814 866 1072 937 operibus
1101 863 1212 921 frui
1244 864 1466 935 prodest
1510 872 1567 919 et
1603 878 1767 933 opor-

169 971 276 1019 tet.
309 961 579 1028 Fructus,
606 960 865 1030 inquam,
902 957 1161 1033 Spiritus.
1181 965 1266 1013 est
1312 956 1568 1021 charitas,
1591 953 1647 1009 id
1681 960 1767 1008 est

168 1052 405 1111 dilectio
453 1050 551 1107 Dei
578 1059 632 1106 et
658 1049 925 1121 proximi,
968 1048 1037 1104 de
1068 1062 1178 1118 qua
1216 1046 1483 1103 charitate
1521 1043 1767 1116 sequitur

171 1145 443 1213 qaudium
481 1151 533 1198 et
577 1157 706 1212 pax.
740 1138 1015 1196 Gaudium
1063 1146 1223 1194 vocat
1263 1137 1444 1193 laetam
1479 1135 1766 1192 conscien-

173 1238 350 1303 tiam;
384 1250 576 1307 paeem
610 1233 680 1289 ad
723 1246 918 1289 omnes
966 1246 1032 1287 ex
1063 1230 1356 1287 dilectione
1390 1229 1761 1287 concordiam.

175 1328 275 1386 Est
302 1328 473 1384 etiam
498 1326 733 1381 Fructus
750 1323 990 1395 Spiritus
1017 1322 1416 1394 longanimitas,
1438 1322 1494 1378 id
1511 1330 1596 1378 est
1617 1336 1762 1392 spes.

175 1419 240 1475 Si
273 1419 430 1475 enim
463 1417 642 1473 tardat
665 1415 980 1483 retributio;
1006 1429 1119 1470 non
1139 1423 1326 1471 tamen
1354 1415 1539 1470 minus
1561 1423 1763 1486 sperat,

174 1510 264 1566 vel
318 1509 668 1579 impatienter
713 1515 1017 1578 exspectat:
1054 1505 1122 1561 Et
1165 1514 1253 1563 est
1321 1520 1461 1577 opus
1528 1504 1765 1577 Spiritus

1871 608 1890 643 ι
1930 589 2025 663 qui
2063 589 2298 645 seminat
2337 587 2395 643 in
2427 602 2594 644 carne
2640 601 2769 655 sua,
2821 589 2891 643 de
2948 601 3114 643 carne
3161 594 3219 642 et
3268 592 3438 644 metet

1870 698 1890 732 ι
1929 677 2369 748 corruptionem;
2425 676 2520 749 qui
2572 688 2754 733 autem
2803 675 3038 734 seminat
3076 675 3136 731 in
3185 675 3393 748 Spiritu
3412 718 3431 745 ,

1870 789 1889 824 ι
1934 771 2003 827 de
2048 769 2255 840 Spiritu
2307 779 2473 826 metet
2510 770 2678 826 vitam
2739 777 3021 826 aeternam.
3064 768 3276 826 Bonum
3331 785 3433 825 au-

1870 880 1889 916 ‹
1934 870 2042 917 tem
2069 859 2332 917 facientes
2355 876 2468 917 non
2495 862 2843 929 deﬁciamus;
2877 868 3119 931 tempore
3153 845 3306 916 enim.
3331 875 3436 916 suo

1869 972 1891 1007 ‹
1932 962 2236 1019 metemus,
2264 968 2374 1008 non
2399 952 2733 1010 deﬁcientes.
2762 950 2905 1023 Ergo
2935 952 3066 1007 dum
3093 959 3309 1021 tempus
3338 952 3438 1007 ha-

1870 1066 1891 1101 c
1930 1047 2146 1114 bemus,
2195 1061 2486 1119 operemur
2541 1044 2747 1102 bonum
2807 1045 2876 1100 ad
2916 1059 3140 1111 omnes,
3199 1043 3437 1098 maxime

1870 1158 1891 1193 s
1933 1147 2116 1195 autem
2151 1138 2220 1194 ad
2261 1136 2591 1194 domesticos
2641 1136 2786 1192 ﬁdei.
2839 1134 3023 1192 \idete
3059 1135 3315 1205 qualibus
3342 1134 3435 1191 lit-

1869 1247 1890 1282 ι
1933 1228 2068 1286 teris
2118 1227 2317 1299 scripsi
2352 1225 2511 1283 vobis
2562 1241 2683 1281 mea
2722 1241 2913 1282 manu.
2940 1224 3264 1295 Quicunque
3288 1226 3438 1280 enim

1854 1338 1892 1374 Δι
1934 1320 2127 1376 volunt
2186 1305 2404 1391 placere
2450 1317 2507 1372 in
2554 1331 2738 1383 carne,
2795 1317 2854 1371 hi
2909 1322 3110 1386 cogunt
3177 1330 3277 1371 vos
3324 1315 3439 1370 cir-

1870 1431 1891 1467 ‹
1929 1412 2204 1480 cumcidi;
2240 1419 2473 1477 tantum,
2526 1416 2605 1480 ut;
2628 1407 2811 1465 crucis
2847 1407 3054 1463 Christi
3098 1407 3439 1478 persecutio-

1870 1524 1891 1560 ‹
1930 1520 2056 1560 nem
2098 1519 2212 1560 non
2259 1503 2556 1581 patiantur.
2603 1498 2790 1569 Neque
2848 1497 2996 1554 enim
3048 1499 3144 1569 qui
3199 1496 3441 1554 circum-

174 1602 475 1673 patientia,
513 1616 622 1671 qua
667 1614 1010 1671 quascunque
1051 1599 1353 1654 toleramus
1399 1598 1660 1666 adversa;
1708 1607 1766 1654 et
1870 1614 1889 1650 ι
1934 1594 2220 1664 ciduntur,
2252 1594 2425 1667 legem
2452 1591 2768 1650 custodiunt
2791 1632 2807 1659 ,
2837 1589 2931 1646 sed
2967 1590 3160 1644 volunt
3194 1604 3292 1645 vos
3327 1589 3439 1644 cir-

174 1692 418 1756 bonitas,
449 1690 505 1746 id
542 1698 628 1746 est
661 1690 752 1760 pia
776 1689 990 1745 aii‘ectio
1031 1687 1231 1756 animi;
1258 1688 1422 1745 etiam
1452 1688 1500 1744 si
1531 1703 1642 1744 non
1666 1688 1765 1744 ha-
1870 1706 1890 1742 ι
1934 1686 2201 1755 cumcidi,
2270 1695 2332 1749 ut
2384 1686 2439 1740 in
2488 1698 2655 1740 carne
2703 1690 2884 1737 vestra
2933 1680 3253 1752 glorientur.
3309 1678 3440 1734 Mihi

176 1784 269 1839 bet
292 1781 433 1852 quid
459 1781 693 1845 tribuat;
726 1780 1055 1852 benignitas,
1089 1778 1145 1835 id
1167 1788 1251 1835 est
1274 1778 1498 1850 largitas
1516 1793 1765 1835 commu-
1871 1799 1889 1834 ι
1932 1789 2117 1837 autem
2166 1778 2310 1835 absit
2350 1775 2574 1850 gloriari
2615 1774 2722 1830 nisi
2770 1773 2828 1828 in
2877 1788 3040 1829 cruce
3096 1770 3311 1827 Domini
3340 1786 3441 1826 no—

176 1870 1761 1941 nicandiquzebabet:mamnetudo,quoditaattractabilis
1792 1856 1836 1916 Β
1872 1889 1891 1922 ‹
1935 1871 2035 1925 stri
2078 1868 2210 1925 Jesu
2256 1866 2497 1934 Christi,
2543 1882 2642 1937 per
2680 1879 2846 1934 quem
2873 1862 3013 1917 mihi
3051 1861 3289 1917 mundus
3318 1875 3442 1915 cru-

172 1973 229 2020 et
258 1962 501 2019 aﬂ'abilis
541 1969 627 2023 est
665 1963 961 2028 omnibus;
998 1969 1056 2017 et
1080 1961 1212 2032 ﬁdes
1241 1976 1367 2032 quae
1399 1968 1551 2017 recte
1592 1961 1766 2017 credit

175 2055 233 2110 in
277 2054 493 2125 Deum;
542 2053 801 2108 modestia
827 2093 844 2121 ,
878 2052 934 2108 id
962 2060 1048 2109 est
1079 2051 1438 2122 temperantia
1473 2052 1763 2108 verborum

172 2153 228 2201 et
255 2154 450 2211 actus;
480 2145 824 2211 continentia,
854 2159 964 2214 qua
988 2143 1155 2200 etiam
1184 2157 1219 2199 a
1235 2143 1402 2199 licitis
1437 2142 1679 2199 continet
1706 2156 1766 2198 se

172 2238 414 2308 aliquis;
452 2238 697 2303 castitas,
748 2236 896 2307 quod
943 2244 1097 2292 caste
1144 2235 1319 2291 utitur
1364 2234 1551 2302 licitis,
1589 2242 1650 2289 ut
1680 2232 1767 2289 vir

176 2343 377 2385 uxore.
426 2327 555 2385 llaec
596 2335 725 2384 sunt
761 2342 928 2398 opera
964 2325 1219 2398 Spiritus,
1248 2335 1305 2382 et
1326 2325 1573 2403 adversus
1600 2340 1765 2397 opera

176 2420 490 2491 hujusmodi
520 2436 626 2474 non
670 2429 749 2475 est
786 2417 904 2484 lex;
937 2418 1083 2475 sicut
1126 2432 1293 2489 supra
1331 2417 1571 2474 diximus
1593 2458 1612 2486 ,
1652 2432 1766 2473 non

175 2515 315 2571 estis
346 2513 455 2569 sub
504 2513 641 2584 lege.
673 2510 803 2568 Haec
850 2519 982 2568 sunt
1029 2523 1196 2581 Opera
1231 2509 1433 2565 carnis.
1465 2507 1596 2565 liae
1638 2516 1766 2565 sunt

174 2618 351 2675 opera
378 2602 652 2675 Spiritus;
675 2603 765 2675 qui
788 2611 967 2657 autem
983 2610 1106 2657 sunt
1130 2600 1352 2669 Christi,
1377 2600 1581 2671 faciunt
1607 2616 1766 2671 opera

177 2693 444 2766 Spiritus.
474 2692 633 2761 Quod
684 2693 765 2750 sic
821 2692 927 2764 aitz:
982 2691 1375 2763 Cruci/iterant
1418 2691 1474 2745 Iti
1520 2691 1610 2762 qui
1642 2698 1767 2745 sunt

179 2785 426 2852 Christi,
452 2802 664 2840 carnem
715 2800 888 2852 suam,
940 2783 1090 2855 quod
1118 2783 1297 2839 nullos
1344 2797 1540 2838 sensus
1586 2797 1765 2853 quan-

179 2875 272 2931 diu
314 2877 378 2929 in
413 2874 633 2931 Christo
665 2883 824 2942 sunt,
869 2874 1134 2929 inclinare
1161 2878 1372 2945 queunt
1407 2873 1475 2929 ad
1502 2872 1655 2928 vitia.
1682 2870 1765 2926 Illi

180 2965 306 3021 dico
366 2974 639 3022 certantes
676 2981 797 3019 cum
842 2964 988 3019 uitiis
1037 2972 1093 3019 et
1134 2979 1261 3020 cum
1307 2963 1761 3035 concupiscentiis.

184 3052 331 3110 Vitia
360 3054 558 3125 accipit
584 3057 639 3110 in
669 3064 827 3123 actu;
855 3055 1348 3126 concupiscentias,
1378 3056 1435 3110 in
1460 3056 1761 3111 voluntate.

180 3143 299 3200 Non
333 3146 513 3200 solum
541 3161 763 3201 carnem
792 3146 1200 3218 cruciligamus,
1239 3162 1311 3202 ne
1336 3146 1543 3202 malum
1576 3156 1766 3215 opere-

182 3252 309 3293 mur
334 3254 354 3304 ;
386 3237 480 3292 sed
506 3236 671 3297 etiam
700 3237 1030 3293 ambulemus
1056 3236 1288 3308 Spiritu,
1321 3238 1377 3294 id
1399 3245 1483 3293 est
1510 3237 1768 3309 proiicia-

184 3344 313 3383 mus
340 3328 481 3384 bene
502 3329 779 3398 operando
804 3329 1107 3385 secundum
1131 3329 1279 3400 quod
1302 3328 1560 3386 admonet
1590 3328 1765 3396 ratio;

182 3418 397 3488 justum
445 3427 532 3475 est
583 3427 644 3476 ut
704 3420 1046 3476 ambulemus
1113 3420 1342 3491 Spiritu,
1371 3420 1498 3491 quia
1545 3421 1768 3475 vivimus

188 3507 435 3580 Spiritu;
479 3518 536 3565 et
576 3511 624 3566 si
642 3511 934 3581 “iustiﬁcati
983 3512 1221 3568 vivimus
1259 3512 1485 3582 Spiritu,
1526 3512 1771 3583 sequitur

187 3609 246 3655 ut
332 3601 500 3657 etiam
566 3603 910 3659 ambulemus
974 3602 1201 3675 Spiritu.
1262 3602 1408 3660 Vivit
1454 3603 1618 3659 homo
1672 3619 1770 3674 per

182 3691 635 3761 justiticationem
670 3694 812 3750 ﬁdei.
840 3694 1097 3751 Ambulat
1116 3711 1242 3751 cum
1272 3695 1529 3766 operatur
1554 3710 1619 3750 ea
1648 3710 1770 3766 qum

186 3781 323 3837 ﬁdes
352 3782 534 3853 exigit.
559 3782 627 3838 Et
655 3785 704 3841 si
731 3784 965 3842 vivimus
986 3794 1040 3841 et
1062 3786 1420 3853 ambulamus,
1447 3786 1501 3840 in
1530 3787 1632 3842 hac
1651 3801 1769 3842 am-

186 3872 467 3929 bulatione
492 3889 603 3931 non
630 3875 933 3944 efﬁciamur
967 3876 1146 3947 cupidi
1168 3878 1365 3944 inanis,
1414 3877 1468 3932 id
1492 3886 1577 3934 est
1604 3893 1768 3932 mun-

186 3963 348 4019 dante
391 3963 595 4035 gloriae.
631 3963 753 4021 Non
799 3974 888 4021 est
935 3975 1221 4036 peccatum
1271 3968 1318 4024 si
1369 3967 1508 4024 bene
1546 3975 1768 4038 agentes

187 4052 509 4121 laudamur,
576 4055 673 4111 sed
720 4055 767 4111 si
812 4056 1025 4111 laudari
1073 4057 1361 4127 cupimus;
1437 4073 1551 4112 non
1594 4057 1770 4113 simus

187 4146 373 4216 cupidi
431 4146 609 4201 inanis
650 4147 855 4219 gloriae.
898 4145 1010 4203 Nos
1055 4148 1181 4203 dico
1218 4149 1313 4218 qui
1370 4149 1474 4205 hoc
1514 4150 1769 4218 cupimus

187 4234 412 4290 invicem
438 4245 776 4305 provocantes
792 4253 812 4302 ;
840 4236 968 4308 quia
997 4238 1251 4307 superbia
1278 4253 1401 4308 qua:
1428 4254 1535 4294 non
1565 4239 1770 4308 patitur

189 4342 409 4396 parem,
452 4327 566 4382 nisi
599 4327 920 4399 praeferatur
961 4328 1246 4396 omnibus,
1271 4329 1607 4399 indignatur,
1639 4343 1768 4398 pro-

189 4432 395 4473 vocans
430 4417 498 4471 ad
541 4418 711 4473 litem.
758 4417 825 4474 Et
875 4418 924 4474 si
977 4432 1089 4472 non
1124 4426 1308 4488 aperte
1344 4431 1643 4488 provocare
1671 4433 1771 4472 au-

1871 1979 1891 2013 c
1935 1959 2130 2015 cilixus
2175 1966 2300 2027 est,
2350 1966 2407 2012 et
2452 1970 2553 2028 ego
2598 1954 2842 2009 mundo!
2911 1951 2972 2006 In
3017 1951 3238 2007 Christo
3295 1951 3443 2006 enim

1871 2071 1889 2105 ι
1929 2050 2092 2118 Jesu,
2147 2065 2326 2120 neque
2385 2046 2732 2105 circumcisio
2775 2044 2980 2115 aliquid
3036 2043 3211 2110 valet,
3264 2056 3443 2111 neque

1871 2162 1890 2196 ι
1930 2142 2278 2214 praeputium,
2328 2140 2425 2197 sed
2478 2153 2618 2193 nova
2671 2144 2945 2193 creatura.
2990 2132 3058 2187 Et
3126 2133 3444 2204 quicunque

1871 2254 1891 2289 ι
1931 2235 2075 2290 hanc
2114 2233 2360 2305 regulam
2399 2230 2571 2286 secuti
2619 2227 2840 2294 iuerint,
2890 2242 2991 2297 pax
3029 2240 3194 2295 super
3234 2222 3355 2277 illos
3391 2230 3445 2277 et
3482 2286 3489 2291 ,

1870 2343 1890 2380 ί
1931 2324 2307 2383 misericordia
2365 2330 2421 2378 et
2495 2337 2661 2392 super
2731 2318 2898 2375 lsrael
2944 2317 3062 2373 Dei.
3128 2314 3204 2387 Dc
3249 2322 3447 2371 caetero

1870 2434 1891 2470 ι
1934 2428 2097 2471 nemo
2148 2412 2284 2469 mihi
2342 2411 2604 2468 molestus
2657 2410 2749 2466 sit.
2799 2408 2911 2480 Ego
2971 2409 3120 2463 enim
3189 2406 3447 2478 stigmata

1834 2527 1891 2561 ἰ
1935 2506 2151 2562 Domini
2201 2503 2333 2561 Jesu
2372 2504 2449 2559 in
2502 2514 2730 2573 corpore
2791 2515 2915 2556 meo
2993 2508 3172 2571 porto.
3257 2496 3446 2554 Gratia

1872 2619 1891 2654 ι
1934 2598 2154 2655 Domini
2196 2596 2326 2654 Jesu
2356 2595 2562 2653 Christi
2595 2610 2721 2652 cum
2763 2593 2954 2666 spiritu
2987 2587 3193 2662 vestro,
3224 2586 3442 2646 fratres.

1872 2709 1891 2744 ‹
1933 2690 2130 2745 Amen.
2158 2700 2186 2741 ἰ

2504 2791 2808 2834 ειῐδοειτιο.

1928 2873 2096 2944 228
2106 2869 2406 2943 Postquam
2429 2868 2487 2924 in
2511 2867 2904 2925 communitate
2914 2881 3133 2922 omnem
3145 2864 3448 2922 Ecclesiam

1864 2965 2099 3022 correxit
2112 2971 2167 3019 et
2187 2962 2465 3030 instruxit,
2483 2977 2630 3035 nunc
2649 2960 2865 3016 divisim
2882 2959 3139 3015 admonet
3160 2958 3413 3029 praelatos
3427 2997 3446 3026 ,

1865 3064 1926 3110 ut
1949 3055 2005 3109 in
2034 3055 2254 3110 lenitate
2282 3054 2557 3108 instruant
2577 3059 2868 3121 peccantes
2892 3049 3169 3117 subditos,
3198 3058 3254 3104 et
3279 3063 3447 3104 econ-

1867 3162 2029 3203 vcrso
2090 3145 2347 3209 admonet
2379 3143 2626 3202 subditos
2668 3149 2731 3197 ut
2786 3156 2944 3219 aequo
2991 3140 3177 3195 animo
3210 3139 3266 3194 in
3296 3137 3450 3194 omni

1870 3237 2175 3293 obedientia
2212 3236 2437 3292 audiant
2474 3233 2761 3305 praelatos,
2813 3233 3043 3289 dicens:
3079 3230 3221 3299 Quia
3266 3229 3449 3285 vivitis

1871 3329 2109 3402 Spiritu,
2164 3328 2440 3384 ambulate
2476 3326 2716 3399 Spiritu;
2768 3342 2855 3382 vos
2903 3334 3086 3381 autem
3137 3324 3228 3397 qui
3286 3324 3446 3394 spiri-

1870 3422 2003 3476 tales
2046 3419 2206 3487 estis,
2249 3419 2303 3474 id
2346 3428 2432 3474 est
2475 3415 2687 3488 praelati
2722 3414 2945 3471 :omnis
2980 3414 3127 3470 enim
3174 3407 3450 3484 perlectus

1868 3512 2030 3567 etiam
2081 3511 2129 3566 si
2184 3509 2363 3566 oﬂicio
2418 3515 2624 3573 careat,
2669 3505 2990 3576 imperfecto
3032 3513 3216 3560 tamen
3256 3504 3451 3576 pratia-

1869 3611 1958 3659 tus
1984 3611 2103 3671 est;
2149 3618 2278 3668 vos,
2343 3601 2604 3671 inquam,
2656 3562 2933 3668 spiritales
2983 3597 3111 3652 licet
3162 3596 3219 3651 in
3259 3562 3448 3668 Ialiduo

1868 3676 2060 3750 delicto
2107 3702 2504 3766 prwoccupatus
2541 3692 2707 3763 fuerit
2742 3691 2974 3762 aliquis;
3022 3706 3124 3746 nec
3168 3691 3369 3745 mirum
3400 3691 3446 3746 si

1867 3793 2055 3856 peccat
2082 3787 2210 3854 quia
2248 3785 2411 3837 homo
2466 3801 2479 3836 :
2511 3789 2924 3852 praeoccupatus
2971 3779 3103 3834 dicit
3149 3794 3259 3860 non
3295 3779 3444 3851 quod

1869 3890 1935 3931 ex
1987 3874 2255 3930 industria
2298 3876 2640 3944 peccaverit,
2678 3871 2772 3926 sed
2831 3871 2961 3942 quia
3006 3869 3294 3940 providere
3342 3870 3445 3926 sibi

1868 3965 2137 4034 nescivit,
2169 3977 2300 4031 vos,
2345 3964 2591 4034 inquam,
2640 3961 2852 4033 praelati
2887 3961 3139 4015 instruite
3167 3960 3445 4015 hominem

1868 4057 2174 4127 hujusmodi
2227 4056 2283 4110 in
2324 4055 2539 4125 spiritu,
2581 4068 2693 4108 non
2738 4051 2968 4119 furoris,
3026 4050 3120 4106 sed
3170 4050 3225 4104 in
3255 4049 3448 4120 spiritu

1868 4146 2126 4203 leuitatis.
2167 4140 2324 4203 Nunc
2376 4147 2443 4221 de
2505 4144 2705 4215 plurali
2748 4144 2947 4199 transit
2984 4142 3052 4198 ad
3084 4141 3431 4214 singularem,

1852 4240 2098 4310 “loquens
2159 4237 2408 4293 similiter
2455 4235 2678 4294 cuilibet
2739 4234 2983 4305 praelato.
3028 4231 3168 4288 Cum
3231 4231 3452 4287 lenitate

1868 4329 2082 4400 corrige
2128 4328 2528 4399 delinquentem
2570 4334 2651 4393 tu,
2676 4324 2992 4395 quicunque
3044 4322 3285 4394 praalate,
3322 4339 3449 4376 con~

1869 4418 2110 4472 siderum
2148 4420 2410 4488 teipsum,
2467 4432 2531 4471 ne
2577 4425 2635 4470 tu
2680 4417 2842 4471 etiam
2898 4415 3116 4468 tenteris
3174 4414 3448 4471 similiter.

189 4508 409 4575 dentes,
456 4509 649 4565 saltem
692 4510 876 4565 animo
925 4509 1215 4565 invidentes
1256 4510 1522 4576 invicem,
1576 4508 1631 4563 id
1680 4516 1769 4564 est
1800 4525 1846 4585 ι)
1872 4507 2026 4580 Saepe
2086 4510 2233 4564 enim
2275 4508 2418 4564 Deus
2462 4509 2544 4565 sic
2598 4509 2687 4580 pie
2728 4509 2973 4579 disponit
3032 4515 3093 4562 ut
3125 4549 3141 4576 ,
3211 4506 3307 4579 qui
3350 4509 3440 4581 in.

189 4599 324 4655 alter
353 4599 535 4656 alteri.

790 4695 1019 4758 CAPUT
1077 4696 1167 4752 V’l.

260 4804 281 4839 ε
324 4786 568 4854 Fratres,
616 4795 672 4842 et
717 4786 764 4844 si
819 4798 1236 4859 praeoccupatus
1282 4787 1449 4846 fuerit
1494 4789 1661 4847 homo
1709 4790 1767 4845 in

197 4893 216 4927 ι
258 4878 448 4947 aliquo
473 4878 672 4934 delicto
692 4920 707 4947 ,
763 4894 864 4935 vos
893 4881 986 4950 qui
1016 4880 1330 4951 spirituales
1363 4881 1525 4948 estis,
1575 4882 1770 4952 hujus—

196 4983 219 5020 ι
250 4969 405 5025 modi
452 4970 703 5028 instruite
751 4970 807 5025 in
857 4971 1055 5041 spiritu
1100 4972 1367 5039 lenitatis,
1412 4971 1770 5028 considerans

198 5075 217 5109 ι
258 5060 528 5131 teipsum,
560 5077 629 5117 ne
660 5069 718 5118 et
754 5071 814 5119 ut
859 5064 1105 5119 tenteris.
1144 5062 1295 5119 Alter
1343 5064 1569 5120 alterius
1600 5078 1769 5120 onera

196 5166 216 5200 ι
257 5160 494 5222 portate,
534 5162 590 5208 et
625 5154 706 5209 sic
736 5155 1101 5225 adimplebitis
1151 5155 1324 5226 legem
1376 5155 1599 5213 Christi.
1628 5154 1767 5211 Nam

199 5258 217 5292 α
257 5243 306 5298 si
351 5244 480 5313 quis
526 5246 804 5301 existimat
839 5262 898 5302 se
932 5246 1136 5317 aliquid
1175 5262 1301 5303 esse
1344 5263 1472 5304 cum
1505 5248 1643 5303 nihil
1674 5249 1767 5316 sit,

198 5348 218 5384 ι
256 5333 376 5405 ipse
411 5350 470 5391 se
494 5338 722 5393 seducit.
752 5337 923 5408 .Opus
970 5347 1152 5395 autem
1181 5355 1343 5395 suum
1377 5341 1570 5411 probet
1595 5356 1770 5398 unus—

197 5440 219 5479 ι
255 5427 511 5498 quisque,
556 5437 613 5485 et
639 5430 721 5487 sic
754 5431 811 5486 in
839 5431 1134 5501 semetipso
1166 5439 1379 5487 tantum
1410 5430 1640 5504 gloriam
1669 5432 1767 5488 ha—

197 5536 220 5573 t
257 5521 425 5589 bebit,
459 5532 516 5579 et
544 5540 654 5579 non
691 5525 746 5580 in
785 5526 975 5580 altero.
1010 5524 1403 5597 Unusquisque
1441 5527 1586 5582 enim
1626 5541 1768 5583 onus

200 5628 220 5664 ε
256 5628 418 5670 suum
472 5616 726 5686 portabit.
760 5617 1140 5673 Communicet
1168 5626 1352 5673 autem
1398 5618 1447 5674 is
1494 5619 1587 5697 qui
1614 5627 1759 5674 cate-

200 5719 221 5754 t
260 5705 506 5762 cbizatur
558 5709 763 5776 verbo,
812 5710 907 5781 qui
954 5725 1013 5766 se
1055 5710 1359 5768 catechizat
1413 5711 1466 5765 in
1510 5711 1766 5768 omnibus

202 5811 227 5845 ί
262 5794 435 5854 bonis.
469 5794 644 5854 Nolite
693 5814 896 5855 errare.
952 5798 1095 5855 Deus
1141 5816 1248 5856 non
1302 5799 1578 5856 irridetur.
1635 5799 1766 5867 Quae

1871 4600 2144 4673 dignando
2174 4600 2431 4654 ohhorret
2464 4614 2652 4655 casum
2687 4599 2948 4669 proximi,
2985 4598 3043 4652 in
3087 4598 3228 4653 idem
3259 4598 3450 4668 praeci-

1871 4694 2093 4765 pitetur,
2141 4692 2228 4747 vel
2273 4691 2331 4745 in
2375 4691 2552 4761 pejus.
2612 4689 2722 4746 Nec
2764 4692 2944 4747 solum
3010 4690 3304 4746 instruatis
3340 4690 3444 4745 'de-

1856 4785 2228 4855 linquentem,
2278 4782 2372 4838 sed
2406 4783 2572 4837 etiam
2619 4790 2827 4852 portate
2853 4797 3015 4836 onera
3040 4780 3456 4849 alter'alterius‘,

1871 4876 2129 4946 przelatus
2178 4890 2321 4930 onus
2365 4873 2587 4930 subditi.
2633 4872 2851 4928 Portate
2897 4872 3022 4928 dico
3047 4871 3459 4943 compatiendo,

1872 4967 2101 5033 orando,
2124 4974 2180 5022 et
2198 4964 2501 5035 jejunando
2535 4972 2595 5019 ut
2624 4963 2718 5019 ﬁat
2762 4963 2813 5018 ei
2855 4962 3130 5019 remissio.
3174 4961 3245 5017 Et
3264 4963 3343 5016 sic
3370 4962 3436 5018 vi

1870 5057 2058 5115 cissim
2092 5054 2464 5127 supportando
2508 5069 2608 5110 vos
2646 5053 3003 5125 adimplebitis
3032 5053 3197 5126 legem
3225 5054 3447 5110 Christi.

1870 5154 2123 5211 Christus
2149 5152 2297 5209 enim
2328 5151 2550 5207 nescius
2582 5150 2812 5221 peccati,
2841 5150 2972 5206 dum
3019 5158 3238 5221 peccata
3261 5158 3451 5206 nostra

1870 5247 1928 5302 in
1966 5261 2131 5304 cruce
2174 5246 2433 5318 portavit,
2479 5246 2624 5302 hanc
2648 5245 2795 5320 inse
2820 5245 2994 5318 legem
3015 5247 3215 5314 attulit,
3238 5246 3453 5303 ut‘alter

1869 5339 1950 5396 sic
1968 5347 2211 5410 portaret
2244 5346 2528 5409 peccatum
2561 5337 2820 5409 proximi.
2871 5336 3168 5393 Considera
3196 5338 3457 5407 teipsum,

1869 5447 1941 5489 ne
1989 5427 2241 5487 similiter
2289 5429 2535 5487 tenteris.
2590 5429 2738 5484 Nam
2790 5430 3002 5501 siquis
3053 5429 3463 5485 inconsiderate

1870 5539 2059 5597 agens,
2095 5524 2368 5578 existimat
2396 5540 2451 5579 se
2485 5538 2597 5578 esse
2624 5522 2851 5593 aliquid,
2878 5538 2996 5577 cum
3016 5536 3083 5577 ex
3112 5535 3171 5575 se
3195 5517 3328 5573 nihil
3356 5519 3453 5585 sit,

1870 5624 1926 5673 et
1951 5616 1994 5672 si
2018 5616 2190 5687 gratia
2212 5615 2268 5671 in
2295 5630 2360 5673 eo
2381 5615 2585 5687 aliquid
2607 5614 2699 5681 sit,
2747 5614 2863 5685 ipse
2885 5614 2966 5670 sic
2986 5612 3220 5683 opinans
3248 5608 3461 5664 seducit

1871 5709 2123 5783 seipsum,
2152 5710 2209 5769 id
2236 5718 2323 5767 est
2342 5709 2603 5781 seductor
2645 5706 2732 5764 sui
2758 5706 2931 5776 ipsius
2962 5712 3065 5760 est.
3092 5701 3273 5759 Nolite
3289 5699 3456 5757 seduo

1870 5802 1943 5873 ci,
1966 5802 2060 5860 sed
2090 5804 2444 5876 unusquisque
2461 5799 2663 5872 probet,
2688 5798 2742 5853 id
2759 5796 3053 5865 cstvideat,
3075 5811 3143 5851 an
3169 5791 3463 5867 prohabib
