3928 6440
481 393 590 454 Si!)

1019 389 1078 445 S.
1115 384 1466 445 BRUNONIS
1499 369 2146 441 CARTHUSIANORUM
2181 370 2672 430 INSTITUTORIS
2703 369 2858 430 OPP.
2897 371 3080 428 PARS
3114 369 3169 426 ll

3679 374 3762 432 3l6

485 507 560 564 sit
580 519 710 575 opus
749 515 927 567 suum,
951 509 1003 554 et
1031 499 1106 554 sic
1131 499 1394 570 probatus
1432 494 1638 549 habebit
1687 489 1914 562 gloriam
1939 495 2065 542 tan—
2094 489 2143 549 Α
2172 483 2457 575 scriptura:
2509 498 2646 540 mea:
2679 483 2820 540 certi
2841 483 3038 575 essetis
3317 477 3631 575 βιήειοιιω
3665 497 3766 540 esse

487 577 771 654 tummodo
803 593 860 646 in
885 591 1180 661 semetipso,
1207 589 1261 644 id
1291 595 1375 642 est
1402 583 1545 656 apud
1575 597 1633 640 se
1669 581 1726 636 in
1777 579 2066 636 conscien-

487 688 586 755 tia,
615 695 666 741 et
702 684 884 739 nonin
909 659 1100 750 altero,
1132 680 1186 736 id
1210 688 1295 736 est
1321 692 1432 731 non
1471 675 1527 729 in
1557 671 1994 730 consideratione
2016 679 2072 726 et

491 784 808 846 contemptu
844 773 1090 830 alterius.
1140 769 1200 826 ln
1229 785 1290 826 se
1327 768 1487 824 debet
1518 765 1740 838 gloriari
1771 779 1882 819 non
1907 764 1963 818 in
1987 763 2070 818 al-

491 880 628 927 tero.
683 867 828 924 Nam
879 865 1230 938 unusquisque
1273 877 1368 918 seu
1399 860 1604 932 justus,
1645 873 1742 914 seu
1795 864 2068 928 peccator,

481 961 722 1030 portabit
767 961 822 1015 in
871 959 960 1015 die
1011 957 1101 1012 illo
1141 971 1272 1009 onus
1321 969 1497 1020 suum,
1535 951 1587 1007 id
1623 961 1708 1006 est
1732 949 2071 1020 manipulum

491 1070 678 1120 suum,
725 1065 888 1124 quem
944 1065 1108 1120 opera
1153 1063 1253 1104 sua
1301 1045 1558 1115 colligere
1595 1043 1758 1114 digna
1800 1049 1950 1107 sunt,
1973 1056 2072 1097 seu

492 1146 723 1212 bonum,
779 1159 876 1198 seu
919 1141 1146 1196 malum.
1203 1137 1300 1192 Vel
1323 1137 1397 1192 ita
1443 1135 1510 1192 de
1547 1141 1833 1206 peccatore
1860 1141 2068 1188 tantum

492 1252 676 1292 sermo
716 1235 806 1292 sit.
838 1233 942 1300 Tu,
986 1240 1049 1288 ut
1089 1231 1254 1302 juste,
1281 1245 1350 1284 ne
1379 1227 1630 1300 glorieris
1673 1226 1730 1281 in
1758 1233 2069 1296 contemptu

489 1313 814 1399 peccatoris.
881 1323 1018 1379 Nam
1077 1321 1458 1392 unusquisque
1529 1325 1784 1390 peccator
1835 1315 2075 1388 portabit

484 1433 634 1474 onus
668 1432 854 1485 suum,
888 1415 945 1470 id
970 1423 1063 1472 est
1075 1413 1292 1485 pondus
1309 1412 1519 1484 peccati
1543 1411 1650 1468 sui.

560 1549 870 1606 Admonitis
916 1547 1180 1620 praelatis,
1219 1546 1411 1618 quales
1461 1560 1520 1602 se
1564 1545 1796 1601 debeant
1816 1525 2074 1600 exhibere

490 1641 748 1710 subditis,
801 1640 1061 1696 admonet
1087 1637 1338 1694 subditos
1377 1645 1437 1692 ut
1469 1643 1778 1693 reverenter
1820 1634 2076 1691 obcdiaut

491 1733 752 1804 praelatis,
781 1731 989 1787 dicens:
1011 1729 1275 1786 Praelatus
1296 1745 1420 1784 cum
1449 1727 1670 1784 lenitate
1695 1728 1931 1784 instruat
1950 1726 2076 1782 sub-

495 1825 692 1879 ditum.
729 1822 786 1877 Is
817 1829 995 1878 autem
1032 1823 1124 1894 qui
1159 1821 1577 1886 cathechizatur,
1610 1819 1663 1874 id
1717 1827 1802 1874 est
1843 1818 1938 1888 qui
1985 1817 2073 1872 in—
2107 1832 2151 1888 Β

495 1916 750 1982 struitur,
777 1915 908 1970 licet
928 1930 1036 1970 non
1065 1913 1313 1984 exemplo
1344 1913 1473 1968 boni
1505 1911 1688 1983 operis
1715 1929 1728 1966 :
1760 1910 1854 1967 sed
1885 1909 2078 1966 saltem

495 2009 649 2062 uerbo
673 2023 692 2062 :
721 2008 788 2073 is,
817 2007 1063 2077 inquam,
1100 2007 1448 2060 communicet
1473 2014 1529 2062 et
1548 2005 1774 2061 .obediat
1802 2012 1852 2058 et
1879 2005 1937 2058 in
1961 2020 2078 2058 om-

495 2099 646 2153 nibus
671 2098 818 2152 bonis
859 2115 982 2170 quae
1011 2097 1140 2154 facit
1165 2107 1220 2154 et
1249 2099 1521 2154 hortatur.
1548 2098 1617 2152 Ei
1646 2098 1769 2154 dico
1797 2098 1888 2168 qui
1911 2113 1966 2151 se
1991 2113 2082 2152 ca-

497 2191 748 2259 techizat,
776 2191 830 2246 id
860 2199 944 2247 est
965 2191 1059 2261 qui
1083 2189 1305 2246 instruit
1324 2190 1499 2246 illum.
1525 2190 1659 2246 Dico
1681 2188 2082 2268 communicate

494 2284 582 2341 his
617 2285 710 2355 qui
733 2301 829 2341 vos
866 2285 1166 2354 instruunt,
1207 2296 1261 2342 et
1305 2287 1468 2341 nolite
1502 2303 1702 2354 errare,
1733 2286 1786 2341 id
1809 2295 1894 2342 est
1916 2286 2084 2341 nolite

493 2393 596 2432 vos
617 2392 905 2445 excusare,
935 2377 1178 2438 dicentes
1201 2392 1309 2432 non
1339 2392 1462 2433 esse
1491 2360 1962 2432 obediendum’eis
1987 2375 2083 2447 qui

495 2467 666 2524 verbo
694 2469 832 2523 bene
858 2467 1076 2534 docent,
1099 2475 1153 2522 et
1177 2483 1287 2523 non
1328 2468 1409 2523 sic
1435 2474 1624 2538 agunt,
1661 2465 1784 2522 ideo
1809 2467 1976 2523 nolite
2004 2467 2086 2524 sic

501 2573 708 2624 errare,
751 2557 882 2628 quia
926 2557 1068 2612 Deus
1113 2573 1218 2611 non
1251 2557 1532 2630 irridetur,
1578 2557 1632 2614 id
1669 2565 1755 2614 est
1780 2574 1890 2614 non
1933 2559 2084 2615 calva

503 2647 796 2706 occasione
825 2648 1144 2719 decipietur.
1169 2645 1324 2714 Quod
1351 2647 1398 2702 si
1421 2647 1782 2718 deciperetur,
1811 2647 2085 2705 irrisibilis

499 2746 670 2794 esset.
715 2737 856 2793 Vere
913 2753 1024 2794 non
1075 2737 1352 2804 irridetur,
1413 2738 1543 2808 quia
1588 2754 1705 2808 qua:
1751 2738 2085 2793 seminaverit

500 2828 680 2896 homo,
716 2827 830 2884 hate
868 2829 1050 2901 utique
1093 2838 1269 2884 metet.
1321 2827 1390 2902 Et
1428 2844 1556 2886 vere
1605 2829 1870 2885 seminata
1899 2837 2084 2897 metet,

501 2921 756 2992 quoniam
785 2921 874 2992 qui
901 2921 1126 2974 seminat
1155 2921 1212 2975 in
1235 2937 1392 2989 carne
1431 2937 1550 2990 sua,
1578 2920 1632 2976 id
1665 2929 1750 2976 est
1776 2920 1873 2993 qui
1895 2936 2089 2992 opera-

501 3021 597 3068 tur
623 3011 998 3082 corruptibilia
1027 3011 1210 3068 carnis
1256 3013 1549 3081 desideria,
1593 3013 1684 3069 hic
1716 3013 1906 3084 utique
1933 3019 2089 3068 metet
2132 3020 2137 3025 ‘

501 3101 568 3156 de
583 3117 740 3155 carne
761 3101 1170 3172 corruptionem,
1194 3101 1321 3174 quia
1351 3101 1642 3159 seminavit
1653 3101 2084 3174 corruptionem.

506 3193 614 3261 Qui
643 3211 762 3250 vero
803 3196 1029 3251 seminat
1051 3198 1108 3252 in
1132 3195 1361 3270 Spiritu,
1388 3197 1442 3253 id
1473 3204 1560 3254 est
1584 3197 1885 3254 secundum
1915 3196 2086 3254 ratio-
2113 3173 2159 3236 ο

505 3303 656 3354 nem,
701 3285 793 3342 hic
839 3297 997 3342 metet
1023 3288 1086 3344 de
1109 3287 1320 3360 Spiritu
1355 3289 1646 3360 spiritalia,
1671 3289 1900 3358 scilicet,
1922 3289 2088 3344 vitam

507 3386 790 3434 tetcrnam.
834 3379 1131 3452 Postquam
1162 3381 1384 3438 divisim
1415 3383 1690 3452 praelatos,
1721 3381 1918 3438 deinde
1959 3382 2092 3438 sub-

507 3469 654 3526 ditos
703 3470 980 3541 instruxit,
1039 3473 1236 3538 iterum
1290 3488 1509 3531 omnem
1556 3463 1854 3530 Ecclesiam
1883 3473 2089 3530 mistim

507 3561 788 3631 admonet,
826 3563 1015 3620 dicens
1049 3583 1062 3620 :
1094 3563 1204 3622 Vos
1231 3565 1442 3637 praelati
1487 3565 1544 3620 in
1583 3565 1808 3620 lenitate
1845 3563 2093 3620 subditos

510 3653 788 3710 instruite.
822 3654 932 3712 Vos
974 3656 1176 3713 subditi
1210 3657 1266 3712 in
1303 3657 1454 3713 omni
1475 3657 1620 3712 bono
1651 3656 1738 3712 his
1766 3655 1977 3727 Quivos
2006 3655 2092 3709 in-

510 3751 753 3813 struunt,
795 3747 1216 3804 communicate.
1254 3745 1458 3804 Omnes
1488 3755 1695 3814 autem,
1743 3754 1856 3802 tam
1873 3744 2094 3816 praelati

511 3852 680 3907 quam
723 3837 946 3906 subditi,
976 3854 1133 3910 teque
1151 3840 1341 3894 bonum
1371 3839 1624 3910 facientes
1651 3855 1756 3892 non
1784 3839 2095 3910 deﬁciamus

513 3927 639 3984 bene
663 3931 950 4000 operando.
981 3930 1092 3988 Nec
1121 3931 1354 3989 deﬁcere
1385 3931 1650 3988 debemus
1689 3931 1746 3986 in
1795 3929 2094 4002 operando,

513 4019 644 4090 quia
682 4007 952 4078 metemus
973 4021 1282 4078 mercedem
1305 4022 1490 4093 operis
1514 4031 1760 4092 tempore
1789 4037 1912 4090 suo,
1939 4021 1994 4077 id
2014 4029 2101 4076 est

513 4121 847 4182 opportuno,
879 4129 983 4167 non
1012 4113 1313 4184 deﬁcientes
1355 4114 1414 4169 in
1434 4113 1709 4170 metendo.
1733 4113 1802 4168 Et
1827 4115 1955 4185 quia
1985 4127 2101 4169 me-

515 4208 700 4254 temus
738 4215 848 4254 non
876 4189 1212 4269 deﬁcientes,
1247 4219 1390 4274 ergo,
1439 4202 1568 4256 dum
1593 4211 1795 4273 tempus
1839 4201 2101 4272 operaudi

516 4289 790 4358 habemus,
819 4291 872 4346 id
905 4301 990 4348 est
1023 4291 1080 4348 in
1103 4293 1211 4349 hoc
1235 4293 1440 4350 mundo
1465 4313 1478 4350 :
1507 4309 1780 4364 operemur
1809 4294 2002 4350 bonum
2031 4293 2100 4348 ad

517 4395 720 4446 omnes,
767 4382 996 4437 maxime
1046 4391 1224 4438 tamen
1266 4384 1336 4438 ad
1385 4384 1700 4440 domesticos
1752 4385 1900 4454 ﬁdei.
1942 4383 2104 4440 Prius

517 4468 666 4525 enim
698 4469 949 4544 ﬁdelibus
995 4473 1307 4528 necessaria
1341 4473 1660 4530 ministrare
1697 4475 1980 4544 debemus,
1997 4475 2102 4532 .de-

519 4563 650 4620 hinc
673 4564 720 4621 si
743 4566 1150 4638 superabundat
1169 4567 1332 4624 etiam
1355 4567 1684 4626 inﬁdelibus.

595 4701 675 4755 Ah
706 4701 813 4756 hoc
833 4701 954 4758 loco
978 4701 1275 4774 Apostolus
1305 4705 1526 4776 propria
1575 4720 1740 4760 manu
1769 4704 2108 4776 praescripsit

519 4790 843 4862 Epistolam,
896 4809 966 4850 ne
992 4795 1199 4852 Galatae
1244 4797 1584 4868 ambigerem
1629 4798 1772 4853 hanc
1805 4797 2105 4868 Epistulam

517 4884 686 4958 229
701 4901 826 4944 esse
837 4886 1013 4955 Pauli,
1031 4888 1162 4958 quia
1177 4888 1495 4944 destruebat
1512 4889 1600 4944 hic
1609 4888 2105 4956 circumcisionem,

524 4976 595 5030 de
609 4992 720 5046 quo
747 4977 822 5032 illi
851 4977 1058 5048 pseudo
1082 4979 1333 5034 dixerant
1345 4977 1552 5034 Calatis
1565 4977 1711 5049 quod
1727 4977 1892 5034 modo
1906 4977 2112 5034 Paulus

523 5065 746 5120 doceret
775 5067 1274 5124 circumcisionem.
1307 5067 1464 5124 Unde
1486 5068 1568 5124 sic
1591 5070 1668 5123 ait
1695 5087 1708 5122 :
1744 5067 1814 5124 Ut
1832 5069 1949 5124 haec
1965 5083 2108 5138 pra:-

523 5168 682 5230 cepta
705 5161 942 5217 credatis
969 5177 1092 5218 esse
1110 5178 1255 5228 mea,
1286 5161 1455 5216 uidete
1483 5162 1728 5233 qualibus
1749 5162 1945 5218 litteris
1980 5163 2114 5216 scri-

2170 590 2371 632 meam.
2395 574 2462 631 Et
2495 575 2582 630 his
2609 590 2735 646 quae
2755 575 2949 645 scripsi
2975 573 3213 630 obedire
3237 571 3494 637 debetis,
3539 589 3642 628 non
3661 575 3763 633 illis.

2173 665 2482 738 Quicunque
2499 667 2640 721 enim
2669 666 2851 722 uolunt
2881 666 3088 737 placere
3125 665 3256 720 illis
3295 663 3518 720 Judzis
3538 667 3595 719 in
3618 682 3766 737 carae,

2171 759 2227 814 id
2247 768 2332 816 est
2353 759 2408 814 in
2428 758 2742 815 carnalibus
2760 759 3061 830 persuasis,
3093 759 3152 812 hi
3185 765 3407 826 cogunt
3444 773 3538 811 uos
3573 758 3767 812 circurn-

2150 849 2300 905 -cidi.
2332 847 2550 920 Cogunt
2589 847 2802 920 utique,
2824 848 2956 919 quia
3011 849 3360 918 importuno
3417 862 3669 903 sermone
3692 863 3768 903 vos

2173 941 2506 1012 compellunt
2529 941 2598 996 ad
2641 939 2695 996 id
2734 940 2882 1014 quod
2913 939 3234 996 rationibus
3283 939 3658 1010 comprobare
3694 955 3768 996 ne-

2173 1033 2375 1090 sciunt.
2407 1031 2626 1104 Cogunt
2650 1047 2749 1088 vos
2775 1032 3118 1100 circumcidi,
3149 1034 3274 1088 hoc
3306 1031 3683 1086 tantummodo
3699 1033 3769 1086 i-

2153 1125 2481 1194 tendentes,
2512 1134 2571 1180 ut
2591 1141 2695 1180 non
2753 1125 3034 1196 patiantur
3063 1139 3096 1180 a
3115 1122 3348 1180 Iudaeis
3383 1123 3768 1194 persecutiones:

2173 1216 2347 1270 crucis
2369 1213 2592 1282 Christi,
2620 1231 2787 1286 quam
2823 1213 3142 1286 praedicant.
3171 1213 3376 1270 Iudici
3401 1215 3558 1270 enim
3581 1229 3768 1270 crucem

2161 1304 2378 1363 Christi
2403 1319 2532 1361 cum
2553 1304 2976 1361 circumcisione
3003 1304 3143 1360 bene
3161 1302 3576 1360 concedebant
3605 1303 3769 1376 prsidi-

2173 1398 2308 1455 cari.
2340 1396 2483 1454 Vere
2511 1397 2634 1453 ideo
2673 1405 2883 1452 tantum
2903 1411 2974 1451 ne
2995 1397 3318 1466 patiantur,
3353 1397 3497 1468 quia
3520 1397 3770 1454 umoreh-

2173 1489 2258 1561 gis
2281 1488 2420 1547 nihil
2441 1487 2673 1544 faciunt.
2695 1487 2852 1554 Quod
2869 1487 2952 1544 sic
2973 1487 3082 1543 ait:
3114 1486 3183 1542 Hi
3209 1487 3452 1558 pseudo
3463 1487 3558 1558 qui
3577 1487 3768 1542 circum

2176 1581 2430 1637 ciduntur
2457 1597 2561 1636 non
2587 1580 2891 1636 custodiunt
2909 1579 3094 1651 legem,
3119 1579 3216 1634 sed
3242 1594 3362 1651 pro
3382 1593 3458 1634 eo
3481 1579 3602 1634 solo
3621 1579 3769 1633 solut

2159 1690 2262 1729 .uos
2284 1673 2616 1740 circumcidi,
2647 1681 2706 1728 ut
2733 1672 3026 1744 glorientur
3053 1671 3200 1742 apud
3244 1671 3404 1727 alios
3431 1671 3492 1724 in
3516 1686 3668 1724 carne
3711 1687 3769 1726 Iu-

2162 1774 2289 1820 astra
2315 1765 2662 1822 circumcisa.
2693 1763 3026 1820 Aiuntenim
3079 1763 3190 1819 illis
3234 1782 3251 1818 :

3300 1761 3512 1818 Videte
3535 1771 3766 1833 quanta

2180 1858 2582 1914 incrementum
2601 1871 2701 1928 per
2719 1871 2824 1912 nos
2844 1856 2934 1911 lex
2961 1863 3144 1912 vestra
3178 1855 3430 1922 habeat,
3454 1854 3537 1908 illi
3560 1853 3760 1925 glorian-

2179 1957 2272 2006 tur
2290 1949 2347 2004 in
2375 1963 2560 2006 carne.
2604 1948 2708 2004 Sed
2737 1947 2869 2003 mihi
2915 1947 3055 2002 absit
3103 1947 3372 2018 gloriari,
3417 1948 3529 2002 nisi
3551 1949 3606 2002 in
3645 1962 3766 2000 mss

2179 2039 2398 2096 Domini
2421 2041 2590 2095 nostri
2617 2038 2748 2095 Iesu
2774 2037 3010 2096 Christi!
3067 2037 3180 2110 Ego
3227 2037 3398 2094 enim
3441 2052 3550 2094 nec
3593 2049 3762 2108 quam,

2181 2145 2283 2186 nec
2299 2129 2538 2201 praedico
2561 2129 2814 2202 gloriam,
2837 2128 2944 2185 nisi
2975 2129 3177 2185 crucis.
3211 2127 3338 2184 Per
3371 2145 3538 2200 quem
3558 2142 3760 2184 crucem.

2180 2221 2330 2278 Crux
2353 2223 2501 2278 enim
2525 2221 2824 2278 secundum
2847 2219 3214 2290 Priscianum,
3253 2222 3332 2278 de
3381 2221 3575 2277 dubiis
3595 2219 3765 2292 generi-

2183 2314 2288 2372 bus
2311 2324 2423 2382 est;
2445 2321 2502 2370 et
2521 2314 2827 2370 secundum
2848 2312 3194 2380 Haimonem,
3219 2313 3284 2369 in
3324 2313 3548 2380 Graeco,
3581 2327 3762 2368 mascu-

2182 2405 2302 2474 lini,
2335 2413 2392 2461 et
2435 2405 2559 2462 ideo
2601 2407 2899 2462 translator
2942 2405 3122 2462 noluit
3163 2415 3402 2462 mutare
3446 2405 3759 2461 relationem.

2181 2493 2290 2554 Per
2328 2511 2492 2568 quem
2520 2513 2769 2564 crucem,
2804 2497 2892 2554 vel
2932 2512 3031 2568 per
3052 2513 3218 2569 quem
3272 2496 3574 2553 Christum
3615 2495 3760 2552 cruci-

2183 2589 2376 2656 ﬁxum,
2399 2589 2548 2658 quod
2574 2589 2719 2644 idem
2737 2589 2898 2644 valet.
2929 2587 3159 2643 Mundus
3187 2597 3272 2642 est
3310 2587 3454 2642 mihi
3484 2586 3758 2656 cruciﬁut,

2184 2681 2262 2736 ita
2275 2680 2424 2751 quod
2458 2679 2596 2736 nihil
2618 2680 2856 2752 amplius
2899 2679 2970 2736 de
2991 2679 3109 2736 suis
3147 2677 3558 2736 oblectamenti
3601 2675 3756 2732 oderat

2185 2771 2321 2828 mihi
2332 2771 2590 2828 mundus.
2609 2770 2725 2844 Ego
2741 2771 2903 2827 etiam
2918 2771 3217 2828 cruciﬁxus
3239 2785 3376 2828 sum
3399 2763 3758 2836 mundanum!

2186 2866 2235 2922 si
2253 2865 2388 2920 mibi
2413 2863 2652 2922 mundus
2675 2865 2856 2935 aliqua
2871 2864 3046 2932 offert,
3062 2863 3296 2936 ita:ch
3317 2861 3536 2918 Christi
3555 2873 3638 2915 me
3654 2869 3755 2912 con-

2187 2957 2464 3012 ﬁrmatum
2501 2955 2759 3013 astrinxit
2776 2957 2923 3027 quod
2984 2971 3097 3012 non
3142 2954 3365 3026 possim
3419 2952 3684 3010 declinare
3704 2945 3756 3000 ab

2189 3050 2300 3106 illa.
2325 3049 2452 3106 Ideo
2497 3049 2552 3104 in
2577 3064 2744 3106 cruce
2780 3057 2996 3104 tantum
3044 3046 3286 3120 glorior,
3318 3046 3457 3118 quia
3503 3045 3560 3099 in
3581 3041 3752 3098 Christo

2187 3141 2317 3198 Iesu
2329 3158 2490 3214 neque
2503 3141 2840 3198 circumcisio
2851 3140 2989 3196 ualet
3007 3139 3237 3213 aliquid,
3261 3155 3436 3210 neque
3453 3133 3752 3208 prcputisst.

2189 3231 2280 3288 sed
2311 3231 2640 3286 solummodo
2670 3245 2803 3284 noua
2855 3237 3124 3298 creatura,
3170 3228 3226 3284 id
3256 3237 3352 3284 est
3403 3225 3540 3282 ﬁdes
3559 3235 3668 3292 quae
3689 3219 3751 3272 in-

2191 3331 2360 3378 novat
2387 3331 2648 3391 mentem,
2685 3331 2742 3378 et
2765 3321 2934 3378 etiam
2977 3335 3197 3377 carnem
3244 3333 3427 3392 quam
3458 3314 3586 3372 facit
3605 3328 3633 3367 a
3651 3323 3749 3381 pec-

2192 3415 2332 3472 catis
2361 3415 2611 3472 liberam.
2658 3411 2776 3470 Non
2826 3414 2949 3470 ideo
2990 3411 3198 3469 addidit
3238 3410 3598 3482 prmputium,
3635 3397 3748 3473 quod

2193 3508 2400 3580 aliquid
2420 3515 2638 3578 putaret
2667 3507 2801 3563 illud
2833 3507 3010 3562 valere
3031 3504 3100 3560 ad
3129 3503 3320 3572 ﬁdem,
3347 3503 3448 3560 sed
3469 3507 3529 3556 ut
3547 3491 3748 3556 ostende-

2193 3608 2271 3657 ret
2323 3599 2798 3656 circumcisionem
2847 3613 2960 3653 non
3003 3597 3130 3668 plus
3177 3595 3444 3652 conferre
3466 3593 3522 3648 in
3571 3585 3746 3644 Christo

2194 3707 2362 3764 quam
2384 3681 2732 3763 praeputium.
2766 3689 2880 3764 Ego
2907 3697 3118 3746 tantum
3169 3688 3386 3760 glorior
3407 3686 3467 3740 in
3521 3691 3677 3744 cruce,
3705 3680 3743 3726 ιι

2181 3785 2491 3856 quicunque
2508 3783 2645 3838 hanc
2667 3781 2904 3853 regulam
2925 3771 3106 3838 crucis
3124 3781 3295 3834 secuti
3319 3777 3548 3850 fuerint,
3567 3768 3678 3826 utin
3697 3777 3744 3818 ea

2183 3883 2411 3931 tantum
2443 3873 2763 3944 glorientur,
2785 3885 2892 3942 pan:
2920 3871 2980 3926 ﬁt
3005 3867 3296 3941 superillos
3313 3867 3539 3924 Galatas
3557 3858 3640 3932 qui
3658 3867 3742 3908 ηοιι

2196 3975 2584 4040 peccaverunt,
2606 3973 2656 4021 et
2678 3963 3064 4030 misericordia,
3095 3961 3149 4017 id
3169 3958 3513 4018 estsecunda
3541 3944 3745 4040 remissis

2199 4034 2287 4118 his
2310 4061 2406 4133 qui
2432 4059 2574 4132 lapsi
2607 4066 2753 4114 sunt.
2786 4055 2855 4112 Et
2879 4071 2990 4112 non
3041 4062 3253 4111 tantum
3293 4067 3466 4124 super
3511 4048 3639 4108 illos,

2200 4130 2365 4208 etiam
2412 4130 2569 4222 super
2593 4165 2810 4206 omnem
2851 4145 3046 4215 Israel,
3073 4161 3181 4202 non
3225 4145 3322 4216 qui
3372 4141 3538 4200 fuerit
3580 4130 3742 4192 carnis.

2199 4244 2300 4301 sed
2321 4243 2437 4300 Dei.
2466 4243 2527 4299 In
2547 4243 2770 4300 Christo
2793 4250 3003 4298 tantum
3027 4239 3254 4310 quaerite
3281 4236 3534 4311 gloriam.
3577 4227 3645 4282 De
3665 4234 3742 4275 τω-

2204 4343 2336 4402 tero,
2360 4334 2414 4390 id
2437 4343 2522 4391 est
2559 4333 2629 4390 de
2670 4331 3088 4390 circumcisione
3113 4329 3302 4402 (quam
3357 4319 3743 4406 excludo)

2205 4425 2337 4479 mihi
2355 4423 2607 4478 molestus
2629 4422 2746 4478 'sit.
2803 4420 2896 4478 Vel
2917 4421 2994 4477 ita
3015 4421 3070 4476 in
3095 4419 3374 4491 praeterito
3403 4429 3490 4472 me
3517 4407 3740 4491 molesta“

2131 4515 2176 4571 D
2200 4517 2356 4582 estis,
2385 4514 2478 4572 sed
2501 4515 2568 4570 de
2611 4521 2829 4580 caetero,
2875 4512 2932 4568 id
2980 4519 3064 4568 est
3092 4487 3315 4577 amodo,
3339 4507 3520 4564 videte
3563 4513 3625 4554 ne
3648 4487 3742 4582 quis

2207 4577 2353 4662 mihi
2367 4605 2635 4660 molestus
2677 4603 2766 4660 sit.
2809 4577 2922 4658 Nec
2947 4601 3157 4658 debetis
3197 4615 3287 4655 me
3328 4597 3622 4654 molestare.
3655 4577 3740 4648 Et"

2207 4699 2350 4754 enim
2399 4704 2552 4768 porto
2573 4696 2632 4750 in
2682 4710 2898 4765 corpore
2937 4709 3052 4748 meo
3090 4691 3346 4764 stigmata
3406 4677 3612 4768 Domini
3643 4669 3742 4768 ἔξει

2213 4758 2436 4844 Christi.
2463 4785 2670 4858 Stigma
2707 4758 2907 4840 dicitur
2927 4758 3182 4854 signum;
3211 4779 3358 4852 quod
3401 4775 3461 4831 ﬁt
3487 4765 3644 4828 calido
3659 4758 3740 4858 fet-

2209 4896 2294 4938 ro.
2325 4879 2426 4936 Hic
2468 4853 2650 4934 autem
2699 4876 2905 4932 Paulus
2933 4853 3158 4930 catenas
3201 4882 3256 4928 et
3298 4877 3492 4927 ctetcra
3517 4853 3740 4938 tormenti

2210 4934 2511 5038 sustinens,
2533 4985 2636 5042 pro
2653 4968 2874 5026 Christo
2903 4967 3180 5038 stigmata,
3231 4963 3288 5020 id
3331 4969 3416 5019 est
3437 4959 3605 5042 signa._

2211 5029 2370 5119 miles
2397 5029 2614 5116 Christi~
2631 5067 2796 5125 esset,
2827 5057 2882 5111 in
2903 5029 3134 5126 corpore
3165 5029 3434 5125 portabat.
3467 5029 3737 5126 Gratia

2213 5155 2346 5211 mini
2367 5153 2538 5210 nostri
2575 5151 2708 5206 Iesu
2757 5119 2959 5208 Christi
3001 5119 3078 5202 sit
3096 5119 3216 5202 cum
3249 5143 3441 5218 spiritu
3471 5119 3738 5192 vestram”

525 5251 609 5323 psi
633 5251 795 5320 vobis,
833 5253 902 5308 ab
927 5254 1056 5310 hinc
1089 5270 1204 5308 mea
1240 5253 1461 5324 propria
1491 5267 1673 5322 manu,
1713 5263 1776 5310 ut
1802 5254 2118 5328 cognitione
2215 5256 2341 5306 tres.
2368 5246 2554 5300 Arnen.

545 5391 3727 5474 MM

1272 5566 1762 5626 ARGUMENTUM
1796 5567 1865 5624 IN
1904 5564 2300 5623 EPISTOLAM
2331 5561 2544 5619 PAULI
2580 5560 2672 5616 AD
2711 5555 3068 5615 EPHESIOS.

603 5729 824 5802 Ephesii
853 5737 983 5802 sunt
1008 5726 1217 5802 Asiani.
1249 5725 1316 5783 Ili
1345 5736 1568 5800 accepto
1584 5729 1786 5802 _vcrbo
1830 5723 2094 5802 veritatis,
2138 5721 2491 5794 perstiterunt
2522 5717 2730 5794 intﬁdc.
2764 5714 2872 5774 Hos
2906 5713 3174 5772 collaudat
3213 5704 3510 5786 Apostolus,
3537 5685 3728 5752 scribi“

535 5796 712 5861 eisab
737 5802 873 5860 urbe
897 5801 1070 5858 ltoma
1101 5799 1168 5856 de
1191 5814 1430 5867 carcere,
1461 5796 1558 5870 per
1583 5799 1872 5857 Tichicum
1889 5796 2200 5856 diaconum.
