3928 6410
156 363 286 420 317

165 500 1548 528 m

787 363 1152 422 EXPOSITIO
1189 363 1256 421 IN
1295 364 1677 422 EPISTOLAS
1715 365 1942 423 PAULI.
1985 399 2056 408 -—
2093 365 2161 420 IN
2200 365 2416 422 EPIST.
2458 366 2550 420 AD
2589 366 2831 422 EPHES.

3275 359 3282 367 ’
3337 367 3442 425 318

1061 646 1480 710 PROLOGUS
1523 650 1591 708 B.
1639 648 2033 710 BRUNONIS
2073 649 2154 709 IN
2192 650 2560 712 EAMDEM.

236 787 497 859 Ephesus
518 788 709 843 civitas
740 787 898 842 estin
924 787 1074 843 Asia.
1102 785 1222 842 Non
1243 788 1358 842 hare
1386 787 1609 843 estAsia
1638 804 1759 858 quae
1788 791 1834 854 Α
1862 787 2089 855 recidat,
2141 787 2216 842 ita
2245 803 2458 858 semper
2488 789 2650 844 habet
2690 805 2800 860 quo
2827 802 3056 848 crescat.
3101 794 3226 868 Agit
3273 795 3438 856 etiam

145 881 364 937 dividit
392 881 600 947 orbem,
623 880 717 934 sed
740 887 824 934 est
848 879 1122 949 provincia
1165 880 1413 949 quazdam
1442 880 1496 933 in
1523 879 1753 946 Graecia,

148 974 380 1028 habens
412 982 617 1043 septem
639 973 904 1040 civitates,
947 988 1180 1042 quarum
1208 972 1456 1042 Ephesus
1482 981 1756 1043 metropo-

145 1064 229 1118 lis
267 1072 375 1130 est,
409 1064 609 1134 quibus
662 1062 921 1130 Joannes,
969 1065 1242 1135 relegatus
1265 1065 1321 1118 in
1361 1063 1624 1121 Pathmos
1672 1065 1756 1120 in-

146 1154 378 1218 sulam,
425 1154 645 1223 scripsit
698 1153 1101 1225 Apocalypsim.
1157 1153 1224 1208 Hi
1279 1153 1501 1226 Ephesii
1569 1156 1754 1211 audito

144 1243 338 1299 verbo
370 1243 493 1299 ﬁdei
520 1260 549 1298 a
579 1243 771 1308 Paulo,
816 1245 1184 1313 crediderunt,
1217 1254 1270 1301 et
1304 1261 1467 1316 opera
1491 1247 1619 1303 ﬁdei
1638 1249 1756 1302 lau-

145 1336 421 1391 dabiliter
443 1335 604 1406 230
631 1337 840 1406 operati
867 1345 1014 1392 sunt.
1046 1336 1256 1404 Quibus
1283 1337 1598 1408 Apostolus,
1621 1338 1751 1394 dum

148 1426 358 1481 Romae
404 1435 551 1481 esset
600 1427 655 1480 in
710 1443 949 1494 carcere,
991 1429 1212 1499 scripsit
1261 1429 1404 1485 hanc
1428 1429 1750 1501 Epistolam,

145 1518 402 1572 sollicite
455 1519 745 1587 providens
771 1520 853 1574 eis
891 1536 960 1574 ne
1007 1522 1146 1575 forte
1193 1521 1260 1576 de
1307 1537 1372 1577 eo
1396 1524 1625 1592 quodin
1649 1524 1752 1580 ﬁde

142 1609 301 1664 bene
334 1609 685 1679 perstiterant
709 1610 1073 1680 superbirent,
1099 1619 1153 1666 et
1174 1611 1278 1666 hoc
1305 1612 1493 1667 virtuti
1522 1629 1635 1668 suae
1660 1629 1743 1668 as-

142 1701 458 1754 criberent.
491 1699 668 1768 Quod,
701 1702 842 1756 sicut
865 1703 1163 1773 incmperat
1185 1704 1239 1757 in
1263 1704 1343 1759 eis
1374 1705 1749 1760 misericordia

147 1790 279 1854 Dei,
317 1792 409 1861 pie
437 1794 874 1849 consummabat.
909 1793 969 1848 In
1029 1796 1132 1850 hac
1162 1805 1342 1851 autem
1366 1795 1606 1867 Epistola
1634 1813 1750 1851 ma—

142 1886 355 1939 teriam
387 1886 551 1940 habet
579 1887 838 1942 beueﬁcia
875 1886 992 1943 Dei.
1023 1887 1100 1943 De
1128 1889 1328 1960 quibus
1366 1889 1421 1944 in
1453 1890 1600 1945 hunc
1631 1905 1750 1944 mo-

141 1976 287 2030 dum
319 1976 456 2046 agit,
483 1976 779 2032 ostendens
826 1992 890 2031 ea
927 1994 1050 2033 esse
1075 1995 1185 2033 non
1215 1995 1282 2034 ex
1333 1980 1528 2034 merito
1571 1979 1748 2034 homi-

142 2068 274 2132 nis,’
297 2068 400 2122 sed
419 2083 489 2122 ex
516 2068 856 2138 beneplacito
882 2068 996 2123 Dei.
1023 2068 1273 2124 Ostendit
1294 2070 1459 2124 etiam
1486 2067 1745 2123 beneﬁcia

1857 880 1966 946 hic,
1985 881 2258 950 quomodo
2284 890 2465 952 patres
2489 882 2720 937 debeant
2756 899 2986 953 praeesse
3007 886 3154 956 ﬁliis,
3216 890 3311 944 ﬁlii
3337 909 3438 962 pa-

1856 971 2100 1026 rentibus
2123 971 2336 1041 subjici.
2384 970 2645 1028 Similiter
2687 973 2753 1027 de
2785 974 3020 1031 dominis
3056 985 3111 1032 et
3137 979 3338 1046 servis;
3372 981 3439 1036 de

1855 1062 2120 1116 uxoribus
2147 1070 2202 1117 et
2222 1062 2452 1130 maritis,
2484 1072 2688 1134 quanta
2723 1064 3190 1124 confmderatione
3222 1070 3327 1125 sibi
3354 1071 3437 1126 vi-

1855 1153 2041 1208 cissim
2067 1167 2167 1222 pro
2209 1153 2369 1208 modo
2397 1153 2726 1211 conditionis
2754 1164 2809 1210 et
2837 1172 3002 1212 sexus
3042 1159 3272 1215 debeant
3306 1163 3437 1218 sub-

1854 1245 2080 1299 servire.
2109 1243 2184 1299 De
2213 1243 2491 1299 beneﬁciis
2527 1244 2620 1300 Dei
2635 1246 2689 1299 in
2719 1247 2864 1302 hunc
2902 1250 3125 1305 modum
3153 1252 3274 1307 ideo
3303 1254 3433 1326 agit,

1852 1351 1921 1390 ne
1949 1335 2167 1405 Ephesii
2197 1335 2263 1390 de
2285 1335 2429 1390 bono
2449 1336 2595 1406 quod
2619 1346 2786 1408 agunt
2811 1340 3154 1396 occasionem
3198 1343 3437 1401 habeant

1853 1426 2218 1497 superbiendi,
2247 1426 2378 1483 dum
2408 1427 2545 1481 nihil
2579 1443 2645 1482 ex
2683 1444 2761 1495 se,
2795 1431 2886 1484 sed
2918 1441 3090 1486 totum
3123 1449 3180 1488 se
3233 1435 3435 1492 habere

1852 1518 2082 1574 audiunt
2113 1534 2182 1572 ex
2235 1518 2610 1574 misericordia
2654 1518 2769 1574 Dei.
2805 1519 3003 1575 lterum
3049 1524 3170 1579 ideo
3206 1540 3273 1580 ne
3322 1535 3438 1581 tor-

1849 1619 2016 1682 peant
2049 1611 2103 1665 in
2135 1611 2272 1665 bene
2301 1611 2532 1682 agendo,
2579 1612 2709 1666 dum
2753 1613 2984 1669 audiunt
3014 1629 3072 1669 se
3099 1631 3258 1684 posse
3286 1617 3434 1673 inve-

1851 1701 1970 1756 nire
2009 1715 2120 1771 quo
2148 1708 2398 1754 crescant
2443 1700 2497 1754 in
2543 1701 2811 1772 obsequio
2856 1701 2970 1755 Dei.
3020 1700 3132 1758 llos
3169 1703 3436 1774 Ephesios

1849 1792 2052 1848 Paulus
2079 1794 2364 1849 discedens
2393 1794 2462 1848 ab
2487 1793 2568 1848 eis
2598 1793 2652 1847 in
2677 1810 2845 1848 unum
2875 1795 3217 1862 convocavit,
3247 1795 3435 1850 dicens

1849 1884 1963 1938 eis:
1999 1883 2135 1938 Ecce
2164 1899 2351 1939 sanam
2383 1883 2544 1938 ﬁdem
2575 1884 2966 1951 tradidivobis,
2994 1886 3172 1940 videte
3202 1902 3269 1940 ne
3294 1885 3437 1940 hanc

1850 1974 2059 2028 irritam
2083 1972 2314 2029 faciatis.
2353 1973 2467 2044 Ego
2508 1974 2652 2030 enim
2695 1976 2895 2029 amodo
2919 1976 3054 2030 liber
3094 1992 3238 2043 sum,
3269 1977 3363 2030 sed
3388 1975 3434 2030 si

1850 2067 1990 2120 male
2010 2065 2250 2136 egeritis,
2283 2064 2426 2120 Deus
2455 2065 2559 2119 hoc
2590 2066 2832 2151 requiret
2871 2081 2901 2118 a
2945 2066 3098 2120 vobis
3144 2065 3283 2134 (Act.
3336 2080 3430 2132 xx,

142 2158 248 2213 Dei
286 2174 420 2214 esse
446 2137 782 2229 hujusmodi,
826 2159 973 2229 quod
1008 2174 1170 2214 nemo
1217 2167 1366 2214 tanta
1410 2158 1742 2230 perfectione
1778 2137 1820 2195 Β
1848 2159 1962 2228 27).
1986 2157 2097 2212 Pro
2124 2157 2210 2212 his
2229 2157 2408 2212 verbis
2441 2165 2494 2212 et
2515 2137 2829 2228 hujusuiodi
2876 2156 3188 2212 solertiores
3211 2155 3434 2211 fuerunt

143 2250 409 2304 ascendit
439 2250 493 2304 in
541 2249 668 2316 illis,
705 2250 837 2320 quin
868 2251 1045 2306 adhuc
1069 2252 1410 2322 relinquatur
1438 2252 1488 2306 ei
1526 2266 1636 2322 quo
1658 2265 1746 2305 as—

143 2342 394 2396 cendere
423 2344 614 2412 possit.
662 2341 815 2398 Sicut
841 2344 987 2398 enim
1015 2345 1179 2400 homo
1213 2359 1427 2415 semper
1449 2345 1611 2399 habet
1635 2358 1744 2414 quo

1853 2249 2138 2320 providere
2161 2248 2284 2303 sibi.

1045 2641 1628 2756 EPISTOLA
1698 2663 1846 2752 AD
1919 2650 2540 2753 EPHESIOS.

673 2857 902 2914 CAPUT
945 2857 1235 2914 PRIMUM.

226 2970 247 3003 ι
296 2949 507 3005 Paulus
535 2952 816 3020 apostolus
842 2949 971 3007 Jesu
1019 2951 1220 3007 Christi
1271 2965 1369 3021 per
1410 2949 1742 3006 voluntatem

151 3061 170 3092 ι
218 3041 347 3105 Dei,
385 3039 590 3097 sanctis
625 3041 882 3096 omnibus
910 3040 1004 3110 qui
1034 3049 1162 3096 sunt
1203 3039 1424 3110 Ephesi,
1477 3047 1532 3093 et
1567 3038 1740 3094 ﬁdeli-

149 3148 171 3181 ι
213 3130 330 3184 bus
353 3129 408 3182 in
432 3128 650 3184 Christo
686 3127 852 3195 Jesu,
900 3129 1076 3200 gratia
1130 3129 1286 3185 vobis
1322 3138 1374 3184 et
1397 3144 1503 3199 pax
1545 3145 1576 3183 a
1631 3127 1742 3183 Deo

150 3240 171 3273 σ
218 3231 385 3291 patre
409 3228 600 3275 nostro
621 3262 637 3286 ,
665 3229 719 3275 et
745 3220 974 3275 Domino
999 3219 1128 3275 Jesu
1153 3220 1393 3274 Christo.
1422 3217 1745 3273 Benedictus

152 3330 169 3361 ι
217 3309 377 3364 Deus
408 3319 462 3364 et
486 3309 646 3365 Pater
681 3309 896 3364 Domini
922 3310 1094 3365 nostri
1123 3309 1252 3366 Jesu
1281 3309 1507 3375 Christi,
1530 3309 1624 3378 qui
1657 3309 1747 3362 be-

151 3421 169 3451 ι
219 3401 436 3454 nedixit
474 3415 576 3456 nos
606 3401 658 3454 in
683 3401 834 3455 omni
865 3401 1240 3458 benedictione
1263 3401 1532 3471 spirituali
1555 3401 1608 3454 in
1627 3415 1742 3455 cm-

151 3511 169 3540 ε
221 3490 465 3544 lestibus
495 3489 548 3543 in
571 3489 812 3558 Christo,
859 3490 1000 3546 sicut
1039 3491 1200 3563 elegit
1250 3506 1352 3546 nos
1384 3491 1439 3545 in
1477 3491 1596 3561 ipso
1619 3500 1745 3545 ante

151 3603 168 3631 ι
219 3582 418 3636 mundi
465 3582 936 3649 constitutionem,
992 3590 1054 3636 ut
1074 3597 1320 3638 essemus
1362 3582 1536 3637 sancti
1561 3590 1614 3636 et
1642 3581 1745 3636 im-

152 3693 170 3724 (
215 3673 486 3727 maculati
516 3673 569 3726 in
593 3682 889 3744 conspectu
927 3674 1050 3744 ejus
1079 3675 1134 3728 in
1163 3674 1444 3729 charitate.
1476 3673 1578 3740 Qui
1608 3689 1746 3743 prte-

151 3786 168 3815 ο
215 3765 519 3820 destinavit
542 3781 639 3820 vos
666 3766 720 3820 in
749 3766 1098 3835 adoptionem
1149 3766 1384 3820 ﬁliorum
1435 3781 1532 3835 per
1555 3765 1739 3822 Jesum

151 3875 170 3908 ι
214 3855 507 3910 Christum
533 3857 587 3910 in
613 3857 812 3926 ipsum,
837 3857 1137 3913 secundum
1188 3857 1525 3926 propositum
1551 3857 1744 3911 volun-

151 3967 170 4000 ι
218 3949 354 4002 tatis
383 3963 520 4012 suae,
553 3947 605 4002 in
649 3948 865 4004 laudem
914 3950 1101 4019 gloriae
1141 3950 1330 4021 gratiae
1360 3965 1493 4016 suae,
1536 3950 1590 4002 in
1633 3965 1741 4019 qua

153 4057 170 4089 ι
215 4039 552 4110 gratiﬁeavit
579 4054 680 4094 nos
702 4040 755 4094 in
787 4040 984 4095 dilecto
1013 4039 1151 4096 Filio
1195 4056 1328 4105 suo,
1353 4040 1407 4094 in
1430 4055 1541 4110 quo
1579 4041 1742 4096 babe-

153 4148 170 4180 ι
214 4146 345 4185 mus
359 4129 785 4198 redemptionem
803 4146 899 4200 per
913 4132 1233 4202 sanguinem
1249 4131 1370 4202 ejus
1388 4132 1441 4186 in
1464 4131 1742 4187 remissio-

152 4237 170 4269 ι
213 4232 341 4274 nem
378 4226 762 4289 peccatorum,
794 4221 1094 4275 secundum
1121 4221 1338 4276 divitias
1377 4223 1564 4293 gratia:
1594 4222 1736 4291 ejus,

153 4316 170 4360 ἁ
217 4326 345 4381 qua:
373 4310 842 4380 superabundavit
885 4311 942 4366 in
964 4312 1196 4368 nobisin
1221 4313 1371 4368 omni
1402 4313 1665 4383 sapientia
1686 4320 1741 4368 et

153 4419 170 4450 ι
209 4400 532 4471 prudentia,
560 4409 620 4456 ut
662 4409 854 4457 notum
907 4401 1109 4458 faceret
1131 4403 1288 4459 nobis
1331 4413 1734 4459 sacramentum

155 4511 170 4541 ι
213 4493 524 4548 voluntatis
553 4509 686 4560 suae,
714 4495 1014 4550 secundum
1031 4495 1428 4565 beneplacitum
1451 4497 1572 4566 ejus
1593 4496 1738 4566 quod
1769 4521 1818 4580 ο

155 4603 170 4632 ι
215 4585 510 4654 proposuit
553 4585 607 4640 in
657 4601 757 4653 eo,
815 4587 871 4641 in
921 4587 1330 4657 dispensatione
1382 4589 1736 4659 plenitudinis

155 4698 171 4725 ι
216 4686 534 4746 temporum
563 4678 872 4734 instaurare
911 4679 1096 4734 omnia
1138 4680 1196 4736 in
1249 4681 1490 4748 Christo,
1532 4697 1654 4751 qua:
1679 4682 1736 4737 in

155 4785 171 4817 ι
216 4769 379 4824 caelis
398 4777 455 4823 et
480 4768 535 4823 in
563 4779 707 4825 terra
733 4778 863 4826 sunt
907 4771 963 4826 in
1009 4771 1149 4841 ipso.
1193 4771 1253 4826 In
1279 4788 1390 4842 quo
1427 4774 1592 4828 etiam
1635 4789 1737 4829 nos

155 4883 171 4915 ‹
216 4873 374 4920 sorte
397 4865 577 4920 vocati
606 4882 820 4932 sumus,
850 4867 1222 4937 praedestinati
1265 4869 1566 4924 secundum
1610 4884 1738 4939 pro-

155 4974 172 5008 ι
215 4957 460 5026 positum
488 4956 628 5025 ejus,
657 4959 752 5027 qui
775 4967 1033 5029 operatur
1067 4960 1252 5014 omnia
1286 4960 1584 5016 secundum
1606 4975 1732 5016 con-

154 5065 172 5096 ι
214 5048 342 5101 silia
365 5047 662 5103 voluntatis
681 5064 812 5115 suae,
832 5059 890 5104 ut
910 5050 1084 5105 simus
1099 5050 1155 5104 in
1177 5050 1390 5106 laudem
1413 5051 1598 5121 gloriae
1617 5051 1737 5120 ejus

157 5157 172 5186 ι
218 5154 324 5193 nos
355 5138 452 5208 qui
472 5149 597 5194 ante
619 5142 960 5210 speravimus
988 5143 1044 5196 in
1066 5142 1308 5198 Christo.
1335 5141 1393 5197 In
1414 5158 1524 5213 quo
1549 5153 1604 5198 et
1639 5158 1736 5199 vos

157 5247 173 5277 ι
218 5246 347 5283 cum
374 5229 671 5286 audissetis
700 5233 928 5286 verbum
971 5233 1237 5299 veritatis,
1270 5232 1621 5304 Evangelium
1643 5250 1736 5290 sa—

156 5339 173 5369 ‹
219 5321 352 5375 Iutis
381 5331 578 5376 vestrae
600 5323 898 5392 recepistis.
932 5323 990 5377 In
1019 5340 1129 5393 quo
1157 5333 1211 5378 et
1229 5325 1509 5380 credentes
1537 5325 1736 5396 signati

156 5429 172 5457 ε
217 5411 354 5466 estis
382 5411 587 5481 Spiritu
620 5414 1002 5482 promissionis
1029 5424 1240 5482 sancto,
1269 5415 1366 5485 qui
1411 5425 1497 5471 est
1542 5416 1736 5487 pignus

158 5520 173 5549 ε
221 5503 433 5571 (arrha)
459 5503 787 5560 hereditatis
807 5513 1009 5560 nostra:
1034 5506 1089 5561 in
1099 5507 1526 5576 redemptionem
1545 5508 1736 5578 acqui—

159 5610 178 5642 ‹
217 5593 436 5648 sitionis
466 5595 520 5648 in
562 5596 777 5651 laudem
810 5597 998 5668 gloriae
1020 5598 1213 5666 ipsius.
1237 5597 1528 5669 Propterea
1553 5610 1608 5655 et
1636 5615 1736 5670 ego

161 5701 176 5731 ί
217 5686 448 5741 audiens
473 5686 631 5741 ﬁdem
655 5697 890 5744 vestram
929 5705 1051 5760 qua:
1073 5698 1160 5745 est
1198 5690 1253 5745 in
1303 5689 1527 5747 Christo
1583 5690 1732 5759 Jesu,

160 5790 182 5824 ι
218 5782 274 5830 et
297 5775 644 5834 dilectionem
676 5777 744 5852 in
759 5795 950 5837 omnes
980 5789 1220 5852 sanctos,
1259 5797 1372 5839 non
1401 5798 1559 5840 cesso
1606 5799 1730 5861 gra-

1857 2875 1876 2908 ‹
1922 2855 2027 2910 tias
2055 2869 2220 2925 agens
2248 2869 2349 2925 pro
2369 2854 2558 2924 vobis,
2589 2858 2912 2914 memoriam
2934 2857 3102 2913 vestri
3145 2857 3350 2914 faciens
3375 2857 3432 2912 in

1855 2964 1874 2998 ι
1917 2944 2259 3000 orationibus
2294 2945 2453 3014 meis,
2491 2956 2551 3002 ut
2606 2947 2770 3014 Deus,
2798 2948 3012 3002 Domini
3070 2949 3245 3003 nostri
3299 2949 3429 3005 Jesu

1853 3055 1873 3089 ι
1917 3036 2121 3092 Christi
2143 3035 2304 3094 Pater
2339 3040 2545 3110 gloriae,
2571 3041 2664 3094 det
2683 3040 2839 3095 vobis
2864 3038 3125 3110 Spiritum
3155 3041 3433 3111 sapientiae

1853 3145 1872 3178 ‹
1917 3134 1971 3182 et
2007 3128 2356 3184 revelationis
2378 3130 2431 3184 in
2455 3130 2730 3200 agnitione
2757 3130 2908 3200 ejus;
2933 3130 3267 3187 illuminatos
3300 3147 3432 3188 ocu—

1854 3239 1872 3271 ι
1917 3220 2002 3274 los
2023 3220 2204 3276 cordis
2223 3221 2412 3286 vestri,
2445 3230 2504 3276 ut
2529 3222 2717 3278 sciatis
2745 3238 2869 3292 qua:
2889 3222 2960 3278 sit
2981 3238 3104 3292 spes
3125 3224 3431 3280 vocationis

1852 3331 1870 3364 ‹
1915 3314 2054 3384 ejus,
2075 3323 2129 3370 et
2156 3329 2278 3384 qua:
2299 3314 2500 3368 divitia:
2528 3314 2713 3385 gloria:
2737 3314 3068 3384 haereditatis
3091 3315 3210 3385 ejus
3227 3316 3281 3370 in
3301 3332 3431 3372 san-

1852 3425 1872 3458 ‹
1919 3407 2040 3472 ctis,
2065 3416 2118 3463 et
2138 3422 2261 3477 qua:
2283 3407 2355 3462 sit
2397 3407 2810 3476 supereminens
2849 3407 3168 3477 magnitudo
3213 3409 3432 3464 virtutis

1852 3518 1870 3550 ι
1914 3499 2034 3569 ejus
2054 3500 2109 3552 in
2131 3515 2250 3565 nos,
2273 3498 2367 3568 qui
2407 3497 2682 3552 credimus
2711 3497 3011 3553 secundum
3058 3499 3427 3568 operationem

1852 3609 1870 3642 ε
1912 3591 2167 3661 potentia:
2187 3589 2406 3644 virtutis
2435 3589 2578 3658 ejus,
2601 3605 2765 3660 quam
2801 3598 3058 3659 operatus
3076 3598 3162 3644 est
3188 3591 3243 3644 in
3272 3590 3432 3644 Chri-

1851 3698 1870 3730 ‹
1917 3688 2002 3736 sto
2022 3679 2154 3735 Jesu
2170 3721 2184 3746 ,
2211 3679 2650 3735 suscitansillum
2675 3694 2705 3732 a
2729 3680 2980 3732 mortuis.
2997 3677 3064 3731 Et
3091 3679 3430 3734 constituens

1850 3790 1868 3822 α
1914 3771 1982 3826 ad
2009 3772 2286 3826 dexteram
2341 3786 2497 3825 suam
2544 3769 2600 3823 in
2647 3770 2964 3824 ctelestibus
2994 3785 3159 3838 super
3205 3785 3425 3823 omnem

1851 3881 1869 3913 ι
1913 3862 2299 3932 principatum,
2331 3869 2384 3916 et
2407 3867 2752 3930 potestatem,
2785 3867 2841 3913 et
2866 3858 3141 3924 virtutem,
3165 3867 3221 3912 et
3245 3859 3427 3912 domi-

1849 3973 1869 4007 ι
1915 3955 2211 4009 nationem.
2243 3953 2311 4007 Et
2335 3967 2497 4008 omne
2539 3965 2738 4006 nomen
2769 3951 2916 4020 quod
2961 3949 3278 4004 nominatur
3316 3966 3426 4004 non

1849 4066 1868 4098 ‹
1914 4046 2091 4102 solum
2118 4045 2174 4100 in
2200 4046 2305 4100 hoc
2333 4043 2557 4108 saeculo,
2590 4043 2684 4097 sed
2707 4041 2870 4096 etiam
2897 4041 2950 4094 in
2984 4040 3200 4106 futuro;
3229 4049 3285 4096 et
3309 4055 3428 4095 om-

1851 4158 1869 4190 ι
1915 4138 2008 4192 nia
2037 4135 2270 4206 subjecit
2295 4136 2398 4191 sub
2423 4134 2653 4205 pedibus
2670 4132 2810 4203 ejus.
2840 4132 2908 4187 Et
2931 4133 3111 4202 ipsum
3159 4132 3306 4187 dedit
3342 4147 3429 4186 ca-

1847 4250 1866 4283 ‹
1908 4238 2006 4300 put
2031 4244 2199 4298 supra
2237 4243 2455 4282 omnem
2507 4225 2830 4289 Ecclesiam,
2864 4241 2987 4295 qua:
3015 4232 3100 4280 est
3121 4239 3322 4294 corpus
3341 4225 3426 4294 ip-

1846 4339 1866 4373 ι
1909 4320 2026 4376 sius
2046 4318 2202 4388 231
2234 4326 2288 4373 et
2308 4317 2587 4387 plenitudo
2617 4315 2737 4386 ejus
2761 4315 2855 4384 qui
2889 4315 3150 4370 omniain
3172 4313 3428 4370 omnibus

1845 4431 1865 4465 ί
1907 4410 2252 4481 adimpletur.
2299 4427 2318 4460 ι

2483 4515 2784 4554 EIPOSITIO.

1911 4593 2139 4659 Paulus,
2167 4601 2271 4647 etc.
2306 4589 2509 4644 Paulus
2539 4589 2809 4660 apostolus
2834 4586 3035 4643 Christi
3070 4585 3221 4654 Iesu,
3262 4602 3427 4657 quem

1837 4684 2090 4740 Christus
2118 4682 2280 4738 Jesus
2299 4681 2620 4750 Apostolum
2651 4679 2903 4750 gentibus
2925 4677 3280 4734 consecravit.
3315 4675 3429 4730 Un-

1837 4778 1906 4832 de
1923 4784 2148 4846 apparet
2171 4773 2317 4844 quod
2331 4773 2488 4827 vobis
2501 4770 2798 4841 Apostolus
2819 4769 2910 4823 sit.
2932 4768 3163 4834 Paulus,
3179 4767 3424 4836 inquam,

1837 4867 2105 4938 apostolus
2149 4865 2371 4932 Christi,
2400 4879 2508 4918 non
2551 4877 2649 4931 per
2690 4860 2947 4916 meritum
2976 4875 3158 4925 suum,
3208 4858 3304 4914 sed
3336 4873 3428 4926 per

1839 4959 2014 5015 solam
2046 4957 2369 5012 voluntatem
2391 4964 2444 5010 et
2472 4955 2677 5010 bonum
2701 4951 2962 5022 placitum
2986 4950 3106 5005 Dei.
3141 4950 3232 5004 Sic
3252 4959 3306 5004 et
3329 4963 3424 5004 vos

1837 5049 1982 5119 quod
2014 5048 2143 5102 boni
2170 5047 2303 5101 estis
2345 5059 2456 5099 non
2484 5041 2682 5097 merito
2717 5049 2924 5107 vestro,
2961 5040 3056 5095 sed
3101 5040 3288 5110 gratiae
3330 5038 3427 5094 Dei

1837 5138 2111 5194 referatis.
2144 5135 2642 5204 Paulus,.inquam,
2667 5130 2960 5202 apostolus,
2985 5147 3077 5200 per
3106 5129 3427 5184 voluntatem

1837 5229 1936 5282 Dei
1975 5226 2166 5282 scribit
2193 5224 2434 5278 omnibus
2459 5223 2681 5290 sanctis,
2708 5223 2761 5276 id
2789 5231 2874 5276 est
2895 5221 3312 5291 perfectioribus
3332 5221 3424 5290 qui
3521 5281 3534 5293 ,

1837 5321 1894 5374 in
1915 5319 2211 5374 virtutibus
2238 5316 2432 5373 sanciti
2463 5324 2626 5382 sunt;
2658 5314 2846 5370 scribit
2869 5315 3034 5368 etiam
3079 5314 3344 5383 ﬁdelibus,
3373 5312 3424 5367 id

1835 5421 1919 5468 est
1941 5413 2124 5467 minus
2153 5409 2428 5480 perfectis,
2473 5409 2568 5479 qui
2594 5417 2776 5463 tamen
2808 5408 2946 5462 bene
2968 5417 3323 5462 servaverunt
3345 5407 3424 5461 in-

1837 5505 2142 5576 tegritatem
2167 5504 2311 5559 ﬁdei.
2343 5502 2619 5557 Fidelibus
2644 5503 2768 5557 dico
2787 5502 2843 5554 in
2869 5500 3080 5555 Christo
3100 5500 3249 5567 Iesu,
3274 5500 3326 5554 id
3345 5508 3431 5555 est

1837 5598 1933 5669 qui
1965 5599 2124 5652 ﬁdem
2169 5596 2373 5653 Christi
2419 5595 2546 5652 Jesu
2579 5595 2917 5650 custodiunt.
2970 5593 3181 5646 Sanctis
3217 5592 3342 5647 dico
3375 5601 3427 5647 et

1838 5688 2083 5757 ﬁdelibus
2115 5689 2200 5760 qui
2240 5696 2360 5742 sunt
2394 5686 2608 5757 Ephesi.
2652 5685 2814 5755 Optat
2845 5686 2949 5738 hoc
2976 5683 3198 5738 Paulus.
3242 5681 3430 5736 Gratia

1841 5782 1912 5838 sit
1937 5781 2092 5836 vobis
2129 5795 2504 5852 perseverans,
2550 5777 2646 5848 qui
2694 5792 2803 5831 non
2832 5773 3185 5846 pcccavistis;
3216 5774 3304 5830 his
3331 5773 3433 5832 alti
