3928 6410
556 340 688 409 31:9

1121 344 1179 406 S.
1219 343 1567 407 BRUNONIS
1603 345 2246 406 CARTHUSIANOBUM
2281 347 2771 412 INSTITUTORIS
2802 354 2955 413 OPP.
2992 356 3175 416 PARS
3194 360 3277 417 ll.
3716 368 3790 428 ω

564 461 772 521 saltem
806 459 865 515 in
892 459 1200 518 venialibus
1238 463 1379 535 lapsi
1410 472 1556 531 sunt,
1589 464 1662 520 sit
1704 465 1878 536 gratia
1910 466 2166 522 secundae
2189 469 2241 528 Α,
2263 469 2678 539 mortalitatem,
2714 473 2809 530 sed
2843 483 2904 531 ut
2945 484 3122 532 totum
3164 478 3407 535 referret
3442 483 3620 553 gratia:
3652 486 3731 546 Dei
3756 493 3796 547 τι

576 552 941 610 remissionis.
977 552 1060 609 Sit
1079 554 1245 633 etiam
1269 556 1425 612 vobis
1453 573 1561 627 paa:
1580 573 1613 611 a
1635 555 1744 612 Deo
1766 556 1935 612 Patre
1957 567 2157 627 nostra,

573 656 628 702 et
666 645 893 700 Domino
909 645 1039 701 Iesu
1078 647 1309 714 Christo,
1339 649 1483 704 sicut
1522 664 1666 719 saepe
1700 651 2007 720 expositum
2052 659 2156 708 εει.

576 735 650 792 Ut
677 738 928 793 ostendat
964 754 1126 811 omne
1156 739 1476 796 benclicium
1514 756 1637 797 esse
1680 758 1746 797 ex
1787 742 2159 801 misericordia

575 826 697 895 Dei,
735 830 790 883 in
816 828 1011 900 primis
1057 831 1123 886 de
1169 831 1445 888 beneﬁciis
1481 834 1598 890 suis
1640 833 1753 891 Deo
1799 837 2002 907 gratias
2027 838 2156 910 agit,

573 918 763 975 dicens
799 920 1152 975 :Benedictus
1180 923 1248 975 sit
1282 922 1423 978 Deus
1455 933 1505 979 et
1544 924 1712 979 Pater
1748 924 1961 982 Domini
1990 931 2158 984 nostri

574 1012 703 1067 Iesu
728 1011 947 1081 Christi,
972 1015 1064 1085 qui
1090 1014 1135 1069 si
1164 1014 1325 1072 Pater
1347 1027 1431 1074 est
1453 1017 1677 1086 Christi,
1714 1034 1815 1076 nos
1844 1029 2023 1077 autem
2054 1022 2159 1079 ﬁde

576 1099 675 1156 ﬁlii
695 1101 932 1170 Christi;
957 1104 1037 1159 sic
1066 1120 1163 1175 per
1183 1105 1465 1163 Christum
1496 1107 1657 1164 Pater
1678 1110 1838 1166 nobis
1857 1120 1962 1169 est.
1989 1113 2161 1171 Bene-

575 1192 743 1249 dictio
763 1201 947 1250 nostra
985 1195 1039 1249 in
1074 1195 1206 1264 Deo,
1230 1198 1367 1253 nihil
1390 1200 1539 1256 aliud
1562 1210 1645 1257 cst
1663 1217 1829 1272 quam
1863 1203 2086 1263 laudare
2104 1216 2160 1263 et

575 1287 924 1358 magnificare
955 1288 1184 1359 gloriam
1217 1290 1355 1359 ejus.
1404 1290 1716 1349 Benedictio
1745 1304 1925 1352 autem
1966 1296 2060 1353 Dei
2102 1299 2157 1354 in

572 1381 753 1448 nobis,
781 1382 1041 1439 exaltatio
1070 1384 1249 1440 nostri
1281 1393 1441 1442 estet
1469 1399 1758 1458 provectus
1784 1401 1986 1449 nostras
2007 1393 2157 1450 salu-

571 1473 663 1529 tis.
694 1473 793 1530 llic
816 1492 964 1530 nunc
987 1477 1309 1548 exsequitur
1339 1464 1478 1537 duas
1508 1481 1800 1540 electiones
1834 1483 1930 1541 Dei
1960 1485 2016 1541 in
2053 1500 2157 1541 no-

570 1566 677 1620 bis.
723 1564 989 1634 Primam,
1016 1584 1126 1638 qua
1173 1585 1276 1626 nos
1304 1571 1374 1626 ab
1400 1580 1604 1633 aeterno
1633 1575 1769 1632 tales
1806 1575 2021 1633 futuros
2045 1578 2158 1635 ele-

572 1660 680 1731 git;
708 1663 936 1717 alteram
959 1664 1014 1717 in
1042 1671 1308 1734 tempore,
1337 1668 1559 1738 quando
1583 1670 1743 1727 nobis
1772 1669 2036 1742 Spiritum
2065 1686 2160 1728 co-

572 1763 892 1821 operantem
924 1755 1081 1811 nobis
1104 1757 1537 1817 misericorditer.
1554 1760 1773 1830 infudit,
1800 1770 1855 1819 et
1872 1763 2160 1834 utriusque.

574 1840 856 1899 electionis
903 1846 1293 1916 completiones
1343 1848 1609 1923 adjungit.
1664 1851 1908 1910 Primum
1954 1868 2164 1925 ponens

571 1947 695 2013 eam
720 1950 841 2004 quae
866 1946 1106 2007 tempore
1138 1940 1325 1997 ultima
1361 1942 1442 2010 ﬁt,
1468 1942 1526 1997 in
1553 1960 1663 2015 qua
1695 1945 2164 2002 immortalitatem

571 2012 627 2077 et
650 2018 1141 2106 impagsibilitatcm
1171 2034 1542 2103 recuperaturi
1564 2012 1776 2092 sumus.
1804 2036 1958 2095 Hane
1980 2048 2163 2097 autem

569 2114 703 2183 quia
733 2115 952 2187 dignior
979 2128 1082 2186 est,
1134 2123 1393 2193 proponit
1431 2124 1481 2179 ei
1528 2142 1652 2199 qua:
1693 2129 2018 2200 completur,
2068 2133 2164 2188 ubi

568 2206 752 2261 anima
788 2223 883 2277 per
926 2211 1358 2269 misericordiam
1389 2215 1486 2272 Dei
1513 2218 1582 2273 ab
1615 2234 1781 2275 onere
1810 2231 2163 2291 peccatorum

531 2291 545 2299 ’
569 2294 856 2363 liberatur,
883 2299 1075 2356 dicens
1102 2320 1116 2358 :
1155 2302 1471 2360 Benedictus
1500 2307 1573 2363 sit
1601 2308 1743 2363 Deus
1762 2312 1853 2381 qui
1877 2310 2161 2380 benedixit,

571 2382 628 2437 id
654 2393 739 2439 est
764 2387 1022 2442 exaltavit
1049 2405 1172 2445 nos.
1203 2389 1328 2446 Ideo
1356 2407 1453 2460 per
1479 2397 1813 2463 praeteritum
1842 2399 1989 2468 quod
2015 2397 2165 2454 futu-

573 2489 696 2529 rum
717 2484 803 2533 est
835 2477 1160 2551 designavit,
1186 2489 1247 2536 ut
1272 2483 1584 2540 ostenderet
1620 2497 1678 2542 se
1706 2486 1842 2543 adeo
1866 2496 2073 2545 eertum
2095 2490 2164 2546 de

573 2562 682 2647 hac
702 2563 1310 2638 futurabenedictione,
1335 2573 1610 2642 quomodo
1650 2575 1848 2647 aliquis
1873 2586 2056 2636 certus
2079 2589 2166 2636 est

573 2639 643 2710 de
664 2669 731 2710 eo
755 2658 903 2727 quod
926 2659 1070 2715 videt
1110 2639 1441 2732 pateris—se.
1462 2663 1594 2725 Ideo
1615 2639 1779 2723 etiam
1812 2668 1894 2726 sic
1915 2670 2013 2739 ait,
2034 2671 2165 2743 quia

573 2744 842 2804 intellexit
869 2760 1092 2809 sanctos
1114 2752 1226 2824 jam
1253 2756 1554 2812 secundum
1588 2758 1802 2815 animas
1829 2776 2165 2834 conregnare

570 2836 812 2897 Christo.
846 2841 1128 2901 Benedimit
1178 2861 1271 2900 nos
1312 2846 1456 2905 Deus
1504 2850 1561 2904 in
1604 2852 1748 2907 omni
1778 2850 2158 2911 benedictione.

572 2929 763 3002 somni,
786 2932 919 2989 ideo
942 2934 1072 3012 quia
1093 2935 1366 2994 suﬁiciens
1391 2957 1404 2994 :
1441 2938 1808 2998 Bciwdictione
1839 2944 1963 3002 dico
2002 2948 2164 3018 spiri-

568 3024 764 3093 tualis,
811 3026 938 3082 licet
970 3028 1119 3084 enim
1150 3028 1452 3086 secundum
1472 3044 1671 3103 corpus
1712 3031 1810 3090 ﬁat
1839 3033 1958 3090 haec
1999 3034 2164 3092 bene-

566 3114 759 3185 dictio,
791 3123 972 3175 tam‘en
1001 3129 1087 3177 est
1108 3122 1427 3192 spiritualis,
1464 3125 1593 3195 quia
1624 3125 1766 3182 sicut
1795 3126 2021 3198 spiritus
2062 3127 2163 3183 ho—
2190 3151 2235 3213 ο

566 3207 882 3265 minissolo
915 3210 1118 3267 intuitu
1132 3213 1338 3283 gloria;
1358 3212 1458 3270 Dei
1481 3218 1894 3286 sustentabitur,
1927 3220 2009 3275 sic
2042 3234 2166 3276 cor-

568 3313 677 3369 pus
697 3300 897 3369 pabulo
916 3303 1144 3360 visionis
1165 3303 1262 3360 Dei
1282 3306 1637 3364 saturabitur.
1657 3307 2030 3369 Benedictione
2042 3311 2166 3368 dico

568 3380 758 3441 habita
783 3385 900 3456 jam
941 3388 1269 3458 quibusdam
1311 3394 1612 3448 secundum
1650 3394 1886 3463 animas,
1914 3404 1970 3451 et
2009 3397 2165 3466 plene

572 3476 786 3532 sanctis
815 3478 1071 3537 omnibus
1108 3481 1449 3551 honoranda,
1478 3500 1589 3541 non
1627 3485 1683 3540 in
1712 3486 1818 3543 hac
1856 3496 2025 3556 terra,
2070 3489 2164 3545 sed

570 3566 632 3619 in
661 3567 977 3636 cwlestt'bus,
1006 3579 1065 3628 ut
1094 3572 1259 3629 etiam
1293 3575 1557 3646 dignitate
1576 3575 1684 3632 loci
1708 3577 2014 3636 benedictio
2048 3580 2165 3636 htec

572 3645 1060 3719 commcndabilior
1090 3665 1183 3720 sit.
1213 3645 1496 3722 Benedixit
1543 3668 1688 3736 dico,
1732 3670 1813 3726 sic
1849 3672 1906 3725 in
1950 3670 2163 3728 Christo

571 3749 724 3819 Iesu,
764 3752 820 3808 id
844 3756 1007 3812 estin
1035 3759 1354 3829 operatione
1379 3760 1583 3818 Christi
1607 3760 1758 3831 Jcsu,
1785 3763 1843 3819 in
1867 3780 1981 3836 quo
2003 3764 2164 3826 Pater

571 3843 759 3900 omnia
788 3855 1068 3916 operatur.

644 3930 879 3992 Ostensa
913 3938 1232 4009 impletione
1260 3941 1488 3998 alterius
1511 3941 1814 4010 electionis,
1844 3945 2027 4002 subdit
2053 3947 2164 4003 ele-

570 4024 811 4083 ctionem
826 4044 950 4099 qua:
974 4032 1278 4087 secundum
1286 4033 1734 4103 justiﬁcationem
1755 4036 1952 4092 animae
1971 4038 2166 4108 imple»

570 4124 667 4172 tur
700 4117 803 4172 hoc
831 4125 1094 4189 tempore,
1121 4120 1493 4178 determinans
1532 4122 1849 4192 praedictam
1888 4125 2162 4196 impletio-

574 4221 701 4262 nem
723 4223 845 4264 esse
865 4224 932 4264 ex
952 4210 1329 4268 misericordia
1357 4212 1454 4268 Dei
1480 4229 1579 4283 per
1600 4214 1942 4284 electionem,
1965 4217 2034 4273 de
2054 4233 2164 4290 qua

572 4296 784 4367 subdit,
820 4300 1058 4358 dicens:
1096 4301 1189 4359 Sic
1208 4319 1311 4368 nos
1359 4303 1504 4361 Deus
1539 4320 1608 4361 ex
1646 4306 1820 4378 gratia
1864 4307 2160 4380 benedixit,

577 4389 716 4443 sicut
758 4406 823 4444 ea:
856 4391 970 4446 sola
1020 4393 1194 4464 gratia
1230 4393 1393 4466 elegit
1427 4410 1528 4451 nos
1572 4405 1695 4451 ante
1733 4399 2161 4457 constitutionem

2267 560 2620 632 adoptionem,
2645 564 2699 619 id
2719 573 2803 621 est
2822 565 2879 620 in
2903 566 3379 639 incorruptionem
3401 571 3628 632 ﬁliorum
3644 584 3796 640 esset:

2265 648 2554 722 adoptione
2597 652 2694 708 Dei
2732 655 2892 712 nobis
2940 672 3283 715 concessam.
3333 662 3679 734 Adoptionem
3710 672 3798 729 dico

2264 741 2570 799 habendam
2590 761 2683 815 per
2706 744 2890 802 Iesum
2917 748 3206 806 Christum.
3231 750 3353 809 Nos
3370 753 3498 810 dico
3520 768 3740 817 venturos
3759 765 3796 819 in

2264 838 2464 920 ipsum,
2491 848 2553 896 ut
2577 841 2719 897 sicut
2750 842 2887 914 ipse,
2910 844 2992 901 sic
3015 855 3072 902 et
3106 863 3209 904 nos
3236 849 3583 910 immortales
3613 856 3746 927 232
3763 872 3799 914 et

2264 928 2648 1001 impassibiles.
2666 932 3075 992 Prwdcstinauit
3089 938 3211 995 dico
3222 942 3523 996 secundum
3535 948 3799 1015 propositum

2263 1021 2550 1078 voluntatis
2595 1040 2726 1091 suae,
2770 1025 2823 1081 id
2865 1036 2950 1082 est
2976 1031 3280 1092 secundum
3330 1033 3656 1091 voluntatem
3685 1054 3799 1095 suam

2264 1115 2619 1186 propositam.
2659 1116 3027 1189 Propositam,
3067 1121 3120 1177 id
3147 1132 3230 1179 εει
3258 1124 3350 1179 sic
3378 1125 3452 1179 ab
3482 1133 3671 1183 interno
3697 1144 3799 1199 prs-

2264 1205 2606 1274 ordinatam;
2639 1208 2723 1263 vel
2756 1211 3115 1281 propositam,
3145 1213 3199 1269 id
3226 1223 3316 1270 est
3343 1215 3580 1272 oblatam
3602 1220 3800 1276 omnibus

2266 1296 2563 1365 salvandis,
2591 1297 2698 1355 nisi
2720 1300 2880 1370 culpa
2902 1315 3095 1358 eorum
3123 1302 3464 1374 impedierit.
3498 1305 3800 1364 Pradestisa-

2264 1386 2359 1453 vit,
2405 1386 2648 1458 inquam,
2694 1403 2762 1445 ex
2809 1390 2927 1463 sola
2972 1391 3252 1449 voluntate
3305 1394 3370 1448 in
3416 1395 3623 1451 Iaudem
3647 1397 3798 1468 gloria,

2264 1479 2454 1549 gratia:
2480 1495 2612 1546 sure;
2645 1480 2698 1536 id
2721 1489 2806 1537 est
2832 1480 2902 1537 ad
2925 1482 3031 1539 hoc
3058 1491 3120 1540 ut
3147 1485 3411 1541 laudetur
3437 1487 3608 1558 gratia
3642 1503 3742 1556 sua,
3762 1491 3799 1544 in

2265 1585 2374 1640 qua
2397 1570 2567 1642 gratia
2597 1571 2877 1644 multiplex
2904 1580 2991 1630 est
3029 1574 3220 1646 gloria.
3258 1576 3411 1634 Sunt
3431 1579 3577 1635 enim
3609 1581 3798 1651 quaedam

2266 1661 2454 1733 gratiae
2472 1661 2590 1728 Dei,
2626 1670 2688 1717 ut
2711 1662 2814 1718 ista
2841 1666 3161 1735 temporalia
3197 1684 3326 1739 quae
3344 1669 3442 1739 pie
3474 1670 3744 1736 ministrat;
3762 1672 3798 1725 in

2267 1752 2467 1822 quibus
2516 1768 2629 1809 non
2683 1762 2768 1811 εει
2804 1756 3169 1828 gloriandum,
3201 1760 3301 1816 sed
3352 1760 3412 1816 in
3457 1762 3798 1833 incorruptione

2265 1844 2544 1915 multiplex
2590 1853 2676 1901 εει
2720 1846 2913 1918 gloria.
2959 1848 3026 1904 Et
3076 1850 3183 1908 hoc
3212 1851 3429 1909 dixisse
3477 1854 3797 1915 debueramus.

2265 1935 2394 2006 quia
2422 1936 2659 2006 primum
2686 1938 2877 2009 incipit
2903 1943 3270 1998 communiter
3300 1958 3336 1999 a
3365 1943 3795 2009 benedictionibus,

2264 2043 2387 2099 quae
2410 2027 2549 2084 ﬁunt
2580 2031 2795 2101 publice
2818 2032 3077 2089 omnibus
3095 2033 3285 2104 justis.
3325 2034 3542 2091 Dehinc
3583 2034 3798 2090 descendit

2263 2119 2333 2176 ad
2362 2120 2483 2198 illas
2522 2138 2647 2193 qua:
2688 2124 2828 2179 ﬁunt
2866 2125 3150 2196 apostolis.
3183 2124 3377 2183 Tertio
3412 2127 3596 2184 subdit
3628 2127 3686 2183 de
3707 2126 3795 2191 illis,

2264 2227 2404 2282 quas
2424 2211 2570 2269 Deus
2589 2212 2739 2270 dedit
2758 2213 3030 2287 Ephesiis.

2333 2303 2518 2361 Posita
2556 2305 2757 2378 duplici
2797 2308 3063 2365 electione
3100 2318 3157 2365 et
3186 2309 3463 2382 dignior-is
3506 2309 3796 2380 completione

2263 2394 2568 2464 praemissa,
2591 2395 2774 2451 subdit
2791 2397 3206 2468 eompletionem
3231 2399 3467 2455 alterius
3482 2441 3497 2466 ,
3540 2399 3706 2454 dicens
3722 2414 3736 2450 τ
3754 2394 3797 2448 lu

2263 2499 2366 2555 qua
2394 2485 2567 2555 gratia
2592 2488 2916 2557 gratiﬁcavit
2953 2505 3066 2556 nos,
3097 2489 3154 2545 id
3181 2498 3267 2545 est
3295 2497 3486 2562 gratos
3523 2504 3618 2545 nos
3644 2487 3741 2542 fecit
3759 2487 3793 2538 ir

2262 2574 2456 2630 dilecto
2484 2575 2630 2631 Filio
2659 2594 2778 2646 suo,
2800 2578 2855 2634 id
2876 2579 3036 2635 estin
3069 2579 3173 2635 ﬁde
3197 2580 3385 2636 dilecti
3415 2579 3537 2634 Filii
3559 2579 3656 2645 sui,
3680 2591 3795 2647 quem

2262 2666 2394 2737 quia
2417 2667 2596 2740 diligit
2613 2676 2668 2724 et
2691 2684 2793 2726 nos
2817 2668 2958 2726 ﬁlios
2986 2669 3113 2725 Filii
3143 2669 3229 2726 sui
3251 2670 3456 2743 diligit.
3485 2668 3552 2723 In
3575 2685 3666 2740 quo
3690 2665 3793 2719 Filio

2262 2758 2514 2816 habemus
2537 2761 2966 2833 redemptionem.
2992 2760 3103 2818 Nec
3122 2778 3219 2832 per
3237 2762 3350 2817 vile
3370 2761 3621 2832 pretium,
3642 2756 3719 2814 sed
3733 2770 3793 2825 per

2262 2852 2574 2922 sanguinem
2611 2852 2748 2907 Filii
2775 2851 3030 2910 eﬁ‘usum.
3060 2852 3130 2909 In
3155 2870 3259 2926 quo
3289 2855 3459 2910 etiam
3492 2852 3711 2906 habemus
3735 2863 3792 2899 re-

2262 2942 2569 2997 missionem
2587 2954 2944 3013 peccatorum.
2961 2942 3165 3002 Omnes
3184 2942 3394 3001 babent
3410 2941 3789 3013 redemptionem.

2263 3035 2393 3106 quia
2419 3035 2654 3107 pretium
2682 3035 2958 3093 sufﬁciens
2997 3036 3366 3107 redemptioni
3395 3034 3633 3092 omnium
3657 3032 3695 3085 si
3714 3026 3791 3124 vel:

2264 3127 2397 3194 ient,
2421 3126 2610 3183 datum
2627 3133 2733 3183 est.
2764 3124 2872 3182 Sed
2893 3126 2949 3181 hi
2972 3127 3076 3182 soli
3102 3126 3308 3182 habent
3336 3124 3709 3184 remissionem,
3726 3130 3791 3185 qui

2267 3235 2327 3276 se
2344 3220 2539 3291 dignos
2555 3218 2926 3289 redemptione
2945 3218 3148 3275 Christi
3172 3217 3560 3274 exhibuerunt.
3586 3210 3789 3267 Habeam

2266 3311 2626 3367 remissionem
2653 3309 2943 3365 secundum
2966 3309 3182 3364 divitias
3204 3309 3349 3378 ejus,
3375 3308 3433 3363 id
3454 3315 3535 3363 est
3555 3297 3787 3361 secundum

2266 3402 2496 3473 gratiam
2534 3401 2656 3473 ejus
2685 3400 2743 3456 in
2792 3400 2901 3456 hoc
2943 3400 3191 3467 divitem,
3236 3400 3375 3470 quia
3418 3407 3474 3455 et
3497 3390 3791 3489 originaliaet

2264 3492 2521 3559 actualia,
2560 3498 2618 3548 et
2644 3491 2760 3548 sive
2787 3505 2962 3562 pauca
3005 3490 3228 3559 fuerint,
3270 3492 3392 3547 sive
3439 3488 3618 3551 multa,
3656 3491 3789 3537 omnia

2265 3583 2385 3640 sine
2416 3582 2723 3640 diﬁ‘erentia
2757 3581 2990 3638 remisit.
3031 3581 3387 3639 Enumeratis
3424 3576 3675 3637 beneﬁciis
3703 3582 3789 3640 qua

2263 3675 2471 3730 sanctis
2495 3673 2633 3729 ﬁunt
2652 3675 2709 3729 in
2731 3674 2973 3744 publico,
2994 3674 3064 3729 ab
3084 3673 3189 3728 hac
3205 3665 3788 3759 communitate,

2261 3764 2344 3821 dit
2371 3765 2441 3820 ad
2467 3765 2769 3835 apostolos,
2798 3765 2988 3821 dicens
3021 3784 3035 3820 :
3085 3764 3217 3831 Quae
3242 3766 3445 3836 gratia
3491 3753 3788 3852 abundantia

2263 3857 2414 3912 nobis
2444 3856 2726 3928 apostolis,
2750 3873 2925 3927 super,
2956 3857 3011 3912 id
3034 3864 3119 3913 est
3140 3857 3317 3927 magis
3348 3871 3513 3928 quam
3540 3853 3590 3906 in

2262 3949 2332 4006 Et
2357 3950 2583 4022 dignum
2630 3948 2755 4016 fuit,
2800 3949 2931 4019 quia
2980 3949 3051 4004 ab
3098 3949 3185 4004 his
3224 3946 3506 4019 accepturi
3543 3946 3673 4000 erant
3704 3932 3784 3987 alii-

2263 4043 2574 4099 Abundavit
2617 4042 2743 4098 dico
2771 4042 2828 4096 in
2854 4042 2998 4095 omni
3034 4042 3303 4112 sapientia
3349 4049 3400 4096 et
3427 4022 3785 4130 prudentia.

2262 4135 2523 4206 pientiam
2538 4135 2606 4191 de
2621 4133 2934 4205 cognitione
2952 4131 3262 4188 divinorum
3286 4132 3424 4189 dicit
3448 4150 3462 4184 :
3485 4123 3784 4212 prudentiain.
3886 4123 3887 4189 ᾖ

2263 4225 2421 4296 quasi
2450 4222 2848 4295 Ρτθνίάθηίίδίη
2883 4236 2994 4292 (Illa
3028 4220 3233 4277 Paulus
3257 4222 3400 4277 bene
3436 4216 3627 4311 sciebat
3653 4218 3784 4311 prou-

2262 4316 2392 4372 dere
2424 4316 2542 4371 suis
2565 4312 2844 4370 Ecclesiis.
2874 4312 3056 4380 Omni,
3088 4328 3198 4368 non
3241 4313 3375 4385 quia
3415 4307 3589 4401 omnia

2264 4407 2360 4464 sed
2392 4407 2522 4478 quia
2545 4404 2812 4476 quidquid
2840 4400 2947 4460 sibi
2987 4419 3212 4461 necesse
3242 4414 3380 4471 erat,
3408 4410 3516 4457 tam
3553 4396 3614 4451 de
3635 4390 3783 4444 divinis

577 4479 784 4536 mundi.
809 4478 912 4536 Ubi
935 4482 1158 4552 planum
1179 4492 1265 4541 est
1286 4500 1397 4541 non
1419 4488 1765 4556 praecessisse
1788 4491 2044 4548 meritum
2067 4494 2168 4549 ho—
2197 4493 2243 4547 D
2267 4512 2435 4570 quam
2461 4497 2530 4553 de
2557 4496 2838 4563 humanis,
2865 4496 2923 4550 in
2954 4503 3209 4567 promptu
3237 4495 3526 4551 habebant.
3557 4486 3627 4541 Ita
3651 4487 3782 4546 θαμίν’

575 4571 763 4641 minis.
780 4573 967 4646 Elegit
990 4592 1084 4630 nos
1116 4575 1242 4633 dico
1280 4579 1338 4633 in
1369 4580 1485 4650 ipso
1510 4578 1806 4636 Christoin
1837 4599 1949 4654 quo
1981 4586 2170 4640 omnia

476 4660 481 4666 ’
579 4662 728 4733 fecit,
756 4667 841 4723 vel
874 4668 931 4723 in
969 4668 1088 4740 ipso
1113 4685 1523 4740 permansuros.
1555 4672 1638 4729 Ad
1671 4673 1776 4732 hoc
1799 4677 1964 4748 elegit
1994 4686 2055 4731 ut
2083 4694 2168 4733 es-

574 4773 751 4813 semus
778 4762 954 4815 sancti
993 4770 1045 4817 et
1078 4763 1413 4818 immaculati
1436 4781 1455 4819 :
1474 4766 1651 4821 sancti
1682 4766 1958 4837 positione
1996 4768 2171 4823 bono—

576 4866 723 4919 rum,
766 4852 1104 4910 immaculati
1145 4856 1534 4914 emundatione
1575 4859 1867 4913 malorum.
1907 4857 2171 4917 Essemus

577 4943 768 5013 utique
796 4946 933 5003 tales
961 4948 1018 5002 in
1040 4957 1320 5019 conspectu
1341 4944 1480 5019 ejus,
1508 4946 1563 5003 id
1595 4957 1683 5005 est
1721 4956 1783 5003 ut
1820 4948 2168 5019 conspicere-

575 5050 706 5092 mus
728 5051 855 5093 cum
877 5038 1055 5095 solum
1080 5050 1138 5097 et
1169 5042 1224 5098 in
1260 5042 1416 5097 nullo
1437 5040 1704 5097 mundum
1742 5041 2167 5100 attenderemus.

574 5126 700 5197 -νει,
724 5131 782 5184 in
815 5143 1092 5203 conspectu
1121 5135 1259 5205 ejus,
1288 5135 1344 5191 id
1379 5142 1466 5191 εει
1491 5133 1588 5204 qui
1627 5133 1695 5188 ab
1733 5148 1803 5189 eo
1828 5134 2143 5206 conspicere

464 5270 477 5281 .
577 5237 725 5280 mur.
759 5222 933 5297 Elegit
962 5242 1075 5296 nos,
1101 5229 1246 5296 dico,
1275 5230 1333 5283 in
1360 5229 1645 5295 charitate,
1678 5228 1731 5284 id
1757 5236 1842 5284 est
1868 5229 1925 5285 in
1946 5230 2064 5286 sola
2089 5228 2172 5285 di-

574 5313 833 5372 lectione.
867 5316 1022 5375 Dieta
1048 5320 1314 5376 electione
1346 5334 1470 5391 quae
1506 5319 1599 5376 hic
1627 5320 1932 5391 completur
1975 5330 2169 5376 secun-

576 5405 713 5464 dum
728 5394 1000 5479 justitiam
1030 5411 1247 5479 animae,
1278 5411 1468 5466 subdit
1487 5410 1634 5467 illam
1664 5412 1983 5468 electionem
2008 5410 2168 5483 cujus

565 5496 691 5570 iam
716 5502 1015 5571 praeposuit
1040 5502 1482 5572 completionem,
1510 5502 1699 5559 dicens
1732 5521 1745 5557 :
1779 5501 1955 5574 Elegit
1986 5519 2078 5558 nos
2109 5512 2169 5557 ut

574 5606 810 5648 essemus
832 5596 1042 5660 sancti;
1069 5595 1196 5665 quia
1221 5595 1384 5651 etiam
1408 5595 1826 5668 praedestinavit,
1851 5595 1905 5650 id
1930 5604 2013 5652 est
2032 5612 2170 5667 prat-

570 5684 858 5741 rordin‘avit
884 5687 954 5742 ab
973 5695 1204 5756 aeterno;
1244 5682 1330 5745 vel
1362 5688 1687 5761 praeparavit
1708 5688 1762 5743 in
1804 5697 2049 5759 tempore
2075 5704 2168 5742 nos

584 5781 641 5834 in
668 5778 1003 5850 adoptionem
1032 5779 1266 5850 ﬁliorum
1296 5782 1618 5839 habendam.
1644 5780 1831 5837 Noluit
1855 5780 2037 5837 dicere
2064 5780 2166 5833 im-

2269 4588 2559 4644 abundavit
2582 4596 2639 4642 ut
2672 4587 2820 4641 nobis
2845 4587 3106 4658 apostolis
3133 4595 3312 4641 notum
3335 4587 3528 4657 faceret
3546 4577 3782 4633 sacram

2270 4688 2404 4747 tum,
2436 4680 2492 4736 id
2525 4691 2609 4736 est
2636 4688 2910 4736 secretum
2934 4678 3224 4734 voluntatis
3250 4695 3382 4745 sua,
3415 4676 3468 4732 id
3490 4679 3569 4728 est
3592 4661 3780 4747 οηίὶῦθίιξ
3886 4661 3887 4727 l

2270 4771 2660 4842 redemptionis
2678 4772 2951 4827 humanae.
3001 4770 3417 4827 Sacramentum
3886 4792 3887 4819 ξ

2272 4830 2566 4926 secretum,
2586 4874 2654 4916 eo
2673 4859 2823 4930 quod
2849 4873 2959 4915 non
2980 4859 3256 4926 omnibus,
3279 4858 3376 4913 sed
3398 4842 3578 4927 paucis
3607 4830 3779 4934 illud'll'

2268 4960 2391 5009 seat
2412 4920 2673 5023 aspicere.
2691 4920 2902 5007 nNotnm
2924 4950 3088 5007 faciet
3111 4920 3510 5006 sacramenium
3537 4939 3646 4996 hoc.
3673 4920 3780 5023 id":
3886 4958 3887 5023 ί

2271 5052 2358 5100 εει
2386 5021 2696 5100 instaurare
2734 5042 3023 5099 secundum
3051 5040 3245 5095 bonum
3272 5038 3524 5111 placitum
3555 5024 3673 5097 ιίυδο
3700 5021 3778 5111 “on,

2271 5135 2574 5192 secundum
2603 5134 2861 5190 meritum
2898 5132 3158 5199 hominis,
3186 5131 3316 5202 quia
3346 5116 3779 5221 nullust-reﬁgi:
3886 5180 3887 5221 1

2272 5228 2480 5284 bonum
2505 5227 2767 5298 placitum
2790 5226 2849 5280 in
2874 5241 2934 5280 eo
2962 5222 3182 5279 Christo
3201 5201 3489 5293 proposuit,
3517 5208 3568 5265 id

2274 5291 2547 5373 ordinavit
2570 5316 2641 5372 ab
2659 5321 2885 5372 aeterno.
2917 5313 3014 5369 Vel
3042 5291 3334 5383 proposuit,
3367 5291 3779 5400 idest

2265 5406 2471 5479 posuit,
2488 5405 2852 5464 Deusbonnm
2887 5377 3149 5509 placitum
3180 5377 3776 5509 suauitsi

2264 5501 2378 5555 suit
2399 5498 2522 5555 dico
2548 5500 2606 5553 in
2640 5497 3035 5569 dispensatione
3063 5494 3407 5567 plenitudinis
3438 5481 3725 5584 ωιιξροτξξςε

2264 5590 2435 5648 estin
2472 5559 2813 5683 plenitudine
2839 5598 3166 5697 temporum.
3200 5585 3433 5697 1:33:19“?
3462 5559 3774 5697 θῗῗῃξίᾯ

2268 5683 2551 5790 plenitudo
2593 5677 2904 5790 temporum
2931 5679 3162 5790 dicitur.
3215 5676 3314 5790 Vitl
3340 5665 3772 5790 αξξζξξξξξξβῌ

2270 5776 2531 5850 praedicta
2579 5782 2635 5831 et
2673 5781 2984 5845 cnspectata
3032 5772 3088 5827 in
3130 5786 3200 5827 eo
3242 5784 3338 5841 per
3375 5759 3626 5823 Christum
