3928 6408
155 360 283 418 δῖί

778 358 1162 427 ,ΕΧΡΟΒΙΤΙΟ
1198 358 1266 416 IN
1304 357 1688 418 EPISTOLAS
1722 357 1805 414 PA

1906 355 1952 412 ιι.
1988 386 2058 397 --
2093 355 2161 412 ΙΝ
2199 354 2420 415 EPIST.
2459 359 2552 414 AD
2590 358 2832 429 EPHES.
2911 385 2917 389 '

3351 364 3467 429 332

153 477 469 549 completa.
503 475 602 534 Vel
627 475 928 547 plenitudo,
952 475 1005 531 id
1029 485 1116 532 est
1144 475 1269 532 linis
1298 483 1355 532 et
1374 473 1777 535 consummatio
1805 481 1853 542 Α
1881 469 1998 539 Dei,
2024 470 2161 542 ipsis
2200 471 2396 528 collata
2430 472 2700 545 Ephesiis,
2730 475 2921 533 dicens
2949 493 2961 531 :
3000 475 3070 532 In
3113 494 3219 548 quo
3242 476 3467 543 Christo

159 579 496 641 temporum
548 584 672 640 quae
722 567 868 624 Deus
921 576 1048 623 ante
1094 577 1309 639 tempus
1352 567 1541 639 gratia:
1586 566 1780 637 praeire

157 662 565 719 constituerat.
622 659 968 715 Plenitudine
1012 658 1139 716 dico
1160 673 1402 730 congrue
1443 658 1776 730 dispensata.

158 753 351 810 Prius
385 754 532 809 enim
564 753 737 807 voluit
769 752 916 808 Deus
954 750 1193 823 experiri
1240 751 1514 817 homines,
1538 749 1685 821 quod
1716 749 1784 803 li-

164 848 399 902 bertate
422 844 633 902 arbitrii
653 854 708 900 et
732 844 970 900 naturali
995 845 1111 915 lege
1138 843 1277 899 nihil
1304 850 1547 913 possent.
1575 841 1786 897 Dehinc

166 938 448 1009 scriptam
480 938 653 1008 legem
693 936 936 1003 tradidit,
964 951 1062 1006 per
1100 950 1267 1006 quam
1294 935 1492 990 iterum
1523 934 1786 1003 impoten-

167 1035 266 1081 tes
302 1024 538 1081 evadere
593 1033 878 1093 peccatum
929 1029 1320 1092 apparuerunt.
1370 1020 1438 1075 Et
1493 1030 1784 1091 postquam

166 1118 357 1172 homo
382 1116 626 1186 undique
651 1130 711 1171 se
731 1116 987 1186 cognovit
1006 1114 1380 1185 impotentem,
1406 1122 1539 1169 tunc
1565 1113 1786 1171 demum

168 1209 447 1279 apposuit
494 1206 643 1262 Deus
671 1214 978 1277 opportune
1021 1207 1257 1277 gratiam
1308 1206 1469 1276 cujus
1516 1204 1791 1276 adjutorio

169 1310 376 1370 posset
416 1301 583 1355 homo
609 1299 755 1369 quod
780 1314 877 1368 per
899 1314 958 1354 se
978 1313 1088 1352 non
1113 1305 1347 1368 poterat.

258 1390 583 1445 Instaurare
609 1391 732 1446 dico
769 1391 950 1444 omnia
974 1390 1031 1443 in
1060 1389 1303 1456 Christo,
1323 1388 1376 1444 id
1404 1395 1490 1445 est
1510 1402 1609 1459 per
1626 1386 1791 1444 Chri-

170 1495 358 1550 stum,
384 1501 505 1553 quce
531 1486 586 1537 in
613 1482 757 1538 ccelis
786 1491 909 1537 sunt
938 1481 1279 1553 imperfecta,
1315 1490 1367 1536 et
1408 1497 1527 1552 qua
1551 1481 1607 1535 in
1647 1489 1790 1535 terra

174 1584 318 1631 sunt
339 1591 437 1645 per
464 1582 750 1645 peccatum
776 1581 1055 1644 corrupta.
1095 1572 1180 1628 Ad
1207 1572 1314 1628 hoc
1340 1571 1489 1628 enim
1520 1569 1666 1627 Deus
1710 1569 1793 1625 fe-

173 1664 261 1719 cit
297 1664 585 1727 hominem
615 1672 672 1720 et
695 1664 924 1720 redemit
944 1672 1006 1719 ut
1028 1662 1449 1719 diminutionem
1470 1662 1792 1732 angelorum

175 1755 557 1825 reintegraret
602 1755 810 1810 salvato
864 1753 1107 1810 homine.
1157 1751 1285 1809 Ideo
1324 1752 1489 1809 etiam
1538 1751 1793 1808 Christus

177 1824 421 1901 carnem
447 1847 657 1916 accepit
692 1854 751 1901 ut
781 1845 1062 1901 hominem
1103 1854 1420 1914 corruptum
1468 1844 1524 1899 in
1552 1843 1794 1914 peccatis
1823 1824 1866 1884 Β

180 1945 539 1993 restauraret
564 1938 618 1992 in
646 1937 881 2008 justitia.
920 1936 1027 1992 Sed
1070 1937 1177 1992 hoc
1221 1946 1521 1991 restaurare
1560 1936 1796 1992 diversis

179 2030 375 2084 modis
407 2029 695 2099 accipitur.
724 2028 979 2085 Christus
1009 2027 1158 2083 enim
1183 2028 1288 2083 fuit
1323 2044 1489 2084 causa
1518 2035 1798 2084 restaura-

180 2123 362 2177 tionis
389 2122 749 2192 angelorum;
782 2134 892 2174 non
928 2128 1197 2190 quantum
1228 2119 1297 2174 ad
1339 2132 1436 2174 eos
1474 2117 1794 2174 necessitas.

181 2214 391 2284 Angeli
421 2214 567 2267 enim
605 2212 729 2282 puri
769 2219 948 2278 erant,
987 2210 1112 2266 licet
1145 2209 1475 2281 quibusdam
1502 2208 1671 2265 sociis
1694 2207 1800 2262 im-

186 2305 420 2359 minuti.
445 2303 702 2359 Christus
728 2317 859 2358 vero
895 2318 1064 2359 causa
1106 2310 1161 2357 et
1188 2300 1490 2359 necessitas
1524 2308 1802 2356 restaura-

188 2398 365 2452 tionis
406 2397 714 2451 hommum.
738 2394 921 2451 Causa
963 2403 1026 2450 ut
1060 2409 1157 2464 per
1200 2409 1328 2449 eum
1372 2392 1800 2463 reintegraretur

189 2488 393 2557 lapsus
414 2489 756 2558 angelorum.
787 2484 1099 2542 Necessitas
1127 2485 1251 2540 ideo
1288 2484 1417 2555 quia
1447 2483 1555 2540 nisi
1583 2490 1800 2539 restau—

190 2588 428 2633 raretur
456 2596 489 2632 a
524 2578 770 2644 Christo,
806 2577 1054 2647 perditus
1083 2584 1203 2632 erat
1230 2591 1324 2647 per
1356 2583 1661 2647 peccatum.
1701 2573 1801 2628 In-

188 2678 456 2722 staurare
478 2669 602 2726 dico
630 2684 748 2739 quae
772 2670 829 2722 in
857 2679 1001 2722 terra
1026 2676 1170 2734 sunt,
1194 2667 1273 2725 ita
1299 2666 1439 2738 quod
1456 2666 1513 2720 in
1536 2667 1650 2737 ipso
1679 2681 1805 2735 per—

192 2769 487 2815 maneant.
527 2757 642 2817 Nisi
677 2758 825 2814 enim
860 2759 915 2814 in
950 2758 1055 2814 ﬁde
1091 2758 1211 2829 ejus
1253 2756 1672 2827 permanserint,
1710 2771 1803 2813 rem.

195 2850 477 2904 stauratio
502 2848 662 2920 233
688 2864 881 2904 eorum
913 2847 1063 2904 nulla
1088 2845 1318 2903 erit.Vel
1351 2846 1509 2902 aliter
1539 2863 1552 2900 :
1579 2844 1803 2901 Instau-

199 2960 328 2998 rare
352 2944 410 2996 in
438 2941 651 2998 Christo
676 2958 738 2997 ea
775 2958 893 3013 qua:
919 2943 975 2997 in
1007 2941 1154 3005 prelis
1200 2949 1345 3009 sunt,
1376 2940 1432 2995 id
1454 2948 1542 2995 est
1582 2946 1805 2996 sanctos

196 3051 448 3106 quorum
478 3034 676 3090 animae
710 3035 826 3106 jam
864 3035 922 3088 in
957 3033 1112 3090 caelis
1150 3040 1380 3104 regnant
1412 3046 1538 3087 cum
1560 3030 1804 3098 Christo,

198 3137 258 3182 et
301 3143 369 3182 ea
394 3143 513 3198 qua:
537 3128 595 3181 in
628 3136 772 3182 terra
799 3134 943 3194 sunt,
968 3126 1025 3179 in
1051 3126 1186 3196 ipso,
1214 3125 1269 3180 id
1289 3132 1377 3180 est
1410 3123 1611 3194 justus,
1636 3123 1732 3193 qui
1757 3122 1805 3178 si

199 3219 397 3275 adhuc
422 3219 838 3275 conversatione
866 3225 1122 3274 tenentur
1165 3216 1223 3272 in
1255 3225 1421 3284 terra,
1450 3216 1687 3286 puritate
1723 3226 1807 3272 tas

202 3327 345 3366 men
380 3312 508 3367 vita:
529 3312 647 3382 jam
690 3311 749 3366 in
772 3311 894 3381 ipso
935 3318 1084 3365 sunt.
1116 3308 1371 3365 Dicerent
1398 3307 1621 3378 Ephesii
1648 3327 1662 3363 :
1695 3305 1806 3363 Vos

203 3404 438 3475 quidem
485 3402 718 3473 apostoli
739 3403 809 3458 ad
850 3410 1059 3457 tantam
1102 3400 1443 3456 altitudinem
1470 3399 1648 3456 vocati
1673 3399 1808 3456 estis

205 3498 284 3553 ad
312 3511 485 3568 quam
524 3513 625 3553 nos
664 3511 828 3567 posse
862 3495 1151 3566 pervenire
1185 3494 1413 3550 stultum
1442 3501 1589 3549 esset
1615 3493 1808 3549 saltem

205 3588 457 3661 opinari.
487 3587 572 3643 Ad
598 3589 704 3644 hoc
727 3587 932 3644 Paulus
960 3606 973 3643 :
1031 3586 1097 3643 In
1138 3603 1242 3659 quo
1282 3587 1503 3643 Christo
1526 3587 1689 3641 etiam
1713 3602 1807 3641 nos

206 3681 453 3752 apostoli
476 3681 646 3736 uocati
683 3696 887 3748 sumus,
912 3695 1026 3736 non
1045 3680 1244 3736 merito
1268 3686 1482 3745 nostro,
1506 3692 1615 3733 nec
1632 3678 1810 3749 digni-

209 3782 330 3829 tate
360 3773 597 3843 generis,
622 3773 719 3829 sed
742 3782 906 3839 sorte,
934 3772 988 3828 id
1017 3780 1104 3828 est
1136 3771 1320 3827 divina
1359 3770 1645 3826 electione.
1677 3767 1810 3825 Sors

206 3866 421 3922 dicitur
445 3864 630 3921 divina
658 3865 871 3932 electio,
898 3872 960 3922 ut
978 3863 1199 3935 quando
1222 3863 1525 3918 humanum
1541 3861 1811 3932 judicium

210 3961 425 4028 deficit,
481 3960 774 4017 conferunt
816 3975 877 4015 se
927 3957 1181 4014 homines
1221 3957 1290 4012 ad
1331 3954 1655 4011 electionem
1690 3953 1808 4011 Dei.

209 4053 343 4111 Non
372 4054 552 4109 solum
575 4052 750 4125 gratia
771 4051 949 4107 vocati
980 4064 1196 4116 sumus,
1225 4048 1321 4104 sed
1341 4047 1506 4103 etiam
1536 4045 1814 4121 praedesti-

210 4149 363 4214 nati,
395 4146 450 4201 id
473 4154 559 4201 est
586 4142 895 4215 praeparati,
922 4156 1114 4198 sumus
1152 4138 1443 4195 secundum
1486 4138 1814 4209 propositum

210 4240 360 4310 ejus,
393 4237 449 4293 id
497 4244 583 4291 est
631 4234 934 4292 secundum
963 4232 1109 4304 quod
1157 4231 1331 4302 pietas
1374 4229 1496 4300 ejus
1538 4228 1607 4285 de
1655 4227 1815 4284 nobis

213 4332 531 4404 proposuit.
557 4331 691 4402 Ejus
714 4330 858 4395 dico,
880 4328 970 4398 qui
1000 4326 1145 4381 sicut
1171 4325 1289 4381 haec
1313 4324 1371 4378 in
1396 4322 1576 4388 nobis,
1589 4321 1671 4379 sic
1693 4337 1817 4393 ope-

216 4432 382 4478 ratur
405 4423 585 4477 omnia
605 4423 664 4475 in
691 4419 922 4491 singulis
955 4415 1245 4471 secundum
1267 4413 1549 4469 seruilium
1572 4412 1817 4467 uolunta-

216 4517 296 4569 tis
318 4530 461 4583 suae,
488 4515 543 4570 id
566 4522 654 4570 est
678 4511 979 4569 secundum
1000 4510 1355 4567 ,voluntatem
1396 4523 1555 4564 suam
1585 4507 1817 4563 consilio

221 4616 281 4662 et
306 4605 644 4662 discretione
689 4612 960 4676 agentem.
984 4599 1082 4657 Vel
1117 4601 1230 4656 ita:
1282 4598 1405 4656 Non
1449 4600 1630 4656 solum
1659 4607 1820 4655 vocat

223 4713 333 4753 nos
351 4713 422 4753 ex
434 4697 629 4768 gratia,
653 4696 747 4752 sed
770 4695 932 4750 etiam
950 4694 1041 4765 qui
1060 4693 1260 4761 omnia,
1287 4706 1412 4762 qua:
1429 4699 1559 4763 post
1574 4691 1821 4748 vocatio-

223 4805 359 4846 nem
386 4798 714 4860 sequuntur,
728 4786 1045 4858 operaturin
1058 4784 1218 4840 nobis
1228 4783 1516 4838 secundum
1539 4783 1821 4867 cmtsilium

223 4899 343 4937 suae
369 4880 684 4947 voluntatis,
714 4880 859 4936 sicut
884 4878 1090 4934 dictum
1117 4884 1222 4931 est.
1253 4873 1380 4930 Ideo
1404 4874 1586 4930 vocati
1612 4865 1668 4930 et
1684 4865 1822 4949 pras-

224 4973 512 5040 destinati,
542 4981 604 5026 ut
642 4973 811 5027 simus
834 4972 892 5025 in
925 4970 1140 5025 laudem
1169 4967 1357 5039 gloria:
1383 4966 1519 5037 ejus,
1550 4966 1605 5022 id
1644 4974 1732 5023 est
1760 4974 1823 5022 ut

228 5061 403 5133 digna
450 5062 612 5117 laude
661 5062 1038 5132 gloriﬁeemus
1077 5057 1492 5128 Deumquivuit
1533 5057 1745 5113 laudari
1785 5073 1819 5112 a

228 5156 417 5212 nobis.
449 5153 571 5210 Non
601 5155 748 5226 quod
769 5155 892 5210 laus
921 5161 1109 5208 nostra
1129 5151 1430 5223 quidquam
1452 5149 1700 5205 conferat
1719 5149 1820 5218 illi,

229 5248 333 5304 sed
374 5257 440 5303 ut
472 5247 673 5303 habeat
714 5261 942 5302 causam
993 5242 1369 5300 benefaciendi
1408 5242 1590 5298 nobis.
1639 5240 1826 5299 Simus

231 5339 382 5406 dico,
434 5354 529 5393 nos
567 5340 658 5411 qui
699 5347 983 5409 antequam
1008 5350 1110 5393 vos
1142 5336 1467 5406 speravimus
1494 5335 1551 5389 in
1588 5333 1822 5391 Christo.

232 5427 295 5483 In
328 5436 578 5499 tempore
605 5436 818 5483 tantum
844 5442 943 5482 vos
966 5424 1355 5497 praecedimus,
1372 5424 1466 5480 sed
1491 5424 1539 5479 si
1570 5423 1827 5490 vnltis,in

233 5520 412 5595 gloria
460 5535 571 5576 non
619 5519 998 5592 praecedimus.
1056 5516 1164 5573 Sed
1208 5516 1463 5574 fortassis
1511 5517 1828 5588 praecedens

236 5628 364 5681 nos,
390 5626 521 5667 cum
545 5612 688 5668 dona
710 5611 807 5668 Dei
830 5612 886 5666 in
916 5611 1033 5667 sola
1069 5609 1334 5665 electione
1365 5609 1688 5677 consistant,
1712 5623 1825 5663 non

238 5706 294 5763 in
314 5721 519 5778 genere
536 5748 551 5773 ,
572 5707 659 5763 vel
687 5707 743 5761 in
764 5705 1049 5777 prioritate
1068 5702 1351 5774 temporis.

306 5799 472 5856 Nunc
510 5800 579 5856 ah
624 5800 888 5872 apostolis
934 5799 1257 5856 descensum
1303 5794 1521 5851 facitad
1560 5794 1823 5852 beneficia

1833 3181 1880 3246 C

1881 579 1970 618 uos
2017 564 2195 619 vocati
2239 564 2374 621 estis
2410 565 2554 621 sicut
2588 582 2710 635 nos,
2742 575 2797 624 et
2831 567 3201 638 praedestinati
3244 586 3354 627 non
3395 587 3473 635 ex,

1880 655 2077 711 merito
2105 665 2307 724 vestro,
2339 658 2433 713 sed
2457 675 2578 712 cum
2623 659 2908 715 audissetis
2938 660 3151 716 verbum
3192 664 3465 731 ueritatis,

1881 747 2012 817 quia
2031 762 2101 803 ex
2122 747 2238 803 sola
2259 750 2433 819 gratia
2454 749 2607 805 misit
2633 751 2703 805 ad
2726 766 2827 807 vos
2855 752 3261 821 praedicatores,
3286 764 3342 810 et
3368 770 3465 814 vos

1883 838 2113 895 interius
2152 840 2449 910 inspiratos
2476 842 2667 898 audire
2689 842 2836 899 fecit.
2887 842 2998 900 Nec
3046 845 3223 901 solum
3267 850 3468 917 vocati,

1884 930 1978 985 sed
2012 930 2068 984 in
2087 945 2199 1001 quo
2229 931 2450 987 Christo
2468 948 2567 988 vos
2587 934 2751 988 etiam
2775 934 3057 991 credentes
3092 935 3291 1006 signati
3319 936 3469 1002 estis,

1886 1028 1947 1073 ut
1971 1020 2279 1090 appareatis
2299 1021 2368 1076 de
2402 1021 2596 1078 militia
2617 1021 2844 1091 Christi,
2873 1021 3079 1094 Spiritu
3111 1035 3316 1080 sancto.
3344 1023 3470 1096 Spi-

1886 1112 1994 1166 ritu
2027 1110 2152 1167 dico
2195 1114 2581 1182 promissionis,
2605 1115 2658 1169 id
2699 1123 2784 1171 est
2807 1116 2894 1172 vel
2926 1132 3089 1186 quem
3128 1116 3272 1174 Deus
3312 1116 3472 1172 nobis

1884 1204 2157 1274 promisit,
2203 1205 2290 1260 vel
2324 1206 2420 1277 qui
2439 1204 2697 1276 Spiritus,
2731 1207 2847 1278 jam
2894 1210 3195 1265 secundum
3231 1196 3474 1265 animam

1887 1293 2149 1352 deificans
2188 1312 2314 1364 nos,
2339 1298 2610 1367 promittit
2657 1300 2818 1355 nobis
2853 1300 3317 1358 immortalitatem
3344 1318 3473 1358 cor-

1888 1388 2040 1459 poris
2066 1388 2122 1444 in
2146 1387 2349 1445 futuro.
2390 1388 2496 1456 Qui
2525 1389 2766 1462 Spiritus
2784 1402 2863 1447 est
2886 1393 3096 1464 pignus,
3131 1394 3185 1449 id
3207 1402 3291 1450 est
3310 1394 3477 1449 arrba

1889 1488 1944 1537 ct
1996 1481 2326 1551 principium
2376 1482 2643 1538 habenda
2686 1482 3014 1539 htereditatis
3065 1496 3280 1553 nostra,
3317 1485 3481 1541 nobis

1890 1572 2175 1643 promissa:
2212 1574 2268 1628 in
2296 1573 2480 1630 futura
2519 1575 2712 1646 gloria.
2758 1575 2968 1647 Signati
3011 1578 3146 1633 estis
3186 1579 3246 1633 in
3274 1578 3479 1634 redem-

1891 1668 2141 1737 ptionem,
2156 1666 2210 1721 id
2236 1675 2395 1723 estut
2419 1669 2724 1738 appareatis
2751 1668 2820 1724 de
2853 1669 2941 1724 his
2961 1684 3100 1739 quos
3120 1669 3371 1727 Christus
3394 1685 3482 1725 re-

1894 1758 2084 1816 demit.
2114 1757 2563 1829 Redemptionem
2608 1760 2732 1816 dico
2778 1762 3165 1832 acquisitionis.
3194 1761 3300 1816 Per
3338 1763 3484 1816 hanc

1893 1850 2042 1906 enim
2062 1858 2119 1905 et
2143 1864 2245 1905 nos
2265 1848 2440 1905 Deum
2469 1850 2831 1920 acquirimus,
2853 1859 2909 1906 et
2943 1851 3091 1908 Deus
3112 1868 3221 1907 non
3243 1851 3487 1922 acquisi-

1895 1941 1991 1996 vit.
2031 1939 2216 1994 Vocati
2258 1940 2393 1995 estis
2435 1949 2486 1994 et
2527 1941 2745 2011 signati,
2787 1951 2893 1997 etc.
2940 1940 3008 1995 In
3035 1941 3246 1996 laudem
3298 1942 3486 2013 gloria:

1896 2030 2084 2101 ipsius,
2116 2029 2170 2084 id
2196 2022 2289 2084 'est
2319 2037 2379 2084 ut
2411 2044 2508 2098 per
2527 2044 2626 2084 vos
2670 2029 2920 2084 laudetur
2943 2030 3113 2102 gloria
3145 2031 3286 2099 ejus.
3326 2031 3489 2086 Modo

1897 2120 2224 2179 determinat
2258 2120 2622 2176 intentionem
2658 2137 2838 2190 suam,
2865 2122 3054 2178 dicens
3081 2141 3096 2177 :
3127 2122 3267 2189 Quia
3306 2124 3487 2178 vocati

1899 2212 2230 2280 credidistis,
2255 2220 2311 2267 et
2340 2210 2546 2282 Spiritu
2583 2220 2775 2267 sancto
2806 2212 3005 2285 signati
3026 2214 3192 2293 estis;
3222 2212 3487 2285 Propter-

1899 2322 1962 2360 ea
2001 2321 2095 2376 ego
2134 2305 2212 2377 (et
2230 2304 2407 2361 sancti
2428 2305 2524 2375 qui
2546 2319 2762 2360 mecum
2805 2305 2978 2375 sunt,)
3005 2322 3103 2377 ago
3154 2307 3358 2377 gratias
3391 2322 3490 2376 pro

1900 2398 2148 2465 vobis,'et
2178 2411 2346 2468 agens
2388 2396 2594 2469 gratias
2636 2413 2747 2453 non
2780 2413 2956 2454 cesso.
3005 2396 3107 2454 Hic
3140 2398 3277 2454 bene
3311 2398 3494 2454 innuit

1901 2504 2013 2546 non
2025 2503 2157 2545 esse
2180 2488 2508 2558 torpendum
2537 2488 2647 2544 illis
2668 2489 2962 2544 securitate
2981 2505 3096 2545 sua:
3120 2490 3366 2560 iustitiae,
3389 2489 3490 2545 sed

1902 2578 2054 2635 omni
2082 2577 2219 2633 hora
2251 2578 2322 2635 de
2347 2578 2688 2634 incremento
2716 2578 3074 2650 perfectionis
3106 2579 3491 2634 laborandum.

1904 2669 2040 2742 Ego,
2069 2670 2320 2741 inquam,
2359 2687 2462 2727 non
2487 2687 2630 2725 cesso
2669 2671 2889 2727 audiens
2927 2672 3087 2741 ﬁdem
3118 2681 3345 2737 uestram
3376 2686 3495 2743 quia

1903 2771 1980 2819 est
2004 2763 2061 2817 in
2085 2761 2300 2818 Christo
2322 2761 2472 2819 Iesu.
2504 2762 2620 2819 Hoc
2641 2763 2709 2819 ad
2745 2764 2932 2819 minus
2955 2763 3224 2834 perfectos
3248 2764 3493 2834 respicit,

1905 2856 1975 2913 de
1999 2856 2201 2927 quibus
2222 2855 2282 2910 in
2308 2855 2581 2926 principio
2610 2856 2709 2924 ait,
2737 2855 2991 2927 ﬁdelibus
3019 2858 3077 2910 in
3104 2856 3319 2912 Christo
3339 2855 3491 2911 Jesu.

1904 2947 2140 3001 Audiens
2210 2946 2378 3002 etiam
2426 2945 2766 3001 dilectionem
2828 2954 3054 3000 vestram
3136 2947 3376 3002 habitam
3436 2948 3496 3001 in

1907 3054 2084 3093 omines
2108 3048 2340 3093 sanctos.
2378 3037 2494 3093 Hoc
2526 3038 2596 3094 ad
2615 3037 2969 3109 perfectiores
3000 3039 3242 3109 respicit.
3269 3039 3345 3095 De
3372 3041 3499 3111 qui-

1907 3130 2014 3185 bus
2057 3130 2260 3185 ibidem
2285 3130 2363 3185 ait
2384 3128 2627 3195 omnibus
2665 3131 2886 3185 sanctis.
2914 3128 3041 3184 Non
3076 3146 3237 3197 cesso,
3288 3133 3498 3203 gratias

1911 3240 2070 3297 agens
2097 3240 2195 3295 pro
2214 3223 2378 3293 vobis,
2419 3224 2621 3295 faciem
2664 3226 2974 3279 memoriam
3002 3226 3165 3283 uestri
3190 3227 3250 3280 in
3289 3228 3498 3281 oratio-

1910 3318 2063 3373 nibus
2088 3319 2239 3385 meis,
2271 3333 2372 3389 pro
2392 3316 2658 3373 habendis
2676 3316 2863 3373 bonis.
2888 3315 3057 3383 Quasi
3079 3316 3317 3375 diceret:
3344 3316 3502 3373 Sicut
3574 3378 3591 3387 ι

1905 3407 2021 3480 jam
2059 3417 2283 3478 accepta
2326 3408 2470 3464 bona
2512 3406 2757 3480 intelligo
2789 3422 2915 3463 esse
2937 3422 3006 3463 ex
3045 3407 3219 3481 gratia
3258 3407 3378 3476 Dei,
3419 3410 3505 3466 sic

1910 3502 2087 3557 sentio
2120 3501 2188 3556 de
2220 3501 2477 3557 omnibus
2503 3516 2627 3572 quae
2656 3500 2900 3556 habituri
2920 3501 3074 3557 estis.
3105 3500 3265 3556 Facio
3291 3516 3502 3557 memo-

1909 3593 2047 3648 riam
2070 3593 2263 3658 vestri,
2292 3592 2522 3646 ut.Deus
2549 3593 2768 3648 Domini
2786 3594 2968 3647 nostri
2991 3591 3121 3647 Iesu
3148 3592 3374 3661 Christi,
3398 3607 3502 3648 cn-

1906 3684 1999 3756 jus
2028 3682 2330 3740 secundum
2362 3685 2958 3740 humanam-naturam
2990 3683 3136 3739 Deus
3161 3693 3266 3752 est,
3303 3692 3360 3740 et
3392 3683 3503 3739 Paa

1910 3784 1994 3832 ter
2020 3777 2206 3847 gloriae
2242 3776 2394 3846 ejus;
2428 3774 2684 3831 Christus
2712 3775 2859 3831 enim
2903 3768 3206 3830 secundum
3244 3775 3503 3831 deitatem

1911 3882 2034 3938 quae
2059 3865 2114 3922 in
2134 3881 2201 3922 eo
2225 3867 2397 3938 gloria
2412 3874 2522 3932 est,
2546 3865 2643 3921 Dei
2673 3865 2844 3921 Filius
2867 3875 2970 3934 est,
2994 3874 3056 3921 ut
3088 3865 3233 3921 Deus
3257 3873 3312 3921 et
3340 3865 3504 3921 Pater

1911 3960 1999 4015 det
2024 3960 2168 4015 vobis
2200 3957 2463 4030 Spiritum
2488 3959 2765 4029 sapientia:
2793 3966 2845 4013 et
2866 3958 3224 4025 reuelationis,
3258 3966 3321 4013 ut
3348 3973 3504 4013 revcd-

1909 4052 2020 4107 late
2052 4051 2277 4122 possitis
2303 4050 2605 4123 intelligere
2625 4048 2883 4122 mysteria
2906 4049 3022 4104 Dei.
3048 4047 3340 4120 Sapientia
3354 4050 3502 4118 dico,

1912 4154 1966 4200 et
2005 4142 2354 4199 revelationis
2404 4142 2603 4198 habitae
2648 4142 2705 4195 in
2750 4143 3019 4213 agnitione
3078 4142 3214 4213 ejus,
3243 4151 3302 4198 ut
3331 4141 3504 4198 Deum

1912 4235 2140 4307 ejusque
2167 4234 2424 4308 mysteria
2449 4234 2813 4306 cognoscatis.

1986 4327 2088 4384 Det
2112 4327 2281 4384 etiam
2304 4327 2464 4383 vobis
2486 4326 2820 4380 illuminatos
2856 4325 3057 4394 oculos,
3082 4340 3192 4382 non
3223 4325 3349 4382 dico
3382 4339 3509 4382 cor-

1915 4418 2087 4491 poris,
2111 4420 2207 4475 sed
2232 4417 2407 4472 cordis
2431 4418 2609 4472 vestri.
2634 4415 2830 4488 Tangit
2868 4417 2958 4471 hic
2993 4417 3220 4473 stultum
3259 4431 3507 4472 errorem

1851 4546 1894 4600 υ
1918 4511 2283 4581 quorumdam
2328 4508 2598 4581 (maxime
2643 4508 2959 4580 gentilium)
2999 4509 3096 4579 qui
3134 4509 3190 4563 in
3230 4508 3509 4578 primitiva

1921 4602 2047 4670 fide,
2091 4602 2188 4673 qui
2236 4607 2637 4658 consueverant
2687 4599 2835 4677 idola;
2889 4614 3010 4667 sua,
3060 4615 3186 4670 quae
3232 4600 3512 4655 habebant

1922 4710 2091 4750 manu
2108 4703 2369 4761 tractare,
2386 4691 2549 4764 εει
2576 4691 2843 4762 putabant
2853 4706 2997 4747 caeca
3011 4703 3193 4746 mente
3207 4689 3381 4745 Deum
3390 4698 3510 4745 rem

1924 4784 2241 4856 hujusmodi
2260 4798 2405 4851 esse,
2436 4798 2560 4854 quae
2592 4791 2648 4838 et
2677 4782 2854 4839 oculis
2874 4782 3057 4838 carnis
3083 4782 3277 4849 videri,
3302 4789 3359 4836 et
3388 4797 3511 4860 mag

1925 4876 2087 4933 nibus
2114 4887 2300 4947 posset
2322 4874 2552 4946 palpari.
2576 4874 2679 4929 Det
2701 4875 2846 4930 vobis
2869 4874 3202 4928 illuminatos
3230 4873 3431 4943 oculos,
3453 4884 3513 4929 ut

1926 4969 2113 5023 sciatis
2148 4983 2287 5039 quis,
2328 4967 2383 5022 id
2412 4973 2684 5036 estquam
2723 4966 2887 5036 digna
2909 4978 3018 5032 res,
3045 4973 3104 5020 et
3132 4978 3295 5036 quam
3326 4966 3514 5024 valens

1926 5061 1996 5115 sit
2029 5076 2163 5130 spes.
2202 5058 2322 5114 Non
2366 5066 2579 5112 tantum
2627 5071 2716 5113 res
2751 5065 2993 5129 sperata,
3031 5057 3126 5113 sed
3169 5058 3515 5131 solummodo

1927 5166 2148 5222 sperare
2176 5152 2396 5207 beatum
2422 5157 2525 5205 est.
2555 5147 2688 5215 Quae
2720 5150 2791 5203 sit
2820 5164 2937 5220 spes
2971 5150 3262 5205 motionis
3290 5151 3428 5221 ejus,
3459 5151 3516 5216 id

1924 5252 2010 5300 est
2031 5244 2111 5299 rei
2135 5244 2203 5299 ad
2225 5258 2391 5314 quam
2415 5254 2698 5310 vocamus,
2719 5241 2804 5297 vel
2820 5250 3191 5311 vocatorum,~
3200 5243 3256 5299 id
3281 5252 3368 5300 est
3406 5243 3518 5299 cle-

1926 5344 2140 5391 ctorum
2160 5333 2301 5404 ejus.
2327 5330 2398 5387 Et
2429 5347 2548 5404 quia
2569 5332 2706 5388 sint.
2730 5318 2933 5387 diuitite
2977 5332 3162 5404 gloria:
3188 5333 3516 5389 hereditatis

1925 5427 2062 5497 ejus,
2086 5426 2140 5481 id
2168 5434 2256 5482 est
2298 5440 2464 5497 quam
2513 5424 2678 5496 digna
2714 5424 2789 5480 sit
2829 5424 3120 5485 hereditas
3145 5426 3285 5496 ejus,
3318 5423 3374 5477 in
3406 5437 3518 5494 qua

1931 5527 2064 5576 sunt
2106 5519 2329 5586 divitiae,
2356 5519 2410 5575 id
2432 5527 2518 5574 est
2553 5517 2701 5572 nulla
2724 5517 2975 5588 penuria,
3003 5517 3101 5573 sed
3137 5498 3319 5572 omnis
3337 5514 3514 5585 copia.

1930 5610 1990 5666 ln
2020 5627 2131 5685 qua
2164 5612 2331 5668 etiam
2351 5619 2437 5667 est
2456 5610 2647 5681 gloria,
2688 5610 2743 5664 id
2768 5617 2853 5664 est
2874 5622 3204 5679 permanens
3255 5607 3518 5679 gaudium

1873 5712 1883 5719 ‘
1928 5702 2048 5759 sine
2065 5702 2391 5759 admistione
2400 5701 2622 5757 doloris.
2638 5698 3117 5755 ereditatisdieo
3132 5698 3522 5755 distribuendae

1932 5795 1987 5851 in
2010 5794 2350 5867 quibuslibet
2398 5793 2626 5850 sanctis.
2656 5790 2725 5847 Et
2754 5800 2814 5848 ut
2836 5790 3023 5848 sciatis
3068 5806 3192 5862 qua
3209 5791 3279 5848 sit
3307 5793 3518 5860 magnis
