3928 6440
517 373 622 430 525

1052 369 1108 425 S.
1151 365 1498 425 BRUNONIS
1536 357 2175 422 CARTHUSIANORUM
2215 355 2706 414 INSTITUTORIS
2739 354 2890 411 OPP.
2931 355 3114 412 PARS
3151 355 3215 412 II.
3677 357 3760 418 394

514 487 640 542 tudo
667 485 900 550 virtutis,
925 483 979 538 id
1009 491 1095 538 est
1118 483 1290 538 virtus
1311 482 1430 553 ejus
1469 495 1664 549 magna
1699 486 1754 531 et
1781 477 2088 544 incompre—
2119 477 2166 534 Α
2199 493 2216 523 ι
2263 471 2464 528 ueteri.
2500 470 2646 526 Deus
2667 479 2848 525 autem
2875 470 2970 540 qui
3003 471 3156 526 dives
3179 477 3267 526 est
3303 470 3370 524 in
3395 471 3761 542 misericordia,

513 576 818 632 hensihilis.
851 574 917 629 Et
958 589 1085 629 cum
1117 575 1233 628 haec
1289 571 1602 642 magnitudo
1641 568 1825 623 futura
1877 567 1949 622 sit
1995 581 2092 636 per

511 674 976 732 omnessanctos,
1023 665 1408 735 supereminens
1455 671 1631 715 tamen
1677 659 1864 738 futura
1911 660 1968 712 in
1997 673 2090 711 nos

513 759 808 828 apostolos,
835 757 930 826 qui
954 757 1104 826 prius
1137 755 1261 809 aliis
1299 752 1650 808 credidimus.
1687 750 1752 804 Et
1777 750 1924 821 quod
1951 749 2093 804 hanc

510 849 766 905 virtutem
793 849 937 903 Deus
965 855 1217 917 aperetur
1243 845 1298 898 in
1347 859 1469 909 nos,
1503 843 1680 912 probo
1707 857 1804 912 per
1828 841 1934 896 hoc
1961 840 2092 910 quia

508 940 628 1010 jam
657 949 734 994 est
757 948 998 1010 operatus
1025 953 1140 990 eam
1167 936 1220 988 in
1257 933 1487 988 Christo.
1525 932 1680 998 Quod
1714 931 1794 987 sic
1829 930 1933 985 ait:
1965 929 2092 984 Vir-

513 1040 684 1086 tutem
707 1032 849 1085 hanc
873 1028 1110 1083 futuram
1135 1027 1190 1080 in
1221 1041 1323 1081 nos
1357 1025 1566 1079 allirmo
1601 1023 1886 1077 secundum
1905 1039 2090 1092 opera-

514 1122 708 1174 tionem
727 1119 972 1189 potentiw
1001 1117 1208 1170 virtutis
1241 1115 1375 1184 ejus,
1407 1115 1460 1168 id
1485 1122 1568 1170 est
1597 1112 1894 1168 secundum
1921 1111 2094 1165 virtu-

511 1218 618 1264 tem
668 1209 786 1278 ejus
832 1205 1198 1275 potentialiter
1241 1209 1578 1272 operantem,
1631 1217 1790 1271 quam
1835 1200 2092 1254 virtutem

510 1309 755 1369 operatus
799 1305 876 1351 est
910 1298 966 1350 in
999 1295 1232 1352 Christo.
1282 1293 1349 1347 Et
1387 1294 1528 1347 hanc
1565 1293 1819 1346 virtutem
1849 1290 2089 1361 exponit,

507 1390 813 1460 approbans
844 1405 940 1458 per
962 1388 1068 1442 hoc
1095 1385 1242 1456 quod
1291 1385 1546 1440 similiter
1583 1392 1636 1438 et
1675 1381 1850 1452 possit
1878 1391 1933 1436 et
1961 1395 2092 1451 ope-

507 1489 656 1535 retur
700 1481 756 1534 in
811 1480 990 1534 nobis.
1041 1478 1302 1548 Operatus
1353 1483 1430 1530 est
1473 1477 1717 1529 rirtutem
1763 1475 1819 1527 in
1853 1472 2086 1540 Christo,

505 1573 770 1625 suscitans
803 1570 958 1624 illum
990 1587 1022 1622 a
1043 1569 1290 1634 mortuis,
1333 1583 1432 1636 per
1467 1565 1614 1636 quo‘d
1641 1574 1695 1620 et
1733 1580 1834 1620 nos
1861 1565 2092 1620 suscita-

505 1662 604 1727 bit,
627 1669 682 1716 et
709 1668 931 1730 apparet
972 1659 1120 1728 quod
1165 1658 1355 1727 possit.
1392 1655 1460 1708 Et
1485 1655 1660 1720 illum,
1702 1653 1906 1709 scilicet
1932 1651 2091 1707 Chri-

507 1763 676 1818 stum,
700 1751 1020 1806 suscitatum
1057 1749 1376 1802 constituens
1400 1748 1467 1800 ad
1491 1748 1782 1812 dexteram,
1809 1745 1862 1799 id
1893 1752 1978 1799 est
2020 1745 2088 1800 ad

2199 582 2216 614 ι
2263 571 2483 633 propter
2507 562 2733 617 nimiam
2761 563 3084 618 charitatem
3121 577 3285 618 suam
3317 577 3438 633 qua
3461 563 3644 620 dilexit
3663 581 3761 632 nos,

2199 673 2217 706 ι
2261 663 2316 710 et
2363 669 2489 709 cum
2533 669 2781 710 essemus
2827 655 3028 714 mortui
3080 653 3352 724 peccatis,
3398 655 3766 712 convivilicavit

2199 765 2215 796 ε
2259 759 2360 800 nos
2385 745 2440 799 in
2457 744 2708 813 Christo,
2729 745 2888 815 cujus
2909 745 3084 816 gratia
3109 746 3242 801 estis
3273 745 3506 800 salvati.
3527 743 3590 800 Et
3611 763 3766 804 conro-

2200 855 2218 886 ι
2263 834 2545 890 suscitavit
2557 842 2610 889 et
2623 835 2916 890 consedere
2935 833 3065 890 fecit
3081 836 3134 890 in
3151 836 3494 892 coelestibus
3515 837 3568 890 in
3579 836 3766 894 Christo

2199 945 2216 976 ε
2257 923 2409 994 Jesu,
2467 935 2528 982 ut
2572 926 2888 982 ostenderet
2915 927 2970 982 in
3011 929 3224 984 saeculis
3272 929 3766 998 supervenientibus

2199 1035 2216 1066 ι
2259 1017 2597 1072 abundantes
2609 1017 2830 1072 divitias
2842 1019 3029 1088 gratia:
3039 1035 3151 1074 sua:
3165 1020 3218 1074 in
3229 1020 3502 1074 bonitate
3513 1037 3670 1090 super
3687 1037 3767 1076 nos

2197 1126 2218 1160 ‹
2262 1107 2491 1178 235m
2511 1107 2732 1165 Christo
2753 1108 2904 1165 Jesu.
2933 1110 3120 1166 Gratia
3137 1111 3288 1167 enim
3317 1112 3530 1167 salvati
3554 1113 3676 1168 estis
3693 1129 3768 1183 per

2198 1217 2216 1250 ‹
2263 1199 2425 1254 ﬁdem
2447 1207 2501 1254 et
2529 1200 2636 1256 hoc
2667 1215 2779 1255 non
2807 1217 2875 1256 ex
2901 1202 3091 1270 vobis;
3122 1202 3216 1258 Dei
3241 1204 3408 1258 enim
3443 1203 3646 1260 donum
3685 1213 3766 1274 est,

2199 1307 2216 1340 α
2261 1304 2370 1343 non
2389 1304 2456 1343 ex
2479 1290 2755 1359 operibus,
2781 1301 2845 1346 ut
2867 1299 2936 1347 ne
2957 1294 3082 1362 quis
3117 1294 3416 1364 glorietur.
3447 1293 3626 1364 Ipsius
3649 1297 3766 1351 enim

2197 1397 2214 1429 ι
2254 1393 2445 1434 sumus
2471 1377 2703 1448 factura,
2745 1381 2914 1436 creati
2939 1382 2996 1435 in
3029 1381 3250 1437 Christo
3281 1381 3426 1437 Jesu
3459 1383 3515 1436 in
3545 1385 3766 1453 operibus

2197 1489 2216 1522 α
2259 1471 2439 1538 bonis,
2467 1487 2589 1543 quae
2609 1474 2932 1543 praeparavit
2956 1472 3100 1529 Deus
3123 1483 3184 1528 ut
3205 1474 3261 1528 in
3289 1475 3409 1529 illis
3433 1475 3766 1532 ambulemus.

2197 1580 2216 1612 ι
2255 1560 2482 1632 Propter
2503 1563 2650 1632 quod
2675 1579 2946 1619 memores
2975 1572 3152 1620 estote
3185 1566 3340 1635 quod
3376 1566 3670 1636 aliquando
3691 1583 3767 1621 vos

2197 1672 2215 1703 ‹
2255 1653 2350 1723 qui
2375 1661 2562 1724 gentes
2587 1654 2754 1709 eratis
2796 1655 2852 1708 in
2897 1670 3082 1721 carne,
3127 1656 3224 1726 qui
3271 1657 3618 1712 dicebamini
3660 1673 3768 1727 prie-

2196 1762 2216 1796 c
2258 1744 2470 1814 putium
2527 1745 2596 1799 ab
2641 1761 2706 1800 ea
2755 1761 2877 1816 quae
2919 1747 3119 1802 dicitur
3148 1748 3520 1804 circumcisio
3551 1749 3604 1803 in
3635 1765 3766 1804 carne

507 1845 872 1916 aequalitatem
913 1860 1066 1898 suam
1097 1845 1152 1896 in
1195 1841 1506 1908 caelestibus,
1548 1849 1603 1895 et
1623 1841 1696 1895 ita
1731 1840 1874 1910 quod
1926 1856 2088 1909 supra
2119 1832 2162 1890 Β
2197 1855 2215 1887 ι
2261 1835 2602 1904 manufacta;
2632 1837 2726 1906 qui
2749 1839 2914 1894 eratis
2935 1839 3027 1892 illo
3050 1839 3105 1892 in
3135 1847 3396 1910 tempore
3417 1839 3543 1894 sine
3563 1840 3764 1906 Christo,

508 1953 714 1990 omnem
762 1935 1142 2005 principatum,
1173 1943 1224 1987 et
1265 1941 1598 2003 potestatem,
1631 1940 1680 1984 et
1741 1931 2006 1998 uirtutem,
2037 1937 2088 1984 et

511 2027 946 2080 dominationem.

575 2118 674 2174 Hic
697 2127 934 2190 quatuor
961 2117 1181 2174 ordines
1219 2117 1540 2188 angelorum
1588 2117 1881 2183 habemus;
1912 2123 1968 2172 et
1993 2131 2090 2186 per

503 2210 609 2264 hoc
633 2210 780 2280 quod
805 2210 1051 2280 sequitur
1074 2225 1224 2262 omne
1252 2225 1456 2274 nomen,
1481 2208 1832 2278 intelligimus
1851 2207 2090 2277 reliquos

503 2301 745 2356 ordines.
777 2299 930 2364 Quod
959 2315 1158 2354 nomen
1195 2301 1520 2365 nominatur,
1545 2299 1599 2352 id
1633 2307 1718 2353 est
1759 2297 2091 2353 nominabile

503 2398 610 2456 est,
643 2406 746 2442 non
779 2390 950 2443 solum
969 2391 1024 2443 in
1047 2390 1142 2442 hoc
1165 2389 1379 2456 sarculo,
1405 2389 1494 2443 sed
1527 2390 1689 2442 etiam
1729 2389 2094 2460 quodcunque

513 2481 886 2540 nominabitur
909 2483 966 2534 in
999 2482 1198 2551 futuro.
1234 2480 1349 2536 lloc
1399 2481 1520 2536 ideo
1575 2481 1798 2548 addidit,
1849 2497 1918 2537 ne
1966 2483 2090 2552 quis

504 2572 766 2642 objiceret
791 2573 840 2628 ei
882 2592 896 2628 :
925 2571 1234 2628 Secundum
1263 2573 1369 2628 hoc
1397 2573 1540 2642 quod
1570 2588 1764 2643 parum
1791 2573 1860 2628 de
1885 2575 2092 2645 angelis

506 2664 674 2718 modo
695 2665 1044 2734 cognoscitis,
1069 2664 1308 2720 concedo
1322 2663 1600 2719 Christum
1619 2680 1782 2734 supra
1803 2665 1932 2735 poni
1959 2665 2088 2734 illis,

508 2752 606 2808 sed
649 2754 950 2809 secundum
999 2756 1104 2810 hoc
1135 2755 1282 2825 quod
1316 2755 1384 2809 de
1422 2753 1528 2810 illis
1559 2755 1614 2808 in
1647 2753 1833 2810 futuro
1877 2754 2090 2826 plenius

503 2847 866 2918 cognoscetis,
916 2862 1045 2902 caro
1091 2846 1298 2902 Christi
1351 2860 1464 2901 no.1
1511 2855 1914 2916 supraponetur
1956 2847 2086 2903 illis.

504 2936 712 2993 Contra
733 2938 840 2993 hoc
867 2938 978 2992 ait:
1011 2936 1128 2993 Non
1151 2937 1330 2992 solum
1362 2936 1510 3007 quod
1547 2937 1862 2992 nominatur
1886 2938 1940 2992 in
1985 2939 2092 2994 hoc

503 3031 726 3097 sa-eulo,
758 3029 852 3085 sed
879 3031 1047 3085 etiam
1073 3045 1238 3099 supra
1279 3044 1444 3084 omne
1471 3029 1605 3085 illud
1625 3030 1772 3100 quod
1797 3031 1864 3085 de
1885 3031 2090 3102 angelis

503 3129 868 3192 cognoscetur
913 3122 970 3175 in
1025 3120 1233 3188 futuro,
1271 3136 1396 3177 eum
1441 3121 1794 3192 supraposuit
1833 3123 2089 3178 omnibus

501 3221 558 3268 et
583 3213 769 3268 omnia
800 3214 1090 3283 supposuit
1119 3213 1186 3268 ei.
1226 3211 1460 3279 Quidam
1481 3213 1629 3268 enim
1671 3221 1798 3268 sunt
1825 3227 2092 3283 suprapo—

503 3304 594 3362 siti
615 3303 822 3371 multis,
847 3305 964 3374 qui,
991 3305 1118 3360 licet
1143 3303 1450 3372 inferiores,
1466 3320 1574 3359 non
1601 3313 1786 3360 tamen
1809 3313 1938 3360 sunt
1959 3305 2092 3361 sub-

497 3394 628 3465 jecti
675 3395 777 3450 eis.
827 3391 980 3450 Unde
1021 3397 1098 3449 ait
1155 3413 1169 3448 :
1232 3394 1426 3449 Omnia
1467 3395 1692 3464 subjecit
1747 3395 1842 3448 sub
1873 3396 2091 3465 pedibus

502 3484 616 3552 ejus
641 3481 816 3554 (Psal.
851 3499 970 3548 vm,
1001 3483 1077 3552 8),
1111 3483 1164 3541 id
1191 3491 1277 3538 est
1310 3491 1422 3537 tam
1449 3484 1608 3552 plena
1645 3484 2002 3554 subjectione,
2033 3493 2095 3540 ut

503 3571 596 3628 ille
640 3570 734 3641 qui
775 3571 1004 3640 pedibus
1037 3571 1424 3638 substernitur,
1477 3571 1564 3625 vel
1617 3573 1711 3625 sub
1753 3573 1994 3641 pedibus,
2037 3573 2094 3628 id

505 3671 592 3719 est
617 3662 720 3718 sub
750 3663 1092 3718 humanitate
1131 3661 1338 3716 Christi
1364 3661 1550 3718 omnia
1588 3662 1838 3732 subjecit.
1884 3661 2096 3720 Diceret

511 3756 639 3811 ille:
683 3754 752 3810 Et
779 3755 910 3826 quid
953 3771 1051 3825 per
1087 3755 1194 3810 hoc
1230 3755 1452 3824 probas,
1484 3753 1531 3809 si
1553 3753 1832 3810 Christum
1861 3755 2094 3811 suscita—

504 3855 625 3902 tum
663 3861 830 3916 super
871 3847 1056 3902 omnia
1103 3845 1306 3916 posuit,
1354 3854 1408 3901 et
1451 3845 1638 3900 omnia
1676 3845 1781 3916 ipsi
1827 3846 2094 3916 subjecit?

503 3937 648 3994 Bene
679 3954 774 4008 per
798 3939 902 3993 hoc
943 3938 1138 4007 probo,
1162 3938 1243 4010 ait
1273 3937 1500 4004 Paulus,
1547 3937 1686 4008 quod
1725 3939 1899 4009 ipsum
1935 3938 2094 3994 Chri-

505 4039 652 4086 stum
675 4029 820 4084 Deus
847 4030 992 4083 dedit
1022 4039 1176 4098 caput
1206 4046 1368 4098 supra
1381 4045 1586 4084 omnem
1621 4028 1948 4096 Ecclesium;
1976 4047 2094 4102 qua:

506 4117 749 4174 Ecclesia
779 4127 854 4171 est
880 4135 1066 4188 corpus
1095 4119 1260 4187 ipsius
1290 4117 1512 4174 Christi.
1544 4117 1608 4172 Et
1633 4120 1839 4188 putatis
1864 4121 2010 4190 quod
2035 4122 2094 4176 in

504 4211 688 4280 capite
711 4210 1002 4280 gloriosus,
1034 4210 1166 4264 etin
1198 4225 1428 4279 corpore
1460 4219 1740 4264 remaneat
1767 4211 2094 4282 ignominio-

505 4301 639 4358 sus?
677 4299 920 4356 Ecclesia
959 4309 1044 4356 est
1087 4315 1307 4370 corpus,
1337 4307 1386 4354 et
1410 4299 1680 4370 plenitudo
1701 4301 1814 4370 ejus
1861 4301 2089 4371 Christi,

505 4396 600 4467 qui
631 4393 885 4450 Christus
921 4409 1019 4465 per
1050 4409 1172 4449 eam
1219 4393 1562 4463 adimpletur.
1613 4391 1728 4450 Nisi
1767 4395 1912 4450 enim
1957 4396 2092 4466 justi

2196 1947 2214 1980 ‹
2260 1928 2480 1983 alienati
2507 1943 2540 1982 a
2565 1931 2976 1985 conversatione
3005 1929 3172 1986 Israel
3219 1939 3277 1986 et
3327 1931 3586 2000 hospites
3626 1939 3762 1986 testa-

2196 2039 2213 2072 ‹
2259 2028 2590 2087 mentorum,
2639 2021 3022 2091 promissionis
3067 2037 3220 2092 spem
3251 2039 3374 2078 non
3427 2023 3700 2088 habentes,
3726 2031 3766 2078 et

2196 2129 2214 2161 ι
2260 2112 2379 2167 sine
2423 2111 2535 2167 Deo
2569 2113 2624 2166 in
2657 2113 2762 2168 hoc
2797 2114 3001 2168 mundo
3037 2133 3048 2168 :
3090 2129 3235 2169 nunc
3257 2123 3456 2169 autem
3501 2113 3556 2167 in
3583 2113 3764 2168 Christo

2197 2221 2214 2254 ‹
2259 2203 2386 2259 Jesu
2415 2219 2531 2272 vos,
2579 2205 2673 2274 qui
2723 2205 3015 2275 aliquando
3046 2207 3210 2261 cratis
3258 2206 3458 2276 longe,
3507 2203 3632 2260 facti
3659 2205 3764 2259 estis

2197 2314 2216 2346 ‹
2259 2311 2446 2366 prope,
2497 2296 2552 2350 in
2601 2297 2864 2368 sanguine
2901 2297 3127 2352 Christi.
3182 2295 3309 2368 Ipse
3359 2297 3516 2352 enim
3565 2304 3644 2352 est
3683 2311 3762 2366 pax

2197 2405 2216 2438 ‹
2257 2397 2466 2455 nostra,
2490 2389 2584 2458 qui
2613 2387 2743 2443 fecit
2768 2399 3000 2459 utraque
3029 2405 3228 2456 unum,
3263 2399 3322 2444 ct
3353 2389 3600 2444 medium
3623 2388 3764 2458 parie-

2197 2500 2216 2533 ‹
2263 2487 2371 2535 tem
2413 2480 2666 2538 maceriae
2712 2481 2929 2536 solvens
2975 2479 3296 2535 inimicitias
3355 2479 3414 2534 in
3465 2493 3628 2535 carne
3667 2491 3758 2531 sua.

2197 2595 2216 2626 ι
2261 2573 2460 2646 Legem
2500 2573 2884 2629 mandatorum
2929 2573 3161 2628 decretis
3207 2587 3520 2639 evacuans,
3565 2579 3623 2625 ut
3652 2569 3762 2624 duos

2197 2685 2215 2718 ι
2259 2665 2456 2722 condat
2513 2665 2570 2720 in
2611 2665 2794 2736 seipso
2843 2665 2898 2718 in
2951 2679 3062 2719 uno
3116 2679 3260 2719 novo
3311 2664 3546 2718 homins
3593 2661 3760 2716 faciens

2197 2775 2215 2810 ‹
2259 2772 2470 2828 pacem,
2495 2764 2558 2811 ut
2581 2756 2895 2812 reconciliet
2926 2756 3119 2811 ambos
3150 2756 3204 2810 in
3241 2772 3362 2812 uno
3395 2770 3644 2825 corpore,
3671 2751 3756 2804 Deo

2197 2867 2215 2900 ι
2257 2863 2356 2919 per
2383 2863 2624 2915 crucem,
2655 2847 2988 2903 interficiens
3030 2847 3354 2903 inimicitias
3390 2848 3450 2902 in
3481 2844 3756 2914 semetipso.

2197 2959 2215 2992 ι
2258 2939 2325 2994 Ει
2364 2939 2590 2996 veniens
2631 2939 3022 3011 evangelizavit
3067 2955 3258 3009 pacem
3311 2941 3481 2996 vobis
3503 2938 3595 3009 qui
3635 2937 3759 3004 longe

2197 3049 2216 3082 ς
2259 3029 2461 3098 fuistis,
2510 3038 2566 3085 et
2612 3043 2804 3100 pacem
2854 3029 2942 3085 his
2987 3030 3084 3100 qui
3137 3045 3330 3100 prope,
3381 3030 3639 3101 quoniam
3687 3037 3760 3092 per

2197 3141 2216 3173 ι
2259 3120 2440 3191 ipsum
2485 3120 2750 3177 habemus
2777 3135 3059 3176 accessum
3114 3121 3278 3177 ambo
3324 3121 3384 3175 in
3429 3135 3542 3174 uno
3589 3114 3754 3187 Spiritu

2200 3230 2218 3263 ‹
2261 3212 2330 3267 ad
2363 3210 2601 3266 Patrem.
2653 3209 2797 3284 Ergo
2843 3211 2958 3282 jam
3011 3227 3121 3268 non
3157 3212 3292 3269 estis
3349 3211 3595 3281 hospites
3617 3215 3664 3262 et
3685 3203 3756 3258 ad-

2201 3323 2219 3356 ‹
2259 3317 2430 3370 venas,
2459 3302 2554 3358 sed
2577 3301 2712 3358 estis
2745 3303 2893 3358 cives
2923 3312 3242 3359 sanctorum
3269 3313 3328 3360 et
3359 3300 3640 3360 domestici
3665 3295 3752 3358 Dei,

2201 3413 2219 3446 ι
2264 3393 2676 3464 superaediﬁcati
2724 3409 2888 3465 super
2931 3395 3355 3450 fundamentum
3421 3391 3754 3465 apostolorum

2201 3501 2218 3534 ι
2261 3491 2316 3538 et
2360 3483 2752 3553 prophetarum
2777 3525 2792 3550 ,
2845 3483 2966 3554 ipso
3018 3499 3236 3540 summo
3297 3483 3552 3557 angulari
3611 3475 3753 3547 lapide

2201 3594 2219 3625 ι
2263 3574 2482 3629 Christo
2509 3573 2637 3630 Jesu
2665 3593 2680 3643 ;
2729 3575 2786 3630 in
2809 3591 2921 3646 quo
2946 3577 3128 3632 omnis
3153 3577 3456 3632 aediﬁcatio
3485 3575 3752 3630 constructa

2201 3685 2220 3716 ‹
2261 3665 2460 3720 crescit
2507 3665 2562 3719 in
2611 3667 2872 3736 templum
2917 3679 3170 3722 sanctum
3191 3668 3248 3722 in
3278 3668 3541 3732 Domino,
3587 3663 3636 3716 in
3665 3669 3750 3728 quo

2201 3777 2220 3808 ι
2263 3765 2317 3812 et
2337 3771 2434 3811 vos
2445 3755 2857 3813 coasditicamini
2871 3759 2927 3813 in
2940 3759 3310 3814 habitaculum
3332 3745 3749 3832 [tabernaculum]

2201 3868 2218 3902 ι
2263 3847 2360 3904 Dei
2384 3849 2440 3903 in
2467 3847 2671 3918 Spiritu
2693 3859 2902 3906 sancto.
2949 3871 2968 3903 ι

2833 3957 3133 3997 ΕΧΡΟΒῙΤῙΟ.

2263 4031 2410 4086 Dixit
2431 4031 2686 4103 superius
2714 4031 2984 4102 Ephesios
3022 4049 3088 4088 ex
3125 4033 3398 4090 electione
3427 4033 3520 4087 Dei
3545 4032 3744 4084 vocatos,

2197 4123 2402 4195 Spiritu
2459 4133 2650 4181 sancto
2691 4126 2935 4197 signatos
2962 4167 2977 4192 ,
3033 4141 3200 4196 seque
3241 4142 3346 4197 pro
3389 4127 3472 4182 eis
3513 4134 3656 4178 orare
3703 4119 3750 4166 ιιι

2194 4218 2339 4288 quod
2375 4216 2518 4274 Deus
2555 4218 2642 4288 pie
2691 4219 2856 4288 erepit
2905 4219 2960 4272 in
3012 4219 3120 4274 illis
3171 4221 3502 4290 quotidiana
3547 4208 3746 4285 perﬁciat

2195 4310 2570 4376 incremento;
2617 4319 2673 4364 et
2722 4317 3012 4380 postquam
3043 4319 3156 4365 tam
3187 4312 3388 4383 dignos
3417 4325 3513 4366 eos
3547 4303 3668 4362 dixit
3703 4297 3746 4350 in

2194 4400 2298 4456 hac
2325 4400 2564 4454 novitate
2592 4400 2800 4470 gratiae,
2831 4401 3044 4456 reducit
3069 4402 3150 4457 eis
3191 4403 3259 4457 ad
3285 4399 3603 4457 memoriam
3626 4387 3742 4462 prio-

504 4486 904 4543 resuseitentur
951 4486 1132 4541 eundo
1201 4499 1376 4554 usque
1429 4484 1498 4538 ad
1553 4484 1801 4540 ultimum
1856 4487 2086 4558 justum,
2121 4507 2166 4564 υ
2193 4507 2308 4546 rem
2343 4499 2544 4546 statum
2595 4507 2758 4562 quem
2787 4493 3096 4548 habuerunt
3117 4494 3172 4548 in
3198 4494 3462 4563 peccatis,
3489 4497 3547 4544 ut
3573 4492 3744 4541 memo-

505 4597 706 4652 corpus
729 4579 936 4636 Christi
976 4585 1220 4636 remanet
1267 4577 1663 4649 imperfectum.
1695 4578 1800 4646 Qui
1841 4580 2093 4638 Christus

504 4671 634 4728 licet
675 4673 1012 4743 plenitudine
1053 4670 1311 4726 Ecclesiae
1343 4670 1717 4740 adimpleatur,
1754 4671 1870 4742 ipse
1909 4681 2092 4728 tamen

503 4773 588 4820 est
611 4767 810 4833 omnia,
845 4765 900 4821 id
925 4773 1010 4820 est
1038 4763 1218 4820 omnis
1247 4761 1528 4832 perfectio,
1561 4763 1617 4817 in
1643 4763 1904 4832 oninibus,
1933 4765 1987 4820 id
2007 4773 2093 4822 est

505 4855 562 4911 in
593 4857 824 4928 singulis
851 4857 1133 4924 membris,
1166 4854 1293 4926 quia
1319 4869 1420 4910 nec
1443 4854 1560 4924 ipsa
1589 4855 1832 4910 membra
1861 4866 2093 4926 possunt

505 4950 804 5020 adimplere
828 4965 975 5018 eum,
1007 4950 1113 5005 nisi
1152 4963 1247 5018 per
1273 4948 1476 5016 ipsum.

1141 5035 1370 5092 CAPUT
1411 5035 1474 5090 ll.

582 5152 602 5185 ι
649 5131 716 5186 Ει
763 5147 864 5187 vos
915 5129 1367 5204 [conviviticavit]
1441 5147 1564 5187 cum
1629 5131 1824 5186 essetis
1891 5133 2092 5188 mortui

513 5244 531 5278 ι
577 5223 790 5280 delictis
825 5233 880 5279 et
927 5225 1170 5293 peccatis
1218 5227 1434 5291 vestris,
1478 5226 1532 5279 in
1573 5223 1772 5294 quibus
1801 5223 2094 5292 aliquando

510 5336 530 5370 ι
573 5315 898 5372 ambulastis
908 5317 1208 5371 secundum
1225 5319 1482 5372 saeculum
1499 5315 1690 5370 mundi
1703 5315 1888 5386 hujus,
1905 5329 2096 5370 secun-

509 5429 529 5464 ι
575 5409 706 5465 dum
727 5408 1030 5478 principem
1051 5408 1338 5478 potestatis
1363 5409 1507 5463 aeris
1529 5408 1694 5478 hujus
1719 5406 1976 5477 spiritus;
1999 5406 2096 5476 qui

509 5520 530 5554 ι
575 5515 722 5555 nunc
749 5507 1008 5570 operatur
1051 5500 1106 5553 in
1159 5498 1299 5556 ﬁlios
1337 5498 1662 5564 diiiidcntiae,
1709 5498 1764 5552 in
1797 5498 1998 5568 quibus
2043 5505 2098 5552 et

509 5612 530 5646 ι
573 5607 676 5648 nos
703 5607 900 5649 omnes
927 5591 1222 5662 aliquando
1249 5589 1557 5646 conversati
1579 5605 1770 5645 sumus
1792 5591 1848 5644 in
1875 5589 2095 5646 deside-

507 5705 528 5740 σ
569 5686 668 5742 riis
689 5686 872 5742 carnis
911 5693 1133 5752 nostrae,
1179 5682 1440 5740 facientes
1479 5682 1814 5738 voluntatem
1837 5681 2020 5737 carnis
2041 5690 2097 5737 et

507 5796 528 5833 ι
569 5777 985 5851 cogitationum.
1013 5777 1079 5834 Et
1119 5793 1338 5834 eramus
1381 5785 1572 5832 natura
1603 5773 1698 5830 ﬁlii
1727 5773 1843 5844 irae,
1880 5773 2021 5832 sicut
2039 5782 2094 5832 et

2196 4600 2284 4641 res
2331 4583 2690 4640 immunditia:
2711 4599 2826 4642 suae
2853 4600 2963 4640 non
2993 4585 3229 4642 audeant
3271 4593 3618 4656 praesumere,
3659 4569 3742 4627 nisi

2192 4676 2260 4730 de
2303 4673 2476 4745 gratia
2524 4671 2640 4741 Dei,
2691 4673 2849 4744 quasi
2881 4675 3076 4730 merito
3125 4689 3227 4730 suo
3270 4673 3480 4746 aliquid
3527 4659 3742 4725 novitatis

2193 4766 2500 4822 habuerint.
2564 4765 2768 4820 Iterum
2821 4775 3042 4837 propter
3099 4767 3206 4823 hoc
3255 4765 3635 4824 commemorat
3666 4750 3742 4845 fit

2192 4865 2394 4914 statum
2421 4857 2774 4925 inﬁdelitatis,
2804 4865 2866 4912 ut
2895 4873 3022 4912 cum
3059 4858 3280 4913 videant
3303 4857 3450 4928 quod
3486 4848 3645 4924 gratia
3666 4840 3739 4893 Dei

2191 4964 2288 5005 eos
2347 4949 2414 5004 de
2477 4948 2746 5019 injustitia
2811 4947 2878 5002 ad
2935 4948 3208 5019 justitiam
3269 4946 3512 5010 traxerit,
3567 4941 3738 5029 cntutu

2193 5043 2430 5097 habeant
2453 5043 2622 5112 quod,
2661 5041 2708 5097 si
2733 5043 2848 5112 jam
2866 5041 3004 5112 justi
3035 5041 3303 5108 laborent,
3351 5041 3492 5094 Deus
3529 5029 3614 5102 qui
3655 5021 3736 5077 illis

2192 5133 2413 5203 injustis
2435 5133 2683 5200 contulit,
2715 5133 2888 5188 multo
2917 5133 3156 5202 amplius
3183 5142 3238 5187 et
3265 5130 3518 5188 libentius
3539 5113 3738 5208 conferti

2189 5225 2302 5294 jam
2325 5225 2662 5294 justiﬁcatis,
2705 5225 2754 5279 si
2799 5225 3103 5295 promereri
3143 5225 3432 5280 voluerint.
3469 5211 3734 5302 Littertthsi‘i

2190 5314 2478 5384 iungitur:
2511 5312 2624 5368 Nos
2663 5294 2896 5384 apostoli
2937 5314 3290 5380 credidimus,
3333 5321 3384 5368 et
3407 5323 3501 5364 vos
3525 5294 3732 5358 similiter

2195 5405 2537 5471 credidistis;
2588 5405 2674 5460 vel
2727 5406 2842 5460 ibi:
2899 5403 3044 5460 Deus
3091 5405 3374 5460 suscitavit
3420 5389 3726 5478 Christum

2195 5497 2438 5564 mortuis,
2471 5505 2524 5552 et
2547 5511 2646 5552 vos
2677 5496 2928 5552 similiter
2957 5497 3243 5552 suscitavit
3283 5513 3314 5550 a
3345 5499 3510 5550 morte
3539 5477 3726 5554 peccaui

2191 5587 2277 5641 vel
2321 5601 2450 5642 cum
2505 5586 2672 5642 verbo
2726 5586 2874 5656 quod
2934 5585 3164 5642 inferius
3217 5585 3490 5656 sequitur,
3525 5572 3595 5629 sic
3622 5571 3725 5656 (Ἐπ’

2194 5686 2404 5733 struere
2451 5647 2763 5748 possumus:
2809 5677 3086 5734 Christum
3117 5679 3260 5732 dedit
3287 5647 3436 5748 caput
3465 5677 3608 5736 sui)”
3645 5647 3726 5706 Ea-

2195 5747 2544 5840 clesian‘tpet
2595 5787 2682 5827 vos
2729 5771 3110 5841 convivi/ienuit
3160 5747 3386 5827 Christo.
3441 5747 3722 5830 Quorunth
