3928 6430
120 330 257 389 325

751 326 1117 386 EXPOSITIO
1149 325 1218 384 IN
1256 322 1639 386 EPISTOLAS
1676 322 1903 407 PAULl.
1942 355 2010 364 —
2043 322 2112 380 IN
2150 323 2367 383 EPIST.
2406 325 2499 383 AD
2530 326 2773 407 EPHES.

3258 360 3263 367 '
3321 339 3428 399 326

117 454 330 501 tamen
346 444 631 516 jungatur,
657 444 730 501 ini
763 452 946 501 tamen
974 444 1172 517 pendet
1195 444 1593 512 sententia,ubi
1622 445 1734 501 ait:
1764 444 1816 505 Α
1841 440 1978 498 catis
2017 442 2179 497 etiam
2209 458 2302 497 nos
2336 443 2588 514 apostoli,
2617 445 2761 500 sicut
2807 460 2904 503 vos
2946 447 3165 519 Ephesii
3210 467 3427 525 omnes,

117 536 429 594 Christum
462 538 609 593 dedit
645 548 803 609 caput
832 555 995 609 supra
1030 536 1348 607 Ecclesium,
1380 547 1435 595 et
1466 554 1565 595 vos
1592 539 1740 601 dedit

118 630 394 687 membra
427 631 621 702 ipsius.
683 629 806 699 Vos,
842 632 1090 702 inquam,
1142 648 1259 687 cum
1310 633 1492 686 essetis
1546 631 1746 703 mortui,

118 722 358 778 delictis
381 732 431 779 et
457 724 707 794 peccatis.
736 722 935 779 Mortui
972 724 1116 791 ideo,
1165 724 1294 795 quia
1325 724 1400 779 ita
1440 723 1743 794 consepulti

120 823 373 886 peccato
421 815 569 887 quod
611 815 763 871 nulla
812 815 866 869 vi
914 814 1155 871 humana
1210 825 1463 886 poterant
1516 817 1745 873 evadere

122 907 407 976 laqueum
436 907 666 978 peccati.
718 906 927 962 Delicta
956 915 1134 973 vocat,
1179 907 1399 978 quando
1424 908 1567 979 quod
1598 906 1744 963 Deus

122 998 395 1070 praecipit
422 1014 534 1054 non
557 997 808 1055 faciendo
828 999 1155 1056 deserimus.
1179 999 1410 1070 Peccata
1434 999 1566 1055 dicit
1589 1009 1744 1056 actus

126 1088 296 1155 illos,
323 1087 609 1157 fornicari,
638 1089 831 1158 furari,
874 1100 929 1147 et
975 1091 1311 1163 hujusmodi.
1348 1092 1592 1147 Peccatis
1622 1092 1746 1148 dico

123 1182 358 1249 vestris,
409 1181 465 1236 id
508 1189 593 1238 est
621 1198 744 1253 quae
767 1183 883 1254 jam
907 1184 1318 1240 consuescendo
1343 1184 1399 1239 in
1426 1183 1554 1251 illis,
1586 1184 1746 1255 quasi

128 1283 331 1331 vestra
352 1277 575 1345 propria
598 1275 871 1333 feceratis.
897 1277 1185 1351 Quomodo
1209 1279 1263 1334 in
1288 1280 1526 1350 peccatis
1545 1279 1748 1336 fuerint

127 1367 490 1437 exsequitur,
512 1368 732 1424 dicens:
758 1368 826 1423 In
847 1371 1035 1440 quibus
1058 1371 1296 1442 peccatis
1317 1387 1416 1427 vos
1435 1371 1743 1443 aliquando,

130 1457 199 1513 id
244 1467 332 1513 est
392 1467 637 1530 tempore
674 1459 1030 1529 infidelitatis,
1084 1462 1416 1532 ambulastis,
1470 1464 1525 1519 id
1562 1465 1747 1523 estde

127 1549 294 1603 malo
334 1549 394 1604 in
418 1549 574 1621 pejus
607 1552 1116 1623 praecipitabamini,
1163 1555 1451 1610 secundum
1495 1555 1747 1611 saeculum

133 1640 336 1693 mundi
386 1640 565 1710 hujus,
611 1642 664 1698 id
697 1652 782 1699 est
809 1652 1101 1714 sequentes
1140 1646 1579 1714 saecularitatem,
1624 1662 1748 1718 quae

132 1748 438 1803 nunquam
460 1732 528 1789 de
548 1732 681 1802 Deo,
730 1736 827 1792 sed
864 1751 1079 1808 semper
1106 1738 1339 1795 sollicita
1378 1748 1465 1795 est
1489 1739 1556 1795 de
1580 1756 1745 1795 mun-

1838 533 2002 589 etiam
2052 532 2281 603 Petrus,
2310 533 2619 606 aliquando,
2668 537 2721 591 id
2751 545 2836 593 est
2881 548 3006 596 ante
3052 542 3234 611 tidem,
3299 562 3427 599 con-

1840 624 2034 678 uersati
2059 640 2261 678 sumus.
2305 623 2522 679 Vcrein
2551 627 2829 696 peccatis;
2880 645 3009 684 nam
3056 631 3112 684 in
3150 632 3427 689 desideriis

1840 717 2015 770 carnis
2053 724 2264 783 nostrae,
2306 726 2365 773 ut
2390 718 2536 788 quod
2565 735 2695 775 caro
2724 722 3068 793 suggerebat,
3090 724 3429 782 desiderare-

1842 823 1985 864 mus.
2033 806 2142 863 Nec
2184 809 2361 864 solum
2405 810 2461 865 in
2507 810 2814 880 desideriis,
2853 816 2946 870 sed
2976 816 3140 871 etiam
3172 818 3428 888 facientes

1842 914 2005 970 Opere
2041 904 2361 956 voluntatem
2391 904 2588 970 carnis,
2628 905 2772 960 sicut
2805 907 3091 963 comedere
3135 910 3203 964 ad
3233 926 3429 980 supcr-

1841 990 2127 1059 iluitatem,
2152 1002 2207 1047 et
2231 993 2516 1049 luxuriari.
2569 995 2851 1054 Facientes
2891 1000 3054 1054 etiam
3095 1001 3429 1058 voluntatem

1842 1083 2245 1153 cogitationum,
2280 1084 2334 1138 in
2381 1085 2583 1155 quibus
2625 1104 2732 1143 non
2764 1089 2840 1144 ita
2883 1106 3012 1145 caro
3040 1092 3338 1148 delectatur
3366 1102 3431 1147 ut

1844 1170 2092 1226 laborare
2145 1171 2211 1226 de
2263 1171 2435 1241 gloria
2484 1177 2711 1244 mundi;
2758 1178 2862 1245 vel,
2909 1179 3148 1235 dictante
3202 1182 3429 1255 auaritia

1846 1264 2017 1317 multa
2080 1263 2192 1334 pati
2250 1280 2350 1335 pro
2404 1270 2797 1340 congregandis
2857 1273 3063 1328 multis.
3142 1273 3252 1330 Nec
3308 1284 3431 1333 tan-

1843 1360 1961 1408 tum
2013 1354 2070 1409 iu
2124 1357 2428 1411 actualibus
2476 1358 2615 1427 istis,
2674 1362 2769 1416 sed
2837 1364 3001 1419 etiatn
3059 1382 3287 1434 eramus,
3327 1381 3433 1423 nis

1845 1442 2040 1510 Judaei,
2098 1444 2202 1514 ﬁlii
2273 1448 2369 1500 ira:
2397 1489 2412 1514 ,
2484 1448 2538 1503 id
2600 1458 2684 1505 est
2757 1454 2924 1523 geniti
2993 1456 3061 1511 ad
3135 1458 3430 1514 vindictam

1846 1533 2203 1602 tolerandam,
2242 1526 2457 1604 natura,
2508 1537 2562 1592 id
2617 1548 2702 1594 est
2748 1552 2971 1613 propter
3004 1545 3265 1616 originale
3329 1563 3432 1606 nos

1846 1623 2040 1696 Judz'ei,
2070 1629 2212 1696 sicut
2241 1640 2296 1687 et
2330 1634 2531 1701 czetcri,
2577 1635 2703 1691 licet
2736 1644 2869 1693 tunc
2916 1638 3055 1694 falso
3080 1641 3431 1710 opinaremur

1850 1733 1945 1789 per
1973 1721 2449 1780 circumcisionem
2470 1729 2724 1783 mundari
2744 1745 2775 1784 a
2805 1740 3028 1799 peccato
3041 1731 3189 1787 Adae.
3219 1733 3302 1789 Ira
3333 1733 3432 1790 Dei

132 1823 328 1880 danis_
376 1822 446 1879 Ει
494 1836 553 1881 ιη
599 1828 777 1899 magis
819 1838 1075 1903 aggravet
1108 1838 1414 1900 peccatum,
1447 1831 1596 1888 add“
1638 1848 1746 1889 non
1782 1811 1824 1870 Β
1852 1813 1989 1903 nihil
2017 1815 2163 1870 aliud
2194 1826 2278 1873 est
2319 1834 2484 1889 quam
2511 1821 2769 1878 vindicta.
2804 1823 2863 1879 Si
2888 1826 3291 1894 continuemus,
3346 1828 3434 1884 vel

134 1915 332 1970 solum
369 1918 672 1974 secundum
688 1921 969 1988 saeculum,
987 1921 1080 1977 sed
1105 1923 1271 1979 etiam
1293 1924 1578 1979 secundum
1601 1927 1753 1996 prin-

133 2008 316 2079 cipem
375 2011 683 2080 spirituum,
738 2013 793 2068 id
833 2021 920 2068 est
961 2015 1262 2071 secundum
1321 2015 1598 2073 diabolum
1654 2019 1750 2089 qui

134 2101 409 2173 princeps
439 2112 543 2170 est,
579 2105 868 2174 imperium
900 2107 1108 2164 habens
1141 2124 1304 2179 super
1332 2118 1558 2166 caateros
1588 2111 1750 2166 mali-

137 2208 288 2264 gnos
323 2193 594 2264 spiritus;
622 2197 709 2252 vel
737 2200 1024 2253 secundum
1066 2201 1356 2271 principem
1402 2202 1648 2273 spiritus,
1689 2212 1752 2259 ut

135 2283 437 2340 collective
452 2285 806 2356 accipiamus,
830 2289 989 2360 quasi
1011 2290 1427 2359 daemoniorum;
1455 2291 1540 2347 vel
1560 2309 1718 2347 sesua
1734 2322 1749 2334 -

137 2374 277 2429 dum
305 2377 601 2448 principem
620 2380 924 2449 spirituum,
957 2381 1013 2437 id
1042 2390 1127 2438 est
1156 2382 1385 2439 aliorum
1415 2384 1746 2445 daemonum.

140 2465 311 2524 Sicut
355 2469 504 2524 enim
545 2470 601 2525 in
649 2472 810 2530 bonis
853 2474 1063 2545 angelis
1109 2475 1332 2546 quidam
1361 2477 1569 2547 praelati
1597 2487 1748 2545 sunt,

137 2560 379 2631 quidam
407 2562 634 2632 subditi,
665 2564 747 2621 sic
782 2564 836 2620 in
867 2566 1125 2639 malignis
1144 2567 1524 2624 distinctiones
1548 2568 1749 2624 easdem

139 2660 306 2719 sunt,
360 2660 417 2708 et
461 2662 642 2710 tamen
686 2672 831 2713 unus
885 2658 1037 2714 solus
1066 2658 1324 2716 omnibus
1344 2660 1601 2730 praelatus
1629 2674 1751 2716 esse

141 2747 417 2803 creditur.
440 2747 747 2822 Principem
767 2753 890 2809 dico
916 2755 1193 2824 potestatis
1212 2756 1353 2810 aeris
1379 2755 1557 2826 hujus,
1583 2755 1639 2811 id
1667 2764 1754 2813 est

140 2839 245 2908 qui
277 2848 607 2909 potestatem
638 2843 801 2901 habet
842 2845 899 2900 in
946 2846 1053 2902 hoc
1078 2862 1205 2903 aere
1228 2866 1243 2915 ;
1268 2856 1576 2904 commovet
1600 2848 1751 2904 enim

142 2931 480 3002 plerumque
504 2942 696 2991 ventos
734 2943 790 2991 et
818 2937 1064 2995 turbines
1084 2939 1141 2994 in
1170 2955 1314 3007 aere,
1337 2940 1538 3011 quibus
1558 2951 1752 2998 noceat

144 3023 496 3092 hominibus,
537 3034 591 3081 et
632 3026 901 3084 fructibus
947 3037 1127 3097 terrae,
1167 3039 1228 3086 ut
1256 3039 1452 3088 ventus
1475 3032 1567 3088 ille
1594 3033 1752 3103 quia

141 3115 384 3186 regione
416 3116 620 3173 deserti
662 3119 909 3188 veniens,
961 3122 1180 3177 submit
1219 3123 1466 3191 domum,
1510 3131 1566 3178 et
1610 3124 1752 3179 ﬁlios

140 3203 257 3262 Job
295 3210 575 3277 oppressit
611 3211 776 3283 236
820 3212 890 3267 ab
918 3227 985 3268 eo
1009 3211 1131 3284 (Job
1164 3230 1202 3281 ι,
1234 3214 1341 3286 19),
1393 3214 1754 3285 permissione

145 3304 343 3353 tamen
364 3296 484 3366 Dei,
498 3301 738 3357 creditur
758 3303 1058 3359 immissus.
1075 3301 1225 3371 Quos
1244 3306 1512 3376 malignos
1526 3306 1754 3375 spiritus

147 3388 279 3443 ideo
320 3388 382 3443 in
430 3405 557 3446 aere
595 3395 909 3449 conversari
950 3393 1095 3451 Deus
1118 3395 1410 3465 disposuit,
1456 3397 1585 3467 quia
1613 3398 1662 3453 si
1696 3398 1753 3453 in

145 3486 303 3534 terra
335 3495 465 3543 cum
500 3482 816 3540 hominibus
860 3494 1063 3554 essent,
1109 3494 1164 3541 et
1192 3486 1403 3543 fructus
1432 3495 1591 3543 terra:
1631 3503 1753 3542 cor-

68 3617 75 3623 .
146 3580 498 3641 rumperent,
540 3583 595 3630 et
622 3575 876 3632 homines
916 3576 1069 3647 ipsos
1109 3578 1521 3634 intolerabiliter
1551 3577 1755 3650 adlige—

146 3669 298 3717 rent.
328 3661 436 3718 Per
462 3663 568 3721 hoc
602 3674 784 3721 autem
811 3668 959 3738 quod
984 3684 1082 3725 eos
1105 3670 1323 3726 vocavit
1365 3671 1612 3741 spiritus,
1639 3672 1757 3728 vult

147 3753 411 3811 curiosos
438 3756 664 3818 reddere
715 3758 969 3815 homines
1016 3768 1075 3815 ut
1120 3761 1348 3831 provide
1385 3770 1570 3833 agant,
1623 3763 1755 3834 quia

150 3843 336 3902 hostis
370 3847 469 3918 qui
510 3849 779 3916 imminet,
833 3852 1122 3909 invisibilis
1153 3862 1255 3910 est.
1289 3853 1394 3910 Per
1423 3855 1528 3911 hoc
1554 3855 1754 3911 iterum

151 3938 308 4010 quod
363 3939 422 3994 in
478 3955 603 3997 aere
648 3956 771 3998 esse
821 3942 979 4011 dixit,
1010 3943 1305 4001 dereodem
1343 3960 1447 4002 nos
1476 3947 1752 4017 admonet,

151 4034 291 4104 quia
321 4034 614 4092 insidiator
637 4053 808 4109 prope
832 4048 937 4096 est.

230 4124 342 4192 Qui
373 4127 627 4199 princeps
666 4130 918 4188 diabolus
960 4149 1116 4199 nunc,
1168 4135 1389 4204 quando
1434 4151 1534 4192 vos
1582 4138 1756 4208 gratia

154 4215 259 4273 Dei
289 4218 365 4273 ab
396 4234 466 4275 eo
507 4220 778 4290 liberavit,
816 4233 1066 4295 operatur
1093 4227 1149 4280 in
1173 4226 1316 4296 ﬁlios
1345 4227 1670 4299 difﬁdentiae,
1701 4230 1756 4286 id

153 4317 246 4364 est
275 4309 349 4365 de
380 4325 615 4380 quorum
642 4314 815 4370 salute
841 4330 943 4370 nos
964 4315 1296 4385 dillidimus;
1346 4317 1581 4390 Spiritus
1610 4322 1756 4376 enim

154 4402 509 4474 significabat
538 4404 710 4462 Paulo
731 4406 788 4462 in
818 4408 1019 4479 quibus
1063 4409 1314 4466 laborare
1343 4410 1582 4479 deberet,
1617 4421 1673 4468 et
1700 4413 1757 4469 in

1854 1902 1923 1957 ad
1958 1904 2089 1960 illud
2112 1908 2258 1977 quod
2295 1909 2370 1964 ait
2403 1909 2553 1966 :Nos
2569 1914 2925 1983 credidimus,
2976 1925 3030 1972 et
3070 1934 3169 1974 vos
3200 1920 3434 1983 credidi-

1854 1993 1953 2048 stis
1977 2013 1992 2062 ;
2017 1996 2103 2050 vel
2130 1997 2198 2052 ad
2226 1999 2357 2055 illud
2381 2020 2393 2054 ε
2423 2001 2706 2061 Suscitans
2723 2005 3004 2062 Christum
3029 2015 3085 2061 et
3108 2023 3209 2063 vos
3253 2009 3433 2065 susci-

1853 2090 2021 2154 tavit;
2046 2099 2178 2148 tunc
2198 2092 2287 2150 hic
2326 2094 2463 2159 bene
2477 2111 2670 2159 versus
2720 2099 2843 2154 erit.
2880 2098 2938 2154 Si
2963 2109 3147 2161 autem
3204 2099 3435 2159 inferius

1852 2183 1921 2237 ad
1953 2183 2108 2252 illud,
2141 2188 2548 2257 conviviﬁcavit,
2578 2191 2890 2262 porrigatur
2911 2195 3270 2263 constructio,
3294 2210 3435 2283 non-

1853 2276 1984 2333 dum
2021 2278 2209 2334 ﬁnitur
2235 2297 2427 2340 versus
2448 2284 2522 2339 ita
2550 2286 2800 2342 dicendo.
2839 2287 2973 2343 Cum
2987 2290 3187 2346 essetis
3214 2276 3432 2359 mortui,

1853 2372 2237 2442 convivi/ienuit
2266 2391 2365 2431 vos
2389 2375 2634 2442 Christo;
2662 2378 2808 2436 Deus
2831 2388 3019 2436 autem
3053 2381 3157 2437 fuit
3182 2383 3278 2453 qui
3303 2398 3436 2438 con-

1851 2463 2176 2533 vivilicavit;
2208 2468 2315 2534 vel,
2338 2468 2385 2523 si
2417 2469 2490 2524 ibi
2516 2469 2643 2527 finis
2690 2480 2795 2538 est,
2824 2489 3018 2529 versus
3047 2474 3127 2530 sic
3148 2476 3437 2533 continua-

1852 2555 2212 2630 bimus:Nos
2255 2560 2475 2630 quidem
2498 2576 2721 2619 eramus
2766 2564 2821 2618 in
2867 2567 3128 2636 peccatis,
3170 2568 3262 2622 sed
3290 2567 3435 2623 Deus

1851 2649 1941 2718 qui
1971 2651 2113 2705 dives
2133 2661 2213 2706 est
2235 2660 2290 2707 ct
2313 2654 2572 2725 copiosus
2620 2655 2677 2709 in
2696 2658 3085 2727 misericordia,
3118 2660 3437 2716 misericor-

1851 2741 1940 2797 dia
1969 2744 2117 2797 enim
2138 2743 2261 2813 ejus
2289 2761 2455 2817 super
2481 2747 2666 2804 omnia
2705 2765 2871 2821 opera
2900 2751 3021 2824 ejus
3048 2751 3222 2823 (Psal.
3253 2767 3435 2821 CXLIV,

1853 2832 1931 2901 9),
1957 2837 2102 2894 Deus
2130 2836 2321 2906 utique
2360 2849 2576 2910 propter
2615 2843 2938 2897 alacritatem
2989 2860 3142 2899 suam
3188 2845 3434 2911 nimiam,

1855 2927 1908 2982 id
1931 2936 2036 2994 est,
2067 2928 2671 2998 incomprehensibilem
2692 2948 2798 3001 qua
2817 2932 3086 2988 cbaritate
3105 2933 3298 2988 dilexit
3318 2950 3434 2991 nos.

1854 3018 2117 3075 Putarent
2150 3021 2228 3075 illi
2260 3039 2274 3076 :
2300 3019 2497 3076 Dilexit
2515 3037 2617 3078 nos
2640 3023 2997 3093 justiticatos,
3021 3025 3116 3081 sed
3147 3041 3259 3081 non
3288 3029 3437 3097 quod

1854 3112 2032 3183 diligit
2057 3114 2360 3184 aliquosin
2416 3125 2658 3185 peccato.
2686 3117 2768 3173 Ad
2824 3119 2929 3183 hoc
2966 3119 3166 3175 Paulus
3195 3139 3208 3174 :
3239 3120 3438 3179 Dilexit

1856 3204 1980 3259 dico
1997 3205 2164 3262 etiam
2191 3223 2311 3261 cum
2334 3224 2562 3264 essemus
2585 3212 2781 3266 mortui
2800 3217 3048 3283 peccatis.
3083 3214 3161 3272 Ne
3189 3217 3438 3275 videatur

1854 3295 2186 3363 absurdum,
2210 3298 2359 3367 quod
2391 3298 2538 3355 Deus
2558 3300 2785 3373 diligere
2826 3303 3028 3359 dicitur
3058 3305 3332 3362 hominem
3379 3308 3437 3365 in

1855 3375 2128 3455 peccatis;
2153 3396 2461 3444 creaturam
2480 3391 2625 3449 enim
2657 3409 2813 3450 suam
2858 3395 3061 3465 ubique
3118 3413 3334 3470 semper
3354 3400 3438 3456 di-

1853 3475 1993 3547 ligit,
2018 3478 2113 3533 sed
2138 3478 2345 3534 malum
2378 3481 2604 3551 quodin
2635 3498 2701 3541 ea
2720 3493 2825 3550 est,
2854 3485 2987 3540 odit.

1924 3566 2091 3637 Deus,
2115 3569 2368 3640 inquam,
2393 3572 2524 3641 quia
2573 3573 2763 3630 dilexit
2799 3591 2901 3632 nos
2948 3580 3353 3650 convivi/ienuit,
3382 3583 3437 3638 id

1853 3667 1940 3715 est
1969 3660 2147 3717 vivere
2166 3678 2259 3717 nos
2296 3661 2422 3719 fecit
2446 3679 2545 3735 per
2562 3665 2835 3736 justitiam
2875 3669 3093 3737 animae,
3119 3670 3350 3740 Christo,
3382 3673 3438 3730 id

1852 3763 1940 3811 est
1972 3754 2041 3809 ad
2064 3755 2479 3812 similitudinem
2495 3757 2730 3827 Christi,
2755 3761 2901 3830 quod
2934 3763 3075 3817 sicut
3094 3764 3183 3818 ille
3227 3765 3436 3835 justus,
3509 3786 3526 3804 ο

1854 3849 1937 3929 sic
1959 3858 2016 3903 et
2038 3864 2143 3905 nos
2165 3849 2321 3919 justi.
2364 3849 2555 3906 Gratia
2594 3853 2766 3922 cujus,
2819 3855 3046 3922 scilicet,
3097 3856 3193 3912 Dei
3216 3868 3277 3914 ut
3310 3875 3434 3929 nos,

1855 3927 1938 3998 sic
1963 3942 2127 3996 etiam
2152 3956 2253 3997 vos
2277 3943 2405 3997 estis
2459 3945 2674 4011 salvati,
2714 3945 2769 4000 id
2793 3954 2877 4001 est
2923 3948 3286 4005 conviviticati
3338 3927 3437 4022 per

1850 4031 2120 4104 justitiam
2145 4033 2375 4100 animm;
2403 4035 2485 4088 vel
2516 4034 2562 4089 si
2587 4035 2817 4104 pendeat
2837 4035 2980 4091 infra
3004 4039 3358 4107 constructio,
3376 4049 3437 4097 ut

1855 4123 2105 4181 dicamus
2126 4124 2525 4181 conviviticavit
2551 4141 2652 4181 nos
2669 4135 2724 4181 et
2747 4140 2846 4182 vos
2861 4127 3081 4184 Christo
3099 4147 3115 4196 ;
3139 4137 3271 4185 tunc
3288 4132 3437 4188 dice-

1856 4233 1983 4273 mus
2013 4216 2171 4288 cujus
2216 4218 2391 4290 gratia
2419 4218 2552 4275 estis
2581 4220 2774 4275 salvati
2802 4220 2870 4275 de
2902 4219 3086 4277 futura
3115 4224 3434 4281 salvatione.

1858 4309 2261 4382 Couviviﬁcavit
2293 4328 2393 4368 nos
2413 4313 2589 4383 prima
2628 4313 3030 4371 resurrectione
3065 4316 3282 4384 animae,
3311 4334 3439 4372 con-

1859 4408 2191 4462 resuscitavit
2228 4407 2393 4464 etiam
2424 4408 2660 4463 secunda
2689 4423 2982 4479 corporum
3015 4410 3434 4465 resurrectione.

156 4495 369 4566 quibus
396 4511 530 4564 non,
561 4498 742 4564 sciens
789 4514 885 4555 cor
911 4516 1101 4556 eorum
1152 4501 1521 4572 imptenitens.
1554 4502 1672 4573 Vel,
1701 4505 1759 4558 in
1787 4508 1835 4570 ι)
1861 4498 2093 4569 Propter
2119 4500 2504 4555 certitudiuem
2533 4515 2698 4570 quam
2732 4500 2857 4555 inde
2887 4501 3068 4567 habet,
3092 4502 3237 4571 quod
3283 4501 3435 4557 futu-

159 4585 307 4656 ﬁlios
350 4586 674 4657 di/ﬁdentice,
710 4589 806 4660 qui
834 4589 1084 4646 diiﬁdunt
1112 4591 1180 4647 de
1213 4593 1427 4662 salute;
1479 4594 1760 4652 audientes

158 4680 311 4735 enim
372 4682 521 4751 quod
585 4686 947 4741 resurrecturi
1014 4688 1145 4755 sint,
1185 4689 1385 4744 caelum
1451 4691 1756 4759 ascensuri,

158 4773 397 4829 stultum
423 4776 531 4831 hoc
563 4775 834 4847 iudicant,
883 4786 937 4833 et
981 4778 1106 4835 ideo
1146 4780 1341 4836 nolunt
1373 4774 1638 4838 converti.
1690 4782 1760 4839 Et

160 4881 290 4921 cum
323 4866 393 4921 de
419 4868 584 4923 tantis
625 4869 868 4939 peccatis
896 4871 1070 4942 gratia
1109 4870 1206 4927 Dei
1249 4872 1318 4927 ad
1358 4867 1631 4944 justitiam
1659 4890 1759 4932 vos

160 4957 417 5025 traxerit,
466 4959 640 5015 videte
689 4976 778 5027 ne,
828 4978 1072 5033 unquam
1125 4973 1539 5034 praesumentes,
1577 4967 1762 5037 gratia:

161 5046 262 5103 Dei
305 5049 631 5106 detrahatis.
685 5049 843 5118 Quod
891 5053 959 5108 ad
1006 5061 1361 5124 augmentum
1412 5055 1761 5126 perfectionis

160 5144 454 5215 pervenire
508 5146 723 5215 possint
775 5161 842 5202 ex
896 5147 1255 5217 sequentibus
1320 5148 1551 5218 indicat,
1600 5152 1758 5221 quasi

163 5237 553 5309 respondendo
573 5238 959 5308 objicientibus
979 5240 1085 5296 sibi
1108 5239 1378 5310 Ephesiis.
1402 5240 1572 5299 Nobis
1605 5251 1759 5299 tanto

163 5342 337 5383 onere
358 5327 569 5397 peccati
590 5328 746 5398 prius
786 5328 1241 5398 depressisﬁnon
1282 5330 1410 5387 licet
1448 5347 1666 5402 sperare
1694 5333 1762 5389 de

163 5420 351 5491 aliqua
387 5417 739 5490 perfectione,
777 5421 871 5476 sed
903 5420 1100 5478 suilicit
1141 5422 1186 5478 si
1222 5422 1407 5493 aliquo
1440 5424 1605 5480 modo
1635 5440 1762 5495 pos-

165 5511 345 5568 simus
396 5511 617 5567 salvari.
659 5510 742 5568 Ad
792 5513 900 5568 hoc
935 5511 1141 5569 Paulus
1173 5516 1667 5582 removendum,se
1707 5525 1763 5572 et

165 5603 450 5674 apostolos
504 5603 752 5674 parilicat
806 5604 934 5671 illis,
976 5605 1107 5675 quia
1149 5614 1275 5661 ante
1320 5606 1481 5662 tidem
1511 5607 1760 5663 similiter

164 5694 393 5751 fuerunt
436 5694 493 5749 in
528 5696 786 5767 peccatis,
840 5704 1022 5782 tamen
1074 5697 1325 5755 dissimili
1372 5700 1556 5769 modo,
1618 5700 1763 5756 sicut

164 5782 493 5844 indicabunt
519 5786 821 5859 sequentia.
861 5782 1011 5846 Unde
1038 5788 1117 5846 sic
1145 5789 1220 5846 ait
1246 5809 1258 5847 :
1312 5789 1380 5848 In
1417 5790 1606 5863 quibus
1634 5805 1761 5873 pec:

1860 4607 1984 4646 rum
2011 4599 2097 4646 est
2124 4591 2390 4662 significat
2420 4606 2518 4660 per
2544 4592 2901 4662 praeteritum.
2932 4590 3002 4645 Et
3024 4609 3124 4648 nos
3146 4608 3441 4649 conresus-

1859 4683 2055 4740 citatos
2091 4682 2312 4738 Christo
2341 4683 2466 4753 fecit
2496 4683 2790 4748 consedere,
2825 4691 2887 4737 ut
2902 4683 3015 4753 jam
3045 4683 3098 4737 in
3122 4684 3305 4753 quiete
3346 4699 3438 4738 re-

1860 4784 2140 4846 gnaturos.
2175 4764 2628 4829 Consedere'dico
2671 4772 2892 4828 Christo
2929 4774 2987 4828 in
3025 4773 3339 4842 caelestibus,
3382 4783 3442 4830 ut

1864 4868 1983 4923 hinc
2010 4866 2291 4923 beatitudo
2336 4865 2825 4921 commendabilior
2865 4865 2939 4922 sit
2990 4867 3153 4921 etiam
3184 4883 3251 4922 ex
3272 4867 3436 4923 loco:

1865 4957 2155 5015 Consedere
2222 4958 2347 5014 dico
2432 4956 2651 5013 Christo
2723 4958 2780 5010 in
2844 4956 3058 5011 Christo
3110 4956 3258 5015 Iesu
3287 5000 3302 5025 ,
3385 4966 3441 5014 et

1864 5052 2025 5123 237
2056 5067 2182 5107 cum
2217 5066 2283 5107 eo
2314 5058 2368 5106 et
2387 5065 2485 5120 per
2507 5065 2653 5115 eum,
2684 5050 2806 5105 ideo
2831 5049 3246 5118 conviviﬁeavit,
3275 5060 3329 5107 et
3350 5067 3439 5107 re—

1863 5145 2155 5201 suscitatos
2199 5143 2489 5199 consedere
2520 5141 2666 5209 fecit,
2699 5152 2757 5196 ut
2790 5158 2887 5214 per
2925 5144 3030 5209 hoc
3058 5144 3347 5199 ostenderet
3384 5147 3441 5199 in

1862 5237 2073 5293 sazculis
2102 5235 2579 5308 supervenientibus
2603 5236 2711 5302 his,
2753 5235 2807 5292 id
2852 5245 2936 5292 est
2973 5235 3192 5304 futuris,
3226 5238 3440 5292 divitias

1862 5331 2052 5402 gratia:
2079 5345 2209 5397 suae,
2253 5329 2308 5384 id
2335 5338 2417 5385 est
2450 5328 2669 5384 divitem
2703 5330 2931 5400 gratiam
2974 5346 3131 5386 suam
3165 5330 3443 5384 abundan-

1863 5430 1966 5477 tem
1992 5423 2048 5476 in
2071 5420 2239 5476 nobis.
2281 5420 2481 5477 Gratia:
2503 5421 2624 5477 dico
2647 5419 2801 5476 factae
2823 5421 2880 5474 in
2904 5419 3156 5489 bonitate,
3188 5420 3240 5475 id
3270 5429 3442 5475 estex

1862 5515 1981 5571 solo
2008 5513 2348 5585 beneplacito
2370 5529 2490 5581 suo,
2516 5513 2642 5584 quia
2666 5512 2733 5567 ad
2759 5513 3177 5582 promerendum
3211 5510 3441 5582 gratiam

1862 5605 2070 5662 nullum
2087 5604 2367 5674 praecessit
2393 5603 2669 5658 meritum.
2706 5600 2953 5656 Bonitate
2980 5601 3103 5656 dico
3126 5598 3265 5655 facta
3286 5614 3443 5667 super

1863 5712 1978 5765 nos,
2007 5696 2063 5753 id
2093 5704 2177 5753 est
2198 5712 2320 5767 quae
2344 5711 2445 5753 nos
2474 5694 2770 5767 superavit,
2802 5694 2931 5765 quia
2977 5700 3126 5747 tanta
3167 5699 3249 5748 est
3291 5691 3440 5763 quod

1864 5805 1965 5848 nec
1990 5805 2131 5867 Oeam
2180 5789 2484 5847 intellectus
2518 5795 2705 5845 noster
2732 5798 2936 5862 capere
2979 5782 3193 5841 sufﬁcit.
3233 5782 3300 5843 Et
3324 5782 3441 5841 haec
