3928 6416
551 352 660 411 327

1099 346 1158 404 S.
1198 341 1545 404 BRUNONIS
1612 332 2255 397 CARTHUSIANORUM
2293 330 2785 394 lNSTlTUTORIS
2814 332 2972 401 ,OPP.
3012 331 3193 390 PARS
3227 333 3290 390 ll.
3418 339 3431 353 ‘
3701 337 3780 396 523

552 468 737 525 omnia
766 465 889 523 dico
919 466 973 520 in
1004 462 1215 519 Christo
1250 460 1416 526 Iesu;
1463 458 1520 514 in
1566 458 1685 529 ipso
1726 455 1895 521 enim,
1943 462 1999 510 et
2036 468 2136 523 per
2161 456 2210 515 Α
2236 466 2414 522 prope,
2440 450 2659 521 utrique
2686 450 2741 503 in
2779 448 2995 506 Christo
3022 445 3172 516 Iesu,
3196 447 3249 502 id
3277 455 3372 503 est
3414 460 3513 517 per
3542 445 3779 506 Christum

553 563 755 633 ipsum,
781 561 897 615 haec
917 558 1102 615 omnia
1131 558 1186 613 in
1216 557 1373 612 nobis
1395 560 1648 625 operatur
1677 552 1840 606 Deus.
1881 548 2007 603 Ideo
2030 562 2131 601 vo-

554 655 655 709 luit
688 652 833 709 Deus
871 651 988 707 haec
1014 651 1144 705 nota
1169 649 1281 703 ﬁeri
1316 648 1399 702 bis
1429 646 1522 716 qui
1548 651 1706 699 erant
1740 640 1932 707 futuri,
1960 649 2020 694 ut
2048 639 2134 694 in-

556 745 817 816 telligeret
841 743 1007 816 homo
1037 747 1237 810 quanta
1274 738 1341 809 (si
1365 734 1545 806 vellet)
1572 747 1793 804 sperare
1841 739 2026 802 posset
2065 726 2132 783 de

555 841 799 895 bonitate
836 837 951 893 Dei.
985 835 1142 889 Modo
1170 833 1329 902 'ponit
1358 830 1487 884 illud
1510 829 1656 899 quod
1696 827 1951 881 meritum
1980 824 2134 880 vide~

557 939 646 984 tur
671 927 927 990 hominis,
953 924 1004 979 id
1025 928 1106 978 est
1127 922 1306 986 ﬁdem,
1329 928 1384 973 et
1406 918 1659 972 meritum
1682 930 1790 969 non
1812 927 1932 969 esse
1953 920 2137 968 osten-

558 1020 656 1074 dit.
702 1016 839 1072 Vcre
871 1016 922 1069 in
948 1014 1203 1076 bonitate,
1227 1025 1349 1063 nam
1382 1024 1476 1063 vos
1514 1023 1606 1077 per
1644 1006 1876 1077 gratiam
1921 1002 2133 1070 saluati,

558 1107 615 1162 id
663 1116 746 1161 est
784 1102 1063 1174 justiticati
1100 1102 1251 1155 estis.
1305 1096 1557 1152 Concedo
1604 1094 1768 1149 etiam
1801 1102 1861 1148 ut
1892 1106 2136 1163 apponas

558 1212 649 1264 per
678 1194 863 1263 ﬁdem:
885 1190 1107 1254 etenim,
1135 1189 1189 1243 id
1210 1197 1293 1243 est
1324 1185 1457 1240 ﬁdes
1487 1199 1596 1238 non
1622 1191 1706 1237 est
1736 1198 1803 1237 ex
1825 1182 1979 1237 vobis
2007 1196 2135 1251 pro-

560 1282 892 1338 merentibus
918 1289 980 1334 ut
1002 1279 1163 1333 ﬁdem
1195 1275 1461 1331 habeatis.
1502 1273 1640 1329 Vere
1664 1273 1796 1329 ﬁdes
1826 1289 1928 1326 non
1954 1282 2038 1328 est
2071 1287 2138 1326 ea;

556 1374 721 1439 vobis,
752 1387 876 1425 nam
917 1379 999 1425 est
1034 1370 1238 1424 donum
1269 1366 1384 1433 Dei,
1410 1373 1465 1420 ct
1488 1379 1600 1419 non
1643 1379 1710 1418 ex
1754 1363 2009 1433 operibus
2044 1377 2140 1418 γε*

556 1464 706 1519 stris.
750 1462 817 1517 Et
839 1462 961 1516 ideo
981 1459 1127 1514 Deus
1153 1457 1335 1513 omnia
1367 1471 1433 1511 ex
1464 1455 1654 1527 gratia,
1682 1463 1735 1508 et
1762 1452 1899 1507 nihil
1925 1468 1990 1508 ex
2015 1466 2132 1522 ope-

554 1555 710 1611 ribus
734 1569 858 1609 esse
886 1552 1077 1617 voluit,
1110 1559 1167 1604 ut
1207 1565 1308 1620 non
1335 1547 1654 1618 gloriaretur
1688 1544 1899 1616 aliquis.
1936 1543 2137 1600 Vidcns

556 1647 703 1702 enim
742 1644 919 1714 angeli
958 1657 1147 1698 casum
1194 1649 1250 1695 et
1287 1639 1525 1695 hominis
1572 1637 1740 1693 fuisse
1766 1651 1834 1691 ex
1862 1634 2137 1705 superbia,

560 1737 791 1791 multum
836 1749 1141 1805 praecavere
1186 1732 1356 1786 voluit
1408 1729 1616 1784 homini
1662 1745 1695 1783 a
1740 1727 2013 1798 superbia.
2073 1725 2140 1780 Et

560 1829 708 1881 sicut
746 1797 878 1881 ﬁdes
915 1840 982 1880 ex
1019 1824 1165 1879 dono
1210 1822 1326 1889 Dei,
1375 1822 1457 1877 sic
1503 1835 1667 1891 opera
1701 1797 1826 1890 qua:
1862 1817 2023 1873 ﬁdem
2049 1832 2139 1873 se-
2171 1797 2215 1853 Β

559 1926 804 1987 quur-itur
838 1930 933 1985 per
958 1915 1186 1985 gratiam
1215 1911 1330 1968 Dei.
1371 1912 1512 1967 Bene
1534 1910 1675 1978 dico,
1710 1918 1766 1963 ut
1793 1926 1855 1963 ne
1890 1909 2006 1980 quis
2028 1906 2141 1978 glo-

558 2010 728 2060 rietur
757 2007 809 2060 in
840 2005 974 2070 ﬁde;
1015 2019 1142 2058 nam
1181 2004 1344 2058 etiam
1388 2002 1443 2057 in
1474 2002 1728 2072 operibus
1757 2016 1880 2071 quas
1900 2014 2142 2070 sequun-

557 2106 649 2150 tur
672 2097 851 2163 ﬁdem,
878 2110 987 2150 non
1010 2094 1228 2165 reliquit
1250 2093 1393 2149 Deus
1422 2091 1632 2147 homini
1656 2091 1797 2146 unde
1825 2100 2008 2160 posset
2027 2088 2142 2161 glo-

560 2188 716 2243 riari.
757 2187 913 2254 Quod
950 2188 1029 2243 sic
1066 2188 1181 2242 ait:
1213 2184 1337 2240 Nos-
1371 2201 1551 2239 sumus
1580 2184 1791 2254 factura
1821 2183 1987 2252 ipsius
2022 2181 2140 2250 Dei,

557 2294 686 2333 cum
717 2278 853 2332 nihil
884 2279 940 2332 in
973 2278 1119 2331 bono
1146 2290 1397 2331 essemus
1422 2275 1586 2328 creati
1609 2274 1664 2327 in
1688 2271 1921 2340 Christo,
1965 2272 2018 2327 id
2058 2279 2144 2327 est

558 2382 658 2437 per
698 2366 980 2423 Christum
1012 2364 1202 2421 Iesum
1228 2366 1285 2418 in
1332 2364 1481 2418 bonis
1520 2361 1783 2433 operibus,
1821 2378 1937 2434 quia
1979 2377 2143 2433 opera

564 2458 885 2528 prreparaoit
939 2456 1089 2511 nobis
1159 2454 1339 2522 Deus,
1396 2463 1455 2508 ut
1510 2455 1569 2508 in
1623 2453 1736 2508 illis
1796 2452 2140 2523 ambulemus,

559 2563 660 2620 per
686 2564 814 2603 eum
841 2547 1190 2619 proﬁciamus
1222 2554 1277 2601 et
1310 2559 1644 2601 crescamus.
1688 2541 1805 2613 Vel,
1839 2544 2050 2614 factura
2072 2544 2146 2599 sit

560 2640 853 2707 ablativus,
899 2639 977 2694 ita
1012 2637 1246 2705 factura,
1283 2637 1337 2692 id
1364 2645 1452 2693 est
1486 2652 1583 2706 per
1616 2635 1886 2691 facturam
1917 2634 2014 2689 Dei
2044 2650 2143 2691 su-

559 2747 693 2803 mus
709 2731 965 2787 creatirin
991 2728 1223 2786 Christo.
1258 2726 1406 2783 Nihil
1427 2727 1503 2782 ibi
1527 2736 1790 2783 mutatur.

633 2822 790 2889 Quod
821 2837 988 2891 supra
1007 2821 1084 2876 ait
1115 2839 1128 2875 :
1158 2818 1271 2876 Nos
1296 2819 1503 2876 fuimus
1524 2819 1580 2875 in
1602 2818 1841 2890 peccatis
1864 2817 2006 2873 sicut
2023 2832 2142 2886 vos,

562 2914 726 2971 modo
751 2912 1080 2969 determinat
1116 2910 1306 2968 dicens
1337 2910 1557 2967 Iudaeos
1602 2926 1712 2967 non
1754 2919 1868 2965 tam
1910 2909 2147 2981 graviter

560 3020 841 3076 peccasse,
866 3005 1010 3061 sicut
1036 3004 1286 3075 gentiles,
1317 3004 1413 3061 sed
1440 3004 1566 3059 licet
1608 3011 1735 3059 ante
1774 3003 1939 3058 tidem
1980 3002 2146 3057 etiam

562 3095 697 3162 viles
750 3092 925 3149 Iudaei
968 3094 1439 3174 abomlinarentur-
1463 3092 1717 3164 gentiles,
1769 3090 1916 3147 Deus
1964 3100 2145 3147 tamen

558 3190 682 3245 sine
705 3187 1032 3243 discretione
1052 3201 1410 3257 personarum
1432 3184 1734 3256 pariﬁcavit
1757 3200 1872 3252 eos,
1902 3199 2013 3239 non
2036 3184 2146 3239 illis

561 3280 658 3349 qui
685 3278 836 3348 prius
882 3279 1254 3347 improperant
1287 3277 1388 3344 eis,
1426 3276 1521 3332 sed
1546 3276 1750 3332 sanctis
1777 3291 1844 3332 ac
1868 3276 2143 3346 perfectis.

561 3369 632 3426 Et
651 3385 747 3439 per
768 3370 875 3425 hoc
895 3370 1089 3438 probat
1105 3384 1202 3425 eos
1220 3378 1275 3423 et
1295 3367 1483 3439 gratiae
1492 3366 1585 3422 Dei
1601 3366 1835 3421 multum
1856 3366 2146 3433 obnoxias,

563 3470 621 3515 et
644 3460 790 3529 quod
810 3461 878 3514 de
919 3461 1256 3515 incremento
1292 3458 1521 3529 justitiae
1548 3499 1564 3525 ,
1607 3472 1800 3513 secure
1844 3457 1892 3512 si
1936 3458 2149 3524 volunt,

565 3558 800 3623 possunt
823 3550 1093 3616 laborare,
1129 3550 1319 3605 dicens
1349 3567 1362 3604 :
1394 3548 1621 3619 Propter
1649 3548 1809 3619 quod,
1845 3556 1905 3603 ut
1933 3564 1996 3602 ne
2034 3549 2150 3619 quis

566 3649 809 3696 vestrum
859 3639 1134 3711 glorietur,
1184 3646 1348 3693 estote
1394 3650 1644 3692 memores
1686 3640 1824 3708 quod
1864 3636 2152 3708 aliquando

472 3776 488 3792 .
570 3742 797 3803 tempore
828 3730 1159 3787 inﬁdelitatis
1194 3747 1278 3785 uos
1314 3738 1511 3801 gentes,
1548 3730 1603 3785 id
1622 3738 1707 3786 est
1726 3730 1862 3785 tales
1887 3729 2078 3799 quales
2097 3728 2149 3783 in

567 3833 791 3899 peccato
816 3823 983 3896 geniti
1002 3823 1169 3899 eratis
1194 3824 1250 3878 in
1284 3839 1462 3890 carne,
1484 3823 1540 3879 id
1562 3830 1647 3878 est
1667 3821 1723 3877 in
1744 3821 2002 3892 operibus
2031 3834 2155 3876 car-

566 3916 674 3970 nis.
724 3914 828 3971 Vos
862 3915 987 3970 dico
1015 3915 1106 3985 qui
1131 3915 1474 3985 pueputium,
1517 3912 1572 3969 id
1604 3921 1690 3969 est
1713 3912 1833 3984 ipsa
1859 3911 2155 3969 immundi-

564 4006 644 4073 tia
673 4006 990 4061 dicebamini
1032 4006 1098 4059 ab
1133 4022 1197 4060 ea
1236 4006 1658 4072 circumcisione,
1709 4004 1766 4060 id
1809 4012 1895 4061 est
1930 4002 2151 4072 Iudaeis,

568 4114 693 4170 quze
725 4098 925 4154 dicitur
952 4096 1320 4164 circumcisio,
1370 4097 1428 4152 id
1470 4106 1553 4152 est
1598 4097 1718 4167 ipsa
1762 4095 2048 4152 munditia.
2089 4093 2157 4150 Et

569 4189 710 4245 nihil
738 4199 842 4256 est,
870 4188 1000 4259 quia
1026 4189 1142 4244 haec
1162 4187 1511 4244 circumcisio
1531 4188 1588 4242 in
1617 4202 1784 4244 carne
1808 4194 1926 4241 erat
1953 4201 2063 4240 non
2097 4185 2155 4240 in

569 4280 758 4348 corde,
786 4280 933 4349 facta
966 4279 1133 4334 etiam
1162 4294 1323 4333 manu
1352 4278 1752 4348 cujuscunque,
1784 4292 1895 4332 non
1918 4290 2014 4346 per
2034 4274 2157 4345 Spi-

568 4369 738 4424 ritum
760 4360 1033 4439 sanctum.
1068 4366 1337 4444 Memores
1366 4368 1531 4423 etiam
1550 4376 1724 4424 estote
1751 4367 1880 4439 quia
1902 4366 1999 4421 illo
2026 4376 2155 4421 tem-

2172 3138 2219 3202 C

2230 539 2438 597 Iesum.
2483 538 2548 595 Et
2589 539 2868 611 quomodo
2898 554 2997 610 per
3026 537 3305 593 Christum
3348 531 3666 593 determinat
3694 558 3706 594 :
3731 538 3782 597 lu

2230 631 2504 701 sanguine,
2540 630 2594 686 id
2630 639 2713 685 est
2756 645 2855 700 per
2894 628 3216 685 etl‘usionem
3261 626 3561 698 sanguinis
3598 626 3780 685 Christi.

2231 720 2431 777 Probat
2466 722 2534 777 de
2560 731 2811 792 utroque,
2839 721 2933 777 sed
2966 722 3034 777 de
3061 718 3262 775 Iudaeis
3285 718 3560 790 primum,
3594 719 3782 777 dicens:

2232 811 2371 869 Vere
2398 812 2528 869 facti
2553 814 2685 869 estis
2705 829 2873 885 prope
2901 812 3139 881 Iudaeos,
3164 812 3290 884 quia
3315 811 3436 882 ipse
3456 809 3599 868 Deus
3618 822 3686 866 est
3705 829 3785 883 pot

2233 914 2435 972 nostra,
2473 906 2525 960 id
2558 913 2643 960 est
2671 904 2976 975 paciﬁcavit
3026 920 3126 960 nos
3169 904 3360 971 simul,
3393 903 3620 975 gentiles
3643 914 3691 958 et
3711 903 3784 959 lu-

2234 997 2401 1064 dteos,
2430 998 2521 1068 qui
2548 996 2693 1053 Deus
2716 997 2847 1067 facit
2869 1005 3112 1067 utraque,
3142 990 3307 1051 idest
3339 993 3592 1050 Judaeum
3614 1006 3660 1050 et
3683 1011 3785 1067 gen-

2234 1085 2404 1152 tilem,
2435 1102 2596 1140 unum
2619 1102 2715 1157 per
2736 1085 2999 1141 unitatem
3030 1085 3154 1141 ﬁdei
3183 1094 3238 1140 et
3264 1099 3494 1140 morum
3529 1092 3583 1140 et
3616 1087 3785 1141 sacriﬁ-

2240 1177 2324 1233 eii.
2363 1175 2546 1232 Unum
2604 1185 2785 1234 autem
2818 1178 2923 1234 hoc
2955 1177 3119 1233 modo
3148 1196 3162 1231 :
3198 1177 3410 1232 solvens
3448 1178 3686 1248 parietem
3710 1195 3786 1233 nte-

2235 1268 2404 1335 dium,
2429 1269 2482 1323 id
2511 1277 2596 1324 est
2622 1269 2716 1339 qui
2740 1268 2796 1323 in
2817 1269 2998 1327 medio
3021 1268 3252 1339 positus,
3279 1269 3525 1324 alterum
3547 1269 3786 1338 separahat

2236 1360 2308 1414 ab
2333 1360 2525 1414 altero.
2566 1360 2730 1431 238
2747 1358 2847 1415 Hic
2866 1360 3045 1430 paries
3078 1358 3182 1414 fuit
3210 1375 3276 1414 ex
3302 1369 3468 1430 parte
3496 1357 3784 1425 Iudaici-um,

2237 1450 2650 1507 observationes
2697 1466 2925 1518 eorum;
2960 1456 3042 1506 rex
3090 1460 3245 1521 parte
3294 1450 3609 1523 gentilium,
3646 1452 3787 1507 cultus

2238 1542 2527 1599 idolorum.
2569 1542 2637 1598 Et
2667 1543 2814 1601 hunc
2839 1543 3101 1615 parietem
3132 1557 3324 1598 eorum
3350 1542 3538 1610 solvit,
3563 1543 3679 1598 dum
3700 1544 3785 1599 ido-

2238 1633 2510 1688 lolatriam
2537 1641 2593 1690 et
2615 1634 2753 1690 ritus
2771 1633 3029 1690 Iudaicos
3055 1634 3366 1693 evacuavit.
3410 1633 3674 1690 Parietem
3692 1635 3786 1689 dico

2240 1727 2505 1781 maceria.
2543 1724 2778 1782 Maceria
2804 1726 3026 1795 dicitur,
3050 1726 3355 1783 secundum
3401 1726 3680 1797 quosdam,
3717 1743 3786 1797 pa-

2240 1819 2350 1875 ries
2398 1818 2625 1874 ﬁrmiter
2669 1827 2984 1890 compactus
3028 1827 3083 1874 et
3127 1833 3441 1875 connexus.
3500 1816 3602 1874 Hic
3649 1819 3786 1889 paries

2239 1918 2359 1966 erat
2386 1910 2644 1977 maceria,
2677 1910 2730 1965 id
2770 1920 2856 1965 est
2895 1908 3052 1966 fortis
3076 1917 3131 1965 et
3159 1909 3226 1965 ad
3266 1909 3659 1966 destruendum
3690 1908 3787 1965 didi-

2240 2001 2383 2068 cilis,
2415 1999 2544 2071 quia
2576 1999 2769 2068 Iudaei,
2812 2000 3135 2055 auctoritate
3162 1999 3298 2071 legis
3326 2006 3388 2055 et
3415 2000 3785 2072 prophetarum,

2241 2092 2381 2149 ritus
2418 2106 2550 2148 suos
2589 2092 2901 2147 tuebantur.
2958 2090 3158 2147 Gentes
3200 2099 3414 2161 autem,
3455 2106 3556 2163 per
3589 2090 3784 2162 philoso-

2240 2183 2447 2254 phiam,
2489 2199 2651 2241 suum
2679 2182 2759 2253 (in
2787 2197 2899 2254 quo
2941 2183 3082 2238 male
3126 2183 3552 2253 consueverant)
3578 2181 3785 2238 defende-

2242 2274 2410 2343 bant;
2454 2274 2541 2330 vcl
2580 2274 2779 2331 dicitur
2816 2273 3052 2330 maceria
3093 2274 3381 2346 congeries
3426 2274 3661 2345 lapidum
3700 2272 3785 2327 sine

2241 2376 2513 2425 eminente
2534 2374 2880 2438 congregata.
2920 2364 3010 2422 Sic
3032 2366 3121 2421 ille
3141 2365 3323 2437 paries
3354 2365 3463 2422 fuit
3488 2363 3728 2429 maceriae,
3747 2361 3783 2416 id

2242 2469 2326 2515 est
2352 2459 2546 2514 debilis
2578 2468 2632 2517 et
2668 2458 2889 2515 Christo
2914 2458 3049 2514 levis
3085 2458 3156 2513 ad
3186 2458 3547 2525 diruendum,
3594 2465 3649 2511 ut
3679 2455 3783 2512 sim

2243 2550 2590 2622 congregatio
2624 2548 2884 2621 lapidum,
2904 2558 2978 2615 et,
3009 2549 3189 2604 soluto
3214 2550 3401 2605 medio
3429 2549 3647 2620 pariete,
3670 2544 3784 2598 soltit

2243 2642 2302 2696 in
2323 2656 2480 2695 carne
2504 2657 2603 2696 sua
2631 2656 2799 2712 quam
2835 2641 3135 2711 assumpsit
3179 2641 3503 2696 inimicitias
3547 2640 3784 2706 utriusque

2244 2733 2451 2804 populi.
2490 2731 2794 2789 Destructis
2834 2732 2981 2788 enim
3032 2731 3231 2787 ritibus
3270 2730 3451 2789 Iudzei
3498 2739 3552 2788 et
3594 2729 3780 2803 gentilis,

2242 2825 2356 2895 jam
2402 2840 2514 2881 non
2563 2834 2682 2881 erat
2726 2825 2870 2882 unde
2910 2824 3327 2881 inimicarcntur
3371 2825 3499 2881 sibi.
3548 2820 3783 2892 Quomodo

2245 2916 2467 2972 solverit
2489 2915 2804 2971 inimicitias
2827 2914 3065 2971 ostendit
3083 2915 3139 2969 iu
3161 2925 3317 2985 parte
3336 2915 3663 2980 Iudaeorum,
3680 2925 3781 2982 quo-

2245 3023 2368 3063 rum
2392 3007 2532 3062 ratio
2552 3007 2727 3079 magis
2747 3006 3119 3078 oppugnabat;
3144 3007 3238 3061 sed
3259 3007 3393 3078 quia
3417 3006 3657 3079 gentibus
3674 3000 3781 3056 nulls

2247 3098 2387 3153 ratio
2415 3106 2553 3165 erat,
2574 3098 2642 3154 de
2667 3098 2754 3153 his
2773 3098 2911 3153 nihil
2937 3096 3196 3153 subdidit.
3237 3096 3476 3154 Solvens
3498 3093 3777 3155 inimicitias.

2246 3188 2376 3258 quia
2400 3204 2659 3245 evacuans
2684 3186 3160 3259 legemcarnalium
3174 3189 3573 3254 mandatorum,
3588 3181 3778 3243 decretis,
3886 3210 3887 3219 ι

2247 3279 2305 3335 id
2333 3289 2419 3337 est
2446 3280 2590 3336 datis
2620 3279 2892 3336 mandatis
2936 3294 3005 3334 ex
3049 3277 3384 3336 discretione
3428 3276 3668 3345 inventis,
3693 3272 3779 3327 ideo
3886 3278 3887 3285 ‘

2246 3387 2540 3441 evacuans,
2565 3372 2696 3428 hinc
2712 3372 2906 3444 legem,
2938 3371 3065 3427 inde
3103 3371 3338 3442 idolum,
3376 3381 3437 3428 ut
3481 3371 3624 3436 duos,
3652 3365 3696 3421 id
3721 3368 3782 3417 est

2247 3460 2495 3518 Iudaeum
2528 3472 2583 3519 et
2606 3463 2882 3536 gentilem,
2906 3466 3098 3521 condat
3119 3473 3403 3536 utrumque
3433 3464 3493 3518 iu
3531 3456 3778 3525 semetipso:

2245 3562 2305 3609 et
2331 3554 2462 3624 quia
2496 3555 2554 3610 in
2584 3570 2644 3611 se
2682 3554 2917 3611 condere
2945 3566 3132 3629 posset
3173 3555 3358 3613 adhuc
3406 3554 3605 3612 divisos
3652 3543 3776 3602 addit.

2251 3644 2481 3713 Condat,
2528 3646 2774 3717 inquam,
2815 3647 3014 3717 faciem
3059 3665 3259 3721 pacem,
3311 3648 3367 3704 id
3421 3654 3507 3702 est
3545 3639 3777 3713 pacificans

2250 3750 2347 3792 eos
2369 3735 2474 3791 sibi
2496 3736 2762 3792 vicissim.
2802 3736 2871 3792 Et
2905 3738 2962 3793 in
2990 3754 3102 3810 quo
3131 3754 3320 3809 pacem
3359 3734 3568 3800 fecerit,
3597 3724 3777 3785 subdit:

2252 3826 2481 3882 Faciens
2507 3844 2687 3898 pacem
2723 3829 2847 3885 dico
2871 3831 2927 3885 in
2962 3846 3021 3887 se
3048 3845 3153 3885 uno
3195 3845 3327 3885 novo
3380 3829 3601 3883 homine.
3647 3816 3776 3876 Novo.

2252 3916 2382 3988 quia
2406 3920 2572 3973 homo
2592 3917 2801 3987 gratias,
2824 3920 2948 3976 ideo
2988 3935 3164 3989 novo;
3197 3920 3348 3991 quia,
3382 3920 3431 3974 si
3455 3922 3595 3974 esset
3616 3904 3775 3979 legalis.

2251 4008 2533 4079 oppositus
2560 4017 2707 4066 esset
2731 4012 2945 4082 gentili;
2973 4011 3019 4067 si
3053 4012 3250 4069 iterum
3271 4011 3515 4084 gentilis,
3550 3999 3776 4076 oppcsim

2250 4109 2398 4158 esset
2420 4099 2628 4169 Iudico,
2650 4110 2709 4158 et
2725 4111 2917 4159 neuter
2933 4104 3267 4160 consentiret
3285 4103 3511 4159 inimico
3537 4111 3644 4156 suo.
3675 4089 3775 4144 Pro-

2252 4191 2402 4248 bavit
2422 4193 2570 4264 quod
2603 4194 2821 4265 gentilis
2848 4195 2922 4251 sit
2949 4210 3118 4265 prope
3154 4194 3436 4261 Iudaeum;
3461 4190 3641 4264 probat
3662 4193 3778 4237 eum‘

2251 4283 2375 4340 dem
2401 4300 2524 4342 esse
2551 4300 2717 4357 prope
2739 4284 2934 4354 Deum,
2961 4286 3151 4344 dicens
3185 4305 3199 4342 :
3234 4285 3304 4342 Et
3334 4287 3458 4343 ideo
3493 4281 3686 4337 solvens
3701 4267 3777 4324 iniv

2252 4376 2489 4433 micitias
2515 4386 2574 4431 ut
2605 4378 2905 4433 reconciliet
2929 4377 3040 4434 Deo
3070 4380 3271 4446 ambos,
3302 4378 3360 4435 id
3382 4384 3467 4434 est
3492 4371 3709 4429 Iudaeum
3738 4362 3777 4410 α

568 4476 713 4530 pore;
736 4458 1066 4515 inﬁdelitatis
1101 4459 1263 4513 eratis
1305 4460 1418 4513 sine
1452 4458 1684 4528 Christo,
1726 4459 1854 4530 quia
1900 4457 2153 4515 Christus
2176 4480 2231 4542 Β
2255 4468 2507 4539 gemiiem
2536 4469 2816 4540 copulatos
2839 4472 2894 4524 in
2922 4487 3027 4525 uno
3050 4487 3285 4542 corpore,
3316 4471 3371 4525 id
3391 4477 3474 4525 est
3492 4466 3544 4521 in
3566 4449 3772 4516 Ecclesia-

570 4564 682 4605 non
716 4549 1137 4620 promittebatur
1174 4550 1351 4605 vobis.
1393 4547 1573 4605 Eratis
1616 4558 1667 4603 et
1712 4549 1934 4606 alienati
1965 4569 1999 4606 a
2025 4568 2153 4605 con-

569 4642 864 4695 versatione
894 4637 1089 4708 Israel,
1122 4639 1178 4695 id
1217 4648 1301 4697 est
1339 4637 1550 4696 Iudaici
1595 4639 1809 4711 populi;
1853 4655 1964 4696 non
2004 4640 2151 4696 enim
2202 4636 2211 4647 ’

570 4743 701 4789 tunc
734 4730 1199 4804 conversabantur
1243 4732 1440 4799 vobis;
1481 4732 1585 4799 vel,
1629 4732 1678 4787 si
1719 4730 1859 4788 forte
1905 4747 2031 4788 cum
2073 4731 2156 4789 eis

569 4818 1063 4888 conversabamini,
1093 4830 1155 4877 ut
1178 4822 1472 4896 proselyti;
1508 4823 1674 4878 eratis
1715 4822 1941 4895 hospites
1987 4830 2153 4877 testa-

570 4924 885 4982 mentorum,
925 4916 980 4970 id
1014 4924 1100 4970 est
1139 4915 1438 4982 instabiles,
1490 4915 1570 4979 id,
1598 4922 1683 4971 est
1731 4914 1894 4971 modo
1939 4922 2152 4981 euntes,

571 5004 735 5060 modo
783 5005 1072 5059 redeuntes
1107 5003 1176 5060 ad
1216 5004 1388 5077 legem
1428 5004 1794 5062 ducebamini.
1837 5002 2154 5060 Testamen-

571 5106 752 5152 tcrum
775 5095 898 5151 ideo
926 5095 1205 5166 pluraliter
1224 5097 1375 5164 dicit,
1395 5098 1524 5168 quia
1547 5095 1761 5167 Moyses
1781 5110 1965 5162 suum,
1987 5093 2155 5151 lsaias

573 5203 759 5255 suum,
789 5194 841 5242 et
862 5188 1089 5258 quilibet
1111 5189 1375 5260 propheta
1396 5203 1558 5244 suum
1586 5187 1820 5244 habebat
1844 5186 2157 5243 Testamen-

572 5290 711 5337 tum.
753 5279 931 5337 Eratis
960 5282 1123 5337 etiam
1154 5289 1284 5337 tunc
1319 5299 1421 5337 non
1449 5282 1695 5337 habentes
1733 5298 1877 5352 spem
1920 5282 2152 5353 promis-

570 5376 736 5432 sionis
757 5374 912 5432 factae
933 5376 1003 5432 ad
1032 5375 1330 5445 Abraham,
1359 5391 1459 5432 nec
1478 5376 1629 5432 enim
1663 5376 1860 5433 licebat
1874 5386 2006 5434 tunc
2024 5389 2156 5445 gen-

572 5469 719 5524 tibus
744 5484 961 5540 sperare
989 5467 1252 5535 salutem;
1284 5476 1341 5523 et
1373 5467 1541 5523 eratis
1569 5468 1682 5524 sine
1713 5467 1847 5534 Deo,
1890 5466 2036 5523 idola
2059 5464 2158 5521 ad-

571 5569 813 5615 orantes.
856 5558 968 5615 Vos
993 5558 1118 5613 dico
1150 5559 1207 5613 in
1236 5559 1334 5613 hoc
1359 5559 1574 5627 mundo,
1607 5560 1663 5615 id
1686 5569 1771 5617 est
1798 5559 1885 5616 his
1920 5558 2155 5614 munda-

571 5669 661 5721 nis
689 5654 1045 5709 adhazrentes.
1088 5650 1229 5708 Olim
1264 5653 1345 5709 sic
1380 5655 1567 5723 eratis,
1616 5655 1707 5709 sed
1742 5671 1878 5709 nunc
1913 5670 2022 5721 vos,
2064 5654 2157 5724 qui

568 5743 869 5823 aliquando
885 5742 1049 5797 eratis
1081 5743 1231 5814 longe
1256 5760 1286 5800 a
1317 5743 1429 5803 Deo
1462 5755 1515 5802 et
1550 5762 1581 5801 a
1604 5743 1827 5821 Iudaeis,
1858 5744 1990 5813 facti
2030 5742 2156 5797 estis

2254 4557 2729 4616 Reconciliationis
2778 4562 3004 4617 modum
3056 4562 3258 4618 subdit.
3319 4554 3626 4616 Reconciliet
3668 4544 3774 4603 ὀίων

2251 4650 2571 4720 interﬁciens
2592 4643 2983 4721 ipse'Christus
3000 4652 3057 4707 in
3080 4654 3354 4723 semetipso
3375 4643 3667 4707 inimicm“
3686 4641 3774 4723 φιῖ

2251 4714 2409 4795 erant
2434 4738 2574 4796 inter
2594 4714 2766 4796 Deum
2788 4749 2845 4797 et
2867 4742 3164 4799 hominem.
3200 4714 3281 4798 Ita
3301 4744 3357 4796 in
3382 4737 3643 4805 semetipso
3665 4714 3773 4795 (ἰυοδ

2253 4847 2351 4904 per
2380 4847 2618 4901 crucem,
2651 4832 2705 4888 id
2732 4841 2819 4893 est
2850 4848 2946 4904 per
2971 4842 3204 4889 mortem
3228 4832 3430 4890 crucis.
3725 4897 3752 4908 υ

2266 4897 2273 4997 ξ
2326 4921 2453 4980 Haec
2480 4897 2662 4980 autem
2698 4897 2881 4981 omnia
2911 4940 3103 4995 parum
3128 4925 3465 4995 prodessent,
3493 4913 3591 4973 nisi

2254 5023 2377 5070 cata
2398 5013 2599 5082 forent;
2628 5013 2752 5070 ideo
2784 5014 2969 5070 addit:
2998 5012 3069 5068 Et
3107 5014 3225 5085 ipse
3260 5013 3510 5069 Christus
3538 4999 3711 5060 venit!"
3731 4997 3769 5038 ³³³

2254 5120 2477 5162 carnem
2500 5105 2876 5177 euangelizavit
2906 5121 3003 5177 per
3032 5105 3310 5177 apostolos
3333 5115 3510 5175 pacem
3542 5092 3604 5150 ad
3639 5085 3770 5177 9f“

2254 5197 2563 5254 restitutam
2596 5173 2740 5252 vobis
2769 5173 3039 5269 gentibus.
3067 5173 3172 5268 qui
3213 5173 3363 5269 longe
3406 5189 3574 5266 fuistis
3604 5196 3633 5236 a
3668 5173 3765 5270 θεῖοι

2256 5288 2388 5361 quia
2419 5289 2538 5346 sine
2564 5287 2785 5345 Christo
2809 5299 2867 5345 et
2897 5289 3017 5346 sine
3041 5287 3154 5344 Deo
3175 5289 3228 5343 in
3260 5288 3367 5344 hoc
3398 5277 3589 5342 mundo

2256 5356 2657 5449 Evangelizavit
2696 5379 2862 5432 etiam
2909 5392 3098 5448 pacem
3143 5376 3249 5445 his,
3292 5376 3345 5432 id
3378 5381 3462 5431 est
3493 5356 3765 5449 Iudriwi"

2252 5437 2606 5543 propeverant,
2632 5470 2761 5542 quia
2791 5437 2962 5526 Deuin
2984 5437 3252 5527 colebant;
3290 5468 3403 5527 Hoc
3421 5457 3681 5537 Ρτωάίεπθ

2252 5531 2622 5634 εἱιξᾳιιοηίαῆι
2649 5531 2743 5635 per
2772 5562 2943 5633 ipsum
2968 5561 3248 5618 Christum
3272 5531 3439 5616 ambo
3451 5563 3503 5611 ει
3518 5531 3765 5635 δυωδξί

2256 5628 2493 5728 gentilis,
2524 5628 2773 5710 habemus
2792 5628 3063 5710 accessum
3101 5654 3171 5708 ad
3221 5651 3435 5708 Patrem
3474 5643 3641 5698 Βθυων

2256 5710 2419 5802 ambo
2439 5710 2603 5817 positi
2633 5748 2687 5801 in
2726 5763 2829 5802 uno
2854 5746 3063 5819 Spiritu
3084 5745 3229 5814 ﬁdei,
3253 5759 3378 5803 cum
3398 5739 3487 5822 hic
3505 5728 3638 5805 prius
3653 5710 3763 5772 ⁸⁵⁵⁸⁸
