3928 6436
136 367 268 425 329

764 361 1129 420 EXPOSITIO
1164 359 1233 415 IN
1267 356 1649 416 EPISTOLAS
1681 354 1908 414 PAULI.
1945 387 2014 396 —
2051 352 2119 411 IN
2156 354 2374 414 EPIST.
2415 357 2508 412 AD
2543 355 2783 416 EPHES.

3311 362 3419 422 539

141 481 218 536 in
249 477 458 549 Spiritu
495 476 651 548 legis,
678 476 769 531 hic
798 477 854 530 in
891 474 1083 544 spiritu
1125 473 1274 528 idoli.
1313 470 1381 525 Et
1421 472 1549 542 quia
1580 469 1742 526 ambo
1769 472 1817 528 Α
1849 487 1876 520 ε·
1913 483 2074 536 stam,
2095 469 2449 528 multiformis
2484 472 2750 542 sapientia
2770 471 2888 538 Dei,
2917 475 3216 533 secundum
3237 481 3416 550 praeﬂ-

133 571 208 626 in
239 571 427 626 eodem
452 567 656 638 Spiritu
680 566 842 636 positi
862 579 1141 620 accessum
1166 563 1430 618 habemus
1455 562 1524 618 ad
1548 561 1738 627 Deum,

1849 577 1868 611 ι
1912 560 2172 616 nitionem
2208 563 2554 632 saeculorum,
2587 579 2753 634 quam
2783 562 2912 620 fecit
2941 566 2997 624 in
3021 567 3243 626 Christo
3279 570 3414 630 Jesu

132 676 288 731 ergo
315 674 412 715 vos
439 658 668 729 gentiles
692 656 912 727 Ephesii
927 657 1047 726 jam
1079 671 1179 707 non
1209 655 1336 707 estis
1364 653 1595 722 hospites
1621 650 1742 707 ‘Te-
1847 668 1868 702 ς
1909 649 2141 706 Domino
2166 661 2374 709 nostro.
2405 653 2466 708 In
2505 669 2617 724 quo
2645 655 2911 713 habemus
2941 656 3196 714 ﬁduciam
3226 670 3282 716 et
3321 679 3417 720 ac-

130 758 576 814 stamentorum,
605 746 847 802 sicutilli
873 744 1328 815 improperabant.
1371 742 1441 796 Et
1475 742 1591 811 jam
1630 755 1740 796 non

130 840 295 896 estis
335 839 569 902 aduente,
610 837 666 892 id
701 844 784 892 est
822 852 930 891 non
968 834 1109 889 ultra
1145 832 1420 888 vocamini
1456 831 1736 902 proselyti,

130 931 296 1001 quia,
334 931 460 985 licet
501 938 632 984 tunc
677 927 897 983 stabiles
939 933 1123 981 essent
1151 915 1207 978 in
1239 924 1374 995 lege,
1408 937 1623 991 semper
1658 929 1741 976 ta-

129 1038 277 1078 men
309 1021 636 1077 dicebantur
669 1017 966 1073 adventitii.
1022 1015 1152 1070 .Non
1195 1016 1320 1069 estis
1360 1015 1609 1084 hospites,
1647 1013 1738 1066 sed

128 1115 278 1168 estis
299 1115 572 1177 conciues;
602 1126 704 1166 nec
726 1125 916 1166 eorum
947 1108 1042 1178 qui
1075 1109 1229 1163 vobis
1271 1107 1734 1178 improperabant,

131 1205 241 1259 sed
265 1213 596 1267 sanctorum,
634 1201 688 1256 id
719 1208 802 1256 est
832 1199 1199 1270 quorumlibet
1236 1197 1621 1268 perfectorum.
1663 1195 1735 1249 Et

129 1311 257 1350 non
297 1295 433 1350 estis
462 1295 694 1360 advenae,
724 1292 821 1347 sed
848 1291 1144 1356 domestici,
1185 1290 1238 1344 id
1259 1298 1343 1345 est
1367 1289 1644 1344 naturales
1668 1287 1736 1343 de

133 1386 349 1451 domo;
379 1399 482 1440 nec
508 1399 718 1449 eorum,
755 1383 849 1438 sed
877 1381 1161 1436 domestici
1191 1380 1308 1436 Dei.
1354 1379 1460 1436 Vos
1494 1379 1617 1435 dico
1651 1395 1737 1434 su-

127 1477 501 1546 perardiﬁcati
527 1476 690 1530 hodie
719 1476 926 1544 pietas;
957 1487 1081 1528 cras
1121 1488 1284 1542 super
1312 1473 1456 1528 hanc
1495 1471 1733 1526 aediﬁca-

130 1568 296 1624 bitur
323 1568 626 1623 humilitas.
666 1566 732 1620 Et
775 1567 856 1620 sic
877 1564 1289 1634 superrediﬁcati
1332 1579 1488 1633 super
1532 1563 1733 1632 [unda-

130 1669 406 1725 ntentum,
442 1659 496 1714 id
527 1666 611 1714 est
648 1641 952 1712 doctrinam
991 1654 1351 1725 apostolorum
1373 1664 1424 1709 et
1453 1655 1733 1724 propheta-

131 1767 287 1815 rum,
311 1764 548 1819 quorum
574 1747 822 1803 doctrina
867 1745 1092 1800 fundata
1119 1754 1202 1801 est
1228 1744 1489 1801 Ecclesia.
1529 1744 1624 1800 Vel
1648 1761 1733 1799 su-

112 1856 232 1909 per
256 1840 684 1909 fundamentum,
711 1839 766 1893 id
785 1846 869 1892 est
889 1835 1190 1903 Christum,
1225 1853 1387 1907 super
1413 1851 1576 1907 quem
1599 1852 1731 1906 apo-

131 1931 268 1986 stoli
302 1939 360 1985 et
389 1930 665 1999 propheta:
699 1927 910 1983 fundati
934 1934 1082 1982 sunt.
1142 1925 1417 1982 IEdiﬁcati
1462 1927 1576 1996 ipso
1609 1927 1732 1981 dico

130 2020 360 2077 Christo
383 2020 514 2075 Iesu
539 2020 806 2088 existente
835 2019 1031 2093 lapide,
1057 2027 1278 2089 propter
1319 2018 1729 2084 ﬁrmitudinem,

127 2129 373 2180 summa,
399 2113 454 2169 id
481 2121 564 2168 est
590 2119 1008 2168 consummante
1028 2110 1300 2180 justitiam
1336 2119 1596 2175 vestram,
1630 2126 1730 2162 an-

115 2205 354 2276 -gulari,
385 2204 438 2260 id
467 2212 551 2260 est
584 2211 878 2272 utrumque
905 2202 1168 2272 populum
1204 2199 1450 2256 Judaeum
1478 2208 1533 2255 et
1560 2199 1733 2271 genti-

117 2295 249 2351 Iem
282 2296 340 2352 in
373 2310 436 2351 se
465 2302 840 2350 connectente.
882 2290 1050 2362 Lapis
1091 2292 1195 2348 iste
1243 2291 1338 2347 ubi
1383 2291 1452 2346 ad
1495 2291 1730 2347 litteram

121 2383 329 2451 fuerit,
375 2392 586 2440 certum
636 2397 746 2438 non
778 2381 1077 2448 habemus;
1130 2379 1302 2436 fuisse
1341 2388 1524 2436 tamen
1551 2379 1730 2435 crediv

121 2490 270 2532 mus
294 2474 468 2544 quod,
495 2473 669 2529 donec
702 2474 758 2528 in
797 2471 1271 2532 consummatione
1312 2472 1596 2542 utriusque
1637 2486 1732 2541 pa-

131 2565 319 2633 rietis,
347 2580 460 2620 non
483 2565 674 2632 idonee
707 2565 837 2634 poni
863 2564 1072 2633 potuit;
1101 2563 1197 2618 sed
1223 2563 1280 2619 in
1306 2578 1525 2623 summo
1571 2563 1734 2620 mira-

132 2657 236 2713 bili
260 2657 650 2713 convenientia-
670 2665 962 2726 utrumque
982 2655 1246 2726 parietem
1268 2655 1591 2726 coagulavit.
1633 2655 1734 2711 Hic

123 2747 285 2816 lapis
317 2746 644 2817 signiﬁcavit
661 2745 966 2812 Christum,
988 2743 1238 2800 Judaeum
1279 2752 1336 2800 et
1373 2746 1628 2816 gentilem
1675 2746 1732 2800 in

130 2836 478 2908 perfectione
506 2837 630 2893 ﬁdei
659 2838 1025 2908 copulantem.
1067 2834 1172 2903 Qui
1207 2835 1458 2891 Christus
1482 2836 1624 2891 sicut
1649 2844 1734 2892 est

133 2944 402 2985 summus
425 2937 834 2985 consummator
853 2927 1277 2998 239justitiat,
1303 2927 1385 2982 sic
1401 2935 1488 2982 est
1504 2936 1557 2982 et
1578 2927 1732 2998 prin.-

135 3019 352 3090 cipium
379 3019 624 3089 justitite.
663 3018 821 3086 Quod
842 3019 935 3075 sic
965 3019 1043 3073 ait
1073 3034 1103 3070 ‘:
1132 3016 1201 3071 In
1230 3014 1335 3088 quo
1365 3018 1544 3087 lapide
1561 3019 1731 3073 omnis

135 3111 435 3180 ediﬁcatio
469 3119 772 3165 constructa
799 3125 898 3181 per
920 3109 1103 3177 ﬁdem,
1127 3110 1312 3163 crescit
1341 3124 1438 3180 per
1461 3110 1734 3179 operatio-

136 3217 276 3258 nem
308 3203 368 3255 in
397 3205 648 3272 templum
682 3211 947 3268 sanctum,
984 3209 1046 3256 ut
1073 3200 1145 3256 sit
1175 3201 1341 3256 homo
1367 3202 1631 3270 templum
1676 3201 1732 3255 in

137 3310 260 3365 quo
292 3293 502 3349 habitet
525 3293 688 3350 Deus.
730 3292 988 3348 Sanctum
1011 3292 1154 3347 dico
1175 3293 1234 3345 in
1262 3292 1512 3358 Domino,
1556 3292 1610 3347 id
1652 3299 1738 3347 est

135 3397 242 3454 per
272 3381 586 3438 Dominum.
627 3381 697 3436 In
713 3399 816 3454 quo
843 3384 1008 3437 etiam
1026 3382 1204 3452 lapide
1224 3381 1464 3448 Christo,
1491 3399 1579 3436 vos
1603 3398 1737 3454 gen-

139 3485 230 3532 tes
259 3477 668 3548 coadiﬁcamini
703 3492 828 3532 cum
857 3475 1061 3531 Judaeis
1082 3477 1140 3529 in
1167 3475 1554 3540 habitaculum,
1579 3475 1632 3529 id
1652 3483 1739 3530 est

139 3569 216 3625 ad
252 3568 362 3625 hoc
385 3577 446 3624 ut
466 3569 584 3624 sitis
605 3568 976 3623 habitaculum
1001 3567 1121 3621 Dei.
1160 3565 1584 3623 Coaediﬁcamini
1613 3565 1736 3625 dico

127 3663 203 3715 in
237 3659 451 3732 Spiritu
477 3670 682 3726 sancto,
705 3658 763 3714 id
789 3669 872 3716 est
897 3674 993 3729 per
1030 3657 1294 3729 Spiritum
1329 3665 1602 3724 sanctum,
1629 3673 1735 3727 pu-

129 3750 460 3811 -.l'iﬁcantem
482 3766 582 3808 vos
602 3750 736 3806 Deo.

767 3838 998 3912 CAPUT
1037 3837 1122 3894 ιιι.

227 3953 252 3988 ι
294 3931 474 4003 Hujus
493 3932 573 3988 rei
593 3932 786 4004 gratia,
804 3946 905 4003 ego
920 3929 1126 3985 Paulus
1143 3929 1361 3986 vinctus
1381 3929 1586 3986 Christi
1606 3929 1737 3986 Jesu

153 4042 177 4079 ι
223 4039 330 4097 pro
353 4023 810 4096 vobisgentihus,
825 4022 873 4077 si
900 4029 1084 4076 tamen
1109 4020 1342 4076 audistis
1370 4021 1737 4092 dispensatio-

134 4136 178 4175 ,ι
225 4131 359 4172 nem
416 4115 605 4187 gratia:
649 4113 767 4181 Dei,
804 4128 928 4184 quae
971 4113 1099 4168 data
1141 4120 1227 4167 est
1273 4113 1409 4167 mihi
1464 4113 1522 4167 in
1559 4113 1732 4169 vobis.

157 4228 178 4262 ι
226 4207 511 4276 Quoniam
537 4206 837 4263 secundum
858 4205 1252 4262 revelationem
1275 4215 1466 4261 notum
1487 4207 1623 4261 mihi
1653 4205 1737 4263 fa.-

156 4320 178 4352 ‹
223 4308 380 4355 ctum
410 4307 498 4354 est
516 4304 948 4362 sacramentum,
965 4296 1107 4351 sicut
1131 4310 1298 4365 supra
1323 4295 1518 4366 scripsi
1540 4296 1596 4350 in
1615 4297 1739 4352 bre-

155 4411 176 4445 α
223 4391 280 4446 vi
306 4388 464 4462 (Sep.
492 4406 531 4456 ι,
563 4389 674 4460 19),
703 4395 876 4460 prout
914 4387 1142 4457 potestis
1167 4386 1408 4457 legentes
1440 4385 1739 4457 intelligere

1847 756 2130 819 (cessum
2175 742 2231 797 in
2273 745 2616 800 conﬁdentia.
2643 761 2740 816 per
2785 746 2946 802 ﬁdem
2990 748 3129 818 ejus.
3185 749 3414 821 Propter

1846 853 1866 886 ς
1908 832 2054 902 quod
2075 840 2201 902 peto
2222 850 2292 890 ne
2315 835 2580 892 deﬁciatis
2600 835 2657 890 in
2680 837 3124 896 tribulationibus
3148 842 3288 897 meis
3311 858 3413 913 pro

1821 945 1865 980 ,ί
1912 927 2091 993 vobis,
2138 941 2260 996 quae
2306 935 2391 982 est
2427 927 2598 998 gloria
2643 937 2843 984 vestra.
2895 928 3072 999 Hujus
3112 932 3190 988 rei
3237 935 3415 1004 gratia

1845 1036 1864 1069 ι
1909 1017 2066 1072 ﬂecto
2108 1033 2280 1088 genua
2314 1033 2436 1072 mea
2477 1019 2544 1072 ad
2573 1017 2787 1074 Patrem
2826 1019 3042 1075 Domini
3077 1025 3252 1079 nostri
3280 1024 3412 1081 Jesu

1843 1127 1864 1161 ς
1909 1107 2138 1174 Christi,
2166 1119 2234 1162 ex
2277 1123 2387 1178 quo
2410 1109 2588 1164 omnis
2621 1110 2919 1179 paternitas
2965 1112 3019 1166 in
3045 1114 3219 1181 caelis,
3261 1125 3315 1170 et
3357 1117 3414 1170 in

1842 1217 1863 1250 ‹
1908 1206 2054 1254 terra
2078 1197 2410 1264 nominatur,
2443 1207 2503 1250 ut
2539 1197 2631 1252 dct
2667 1199 2843 1266 vobis,
2869 1202 3167 1258 secundum
3194 1204 3414 1262 divitias

1843 1307 1862 1341 ι
1906 1289 2093 1359 gloriae
2149 1303 2283 1353 suae,
2309 1287 2566 1342 virtutem
2609 1291 2952 1346 corroborari
3006 1307 3103 1362 per
3157 1295 3413 1363 spiritum

1842 1400 1862 1434 ‹
1905 1382 2026 1452 ejus
2041 1380 2423 1436 ininteriorem
2436 1380 3025 1448 hominem,Christum
3048 1385 3293 1440 habitare
3315 1401 3412 1456 per

1841 1491 1861 1525 ‹
1906 1473 2066 1528 ﬁdem
2089 1473 2145 1527 in
2169 1471 2427 1527 cordibus
2448 1473 2667 1537 vestris,
2697 1472 2753 1526 in
2789 1474 3054 1529 charitate
3088 1475 3316 1530 radicati
3357 1485 3414 1532 et

1841 1584 1859 1616 ι
1904 1564 2136 1630 fundati,
2161 1576 2222 1619 ut
2258 1564 2481 1634 possitis
2509 1563 2971 1633 comprehendere
3007 1581 3131 1621 cum
3153 1567 3414 1622 omnibus

1839 1676 1859 1710 ι
1905 1655 2129 1721 sanctis,
2161 1671 2284 1725 quae
2309 1655 2381 1711 sit
2405 1656 2657 1722 latitudo,
2680 1665 2735 1710 et
2756 1656 3060 1726 longitudo,
3089 1658 3411 1713 etsublimi-

1818 1767 1859 1800 .c
1903 1756 2006 1813 tas,
2046 1755 2101 1803 et
2129 1746 2494 1816 profundum;
2535 1747 2676 1802 scire
2708 1747 2872 1802 etiam
2917 1749 3414 1817 supercminentem

1839 1859 1858 1892 ‹
1902 1839 2145 1895 scientiae
2173 1839 2475 1894 claritatem
2497 1837 2732 1905 Christi,
2763 1847 2824 1894 ut
2851 1839 3185 1908 impleamini
3208 1840 3262 1893 in
3293 1854 3415 1894 om—

1839 1947 1859 1982 ι
1903 1945 2026 1985 nem
2058 1930 2450 1998 plenitudinem
2494 1928 2610 1983 Dei.
2647 1928 2711 1983 Ei
2745 1937 2927 1985 autem
2968 1931 3064 1999 qui
3099 1938 3293 2000 potens
3329 1938 3418 1990 est

1840 2041 1858 2074 α
1903 2021 2087 2076 omnia
2146 2019 2328 2075 facere
2371 2019 2878 2089 superabundanter
2923 2036 3090 2089 quam
3151 2022 3412 2090 petimus,

1839 2131 1858 2165 ‹
1899 2122 1996 2169 aut
2021 2111 2378 2183 intelligimus
2427 2110 2728 2166 secundum
2762 2111 3020 2166 virtutem
3057 2126 3180 2182 quae
3217 2127 3414 2182 opera-

1839 2222 1859 2258 ‹
1904 2213 1995 2260 tur
2033 2204 2090 2258 in
2131 2203 2311 2269 nobis,
2351 2202 2456 2272 ipsi
2487 2201 2662 2272 gloria
2687 2201 2742 2255 in
2766 2200 3009 2258 Ecclesia
3032 2211 3087 2258 et
3114 2203 3170 2257 in
3190 2202 3416 2259 Christo

1840 2315 1860 2348 ς
1901 2294 2054 2362 Iesu,
2082 2295 2138 2348 in
2174 2309 2368 2350 omnes
2409 2293 2790 2364 generationes
2827 2293 3014 2348 saeculi
3057 2297 3408 2351 saeculorum.

1839 2409 1860 2443 ι
1901 2389 2096 2444 Amen.
2129 2406 2148 2439 ι

2462 2490 2768 2532 εχροειτιο.

1903 2568 1976 2624 Ut
1995 2569 2172 2639 magis
2213 2567 2481 2624 obnoxios
2501 2568 2697 2623 reddat
2734 2567 2923 2639 gratiae
2955 2564 3072 2635 Dei,
3100 2568 3236 2624 dicit
3265 2567 3416 2638 quod

1832 2660 1978 2716 Deus
2000 2659 2189 2716 fecerit
2221 2675 2349 2714 eum
2379 2659 2702 2729 Apostolum
2737 2667 2958 2729 propter
3000 2658 3155 2725 illos;
3198 2659 3418 2715 vinctus

1831 2763 1917 2810 est
1942 2754 2110 2809 etiam
2136 2767 2236 2823 pro
2258 2753 2496 2819 eisdem;
2539 2752 2801 2808 revelavit
2827 2754 2996 2808 etiam
3025 2769 3076 2808 e.
3109 2753 3250 2810 Deus
3294 2769 3416 2826 my-

1833 2845 2010 2900 steria
2030 2859 2128 2900 sua
2156 2853 2378 2913 propter
2398 2858 2592 2898 eorum
2617 2843 2930 2899 utilitatem.
2994 2842 3094 2898 Vos
3113 2845 3416 2913 coazdiﬁca-

1825 2936 1964 2989 mini
1993 2934 2048 2988 in
2070 2933 2314 2999 Christo,
2340 2941 2396 2988 et
2419 2935 2597 3004 gratia
2624 2933 2780 3002 hujus
2803 2936 2879 2989 rei
2907 2945 2969 2990 ut
2988 2943 3044 2989 et
3076 2950 3176 2989 vos
3210 2934 3413 2989 coaedi-

1832 3025 2089 3081 ﬁcemini.
2123 3024 2237 3096 Ego
2266 3023 2474 3079 Paulus
2498 3025 2702 3080 vinctus
2727 3024 2857 3079 Jesu
2889 3025 3112 3092 Christi,
3135 3041 3301 3095 quem
3330 3025 3416 3079 af-

1759 3133 1805 3196 C
1833 3113 2041 3170 ﬂictum
2077 3129 2188 3168 non
2225 3119 2440 3182 oportet
2471 3113 2807 3168 contristari.
2851 3111 3068 3167 Vinctus
3103 3114 3292 3182 utique
3317 3129 3415 3182 pro

1836 3205 1976 3259 vobis
1999 3203 2278 3274 gentibus;
2321 3202 2367 3258 si
2401 3202 2547 3258 enim
2588 3203 2751 3258 saluti
2787 3211 2982 3258 vestrae
3015 3219 3122 3258 non
3151 3203 3417 3273 pradica-

1823 3312 1975 3362 .rem,
2012 3309 2358 3364 nequaquam
2385 3294 2441 3348 in
2465 3293 2702 3349 vinculis
2727 3309 2928 3350 essem.
2957 3294 3070 3347 Pro
3097 3295 3240 3349 vobis
3267 3294 3415 3363 dico,

1836 3389 1912 3443 ita
1961 3396 2136 3441 tamen
2170 3387 2216 3440 si
2243 3386 2473 3440 audistis
2513 3386 2959 3456 dispensationem
2990 3388 3178 3457 gratim
3212 3386 3332 3454 Dei,
3349 3375 3442 3442 id.

1834 3487 1920 3534 est
1947 3477 2203 3548 gratiam,
2235 3476 2463 3544 scilicet,
2488 3475 2854 3546 apostolatum
2887 3491 2953 3531 ex
2981 3477 3158 3548 gratia
3185 3476 3281 3532 Dei
3306 3478 3417 3533 mi-

1835 3569 1893 3624 hi
1923 3568 2200 3624 traditum.
2227 3567 2470 3624 Gratiam
2503 3567 2627 3623 dico
2655 3567 3030 3637 dispensatam
3058 3583 3092 3622 a
3113 3567 3246 3635 Deo,
3285 3569 3419 3639 quia

1836 3661 1982 3716 Deus
1999 3661 2137 3716 bene
2159 3660 2498 3729 dispensavit
2519 3659 2662 3729 apud
2688 3674 2767 3726 se,
2792 3674 2964 3730 quare
2989 3674 3077 3716 me
3095 3658 3418 3730 Apostolum

1835 3751 2138 3809 constituit.
2161 3749 2260 3806 Vel
2285 3765 2452 3820 quam
2486 3750 2718 3820 gratiam
2753 3765 2856 3821 ego
2882 3751 3144 3820 dispenso
3170 3751 3327 3807 vobis
3357 3761 3415 3807 et

1835 3846 2049 3904 caeteris
2073 3843 2352 3900 Ecclesiis.
2377 3841 2456 3909 Si,
2481 3842 2729 3912 inquam,
2751 3841 2984 3898 audistis
3019 3843 3270 3914 gratiam,
3293 3858 3412 3913 quin

1822 3941 1969 3994 data
1998 3945 2077 3992 est
2113 3936 2244 3990 mihi
2276 3936 2333 3990 in
2365 3934 2533 4000 vobis,
2560 3933 2614 3988 id
2642 3942 2732 3991 est
2765 3934 2912 3990 sicut
2946 3948 3073 3990 vere
3107 3933 3418 3991 credidistis

1821 4039 1927 4080 .me
1963 4038 2086 4079 esse
2111 4021 2434 4092 Apostolum
2472 4021 2660 4087 vobis,
2690 4008 2766 4076 ita
2794 4035 2922 4078 vere
2945 4021 3150 4077 credite
3184 4037 3273 4078 me
3293 4037 3418 4078 esse

1821 4117 2081 4173 evinctum
2105 4130 2206 4184 pro
2225 4113 2403 4170 vobis.
2427 4111 2614 4170 Gratia
2636 4114 2826 4183 utique
2852 4113 2970 4169 haec
2995 4113 3124 4170 data
3151 4121 3237 4170 est
3257 4113 3417 4180 mihi,

1827 4209 2088 4280 quoniam
2121 4215 2532 4272 sacramentum,
2559 4205 2614 4261 id
2639 4213 2726 4261 est
2762 4213 3034 4261 secretum
3071 4204 3189 4271 Dei,
3214 4205 3419 4276 factum

1821 4309 1916 4362 est
1940 4296 2071 4355 mihi
2109 4307 2292 4354 notum
2321 4297 2608 4353 secundum
2642 4297 3030 4363 reuelationem,
3057 4297 3112 4353 id
3138 4306 3225 4354 est
3256 4299 3332 4354 ita
3357 4307 3422 4353 ut

1827 4391 2076 4447 .revelate
2118 4389 2290 4445 sciam
2339 4387 2464 4442 inde
2485 4385 2656 4456 loqui.
2700 4384 2901 4442 Notum
2924 4383 3131 4441 factum
3155 4395 3240 4442 est
3267 4386 3419 4453 dico,

137 4503 177 4540 1
223 4481 576 4554 prudentiam
622 4495 804 4535 meam
855 4478 908 4532 in
959 4476 1266 4532 ministerio
1309 4475 1430 4547 [al-,
1457 4473 1737 4547 mysterio]
1769 4478 1818 4538 D
1843 4483 1985 4538 sicut
2021 4497 2186 4551 supra
2216 4479 2406 4548 scripsi
2435 4478 2577 4532 vobis
2609 4478 2666 4532 in
2691 4478 2832 4532 brevi
2857 4492 3130 4544 sermone,
3163 4477 3256 4533 ubi
3300 4479 3419 4533 ait:

158 4595 178 4629 ι
224 4573 457 4641 Christi,
487 4573 634 4644 quod
658 4574 713 4628 in
735 4573 859 4628 aliis
881 4573 1319 4645 generationibus
1343 4587 1454 4628 non
1474 4582 1559 4628 est
1586 4573 1738 4643 agni-

159 4684 182 4719 ι
225 4675 346 4720 tum
396 4664 524 4720 ﬁliis
566 4664 874 4730 hominum,
911 4664 1072 4721 sicui
1101 4679 1249 4719 nunc
1298 4664 1596 4720 revelatum
1656 4671 1742 4719 est

159 4777 181 4810 ι
229 4756 439 4812 sanctis
460 4755 724 4825 apostolis
753 4755 893 4825 ejus,
910 4763 965 4810 et
984 4755 1264 4825 prophetis
1293 4755 1346 4809 in
1375 4754 1591 4823 spiritu,
1617 4767 1740 4810 esse

161 4867 182 4900 ι
227 4846 544 4904 cohaeredes
571 4854 778 4917 gentes,
809 4855 865 4900 et
891 4846 1329 4916 concorporales,
1361 4854 1418 4900 et
1447 4845 1742 4915 comperti-

139 4959 185 4992 ,ι
227 4940 383 5010 cipes
410 4938 797 5008 promissionis
821 4939 942 5007 ejus
966 4939 1021 4994 in
1047 4937 1270 4994 Christo
1290 4937 1419 4994 Jesu
1448 4952 1544 5008 per
1566 4937 1743 4993 Evan-

137 5048 186 5084 -σ
228 5031 458 5101 gelium,
489 5030 648 5100 cujus
675 5031 854 5086 factus
873 5046 996 5092 sum
1023 5031 1294 5097 minister,
1322 5030 1625 5086 secundum
1645 5029 1746 5084 do-

166 5141 186 5176 t
232 5139 372 5179 num
404 5124 593 5194 gratia:
634 5123 752 5191 Dei,
801 5139 925 5195 qua:
967 5123 1093 5178 data
1137 5130 1221 5178 est
1243 5123 1407 5188 mihi,
1443 5121 1740 5178 secundum

167 5233 188 5267 ι
231 5216 611 5284 operationem
657 5215 877 5270 virtutis
925 5215 1065 5284 ejus.
1121 5213 1252 5269 Mihi
1300 5214 1449 5270 enim
1497 5217 1742 5270 omnium

168 5325 190 5356 ι
232 5314 554 5371 sanctorum
579 5307 809 5361 minimo
859 5304 913 5378 (Ι
946 5305 1069 5361 Cor.
1121 5321 1210 5371 xv,
1240 5305 1295 5375 9)
1316 5305 1446 5362 data
1467 5313 1551 5360 est
1573 5304 1744 5376 gratia

169 5415 192 5448 ι
237 5396 376 5463 haec,
407 5397 465 5450 in
503 5398 758 5467 gentibus
787 5397 1158 5468 evangelizare
1182 5397 1582 5469 investigahiles
1604 5395 1744 5452 divi-

171 5505 194 5539 s
236 5488 346 5544 tias
369 5486 598 5555 Christi,
631 5497 688 5546 et
728 5489 1036 5544 illuminare
1061 5503 1254 5544 omnes
1283 5503 1406 5557 quae
1431 5489 1506 5546 sit
1527 5488 1747 5557 dispeno

171 5597 194 5632 ι
238 5579 384 5640 satio
408 5580 738 5636 sacramenti
767 5579 1076 5638 absconditi
1106 5595 1140 5634 a
1172 5579 1388 5638 saeculis
1417 5579 1472 5636 in
1495 5578 1604 5638 Deo
1645 5579 1743 5649 qui

171 5685 195 5724 ι
233 5670 426 5726 omnia
470 5671 693 5737 creavit,
723 5680 786 5726 ut
805 5671 1113 5728 innotescat
1139 5671 1531 5741 principatibus
1573 5670 1747 5744 [prin-

137 5808 154 5816 -
174 5777 196 5814 t
235 5759 478 5831 cipibus]
519 5768 576 5815 et
603 5762 964 5830 potestatibus
989 5762 1048 5816 in
1084 5761 1400 5818 coelestibus
1434 5777 1530 5831 per
1559 5761 1745 5818 Eccle-

539 5856 814 5915 Ps'rnon.
852 5855 1060 5916 CLIII.

1841 4573 1963 4644 Ipse
1990 4582 2066 4628 est
2091 4587 2198 4643 paa:
2228 4581 2432 4637 nostra,
2456 4578 2511 4625 et
2545 4577 2631 4625 est
2652 4584 2802 4635 vera,
2823 4584 3001 4638 usque
3039 4569 3107 4624 ad
3147 4584 3272 4640 ergo
3315 4584 3421 4623 non

1839 4669 1966 4726 estis
1987 4667 2237 4736 hospites.
2281 4662 2361 4718 Ita
2391 4661 2588 4731 scripsi
2609 4669 2765 4730 prout
2795 4661 2934 4716 bene
2969 4662 3188 4731 potestis
3215 4659 3422 4714 intelli-

1842 4774 1978 4831 gere.
2027 4754 2260 4811 Potestis
2282 4753 2472 4822 utique
2493 4750 2740 4820 legentes,
2772 4749 2827 4805 id
2857 4757 2944 4806 est
2985 4749 3032 4803 si
3060 4756 3263 4804 attente
3296 4763 3424 4819 per-

1827 4847 2024 4918 .legitis
2050 4844 2204 4899 illud.
2235 4841 2539 4911 Intelligere
2565 4839 2711 4906 dico,
2729 4853 2841 4896 non
2867 4847 3080 4894 tantum
3107 4852 3425 4896 sacramen-
3521 4847 3547 4866 '

1825 4947 1983 5004 tum,
2000 4937 2094 4993 sed
2108 4936 2273 4991 etiam
2296 4932 2524 5004 potestis
2548 4930 2850 5001 intelligere
2867 4929 3204 5001 prudentiam
3228 4946 3422 4997 meum,

1843 5027 2083 5082 habitam
2097 5027 2154 5078 in
2169 5024 2436 5094 mysterio.
2450 5019 2600 5076 Idem
2611 5018 2862 5092 eam
2871 5019 3019 5090 quod
3035 5018 3090 5074 in
3109 5033 3426 5076 sacramen-

1843 5127 1900 5175 to
1915 5116 2135 5182 Christi,
2153 5115 2280 5186 quia
2307 5122 2363 5170 et
2389 5111 2709 5184 mysterium
2733 5111 2885 5178 novi,
2903 5118 2958 5165 et
2975 5109 3271 5180 prudenter
3295 5125 3427 5180 ape-

1822 5213 1953 5268 .rire
1972 5209 2107 5274 scio,
2137 5206 2275 5277 quod
2296 5204 2618 5277 mysterium
2643 5219 2748 5258 non
2770 5212 2848 5258 est
2876 5204 3142 5273 cognitum
3169 5201 3302 5272 ﬁliis
3325 5203 3425 5256 ho-

1829 5302 2045 5356 minum
2065 5299 2122 5352 in
2142 5296 2266 5352 aliis
2281 5293 2722 5366 generationibus,
2744 5295 2802 5350 id
2825 5302 2910 5350 est
2930 5293 2985 5349 in
3008 5293 3130 5350 aliis
3148 5293 3422 5354 aetatibus.

1824 5393 1943 5448 .Vel
1971 5392 2022 5448 si
2065 5389 2338 5460 aliquibus
2368 5400 2478 5442 non
2511 5387 2584 5441 ita
2611 5387 2890 5457 cognitum
2941 5387 3082 5440 sicut
3102 5399 3249 5447 nuan
3279 5400 3424 5438 reue-

1829 5487 2018 5540 latum
2062 5491 2141 5537 est
2183 5481 2384 5536 sanctis
2409 5479 2662 5550 apostolis
2707 5479 2845 5548 ejus,
2886 5493 2987 5534 nec
3021 5477 3083 5532 in
3117 5476 3222 5530 hoc
3239 5473 3426 5530 videar

1823 5573 2069 5649 ‘gloriari
2096 5571 2227 5642 quia
2270 5571 2568 5627 revelatum
2593 5578 2680 5626 est
2701 5569 2758 5624 in
2785 5568 2992 5637 Spiritu
3035 5571 3226 5627 sancto
3261 5560 3427 5616 etiam

1847 5667 2137 5740 prophetis,
2171 5665 2226 5721 id
2254 5673 2339 5721 est
2378 5663 2712 5734 quibuslibet
2759 5657 3077 5718 illuminatis
3119 5666 3279 5714 sensu
3319 5651 3426 5705 hoc

1849 5759 2192 5832 mysterium,
2224 5755 2448 5820 scilicet,
2479 5761 2650 5822 gentes
2675 5767 2785 5805 esse
2805 5747 3112 5818 cohtereder‘
3131 5741 3332 5800 ludatis
3368 5743 3427 5797 in

2956 5840 3022 5897 11
