3928 6412
622 349 722 412 331

1153 345 1212 402 S.
1248 337 1600 400 BRUNONIS
1633 331 2278 393 CARTIIUSIANORUM
2318 331 2808 420 INSTITUTORIS
2845 333 2998 391 OPP.
3039 333 3220 392 PARS
3255 335 3316 393 ll.
3729 345 3804 402 εἴθ

619 470 805 526 futura
856 469 1042 528 aetate;
1091 469 1146 516 et
1175 459 1269 515 hic
1311 471 1433 514 esse
1473 450 1887 522 concorporales,
1937 449 1992 504 id
2023 456 2107 504 est
2139 447 2198 502 in
2225 450 2277 511 Α
2303 447 2530 514 mundo,
2562 463 2680 518 qua:
2721 447 3002 504 tribulatio
3037 457 3114 502 est
3157 448 3328 518 gloria
3355 459 3544 505 vestra.
3581 451 3632 506 Si
3655 456 3804 514 enim

620 561 811 619 eodem
833 568 1065 627 corpore
1083 551 1320 618 Christi;
1347 549 1401 604 id
1425 555 1506 603 est
1535 547 1590 600 in
1614 541 1856 599 Ecclesia
1885 555 2008 597 esse
2034 540 2199 596 etiam

617 649 1008 722 eonparticipes
1052 641 1417 716 promissionis
1459 637 1615 693 facta:
1663 634 1732 690 ad
1759 633 2055 688 Abraham.
2092 630 2199 686 Co-

625 740 869 797 hteredes
914 737 1038 792 dico
1082 729 1498 801 eoneorporales
1543 725 1941 797 conparticipes
1987 738 2110 780 esse
2141 726 2199 778 in

623 833 838 890 Christo
891 827 1040 894 Iesu,
1099 826 1188 896 qui
1241 823 1365 892 fecit
1388 829 1612 890 utraque
1661 833 1826 872 unum
1861 830 1986 871 esse
2018 815 2097 870 sic
2139 816 2199 869 in

623 923 858 988 Christo,
889 928 944 976 et
973 919 1075 973 hoc
1102 931 1194 986 per
1219 911 1586 984 Evangelium,
1607 907 1994 981 praedicatione
2017 907 2195 980 cujus,

619 1014 694 1070 ad
723 1013 881 1068 ﬁdem
911 1007 1150 1064 veniunt.

695 1103 848 1171 Quod
871 1097 1218 1169 Evangelium
1246 1109 1354 1150 non
1386 1101 1472 1149 est
1506 1105 1710 1156 meum,
1741 1090 1836 1146 sed
1859 1089 2010 1159 cujus
2027 1087 2200 1144 Evan-

625 1196 748 1268 gelii
788 1195 960 1264 factus
994 1205 1112 1243 sum
1156 1187 1418 1241 minister.
1469 1183 1580 1239 Nec
1604 1183 1710 1238 hoc
1731 1197 1798 1236 ex
1828 1180 2024 1236 merito
2053 1195 2195 1247 meo,

615 1287 718 1344 sed
754 1283 1038 1340 secundum
1090 1280 1290 1334 donum
1335 1277 1525 1348 gratiae
1567 1275 1710 1330 Dei:
1755 1289 1920 1344 quam
1967 1273 2197 1344 gratiam

617 1379 818 1432 iterum
849 1389 956 1428 non
991 1369 1272 1442 promerui
1311 1377 1374 1423 ut
1406 1369 1682 1432 haberem,
1711 1365 1805 1422 sed
1825 1381 1942 1436 qua
1971 1366 2100 1419 data
2119 1374 2197 1419 est

617 1467 750 1521 mihi
788 1463 1076 1519 secundum
1117 1461 1472 1532 operationem
1514 1457 1725 1512 virtutis
1755 1456 1894 1526 ejus,
1925 1456 2054 1526 quia
2086 1455 2198 1510 vir-

613 1568 710 1614 tus
759 1557 881 1628 ejus
906 1561 1130 1624 operata
1153 1558 1238 1608 est
1273 1551 1444 1605 multa
1465 1565 1562 1620 per
1600 1562 1776 1603 meam
1805 1546 2192 1602 inﬁrmitatem.

621 1648 762 1704 Data
789 1659 866 1702 est
888 1645 1038 1698 mihi.
1071 1643 1137 1698 Et
1154 1643 1245 1697 cui
1269 1641 1442 1696 mihi?
1468 1639 1602 1694 Mihi
1623 1640 1810 1710 utique
1837 1639 2056 1692 minimo
2083 1653 2197 1692 om-

620 1737 771 1790 nium
797 1742 1121 1799 sanctorum,
1145 1734 1276 1785 data
1305 1737 1382 1784 est
1423 1731 1598 1800 gratia
1627 1729 1764 1795 haec,
1792 1728 2000 1783 scilicet
2033 1743 2194 1782 evan-

2300 537 2650 593 tribulatione
2669 553 2790 592 mea
2827 538 2974 594 vires
2997 538 3126 592 boni
3158 540 3337 608 operis
3357 541 3590 609 sumitis,
3627 533 3803 603 tunedi-

2299 629 2392 700 gni
2449 629 2584 684 estis
2619 629 2811 700 gloria.
2857 627 2915 683 Si
2947 637 3130 684 autem
3167 637 3389 699 propter
3425 646 3514 684 me
3549 633 3803 694 tribulatun

2297 718 2551 785 deﬁcitis,
2580 719 2880 790 ignominia
2902 718 3052 789 digni
3077 718 3232 774 estis.
3277 718 3347 773 Et
3390 721 3566 790 gratia
3592 722 3722 792 hujus
3737 730 3802 795 rei,

2299 811 2351 867 id
2374 821 2458 868 est
2481 827 2549 868 ne
2571 811 2858 878 deﬁciatis,
2884 812 3014 880 quia
3051 811 3168 866 haec
3195 825 3283 866 res
3307 821 3462 882 grata
3485 822 3568 868 est
3593 815 3806 882 mihi,ros
3877 795 3879 860 θ

2299 905 2508 960 scilicet
2545 919 2654 958 non
2701 903 2953 968 deﬁcere,
2997 902 3122 958 ideo
3163 903 3319 972 ﬂecto
3358 920 3548 974 genua.
3589 905 3804 979 Sicutper
3877 953 3879 966 .

2299 1009 2440 1067 genu
2479 995 2706 1066 erigitur
2747 1003 3052 1063 corpus,-et
3095 994 3439 1060 humiliatur,
3485 996 3558 1050 ita
3595 1011 3680 1066 per
3709 1015 3804 1069 genu

2297 1097 2541 1142 erectum
2580 1095 2634 1142 et
2667 1085 2891 1152 ﬂexum,
2917 1085 3082 1141 elatio
3111 1087 3314 1142 mentis
3342 1096 3398 1142 et
3433 1087 3716 1144 bumiliatio
3745 1107 3803 1146 ac-

2299 1178 2516 1248 cipitur.
2543 1177 2746 1232 Paulus
2771 1177 2960 1248 utique
2979 1192 3154 1247 genua
3175 1178 3360 1234 carnis
3381 1177 3638 1247 ﬂectebat,
3659 1191 3710 1237 ut
3735 1183 3804 1236 hu-
3877 1221 3879 1246 ς

2298 1268 2583 1324 militatem
2613 1267 2841 1338 spiritus
2874 1267 3144 1323 innueret.
3175 1269 3360 1323 Flecte
3373 1286 3544 1340 genua
3565 1271 3630 1324 ad
3647 1271 3802 1328 Patren
3877 1267 3879 1340 ξ

2298 1359 2514 1414 Domini
2545 1361 2715 1413 nostri
2740 1359 2872 1414 Iesu
2907 1359 3138 1426 Christi;
3171 1360 3266 1430 qui
3305 1369 3360 1415 et
3379 1361 3540 1416 Pater
3573 1363 3712 1418 nobis
3733 1374 3802 1426 est,
3877 1359 3879 1426 ξ

2298 1466 2424 1506 cum
2453 1452 2629 1508 simus
2671 1451 2770 1506 ﬁlii
2805 1451 3034 1518 Christi,
3071 1451 3230 1520 cujus
3270 1450 3438 1506 Pater
3461 1451 3612 1524 241
3651 1461 3731 1508 est.
3749 1453 3804 1510 Es

2298 1559 2399 1614 quo
2448 1542 2629 1608 Patre,
2652 1543 2726 1612 {id
2767 1551 2850 1598 es:
2883 1557 2951 1598 ex
2993 1542 3332 1598 institutione
3369 1552 3428 1598 et
3449 1545 3679 1614 exemplo
3697 1545 3803 1614 cujus

2297 1643 2381 1690 est
2419 1634 2576 1690 nobis
2610 1635 2780 1688 omnis
2816 1636 3130 1705 paternitas,
3153 1633 3208 1690 id
3235 1645 3322 1690 est
3349 1645 3482 1690 sunt
3511 1636 3658 1690 nobis
3673 1649 3803 1691 omnes

2297 1734 2505 1796 patres,
2519 1743 2649 1797 quos
2671 1723 2750 1780 vel
2780 1727 2838 1779 in
2859 1725 3004 1780 caelis
3027 1725 3294 1781 habemus
3317 1726 3545 1797 angelos
3563 1727 3802 1796 provisere:

622 1826 854 1897 gelizare
879 1825 935 1877 in
956 1823 1192 1894 gentibus
1233 1822 1446 1876 divitias
1470 1821 1670 1878 Christi
1695 1820 2107 1891 inocstigabiles,
2138 1821 2194 1877 id
2221 1822 2270 1886 Β
2295 1819 2476 1884 nobis,
2511 1818 2588 1873 uel
2627 1834 2769 1888 quos
2798 1819 3065 1874 habemus
3103 1819 3160 1872 in
3193 1828 3337 1874 terra
3377 1827 3442 1874 ut
3473 1820 3744 1890 episcopos.
3769 1829 3802 1876 et

619 1924 707 1972 est
735 1913 1329 1985 incomprehensibiles.
1361 1911 1558 1967 Datum
1594 1918 1680 1967 est
1705 1912 1870 1967 etiam
1901 1912 2035 1966 mihi
2069 1910 2197 1966 illu-

619 2007 823 2060 minare
848 2021 1025 2059 omnes
1072 2003 1139 2059 de
1176 2003 1312 2070 hoc;
1359 2017 1497 2073 quae,
1535 2001 1590 2057 id
1619 2011 1705 2058 est
1739 2019 1900 2073 quam
1926 2003 2096 2074 digna
2125 2002 2197 2056 sit

601 2096 962 2166 dispensatio,
1005 2095 1058 2150 id
1095 2103 1180 2150 est
1207 2094 1452 2165 impletio
1493 2095 1814 2148 sacramenti
1842 2093 2140 2148 absconditi
2163 2111 2197 2148 a

601 2185 892 2255 prioribus
935 2183 1167 2240 saeculis.
1207 2181 1276 2236 In
1305 2183 1416 2238 Deo
1457 2191 1662 2252 tamen,
1705 2183 1762 2239 id
1799 2191 1886 2239 est
1915 2183 1972 2238 in
2004 2183 2199 2240 notitia

605 2274 1054 2342 .Deiexistentis;
1096 2274 1192 2344 qui
1235 2272 1380 2328 Deus
1409 2273 1664 2344 ignorare
1689 2289 1801 2328 non
1839 2273 2037 2344 potuit,
2071 2274 2200 2345 quia

616 2366 798 2419 omnia
820 2365 1037 2419 creauit.
1082 2361 1208 2420 Ideo
1240 2364 1620 2434 evangeliaare,
1657 2364 1983 2433 illuminare,
2013 2375 2071 2420 ut
2104 2382 2197 2423 sa-

616 2455 822 2528 pientia
850 2455 948 2510 Dei
975 2471 1072 2527 per
1114 2456 1402 2513 ecclesiam
1431 2471 1555 2526 quae
1589 2455 1646 2510 in
1679 2457 2066 2526 praedicatione
2097 2473 2198 2515 no-

603 2555 735 2604 'stra
778 2547 1150 2614 constituitur,
1207 2548 1494 2618 sapientia,
1543 2547 1788 2617 inquam,
1822 2548 1921 2603 Dei
1961 2564 2061 2620 per
2093 2549 2200 2606 hoc

601 2637 912 2693 .innotescat
951 2637 1278 2708 principibus
1307 2647 1358 2694 et
1388 2639 1760 2710 potestatibus,
1785 2639 1838 2695 id
1867 2648 1952 2696 est
1989 2641 2192 2697 ordini-

602 2727 724 2784 -bus
767 2728 1107 2800 angelorum,
1153 2729 1514 2786 existentibus
1559 2731 1616 2784 in
1659 2729 1974 2786 caelestibus.
2005 2731 2198 2804 Angeli

602 2818 764 2874 enim
793 2819 1100 2876 nescientes
1121 2820 1476 2877 salvationem
1507 2821 1816 2890 hominum,
1851 2823 2122 2879 mirantur
2143 2833 2200 2880 et

601 2909 844 2967 ~laudant
871 2910 1064 2980 Deum,
1095 2927 1243 2980 cum,
1291 2929 1387 2984 per
1427 2914 1872 2984 praedicationem
1903 2915 2196 2986 Apostolo-

601 3018 763 3072 rum,
797 3003 917 3060 visa
945 3005 1326 3072 conversione,
1359 3005 1668 3076 intelligant
1709 3007 2069 3062 salvationem
2103 3023 2200 3064 eo-

601 3111 760 3152 rrum.
787 3095 1064 3166 Sapientia
1084 3095 1183 3152 Dei
1207 3097 1574 3168 multiformis,
1613 3097 1744 3168 quia
1780 3097 1930 3154 hunc
1973 3098 2198 3156 lenitate

2297 1909 2574 1981 quoslibet
2609 1909 2868 1966 Ecclesiae
2894 1909 3104 1966 Patres.
3151 1911 3465 1968 Paternitas
3497 1927 3604 1967 non
3631 1913 3693 1967 ita
3715 1912 3802 1967 sim-
3877 1909 3879 1980 ἓ

2283 2002 2511 2072 pliciter
2528 2011 2632 2069 est,
2661 2001 2758 2058 sed
2799 2003 3124 2070 nominatur,
3161 2003 3213 2059 id
3242 2013 3329 2060 est
3363 2004 3665 2075 quicunque
3683 2005 3802 2058 nomi-

2297 2090 2506 2146 nabiles
2517 2089 2780 2162 dignitate
2801 2089 3065 2146 virtutum
3085 2100 3215 2147 sunt
3237 2073 3402 2148 nobis
3411 2073 3614 2149 Patres.
3631 2091 3708 2148 Vel
3725 2092 3798 2146 ita:

2297 2180 2604 2238 Paternitas
2633 2181 2970 2249 nominatur,
2995 2181 3050 2236 id
3077 2189 3163 2238 est
3185 2182 3224 2237 ii
3247 2183 3564 2253 provisuros
3584 2183 3802 2252 nostripa-
3877 2191 3879 2220 ε

2297 2279 2409 2327 tres
2439 2271 2700 2328 dicuntur
2739 2271 2859 2327 solo
2885 2271 3127 2340 nomine,
3151 2272 3206 2327 id
3250 2281 3338 2328 est
3359 2273 3700 2344 nuncupatim
3723 2280 3798 2328 tar-
3877 2287 3879 2344 ι

2297 2369 2436 2430 tum,
2471 2377 2582 2419 non
2613 2362 3041 2418 substantialiter
3061 2361 3208 2434 quod
3229 2361 3380 2420 Deus
3403 2365 3553 2422 solus
3569 2373 3661 2420 est.
3673 2362 3800 2418 Flecte

2298 2467 2468 2524 genua
2492 2453 2562 2508 ad
2588 2452 2759 2508 Deum
2791 2471 2804 2508 :
2837 2461 2896 2507 ut
2925 2453 3014 2508 det
3037 2454 3183 2508 vobis
3213 2455 3504 2510 secundum
3530 2455 3714 2510 divitias
3727 2453 3798 2524 glo-

2297 2544 2396 2599 ria:
2421 2559 2554 2612 sure,
2586 2543 2643 2598 id
2665 2552 2750 2600 est
2771 2543 3116 2601 abundanter
3133 2555 3189 2602 et
3217 2546 3479 2618 gloriose,
3511 2547 3798 2614 seilieet,cum
3877 2543 3879 2620 ξ

2296 2635 2560 2705 potentia.
2607 2634 2712 2692 Det
2759 2637 2883 2692 dico
2911 2637 3107 2692 uirtute
3130 2640 3491 2708 corroborari,
3515 2639 3564 2696 id
3587 2647 3660 2695 est
3675 2646 3721 2693 ut
3735 2651 3798 2692 ros

2298 2726 2639 2783 corroborati
2667 2727 2788 2784 sitis
2813 2729 2870 2783 in
2892 2728 3059 2785 bono.
3095 2729 3162 2786 Et
3182 2732 3326 2786 hanc
3367 2732 3611 2787 virtutem
3629 2731 3676 2786 in
3693 2729 3798 2784 vobis
3877 2726 3879 2792 i

2298 2831 2410 2871 non
2451 2825 2693 2872 vestram
2733 2833 2858 2874 esse
2898 2819 3157 2888 credatis,
3198 2821 3294 2877 sed
3324 2839 3422 2892 per
3455 2823 3677 2892 spiritum
3709 2819 3796 2889 ejus,

2297 2915 2360 2962 ut
2397 2908 2585 2978 gratiae
2623 2907 2720 2964 Dei
2759 2910 2945 2966 omnia
2982 2911 3291 2969 ascribatis.
3322 2913 3427 2970 Det
3459 2915 3580 2970 dico
3613 2913 3798 2976 virtutem

2298 3013 2411 3055 non
2435 3001 2698 3068 exterius,
2725 3001 2822 3058 sed
2843 3003 2902 3056 in
2925 3004 3176 3059 interiore
3197 3005 3430 3061 homine.
3877 2999 3879 3068 ἐ

2369 3089 2496 3147 Ideo
2521 3091 2666 3148 Deus
2689 3093 2947 3150 virtutem
2992 3095 3220 3166 justitiae
3257 3097 3316 3150 in
3363 3097 3544 3154 anima
3582 3093 3796 3158 ordinavit,
3877 3091 3879 3126 ἒ

603 3151 908 3254 sermonis,
948 3188 1096 3244 hunc
1125 3151 1420 3259 asperitate
1441 3151 1776 3244 inﬁrmitatis
1809 3189 2076 3246 convertit
2109 3190 2196 3246 in—
2223 3151 2272 3217 C
2301 3182 2432 3252 quia
2461 3184 2508 3238 si
2535 3193 2681 3240 esset
2708 3185 2764 3240 in
2799 3201 3028 3257 corpore
3049 3188 3196 3258 quod
3237 3190 3394 3245 omni
3429 3189 3707 3246 adversitati
3733 3201 3796 3241 ει·
3877 3213 3879 3234 ι

605 3277 836 3334 diverso
859 3279 1022 3335 modo
1061 3279 1118 3334 in
1151 3279 1406 3335 diversis.
1441 3279 1794 3350 Multiformis
1827 3280 1971 3348 dico,
2017 3289 2202 3338 osten-

605 3383 681 3424 sa
699 3369 986 3424 secundum
1005 3371 1414 3440 prceﬁnitionem
1441 3372 1780 3438 sseculorum,
1805 3371 1860 3428 id
1885 3381 1972 3429 est
1999 3374 2057 3429 in
2095 3389 2200 3431 sae-

609 3457 828 3516 culis-tt
857 3459 969 3515 Deo
1009 3462 1299 3519 ordinante
1337 3461 1642 3532 praeﬁnitis.
1675 3462 1848 3529 Quam
1887 3465 2202 3535 praeﬁnitio-

611 3565 766 3618 nem,
781 3549 836 3605 id
853 3559 938 3606 est
953 3551 1061 3608 hoc
1080 3553 1296 3624 quodin
1317 3554 1531 3611 saeculis
1552 3569 1612 3610 se
1637 3553 1909 3610 facturum
1931 3556 2202 3626 praeﬁnie-

615 3650 725 3708 rat,
759 3642 906 3710 fecit.
943 3642 996 3698 id
1019 3651 1108 3699 est
1149 3645 1442 3716 complevit
1484 3647 1541 3700 in
1579 3645 1793 3701 Christo
1816 3645 1946 3702 Iesu
1974 3647 2202 3703 Domino

615 3735 832 3802 nostro,
853 3734 922 3790 in
941 3750 1063 3806 quo,
1085 3735 1142 3792 id
1167 3745 1255 3794 est
1282 3752 1380 3808 per
1431 3753 1594 3809 quem
1631 3735 1914 3794 Christum
1953 3739 2202 3797 habemus

625 3823 886 3892 ﬁduciam
923 3825 1221 3882 accedendi
1263 3827 1333 3882 ad
1361 3825 1552 3884 Deum.
1571 3825 1689 3884 Nec
1708 3828 1888 3885 solum
1921 3829 2199 3899 ﬁduciam,

615 3917 716 3974 sed
741 3917 906 3972 etiam
937 3917 1204 3974 habemus
1241 3933 1511 3973 accessum
1535 3919 1604 3972 ad
1627 3919 1817 3989 Deum,
1859 3936 1968 3976 non
1997 3921 2199 3977 timen-

603 4015 703 4062 tes
725 4007 1110 4078 repulsionem,
1137 4008 1232 4064 sed
1259 4010 1317 4062 in
1339 4009 1680 4079 conﬁdentia,
1719 4010 1776 4065 id
1797 4019 1884 4066 est
1915 4012 1984 4066 de
2029 4011 2202 4068 intro-

617 4097 875 4153 ductione
897 4097 1250 4153 conﬁdentes.
1275 4096 1615 4154 Conﬁdentia
1641 4099 1765 4154 dico
1798 4099 1986 4156 habito
2023 4117 2115 4170 per
2135 4101 2204 4172 ﬁ-

617 4187 740 4242 dem
764 4187 902 4256 ejus,
927 4187 1136 4243 scilicet
1159 4187 1388 4255 Christi,
1411 4188 1501 4243 cui
1533 4197 1590 4243 et
1629 4188 1686 4242 in
1713 4203 1875 4259 quem
1905 4189 2196 4248 credimus.

691 4277 1158 4334 Commemoravit
1189 4293 1250 4336 se
1280 4287 1504 4350 propter
1531 4278 1821 4335 utilitatem
1847 4267 2041 4335 eorum
2067 4295 2202 4338 con-

621 4379 894 4426 secratum
921 4383 953 4423 a
974 4367 1088 4424 Deo
1109 4367 1452 4440 Apostolum.
1478 4367 1734 4424 Vinctum
1774 4370 1940 4425 etiam
1975 4385 2036 4427 se
2071 4387 2200 4443 pro-

2297 3275 2537 3345 positum
2567 3283 2672 3345 est,
2707 3277 2850 3333 sicut
2873 3293 3096 3348 corpus,
3141 3289 3253 3334 tam
3287 3280 3401 3338 cito
3429 3280 3797 3337 deﬁceretu'rtns
3877 3275 3879 3312 έ

2299 3381 2422 3436 quae
2442 3367 2603 3438 longe
2629 3369 2829 3425 melius
2860 3369 3012 3425 'sedet
3033 3370 3091 3424 in
3125 3370 3330 3439 anima,
3375 3372 3444 3428 de
3471 3387 3576 3442 quo
3599 3371 3662 3426 ait
3691 3365 3796 3422 Chri-

2301 3466 2421 3514 stus
2450 3477 2463 3513 :
2499 3477 2519 3512 ι
2542 3457 2840 3530 Postquam
2863 3461 3167 3518 occiderint
3191 3453 3419 3532 corpus,
3443 3464 3624 3518 anima!
3643 3473 3726 3515 non
3739 3457 3797 3510 ba-

2299 3545 2430 3603 bent
2453 3549 2584 3619 quid
2609 3549 2812 3605 faciant
2837 3549 3055 3620 (Matth.
3085 3567 3144 3618 χ,
3177 3551 3292 3622 28),
3323 3571 3344 3604 ›
3377 3562 3436 3608 ut
3461 3554 3550 3609 det
3572 3549 3698 3606 vobis
3713 3545 3796 3614 Spi-

2300 3636 2488 3705 ritum,
2517 3647 2572 3694 et
2591 3646 2652 3694 ut
2673 3639 2766 3696 det
2783 3639 2941 3695 vobis
2971 3639 3216 3694 habitare
3244 3639 3522 3696 Christum
3553 3641 3601 3694 in
3623 3633 3796 3691 cordibrt

2301 3730 2486 3784 uestris
2511 3744 2530 3782 :
2559 3743 2669 3784 non
2697 3730 2846 3800 quod
2889 3727 2964 3786 ibi
2999 3731 3360 3800 corporaliter
3397 3733 3576 3788 sedeat
3604 3747 3614 3784 :
3641 3725 3712 3783 sed
3739 3737 3798 3789 βπ

2300 3829 2478 3899 ﬁdem.
2513 3827 2666 3884 Licet
2693 3829 2785 3884 ubi
2817 3827 3073 3900 Spiritus,
3096 3828 3174 3884 ibi
3203 3827 3484 3912 Christus,
3525 3837 3678 3883 tamen
3706 3833 3796 3874 neu-

2301 3929 2447 3977 trum
2475 3929 2560 3977 est
2581 3921 2941 3992 superﬂuum,
2967 3921 3097 3992 quia
3127 3919 3369 3990 Spiritus
3393 3937 3489 3992 per
3507 3916 3794 3976 dilectionem.

2296 4012 2553 4070 Christus
2585 4027 2682 4083 per
2711 4011 3087 4067 ﬁdem.Flecto
3108 4021 3278 4082 genua
3307 4011 3435 4067 ideo
3456 4019 3514 4066 ut
3531 4023 3619 4063 vos
3633 3997 3796 4060 radiati

2297 4111 2348 4160 et
2379 4104 2593 4174 fundati
2621 4105 2678 4157 in
2707 4103 2988 4158 charitate.
3019 4103 3065 4156 A
3087 4101 3451 4159 similitudine
3477 4095 3720 4158 arhorisin
3741 4087 3794 4144 sl-

2301 4202 2417 4250 tum
2462 4193 2738 4262 radicatee,
2765 4202 2821 4250 et
2845 4208 2913 4250 ex
2941 4193 3276 4249 abundantia
3325 4195 3627 4256 humerum,
3655 4183 3796 4257 quibus

2299 4287 2356 4342 in
2385 4288 2496 4343 alto
2525 4287 2740 4354 radices
2764 4286 3045 4342 abundant
3085 4285 3306 4356 copiose
3351 4277 3714 4342 fructiﬁcantis,
3745 4271 3796 4326 ait

2300 4379 2554 4446 radicati,
2579 4378 2635 4433 id
2655 4385 2740 4434 est
2762 4375 3153 4433 fructiﬁcantes
3177 4377 3234 4432 in
3255 4376 3541 4442 eharitate,
3561 4381 3606 4428 et
3626 4359 3791 4440 fundati.

620 4469 740 4531 pter
767 4473 884 4528 eos,
908 4459 1146 4516 revelata
1171 4461 1409 4516 sibiesse
1424 4460 1683 4532 mysteria
1703 4459 1802 4516 Dei
1823 4462 1892 4517 ad
1917 4462 2199 4520 instruen—
2230 4490 2276 4546 ι)
2301 4469 2357 4525 id
2384 4477 2470 4525 est
2501 4485 2668 4539 super
2710 4468 3125 4524 fundamentum
3157 4468 3214 4522 in
3245 4483 3354 4538 quo
3383 4469 3532 4523 ﬁrma
3567 4464 3626 4520 sit
3649 4467 3690 4516 et
3711 4467 3791 4546 ονεζ

603 4550 753 4606 dum
779 4563 896 4606 eos.
931 4549 1159 4620 Propter
1175 4549 1336 4622 quod,
1372 4551 1504 4621 quia
1533 4551 1650 4608 haec
1684 4553 1869 4608 omnia
1893 4552 2038 4610 facta
2071 4565 2202 4612 sunt

603 4649 845 4712 propter
869 4655 989 4708 vos,
1015 4642 1146 4712 quia
1172 4641 1339 4696 etiam
1364 4655 1650 4698 accessum
1677 4643 1892 4700 habetis
1928 4647 1997 4702 ad
2025 4645 2198 4703 Deum

603 4747 719 4802 per
745 4731 905 4789 ﬁdem
933 4731 1138 4788 Christi
1167 4733 1476 4802 nobiscum,
1505 4742 1726 4804 propter
1765 4735 1872 4791 hoc
1893 4752 2004 4792 non
2036 4739 2202 4796 modo

601 4839 832 4895 precor,
883 4823 981 4880 sed
1030 4825 1192 4896 quasi
1242 4839 1359 4880 rem
1415 4825 1655 4880 debitam
1707 4835 1847 4896 peto,
1887 4837 1944 4883 et
1973 4844 2006 4883 a
2043 4830 2200 4888 vobis

620 4915 802 4986 exigo,
834 4931 896 4970 ne
921 4915 1188 4984 deﬁciatis
1213 4915 1272 4968 in
1305 4913 1737 4969 tribulationibus
1776 4917 1925 4971 meis.
1951 4916 2078 4974 Ideo
2103 4933 2202 4990 per

599 5029 606 5036 -
621 5006 767 5064 hanc
793 5007 1234 5063 exhortationem
1247 5007 1365 5062 vult
1385 5021 1482 5064 eos
1491 5007 1820 5077 praemunire
1834 5007 2058 5078 Paulus,
2070 5011 2202 5082 quia

597 5093 905 5151 dubitabat
941 5109 1011 5150 ne
1045 5093 1186 5151 forte
1215 5095 1568 5151 tribulatione
1594 5103 1650 5151 et
1685 5096 1974 5156 alllictione
1997 5102 2202 5172 magis-

621 5183 694 5241 tri
716 5183 1048 5254 contemptui
1063 5185 1346 5252 haberent,
1359 5184 1508 5254 quod
1529 5184 1599 5240 ab
1619 5187 1801 5258 eo‘qui
1822 5190 2205 5260 contemptibi-

623 5277 750 5334 liter
789 5275 1128 5332 tractabatur
1173 5277 1514 5333 didicissent.
1563 5276 2030 5337 Tribulationibus
2075 5281 2200 5338 dico

623 5368 784 5436 meis,
822 5366 1023 5424 habitis
1050 5385 1146 5439 pro
1173 5368 1338 5424 vobis.
1369 5367 1493 5426 ideo
1527 5370 1674 5426 enim
1702 5369 1844 5428 Deus
1861 5387 1950 5427 me
1977 5373 2202 5442 permit-

620 5460 691 5518 tit
713 5458 878 5532 allligi
899 5465 961 5513 ut
979 5459 1156 5530 qualis
1189 5467 1370 5516 vestra
1395 5459 1467 5516 sit
1503 5459 1640 5517 lldes
1667 5459 1724 5517 in
1753 5462 2051 5518 tentatione
2079 5479 2202 5520 mea

621 5565 888 5624 apparere
926 5549 1111 5607 faciat.
1149 5549 1294 5607 Deus
1338 5551 1485 5608 enim
1528 5551 1807 5608 Abraham
1843 5565 1900 5609 et
1929 5555 2206 5625 quoslibet

622 5645 762 5700 alios
811 5658 924 5699 non
963 5641 1088 5700 ideo
1130 5643 1378 5711 tentavit,
1417 5642 1566 5714 quod
1609 5641 1744 5714 quid
1772 5641 2022 5700 futurum
2057 5654 2205 5702 esset

622 5736 920 5808 ignoraret,
951 5734 1048 5793 sed
1079 5743 1138 5791 ut
1163 5735 1322 5791 ﬁdem
1350 5749 1542 5793 eorum
1572 5733 1912 5806 probabilem
1939 5737 2204 5796 iudicaret

2300 4567 2421 4617 seat
2445 4559 2734 4616 aediﬁcatio
2755 4559 2952 4615 domus
2977 4557 3095 4614 Dei.
3133 4557 3202 4613 Ut
3225 4573 3346 4626 vos,
3379 4559 3610 4629 inquam,
3629 4540 3791 4607 radiati

2299 4657 2356 4704 et
2379 4649 2590 4706 fundati
2618 4652 2833 4722 possitis
2863 4649 3317 4720 comprehendere,
3343 4651 3604 4706 intellectu
3623 4650 3666 4698 et
3687 4633 3791 4692 utili-

2301 4747 2412 4796 tate
2456 4756 2576 4794 cum
2619 4741 2860 4795 omnibus
2901 4739 3120 4807 sanctis,
3148 4739 3202 4794 id
3225 4749 3311 4796 est
3352 4741 3494 4795 sicut
3519 4729 3792 4803 contme

2301 4829 2441 4884 dunt
2463 4845 2656 4886 omnes
2681 4830 2876 4897 sancti,
2904 4845 3022 4900 qua!
3047 4830 3116 4884 sit
3144 4828 3396 4897 latitudo,
3421 4837 3468 4884 et
3507 4815 3790 4910 longitudof‘

2301 4919 2624 4987 sublimitas,
2645 4928 2696 4974 et
2721 4919 3064 4990 profundum.
3093 4918 3365 4984 Latitudo,
3400 4935 3431 4974 a
3452 4918 3647 4973 dextera
3675 4907 3716 5002 Ῐξι
3742 4907 3791 5002 εξ·

2301 5010 2532 5066 nistram
2577 5010 2755 5067 crucis
2801 5010 3042 5078 Christi,
3091 5010 3501 5081 amplitudinem
3559 4997 3788 5061 dilectioni!

2303 5101 2630 5173 signiﬁcavit
2647 5117 2756 5172 qua
2782 5102 2946 5157 etiam
2977 5117 3076 5172 pro
3095 5101 3335 5158 inimicis
3355 5099 3540 5156 oravit.
3560 5081 3790 5160 Longitudo

2302 5193 2486 5250 crucis
2507 5209 2540 5249 a
2565 5194 2742 5265 capite
2771 5193 2827 5260 in
2855 5193 3040 5264 pedes,
3071 5193 3528 5263 Ρθΐεθνεηηίίείω
3557 5177 3788 5274 dilecti"?

2302 5263 2649 5357 δίεηίῧεθνίῑξ
2673 5285 2804 5357 quia
2828 5263 2956 5342 cum
2986 5285 3271 5342 dilexisset
3297 5300 3449 5351 suos,
3483 5282 3536 5336 in
3577 5278 3707 5332 [luem
3733 5263 3790 5318 di-

2300 5373 2435 5430 lexit
2461 5390 2559 5432 eos
2601 5373 2784 5448 (Joan.
2809 5391 2909 5431 xui
2928 5417 2944 5443 ,
2975 5375 3052 5448 l).
3101 5371 3419 5431 Sublimitas
3447 5368 3628 5433 erucis,
3655 5359 3697 5448 ili
3731 5358 3788 5407 εει

2301 5479 2430 5537 pars
2455 5465 2546 5523 illa
2573 5447 2699 5538 quae
2719 5447 3166 5537 supereminebat
3193 5463 3378 5536 capiti,
3423 5463 3477 5518 in
3517 5447 3788 5538 quam“?

2299 5535 2524 5614 titulum
2557 5535 2807 5628 scripsit,
2827 5563 3138 5628 respectum
3157 5535 3400 5611 divinum
3438 5537 3726 5628 signiﬁwi‘g
3747 5535 3787 5628 ἐ

2303 5648 2556 5705 innueret
2574 5624 2827 5706 Christus
2851 5624 3046 5705 senon
3082 5661 3272 5705 amore
3291 5643 3478 5704 mundi
3513 5637 3628 5712 pati.
3657 5624 3729 5685 δαί
3747 5625 3786 5674 ⁸⁸

2303 5735 2506 5798 faceret
2531 5741 2868 5800 voluntatem
2887 5739 3066 5798 Patris
3094 5740 3202 5808 sui,
3227 5739 3322 5810 qui
3351 5745 3432 5795 est
3459 5735 3510 5790 in
3534 5725 3677 5788 ralis-
3695 5715 3784 5771 Ρτο·
