3928 6444
132 335 238 405 333

739 336 1120 402 EXPOSITIO'
1138 341 1209 400 IN
1221 333 1638 404 'EPISTOIJRS'
1659 343 1711 400 P.

1816 339 2000 401 LIX—"-
2023 344 2090 401 IN
2127 344 2345 407 EPIST.
2382 352 2476 407 AD
2508 345 2748 412 EPHES.

3278 365 3384 425 δδι

133 455 386 524 fundum,
422 454 581 513 dicta
607 464 687 512 est
715 471 842 527 pars
879 456 970 511 illa
997 456 1180 513 crucis
1212 472 1334 527 quae
1357 455 1412 510 in
1435 464 1578 513 terra
1603 455 1712 510 ﬁxa
1738 459 1783 519 Α
1819 473 1839 508 ι
1883 457 2032 510 omni
2063 457 2367 516 humilitate
2398 469 2454 518 et
2477 464 2912 532 mansuetudine,
2953 482 3078 526 cum
3102 471 3380 546 patientia,

133 549 252 616 fuit,
301 547 456 619 quod
505 546 836 620 profundum
879 547 1132 639 designat
1171 548 1444 639 occultam
1488 548 1717 639 gratiam

132 639 242 706 Dei,
270 655 383 710 qua
415 639 544 694 sine
595 639 788 694 merito
817 639 960 694 bona
1000 638 1328 708 multiplicat
1367 638 1483 694 suis
1509 638 1716 694 eisdem

132 730 509 787 nescientibus
539 745 708 801 quare
750 730 830 785 sic
876 729 1061 784 faciat.
1113 729 1239 785 Haec
1265 737 1446 784 tamen
1490 730 1545 784 in
1583 728 1716 800 ipsis

132 821 510 892 intelligimus,
545 822 627 876 sic
670 821 990 890 exponendo
1035 839 1048 875 :
1092 819 1322 876 Possitis
1359 821 1716 891 comprehen-

134 915 256 970 dere
289 927 417 983 qua:
458 913 542 968 sit
583 911 832 978 latitudo,
880 911 936 967 id
982 919 1262 982 estquam
1298 912 1438 966 latos
1471 921 1718 982 oporteat

133 1020 224 1060 vos
253 1018 378 1070 esse
407 1004 465 1057 in
492 1003 782 1070 charitate,
815 1010 878 1058 ut
903 1003 1068 1059 etiam
1091 1003 1229 1058 bene
1257 1001 1471 1059 faciatis
1507 1002 1593 1060 his
1620 1003 1715 1074 qui

133 1112 226 1152 vos
264 1095 508 1150 oderint.
560 1093 626 1150 Et
675 1095 974 1167 longitudo,
1027 1095 1083 1150 id
1121 1104 1205 1151 est
1233 1111 1398 1167 quam
1424 1096 1616 1168 longos
1661 1104 1717 1152 et

136 1188 494 1259 perdurantes
515 1188 574 1242 in
593 1187 879 1243 dilectione
903 1195 1150 1258 oporteat
1177 1203 1276 1244 vos
1299 1204 1440 1256 esse,
1469 1196 1529 1244 ut
1548 1188 1714 1244 etiam

137 1279 180 1335 si
201 1277 417 1348 expedit
444 1293 563 1332 non
591 1277 894 1334 formidetis
917 1277 1057 1333 mori
1080 1293 1179 1348 pro
1199 1277 1310 1333 Deo
1330 1279 1414 1333 vel
1443 1278 1710 1348 proximo.

140 1366 199 1421 Et
223 1384 342 1438 quae
381 1367 458 1422 sit
488 1366 820 1432 sublimitas,
849 1366 1124 1436 quomodo
1165 1380 1403 1436 superno
1440 1373 1710 1436 respectu,

140 1473 240 1513 non
259 1466 517 1528 respectu
541 1458 730 1513 mundi
753 1458 1008 1528 quaelibet
1027 1457 1170 1512 bona
1201 1457 1435 1513 faciatis.
1478 1455 1544 1512 Et
1566 1458 1714 1528 quod

142 1547 207 1604 sit
243 1548 607 1619 profundum,
635 1548 688 1604 id
728 1554 814 1604 est
857 1548 1070 1604 occulta
1116 1548 1290 1618 gratia
1323 1546 1418 1603 Dei
1452 1546 1507 1602 in
1533 1547 1710 1614 vobis,

142 1654 238 1709 qua
262 1654 358 1693 vos
384 1639 510 1693 sine
541 1639 737 1694 merito
760 1637 1104 1709 justilicavit,
1127 1647 1181 1692 ει
1202 1637 1450 1708 provehit
1470 1645 1531 1693 ut
1550 1636 1713 1692 etiam

143 1729 350 1798 possitis
397 1728 542 1783 scire
595 1729 910 1783 charitatem
955 1727 1177 1796 Christi,
1223 1726 1278 1783 id
1319 1738 1404 1785 est
1439 1727 1712 1798 quomodo

143 1818 382 1875 Christus
408 1835 514 1876 vos
545 1817 818 1875 dilexerit.

205 1909 543 1965 Charitatem
583 1909 707 1966 dico
751 1910 1218 1981 supereminentem
1265 1907 1414 1964 omni
1455 1907 1707 1964 scientiae.

143 1997 286 2054 Nulla
323 2001 471 2056 enim
504 2001 740 2057 scientia
781 2001 1240 2071 comprehendere
1275 1998 1472 2055 suliiclt
1507 2008 1712 2070 quanta

148 2091 210 2146 sit
234 2091 470 2148 charitas
499 2091 732 2147 Christi.
765 2090 863 2147 Vel
891 2091 962 2146 ita
991 2109 1003 2145 :
1040 2089 1273 2146 Possitis
1302 2090 1444 2146 scire
1468 2089 1711 2145 charita-

147 2189 242 2235 tem
268 2183 512 2238 scientiae
537 2181 764 2251 Christi,
789 2183 1088 2239 secundum
1119 2181 1422 2237 scientiam.
1446 2180 1711 2252 Ignoran-

148 2281 223 2328 tes
246 2273 383 2329 enim
419 2273 752 2344 plerumque
788 2273 1085 2345 diligimus,
1119 2274 1234 2341 sed,
1267 2273 1313 2329 si
1347 2272 1712 2344 cognitionem

149 2365 215 2420 rei
237 2381 394 2436 quam
420 2367 710 2438 diligimus
738 2367 1056 2435 habeamus,
1081 2369 1253 2423 multo
1280 2367 1453 2441 magis
1476 2369 1533 2423 in
1555 2366 1714 2424 boni-

151 2469 246 2515 tate
270 2459 344 2516 rei
373 2461 616 2533 cognitae
636 2459 908 2533 diligenda
933 2461 1303 2518 accendimur.
1330 2461 1456 2518 Ideo
1476 2461 1553 2518 ait
1577 2463 1711 2518 cha-

149 2550 341 2607 ritatem
371 2553 624 2609 scientiae
649 2551 868 2621 Christi,
900 2554 954 2610 id
982 2562 1066 2611 est
1083 2555 1385 2611 secundum
1427 2555 1712 2611 scientiam

152 2639 424 2698 deChristo
446 2644 721 2700 habitam.
744 2643 1080 2700 Charitatem
1107 2645 1350 2702 scientia:
1370 2646 1492 2702 dico
1516 2662 1712 2717 super-

151 2732 456 2789 eminentem
482 2734 743 2791 charitati
767 2735 1106 2806 ignorantia}.
1143 2734 1355 2791 Bonum
1385 2736 1529 2806 quod
1558 2735 1714 2806 igno-

154 2831 286 2877 ratur
325 2825 510 2882 minus
570 2823 834 2896 diligitur.
878 2825 1109 2882 Possitis
1159 2826 1618 2897 comprehendere
1659 2834 1714 2882 et

156 2913 294 2980 scire,
319 2914 436 2971 ideo
465 2924 533 2970 ut
555 2916 882 2986 impleamini
913 2917 1094 2973 eundo
1121 2917 1179 2970 in
1203 2934 1426 2985 omnem,
1452 2915 1505 2973 id
1535 2925 1621 2974 est
1653 2916 1710 2972 in

157 3006 375 3061 omnium
399 3007 678 3063 bonorum
707 3008 1084 3078 plenitudinem
1115 3007 1236 3075 Dei,
1269 3008 1322 3064 id
1371 3018 1455 3064 est
1488 3025 1555 3065 ex
1599 3008 1712 3065 Deo

1824 567 1842 599 ι
1887 559 2270 619 supportantes
2303 552 2535 609 invicem
2576 556 2632 611 in
2677 557 2960 616 charitate.
3007 561 3235 623 Solliciti
3262 585 3383 626 sero

1821 656 1841 690 ι
1885 652 2014 728 vare
2029 641 2298 728 unitatem
2329 645 2552 714 spiritus
2582 645 2638 703 in
2668 648 2885 706 vinculo
2911 653 3060 722 pacis
3092 657 3381 728 (Romani,

1822 744 1840 779 ι
1883 726 1991 795 l0).
2027 723 2204 784 Unum
2253 746 2471 803 corpus,
2513 742 2568 790 ει
2593 752 2738 794 unus
2759 734 3004 810 spiritus,
3040 723 3183 800 sicut
3205 723 3382 806 vocati

1790 820 1795 825 '
1821 837 1840 870 ι
1879 819 2014 876 estis
2042 820 2097 874 in
2118 837 2225 876 una
2250 838 2344 893 spe
2366 823 2667 884 vocationis
2687 838 2898 886 vestrae.
2919 829 3072 890 Unus
3094 835 3380 905 Dominus,

1819 927 1841 961 ‹
1881 926 1991 966 una
2043 911 2196 980 ﬁdes,
2224 913 2406 970 'unum
2451 917 2739 988 baptisma.
2770 917 2926 979 Unus
2955 923 3100 981 Deus
3125 935 3181 982 et
3218 922 3383 986 Pater

1819 1019 1840 1054 ι
1885 1003 2150 1071 omnium,
2194 1004 2288 1076 qui
2316 1022 2479 1078 super
2513 1023 2723 1079 omnes,
2752 1019 2806 1068 et
2837 1028 2934 1083 per
2967 1016 3171 1084 omnia,
3216 1027 3272 1074 et
3324 1021 3382 1076 in

1820 1113 1840 1156 ε
1884 1095 2137 1152 omnibus
2183 1097 2362 1153 nobis.
2407 1093 2713 1172 Unicuique
2749 1112 2932 1160 autem
2963 1117 3211 1166 nostrum
3254 1111 3384 1169 data

1819 1205 1840 1239 ι
1881 1194 1966 1242 est
1998 1187 2172 1258 gratia
2204 1189 2501 1246 secundum
2527 1207 2840 1250 mensuram
2873 1196 3183 1258 donationis
3222 1201 3386 1258 Chri-

1820 1293 1839 1328 ι
1884 1277 1973 1332 sti.
2001 1276 2229 1348 Propter
2250 1280 2395 1350 quod
2419 1279 2548 1336 dicit
2573 1300 2588 1335 :
2615 1281 2926 1342 Ascendens
2955 1285 3011 1342 in
3035 1288 3203 1346 altum
3219 1289 3386 1363 captio

1821 1389 1840 1422 ι
1878 1385 2003 1424 vam
2034 1371 2189 1426 duxit
2239 1371 2628 1442 captivitatem,
2675 1373 2822 1432 dedit
2871 1378 3016 1437 dona
3066 1380 3382 1442 hominibus

1820 1480 1839 1514 ι
1880 1460 2054 1533 (Psal.
2086 1476 2254 1530 van,
2291 1462 2400 1534 19).
2432 1462 2588 1530 Quod
2617 1474 2797 1522 autem
2821 1470 3084 1539 ascendit,
3123 1472 3254 1542 quid
3274 1482 3387 1540 est,

1820 1571 1839 1605 ι
1882 1549 1989 1608 nisi
2038 1552 2167 1623 quia
2209 1561 2266 1608 et
2291 1552 2570 1610 descendit
2611 1554 2792 1625 (Joan.
2818 1573 2900 1625 Ill,
2935 1557 3025 1631 15)
3060 1561 3296 1631 primum
3324 1560 3384 1618 in

1821 1664 1840 1697 ‹
1885 1644 2172 1702 inferiores
2197 1653 2380 1716 partes
2406 1651 2583 1704 terrae.
2608 1648 2713 1716 Qui
2743 1650 3042 1720 descendit,
3073 1655 3188 1724 ipse
3216 1665 3302 1712 est
3328 1663 3386 1713 et

1820 1754 1841 1788 ι
1883 1733 1978 1807 qui
2013 1737 2258 1793 ascendit
2283 1753 2448 1809 super
2493 1755 2684 1797 omnes
2729 1740 2918 1809 caelos,
2966 1750 3030 1799 ut
3067 1745 3388 1816 adimplerct

1823 1846 1842 1879 ι
1886 1827 2089 1882 omnia.
2119 1826 2185 1883 Et
2206 1827 2322 1898 ipse
2343 1829 2489 1886 dedit
2516 1833 2783 1902 quosdam
2823 1835 3044 1905 quidem
3081 1837 3384 1907 apostolos,

1824 1937 1844 1970 ι
1883 1918 2149 1989 quosdam
2172 1928 2352 1974 autem
2376 1921 2988 1990 prophetas.Aliosvero
3002 1924 3385 1998 evangelistas,

1822 2027 1842 2062 ι
1885 2007 2037 2066 Alios
2060 2019 2241 2065 autem
2271 2017 2541 2080 pastores,
2581 2019 2638 2068 et
2675 2006 2924 2071 doctores
2955 2011 3102 2086 (Cor.
3130 2029 3229 2084 xu,
3260 2017 3378 2087 28),

1822 2118 1841 2153 ι
1885 2099 1953 2156 ad
1975 2100 2501 2156 consummationem
2526 2106 2839 2158 sanctorum
2884 2103 2940 2159 in
2970 2120 3109 2176 opus
3134 2106 3387 2164 ministe-

1822 2208 1840 2243 ι
1881 2191 1971 2258 rii,
2003 2191 2060 2246 in
2086 2191 2502 2248 aedificationem
2535 2195 2782 2264 corporis
2815 2190 3062 2254 Christi:
3088 2199 3264 2256 donec
3290 2216 3387 2256 oc-

1820 2299 1841 2334 (
1885 2295 2171 2337 curramus
2207 2297 2396 2338 omnes
2425 2277 2482 2337 in
2525 2281 2790 2340 unitatem
2820 2281 2965 2354 ﬁdei,
3004 2294 3060 2342 ει
3093 2289 3388 2360 agnitionis

1821 2389 1840 2424 ι
1881 2369 1978 2426 ﬁlii
2007 2369 2125 2437 Dei,
2155 2371 2212 2426 in
2245 2372 2424 2426 virum
2447 2371 2769 2442 perfectum,
2798 2371 2854 2430 in
2875 2389 3188 2433 mensuram
3209 2380 3388 2436 aetatis

1820 2481 1840 2516 ι
1881 2461 2236 2534 plenitudinis
2278 2459 2481 2519 Christi
2512 2482 2526 2519 :
2552 2472 2614 2519 ut
2655 2461 2767 2535 jam
2815 2481 2926 2522 non
2971 2467 3143 2525 simus
3176 2466 3389 2540 parvuli

1819 2573 1840 2608 ι
1880 2553 2226 2620 ﬁuctuantes,
2256 2560 2312 2609 et
2334 2551 2788 2610 circumferamur
2808 2555 2958 2611 omni
2982 2565 3144 2613 vento
3184 2557 3391 2615 (ἰοειτί-

1819 2664 1840 2700 ι
1883 2661 1989 2714 nae,
2019 2643 2081 2700 in
2103 2642 2344 2716 nequitia
2372 2645 2678 2712 heminum,
2719 2643 2776 2701 in
2809 2647 3010 2705 astutia
3039 2648 3108 2704 ad
3151 2649 3391 2708 circum-

1819 2754 1838 2789 ι
1880 2733 2186 2791 ventionem
2215 2734 2439 2791 erroris.
2489 2731 2785 2792 Veritatem
2831 2742 3012 2792 autem
3047 2735 3305 2795 facientes
3331 2736 3388 2794 in

1818 2844 1839 2878 ‹
1883 2822 2168 2893 charitate,
2196 2840 2506 2881 crescamus
2528 2825 2582 2880 in
2607 2825 2701 2882 illo
2721 2841 2818 2896 per
2844 2824 3048 2896 omnia,
3079 2827 3175 2899 qui
3196 2835 3280 2896 est
3296 2844 3390 2885 ca-

1819 2935 1838 2969 ι
1879 2925 1976 2987 put
1999 2915 2272 2983 Christus,
2300 2931 2368 2970 ex
2397 2931 2508 2986 quo
2537 2925 2710 2972 totum
2734 2932 2932 2988 corpus
2951 2928 3312 2988 compactum,
3333 2927 3386 2976 et

1818 3024 1838 3059 ι
1882 3022 2186 3062 connexum
2216 3020 2312 3076 per
2341 3020 2558 3060 omnem
2576 3005 2891 3075 juncturam
2919 3005 3384 3064 subministratio-

157 3092 389 3151 habitam.
424 3097 547 3170 Ego
569 3099 722 3167 ﬂecto
752 3113 921 3169 genua
939 3108 996 3152 ut
1025 3114 1122 3155 vos
1147 3100 1357 3169 possitis
1381 3101 1713 3171 comprehen—
1739 3144 1779 3171 τ,
1819 3116 1838 3150 ι
1881 3099 1989 3166 nis,
2022 3098 2324 3153 secundum
2358 3095 2728 3167 operationem
2755 3097 2811 3152 in
2841 3113 3154 3154 mensuram
3187 3101 3383 3156 unius-

157 3186 257 3241 ἀπε
275 3197 324 3243 ει
345 3190 504 3245 scire.
529 3189 648 3260 Ipse
672 3198 849 3245 autem
877 3191 1015 3245 Deus
1039 3197 1220 3261 potens
1234 3200 1311 3246 est
1336 3191 1509 3261 facere
1531 3191 1710 3245 omnia

158 3293 442 3352 quacunque
483 3289 795 3352 opportuna
824 3280 984 3353 25.2
1013 3289 1159 3337 sunt.
1205 3280 1409 3337 Facere
1452 3282 1575 3337 dico
1617 3281 1712 3335 ab-

160 3369 390 3424 undanter
415 3387 586 3442 supra
607 3385 766 3443 quam
793 3374 1039 3442 petimus,
1066 3380 1157 3425 aut
1182 3389 1342 3442 supra
1375 3388 1532 3443 quam
1554 3371 1712 3426 intel-

163 3456 364 3526 ligimus.
392 3458 572 3517 Nemo
599 3461 745 3516 enim
781 3460 1064 3514 hominum
1089 3460 1310 3515 auderet
1339 3460 1445 3515 hoc
1467 3468 1648 3530 petere
1677 3476 1710 3516 a

161 3545 255 3604 Deo
282 3561 338 3606 ut
357 3553 560 3608 Filium
589 3568 750 3608 suum
778 3550 970 3618 Deum,
999 3551 1273 3606 hominem
1304 3549 1537 3619 faceret;
1564 3553 1710 3622 quod

163 3643 317 3694 tamen
341 3640 480 3699 fecit.
528 3640 701 3698 Nemo
733 3643 899 3697 etiam
934 3641 1236 3712 intelligere
1263 3649 1452 3711 posset
1477 3657 1587 3712 quo
1619 3657 1712 3697 or-

163 3727 268 3785 dine
291 3725 812 3801 pietatis'hominem
859 3732 1133 3802 perditum
1165 3733 1511 3799 restauravit,
1545 3741 1600 3788 et
1627 3734 1712 3788 in-

166 3836 361 3881 numera
381 3826 528 3880 bona
546 3840 668 3895 qua:
690 3823 841 3890 facit,
863 3831 919 3878 et
939 3821 1062 3878 ideo
1091 3823 1229 3878 bene
1249 3820 1345 3888 ait,
1366 3834 1530 3892 supra
1551 3837 1712 3894 quam

164 3913 377 3982 petimus,
405 3925 501 3970 aut
527 3913 892 3984 intelligimus.
925 3911 991 3968 Et
1032 3913 1178 3983 quod
1220 3920 1372 3966 tanta
1409 3921 1601 3982 potens
1641 3913 1714 3969 sit

169 3999 318 4060 facere
342 4008 575 4076 probare
597 4020 913 4076 possumus,
931 4003 1112 4059 eundo
1138 4003 1423 4058 secundum
1444 4004 1709 4070 virtutem,

167 4105 266 4159 qua
286 4094 447 4152 virtus
477 4095 606 4165 ejus
627 4102 874 4164 operatur
909 4093 968 4146 in
1007 4091 1176 4158 nobis,
1205 4091 1354 4162 quia,
1386 4091 1432 4146 si
1455 4090 1709 4147 conside-

169 4193 332 4240 rantur
361 4203 421 4242 ea
440 4203 570 4259 quae
595 4185 755 4241 nobis
777 4184 1007 4240 contulit
1027 4191 1270 4254 potestas
1297 4183 1708 4251 miraculorum,

169 4276 214 4322 et
236 4273 385 4331 multa
405 4279 537 4345 alia,
560 4293 656 4348 per
680 4278 798 4332 haec
825 4275 983 4347 plane
1017 4275 1324 4346 colligimus
1344 4274 1491 4345 quod
1515 4289 1581 4330 ex
1608 4289 1704 4330 vo-

169 4356 344 4420 instate
367 4378 563 4438 potens
592 4367 664 4424 sit
687 4369 756 4424 de
783 4376 980 4423 caetero
1013 4380 1395 4422 consummare
1440 4365 1624 4420 omnia
1652 4365 1709 4420 in

171 4451 322 4509 nobis.
347 4456 410 4513 Ei
454 4468 634 4515 autem
688 4459 778 4531 qui
807 4457 886 4513 sic
929 4465 1111 4527 potens
1151 4465 1229 4512 est
1256 4456 1448 4527 facere,
1473 4457 1577 4526 ipsi
1604 4455 1708 4512 soli

172 4551 263 4596 non
281 4545 526 4606 humana:
547 4549 758 4616 virtuti,
781 4548 854 4604 sit
887 4547 1060 4620 gloria
1081 4547 1135 4601 in
1164 4545 1426 4613 Ecclesia,
1456 4547 1511 4602 id
1537 4554 1622 4604 est
1649 4546 1706 4602 in

173 4635 570 4699 consideratione
609 4641 902 4706 bonorum,
947 4653 1071 4709 qua:
1105 4635 1318 4694 confert
1348 4636 1622 4705 Ecclesia,
1658 4647 1709 4692 et

172 4721 307 4782 ﬂiam
329 4731 379 4784 in
404 4731 616 4788 Christo
637 4730 788 4798 Iesu,
816 4731 946 4801 quia
979 4745 1082 4785 nec
1116 4729 1220 4801 ipsi
1262 4728 1482 4784 Christo
1511 4743 1710 4784 securi-

175 4809 280 4870 dum
308 4819 574 4879 hominem
603 4823 670 4879 de
703 4822 862 4878 bonis
908 4836 1031 4892 quas
1066 4821 1235 4892 gessit
1265 4819 1436 4890 gloria
1463 4820 1708 4888 debetur,

175 4901 251 4956 θαι
271 4905 389 4966 Deo.
426 4913 613 4970 Gloria
639 4914 763 4969 dico
785 4927 1109 4982 permanens
1137 4913 1194 4965 in
1219 4927 1394 4965 omnes
1418 4911 1712 4982 generatio-

177 5003 278 5059 ’δεῖ
301 4999 364 5055 ab
383 5002 515 5059 Abel
548 5004 695 5060 enim
719 5003 897 5074 primo
919 5003 1070 5073 justo
1099 5003 1245 5057 nulla
1270 5003 1528 5073 praeteriit
1555 5017 1712 5072 gene-

175 5084 310 5155 ratio,
334 5107 448 5163 qua:
470 5110 577 5150 non
613 5095 838 5150 haberet
861 5095 1075 5165 aliquos
1117 5094 1174 5148 in
1213 5094 1414 5164 quibus
1444 5093 1706 5165 gloriare-

179 5178 252 5229 tur
299 5177 448 5242 Deus.
515 5185 891 5242 Generationes
933 5186 1058 5242 dico
1101 5185 1314 5252 seaculi,
1357 5201 1386 5240 a
1440 5185 1707 5258 principio

177 5276 322 5337 usque
335 5274 397 5330 ad
414 5277 595 5334 ﬁnem.
616 5277 812 5334 δεουιί
833 5278 957 5335 dico
975 5277 1312 5344 seculorum,
1324 5276 1379 5332 in
1403 5293 1515 5348 quo
1535 5278 1705 5333 multa

180 5359 344 5449 fecula
380 5367 744 5435 continentur,
781 5366 885 5437 ipsi
928 5365 1120 5438 gloria.
1167 5364 1364 5434 Amen,
1414 5379 1515 5436 pro
1554 5373 1704 5421 certo

178 5447 240 5497 ἱιι
259 5457 348 5506 est.

743 5544 971 5603 CAPUT
1008 5545 1098 5602 Ν.

241 5639 258 5674 ⁸
279 5625 495 5695 Obsecro
531 5638 717 5711 itaque
740 5653 840 5694 vos
884 5653 986 5711 ego
1023 5639 1240 5696 vinctus
1280 5637 1335 5692 in
1375 5629 1732 5694 Domino‘lft'

173 5725 205 5799 ,⁸
237 5711 373 5788 ἀίῑυθ
397 5728 678 5786 ambuletis
711 5729 996 5787 vocatione
1019 5745 1126 5800 qua
1169 5730 1348 5785 vocati
1376 5729 1530 5795 estis,
1578 5743 1704 5785 cum

1817 3209 1837 3243 ‹
1879 3191 2145 3260 cujusque
2193 3189 2443 3257 membri,
2491 3196 2841 3260 augmentum
2882 3190 3130 3262 corporis
3170 3192 3300 3250 facit
3326 3193 3388 3250 in

1818 3300 1837 3334 ι
1878 3280 2289 3337 aediﬁcationem
2315 3281 2402 3335 sui
2427 3280 2481 3334 in
2509 3279 2796 3336 charitate.
2838 3280 2952 3337 Hoc
2978 3280 3145 3353 igitur
3181 3284 3305 3340 dico
3330 3294 3387 3341 et

1818 3388 1837 3422 ι
1879 3369 2140 3426 testiﬁcor
2167 3367 2223 3424 in
2244 3369 2497 3436 Domino,
2524 3379 2586 3425 ut
2609 3370 2722 3440 jam
2752 3387 2860 3427 non
2892 3369 3201 3442 ambuletis,
3244 3373 3390 3431 sicut

1816 3479 1836 3514 ι
1879 3469 1934 3517 ει
1957 3469 2144 3532 gentes
2165 3459 2442 3516 ambulant
2468 3461 2525 3516 in
2544 3462 2782 3518 vanitate
2803 3477 2997 3520 sensus
3017 3465 3122 3532 sui,
3144 3467 3386 3522 tenebris

1817 3572 1836 3605 ι
1881 3553 2231 3610 obscuratum
2260 3554 2522 3610 habentes
2550 3551 2905 3623 intellectum,
2944 3556 3164 3614 alienati
3203 3575 3236 3614 a
3272 3561 3384 3614 vita

1817 3662 1836 3696 ι
1880 3641 1976 3697 Dei
2005 3658 2102 3713 per
2127 3643 2512 3714 ignorantiam,
2536 3660 2658 3714 quae
2678 3651 2763 3700 est
2793 3645 2849 3700 in
2877 3644 2986 3703 illis
3034 3657 3254 3718 propter
3279 3667 3386 3706 cae-

1817 3749 1837 3784 t
1882 3730 2100 3786 citatem
2131 3728 2314 3786 cordis
2345 3732 2613 3801 ipsorum;
2641 3733 2734 3802 qui
2768 3733 3140 3804 desperantes,
3181 3745 3384 3793 semet—

1817 3842 1836 3877 ι
1883 3824 2030 3894 ipsos
2054 3823 2392 3878 tradiderunt
2416 3823 2786 3894 impudicitiae,
2811 3825 2865 3878 in
2889 3826 3257 3896 operationem
3282 3828 3387 3884 im-

1816 3932 1836 3966 ι
1878 3913 2158 3968 munditiae
2184 3911 2452 3979 omnis,in
2477 3913 2762 3968 avaritiam
2782 3914 2954 3985 (Rom.
2973 3932 3011 3982 ι,
3034 3912 3246 3988 21-51).
3271 3916 3383 3974 Vos

1817 4023 1836 4058 ι
1879 4012 2059 4060 autem
2092 4019 2201 4059 non
2225 4003 2300 4059 ita
2326 4002 2591 4060 didicistis
2611 4002 2911 4073 Christum,
2943 4003 2988 4062 si
3025 4014 3206 4062 tamen
3228 4007 3382 4064 illum

1816 4113 1836 4147 ί
1876 4094 2127 4161 audistis,
2142 4102 2195 4148 et
2223 4093 2278 4148 in
2304 4090 2422 4165 ipso
2444 4095 2620 4150 edocti
2649 4095 2799 4163 estis,
2823 4096 2968 4151 sicut
2995 4104 3080 4152 est
3099 4098 3298 4154 veritas
3324 4099 3383 4154 in

1816 4204 1836 4239 ι
1875 4183 2026 4242 Jesu.
2045 4183 2305 4256 Deponitc
2324 4183 2446 4257 [a..,
2472 4185 2765 4259 deponere]
2776 4202 2872 4242 vos
2889 4187 3186 4244 secundum
3198 4189 3384 4259 pristi-

1816 4293 1837 4329 ι
1874 4287 2000 4329 nam
2014 4275 2481 4330 conversationem
2495 4283 2726 4331 veterem
2737 4275 3012 4332 hominem
3023 4277 3118 4348 qui
3135 4293 3384 4334 corrum-

1817 4384 1836 4418 c
1879 4366 2046 4436 pitur,
2081 4367 2380 4422 secundum
2404 4366 2670 4422 desideria
2696 4365 2897 4424 erroris
2915 4368 3053 4440 (Col.
3075 4369 3248 4441 111,8).
3272 4369 3383 4426 Re-

1737 4483 1787 4547 D
1817 4475 1836 4510 ι
1877 4457 2154 4512 novamini
2177 4463 2360 4513 autem
2385 4458 2581 4528 spiritu
2623 4457 2822 4515 mentis
2843 4470 3058 4528 vestrae,
3083 4468 3139 4516 et
3174 4461 3384 4516 induite

1815 4567 1835 4600 ι
1877 4564 2080 4604 novum
2103 4549 2402 4615 hominem,
2419 4549 2513 4619 qui
2536 4549 2836 4605 secundum
2859 4551 3030 4607 Deum
3053 4558 3270 4608 creatus
3297 4560 3384 4607 est

1817 4657 1836 4692 ι
1880 4639 1935 4694 in
1965 4639 2178 4709 justitia
2227 4645 2283 4694 et
2324 4640 2611 4694 sanctitate
2652 4639 2902 4696 veritatis
2945 4641 3118 4711 (Rom.
3155 4655 3232 4705 vi,
3262 4638 3378 4709 48).

1817 4748 1837 4783 ι
1880 4729 2106 4800 Propter
2139 4729 2287 4800 quod
2316 4729 2649 4800 deponentes
2683 4731 3059 4797 mendacium,
3089 4728 3381 4800 loquimini

1799 4833 1838 4871 'c
1879 4819 2161 4874 veritatem
2209 4819 2588 4888 unusquisque
2623 4833 2750 4874 cum
2788 4818 3038 4888 proximo
3067 4831 3168 4872 suo
3190 4815 3378 4888 (Hebr.

1818 4927 1838 4962 ‹
1884 4909 1988 4976 12;
2022 4906 2053 4962 1
2075 4908 2224 4964 Petr.
2257 4924 2318 4972 ll,
2348 4909 2426 4979 ὅ),
2451 4908 2712 4979 quoniam
2737 4923 2929 4964 sumus
2949 4907 3180 4963 invicem
3208 4922 3385 4962 mem-

1817 5019 1837 5053 ι
1878 5000 1996 5055 hra.
2036 5018 2055 5051 ‹
2082 4997 2408 5066 Irascimini,
2431 5007 2484 5054 et
2504 4999 2670 5055 nolite
2693 5013 2918 5069 peccare
2940 4997 3115 5072 (Psal.
3145 5014 3220 5065 tv,
3250 4999 3327 5069 5).
3353 5017 3375 5052 ι

1816 5109 1836 5142 ι
1882 5089 1976 5146 Sol
2005 5105 2115 5145 non
2153 5091 2368 5145 occidat
2387 5105 2552 5160 super
2595 5089 2932 5146 iracundiam
2962 5097 3224 5146 vestram.
3266 5087 3379 5145 No-

1815 5201 1834 5235 t
1877 5181 1971 5236 lite
1999 5181 2179 5237 locum
2207 5180 2337 5235 dare
2365 5181 2602 5236 diabolo.
2652 5179 2758 5248 Qui
2806 5180 3090 5237 iurabatur
3112 5181 3226 5252 jam
3266 5197 3380 5238 non

1814 5287 1834 5320 ι
1876 5267 2085 5324 furetur
2133 5266 2274 5337 (Jac.
2304 5282 2378 5333 tv,
2430 5266 2513 5334 7);
2559 5267 2733 5338 magis
2768 5277 2949 5324 autem
2987 5268 3219 5336 laboret,
3247 5282 3378 5339 ope-

1801 5353 1835 5412 ~r
1876 5357 2339 5436 randojmanihus
2383 5358 2500 5414 suis
2526 5359 2674 5430 quod
2711 5359 2916 5415 bonum
2944 5368 3048 5426 est,
3082 5367 3145 5415 ut
3182 5359 3381 5414 habeat

1815 5470 1836 5504 ι
1877 5450 2022 5506 unde
2048 5449 2251 5505 tribuat
2287 5448 2667 5504 necessitatem
2711 5447 3138 5521 mpaﬁenti.
3183 5446 3377 5504 Omnis

1815 5561 1837 5595 ι
1877 5557 2058 5604 sermo
2091 5541 2267 5596 malus
2287 5554 2355 5595 ex
2395 5555 2491 5596 ore
2524 5547 2708 5595 vestro
2735 5554 2844 5595 non
2868 5538 3161 5610 procedat;
3200 5537 3296 5593 sed
3327 5533 3375 5590 si

1799 5643 1836 5686 ὀ
1879 5633 2004 5703 quis
2034 5632 2211 5687 bonus
2259 5639 2343 5686 est
2395 5631 2464 5684 ad
2509 5629 2922 5686 aediﬁcationem
2978 5627 3123 5694 ﬁdei,
3167 5633 3230 5680 ut
3283 5626 3379 5681 det

1813 5743 1833 5778 ι
1877 5725 2106 5796 gratiam
2138 5722 2500 5778 audientibus.
2532 5721 2599 5775 Et
2627 5722 2794 5776 nolite
2833 5719 3158 5776 contristare
3199 5713 3375 5790 Spiri-
