  <div class='ocr_page' id='page_1' title='image "/cluster/home/n/w/nwhite01/storage/ocr_20150623/153/hvd.32044015473812/173.png"; bbox 0 0 3928 6422; ppageno 0'>
   <div class='ocr_carea' id='block_1_1' title="bbox 1967 294 1996 314">
    <p class='ocr_par' dir='ltr' id='par_1_1' title="bbox 1967 294 1996 314">
     <span class='ocr_line' id='line_1_1' title="bbox 1967 294 1996 314; baseline 0 0"><span class='ocrx_word' id='word_1_1' title='bbox 1967 294 1996 314; x_wconf 72' lang='grc' dir='ltr'><strong>ο</strong></span> 
     </span>
    </p>
   </div>
   <div class='ocr_carea' id='block_1_2' title="bbox 585 382 696 439">
    <p class='ocr_par' dir='ltr' id='par_1_2' title="bbox 585 382 696 439">
     <span class='ocr_line' id='line_1_2' title="bbox 585 382 696 439; baseline -0.018 0"><span class='ocrx_word' id='word_1_2' title='bbox 585 382 696 439; x_wconf 74' lang='lat'><strong>3&#39;55</strong></span> 
     </span>
    </p>
   </div>
   <div class='ocr_carea' id='block_1_3' title="bbox 1086 367 3766 446">
    <p class='ocr_par' dir='ltr' id='par_1_3' title="bbox 1086 367 3766 446">
     <span class='ocr_line' id='line_1_3' title="bbox 1086 367 3766 446; baseline -0.003 -14"><span class='ocrx_word' id='word_1_3' title='bbox 1086 375 1144 432; x_wconf 91' lang='lat' dir='ltr'><strong>S.</strong></span> <span class='ocrx_word' id='word_1_4' title='bbox 1188 371 1536 430; x_wconf 81' lang='lat' dir='ltr'><strong>BRUNONIS</strong></span> <span class='ocrx_word' id='word_1_5' title='bbox 1567 367 2208 428; x_wconf 76' lang='lat' dir='ltr'><strong>CARTIIUSIANORUM</strong></span> <span class='ocrx_word' id='word_1_6' title='bbox 2251 368 2739 428; x_wconf 80' lang='lat' dir='ltr'><strong>lNSTlTUTORiS</strong></span> <span class='ocrx_word' id='word_1_7' title='bbox 2774 371 2926 430; x_wconf 84' lang='lat' dir='ltr'><strong>OPP.</strong></span> <span class='ocrx_word' id='word_1_8' title='bbox 2967 373 3148 432; x_wconf 82' lang='lat' dir='ltr'><strong>PARS</strong></span> <span class='ocrx_word' id='word_1_9' title='bbox 3183 377 3246 433; x_wconf 92' lang='grc'><strong>11.</strong></span> <span class='ocrx_word' id='word_1_10' title='bbox 3695 388 3766 446; x_wconf 67' lang='lat'><strong>355</strong></span> 
     </span>
    </p>
   </div>
   <div class='ocr_carea' id='block_1_4' title="bbox 594 483 3770 560">
    <p class='ocr_par' dir='ltr' id='par_1_4' title="bbox 594 483 3770 560">
     <span class='ocr_line' id='line_1_4' title="bbox 594 483 3770 560; baseline 0.002 -12"><span class='ocrx_word' id='word_1_11' title='bbox 594 515 616 548; x_wconf 78' lang='grc' dir='ltr'><strong><em>ο</em></strong></span> <span class='ocrx_word' id='word_1_12' title='bbox 655 503 770 550; x_wconf 90' lang='lat' dir='ltr'><strong>tum</strong></span> <span class='ocrx_word' id='word_1_13' title='bbox 794 497 1042 548; x_wconf 89' lang='lat' dir='ltr'><strong>sanctum</strong></span> <span class='ocrx_word' id='word_1_14' title='bbox 1067 488 1186 556; x_wconf 86' lang='lat' dir='ltr'><strong>Dei,</strong></span> <span class='ocrx_word' id='word_1_15' title='bbox 1221 489 1278 544; x_wconf 90' lang='lat' dir='ltr'><strong>in</strong></span> <span class='ocrx_word' id='word_1_16' title='bbox 1299 501 1410 558; x_wconf 90' lang='lat' dir='ltr'><strong>quo</strong></span> <span class='ocrx_word' id='word_1_17' title='bbox 1440 485 1638 558; x_wconf 85' lang='lat' dir='ltr'><strong>signati</strong></span> <span class='ocrx_word' id='word_1_18' title='bbox 1676 484 1811 540; x_wconf 89' lang='lat' dir='ltr'><strong>estis</strong></span> <span class='ocrx_word' id='word_1_19' title='bbox 1843 484 1899 540; x_wconf 90' lang='lat' dir='ltr'><strong>in</strong></span> <span class='ocrx_word' id='word_1_20' title='bbox 1932 483 2021 540; x_wconf 89' lang='lat' dir='ltr'><strong>die</strong></span> <span class='ocrx_word' id='word_1_21' title='bbox 2069 499 2159 542; x_wconf 88' lang='lat' dir='ltr'><strong>re-</strong></span> <span class='ocrx_word' id='word_1_22' title='bbox 2189 489 2238 550; x_wconf 76' lang='grc' dir='ltr'>Α</span> <span class='ocrx_word' id='word_1_23' title='bbox 2269 493 2427 541; x_wconf 90' lang='lat' dir='ltr'><strong>tenus</strong></span> <span class='ocrx_word' id='word_1_24' title='bbox 2461 485 2530 541; x_wconf 92' lang='lat' dir='ltr'><strong>ab</strong></span> <span class='ocrx_word' id='word_1_25' title='bbox 2564 501 2632 542; x_wconf 89' lang='lat' dir='ltr'><strong>eo</strong></span> <span class='ocrx_word' id='word_1_26' title='bbox 2662 486 2788 543; x_wconf 90' lang='lat' dir='ltr'><strong>licet</strong></span> <span class='ocrx_word' id='word_1_27' title='bbox 2825 487 3078 560; x_wconf 74' lang='lat' dir='ltr'><strong>eliugcre.</strong></span> <span class='ocrx_word' id='word_1_28' title='bbox 3135 489 3240 556; x_wconf 85' lang='lat' dir='ltr'><strong>Qui</strong></span> <span class='ocrx_word' id='word_1_29' title='bbox 3280 491 3326 548; x_wconf 89' lang='lat' dir='ltr'><strong>si</strong></span> <span class='ocrx_word' id='word_1_30' title='bbox 3373 491 3450 546; x_wconf 91' lang='lat' dir='ltr'><strong>ita</strong></span> <span class='ocrx_word' id='word_1_31' title='bbox 3486 499 3770 554; x_wconf 73' lang='lat' dir='ltr'><strong>communiter</strong></span> 
     </span>
    </p>
   </div>
   <div class='ocr_carea' id='block_1_5' title="bbox 595 573 2166 656">
    <p class='ocr_par' dir='ltr' id='par_1_5' title="bbox 595 573 2166 656">
     <span class='ocr_line' id='line_1_5' title="bbox 595 573 2166 656; baseline -0.008 -15"><span class='ocrx_word' id='word_1_32' title='bbox 595 607 616 640; x_wconf 71' lang='grc' dir='ltr'><strong>ι</strong></span> <span class='ocrx_word' id='word_1_33' title='bbox 656 583 1007 656; x_wconf 85' lang='lat' dir='ltr'><strong>demptionis.</strong></span> <span class='ocrx_word' id='word_1_34' title='bbox 1044 579 1238 638; x_wconf 89' lang='lat' dir='ltr'><strong>Omnis</strong></span> <span class='ocrx_word' id='word_1_35' title='bbox 1265 573 1598 645; x_wconf 79' lang='lat' dir='ltr'><strong>amaritudo,</strong></span> <span class='ocrx_word' id='word_1_36' title='bbox 1624 585 1679 632; x_wconf 89' lang='lat' dir='ltr'><strong>et</strong></span> <span class='ocrx_word' id='word_1_37' title='bbox 1698 576 1803 644; x_wconf 88' lang='lat' dir='ltr'><strong>ira,</strong></span> <span class='ocrx_word' id='word_1_38' title='bbox 1828 583 1884 631; x_wconf 91' lang='lat' dir='ltr'><strong>et</strong></span> <span class='ocrx_word' id='word_1_39' title='bbox 1913 575 2166 650; x_wconf 88' lang='lat' dir='ltr'><strong>indigna-</strong></span> 
     </span>
    </p>
   </div>
   <div class='ocr_carea' id='block_1_6' title="bbox 595 659 2168 742">
    <p class='ocr_par' dir='ltr' id='par_1_6' title="bbox 595 659 2168 742">
     <span class='ocr_line' id='line_1_6' title="bbox 595 659 2168 742; baseline -0.005 -12"><span class='ocrx_word' id='word_1_40' title='bbox 595 697 616 730; x_wconf 78' lang='grc' dir='ltr'><strong>ι</strong></span> <span class='ocrx_word' id='word_1_41' title='bbox 659 677 756 742; x_wconf 92' lang='lat' dir='ltr'><strong>tio,</strong></span> <span class='ocrx_word' id='word_1_42' title='bbox 801 683 856 730; x_wconf 90' lang='lat' dir='ltr'><strong>et</strong></span> <span class='ocrx_word' id='word_1_43' title='bbox 892 673 1124 740; x_wconf 85' lang='lat' dir='ltr'><strong>clamor,</strong></span> <span class='ocrx_word' id='word_1_44' title='bbox 1157 679 1212 728; x_wconf 92' lang='lat' dir='ltr'><strong>et</strong></span> <span class='ocrx_word' id='word_1_45' title='bbox 1255 669 1593 742; x_wconf 88' lang='lat' dir='ltr'><strong>blasphemia</strong></span> <span class='ocrx_word' id='word_1_46' title='bbox 1638 668 1858 724; x_wconf 87' lang='lat' dir='ltr'><strong>tollatur</strong></span> <span class='ocrx_word' id='word_1_47' title='bbox 1907 683 1940 724; x_wconf 92' lang='lat' dir='ltr'><strong>a</strong></span> <span class='ocrx_word' id='word_1_48' title='bbox 1981 659 2168 736; x_wconf 81' lang='lat' dir='ltr'><strong>vobis,</strong></span> 
     </span>
    </p>
   </div>
   <div class='ocr_carea' id='block_1_7' title="bbox 593 758 2166 830">
    <p class='ocr_par' dir='ltr' id='par_1_7' title="bbox 593 758 2166 830">
     <span class='ocr_line' id='line_1_7' title="bbox 593 758 2166 830; baseline -0.006 -9"><span class='ocrx_word' id='word_1_49' title='bbox 593 789 615 821; x_wconf 73' lang='grc' dir='ltr'><strong>ι</strong></span> <span class='ocrx_word' id='word_1_50' title='bbox 659 781 787 824; x_wconf 90' lang='lat' dir='ltr'><strong>cum</strong></span> <span class='ocrx_word' id='word_1_51' title='bbox 821 765 972 821; x_wconf 89' lang='lat' dir='ltr'><strong>omni</strong></span> <span class='ocrx_word' id='word_1_52' title='bbox 1002 763 1227 819; x_wconf 88' lang='lat' dir='ltr'><strong>malitia.</strong></span> <span class='ocrx_word' id='word_1_53' title='bbox 1262 760 1444 820; x_wconf 88' lang='lat' dir='ltr'><strong>Estote</strong></span> <span class='ocrx_word' id='word_1_54' title='bbox 1459 767 1642 815; x_wconf 90' lang='lat' dir='ltr'><strong>autem</strong></span> <span class='ocrx_word' id='word_1_55' title='bbox 1667 758 1902 814; x_wconf 83' lang='lat' dir='ltr'><strong>invicem</strong></span> <span class='ocrx_word' id='word_1_56' title='bbox 1923 758 2166 830; x_wconf 77' lang='lat' dir='ltr'><strong>benigni,</strong></span> 
     </span>
    </p>
   </div>
   <div class='ocr_carea' id='block_1_8' title="bbox 595 839 2167 923">
    <p class='ocr_par' dir='ltr' id='par_1_8' title="bbox 595 839 2167 923">
     <span class='ocr_line' id='line_1_8' title="bbox 595 839 2167 923; baseline -0.006 -10"><span class='ocrx_word' id='word_1_57' title='bbox 595 879 614 913; x_wconf 78' lang='grc' dir='ltr'><strong>ι</strong></span> <span class='ocrx_word' id='word_1_58' title='bbox 659 856 1059 922; x_wconf 82' lang='lat' dir='ltr'><strong>misericordes,</strong></span> <span class='ocrx_word' id='word_1_59' title='bbox 1084 855 1348 911; x_wconf 72' lang='lat' dir='ltr'><strong>derrantes</strong></span> <span class='ocrx_word' id='word_1_60' title='bbox 1367 852 1599 908; x_wconf 86' lang='lat' dir='ltr'><strong>invicem</strong></span> <span class='ocrx_word' id='word_1_61' title='bbox 1623 849 1924 923; x_wconf 67' lang='lat' dir='ltr'><strong>(Coloan,</strong></span> <span class='ocrx_word' id='word_1_62' title='bbox 1947 849 2034 922; x_wconf 72' lang='lat'><strong>12,</strong></span> <span class='ocrx_word' id='word_1_63' title='bbox 2056 839 2167 920; x_wconf 77' lang='lat' dir='ltr'><strong>i5),</strong></span> 
     </span>
    </p>
   </div>
   <div class='ocr_carea' id='block_1_9' title="bbox 595 943 1880 1007">
    <p class='ocr_par' dir='ltr' id='par_1_9' title="bbox 595 943 1880 1007">
     <span class='ocr_line' id='line_1_9' title="bbox 595 943 1880 1007; baseline -0.006 -5"><span class='ocrx_word' id='word_1_64' title='bbox 595 969 616 1002; x_wconf 74' lang='lat' dir='ltr'><strong>s</strong></span> <span class='ocrx_word' id='word_1_65' title='bbox 658 951 797 1007; x_wconf 91' lang='lat' dir='ltr'><strong>sicut</strong></span> <span class='ocrx_word' id='word_1_66' title='bbox 827 957 882 1004; x_wconf 90' lang='lat' dir='ltr'><strong>et</strong></span> <span class='ocrx_word' id='word_1_67' title='bbox 905 947 1050 1002; x_wconf 90' lang='lat' dir='ltr'><strong>Deus</strong></span> <span class='ocrx_word' id='word_1_68' title='bbox 1077 947 1132 1000; x_wconf 90' lang='lat' dir='ltr'><strong>in</strong></span> <span class='ocrx_word' id='word_1_69' title='bbox 1157 944 1382 1000; x_wconf 76' lang='lat' dir='ltr'><strong>Christo</strong></span> <span class='ocrx_word' id='word_1_70' title='bbox 1401 943 1624 999; x_wconf 88' lang='lat' dir='ltr'><strong>donavit</strong></span> <span class='ocrx_word' id='word_1_71' title='bbox 1654 943 1828 1000; x_wconf 85' lang='lat' dir='ltr'><strong>vobis.</strong></span> <span class='ocrx_word' id='word_1_72' title='bbox 1862 961 1880 994; x_wconf 74' lang='grc' dir='ltr'><strong>ι</strong></span> 
     </span>
    </p>
   </div>
   <div class='ocr_carea' id='block_1_10' title="bbox 727 1035 1526 1094">
    <p class='ocr_par' dir='ltr' id='par_1_10' title="bbox 727 1035 1526 1094">
     <span class='ocr_line' id='line_1_10' title="bbox 727 1035 1526 1094; baseline -0.003 2"><span class='ocrx_word' id='word_1_73' title='bbox 727 1035 730 1038; x_wconf 68' lang='grc'><em>’</em></span> <span class='ocrx_word' id='word_1_74' title='bbox 1219 1053 1526 1094; x_wconf 73' lang='lat' dir='ltr'><strong>nxrosmo.</strong></span> 
     </span>
    </p>
   </div>
   <div class='ocr_carea' id='block_1_11' title="bbox 657 1127 2170 1205">
    <p class='ocr_par' dir='ltr' id='par_1_11' title="bbox 657 1127 2170 1205">
     <span class='ocr_line' id='line_1_11' title="bbox 657 1127 2170 1205; baseline -0.004 -17"><span class='ocrx_word' id='word_1_75' title='bbox 657 1133 954 1205; x_wconf 88' lang='lat' dir='ltr'><strong>Postquam</strong></span> <span class='ocrx_word' id='word_1_76' title='bbox 984 1131 1267 1194; x_wconf 83' lang='lat' dir='ltr'><strong>admonuit</strong></span> <span class='ocrx_word' id='word_1_77' title='bbox 1295 1145 1392 1186; x_wconf 91' lang='lat' dir='ltr'><strong>eos</strong></span> <span class='ocrx_word' id='word_1_78' title='bbox 1431 1127 1664 1185; x_wconf 83' lang='lat' dir='ltr'><strong>diversis</strong></span> <span class='ocrx_word' id='word_1_79' title='bbox 1710 1127 1886 1184; x_wconf 86' lang='lat' dir='ltr'><strong>modis</strong></span> <span class='ocrx_word' id='word_1_80' title='bbox 1925 1143 1996 1184; x_wconf 92' lang='lat' dir='ltr'><strong>ne</strong></span> <span class='ocrx_word' id='word_1_81' title='bbox 2027 1128 2170 1200; x_wconf 80' lang='lat' dir='ltr'><strong>intu—</strong></span> 
     </span>
    </p>
   </div>
   <div class='ocr_carea' id='block_1_12' title="bbox 581 1221 2170 1294">
    <p class='ocr_par' dir='ltr' id='par_1_12' title="bbox 581 1221 2170 1294">
     <span class='ocr_line' id='line_1_12' title="bbox 581 1221 2170 1294; baseline -0.004 -11"><span class='ocrx_word' id='word_1_82' title='bbox 581 1231 893 1283; x_wconf 82' lang='lat' dir='ltr'><strong>mescerent</strong></span> <span class='ocrx_word' id='word_1_83' title='bbox 917 1225 984 1281; x_wconf 89' lang='lat' dir='ltr'><strong>de</strong></span> <span class='ocrx_word' id='word_1_84' title='bbox 1023 1223 1184 1280; x_wconf 90' lang='lat' dir='ltr'><strong>bonis</strong></span> <span class='ocrx_word' id='word_1_85' title='bbox 1213 1224 1404 1294; x_wconf 75' lang='lat' dir='ltr'><strong>gratia:</strong></span> <span class='ocrx_word' id='word_1_86' title='bbox 1425 1221 1544 1288; x_wconf 88' lang='lat' dir='ltr'><strong>Dei,</strong></span> <span class='ocrx_word' id='word_1_87' title='bbox 1578 1237 1712 1276; x_wconf 89' lang='lat' dir='ltr'><strong>neve</strong></span> <span class='ocrx_word' id='word_1_88' title='bbox 1745 1229 2042 1292; x_wconf 81' lang='lat' dir='ltr'><strong>torperent,</strong></span> <span class='ocrx_word' id='word_1_89' title='bbox 2075 1221 2170 1276; x_wconf 91' lang='lat' dir='ltr'><strong>sed</strong></span> 
     </span>
    </p>
   </div>
   <div class='ocr_carea' id='block_1_13' title="bbox 588 1313 2174 1390">
    <p class='ocr_par' dir='ltr' id='par_1_13' title="bbox 588 1313 2174 1390">
     <span class='ocr_line' id='line_1_13' title="bbox 588 1313 2174 1390; baseline -0.004 -16"><span class='ocrx_word' id='word_1_90' title='bbox 588 1331 802 1390; x_wconf 79' lang='lat' dir='ltr'><strong>semper</strong></span> <span class='ocrx_word' id='word_1_91' title='bbox 845 1318 913 1374; x_wconf 92' lang='lat' dir='ltr'><strong>de</strong></span> <span class='ocrx_word' id='word_1_92' title='bbox 951 1317 1287 1388; x_wconf 83' lang='lat' dir='ltr'><strong>proﬁciendo</strong></span> <span class='ocrx_word' id='word_1_93' title='bbox 1351 1315 1408 1369; x_wconf 92' lang='lat' dir='ltr'><strong>in</strong></span> <span class='ocrx_word' id='word_1_94' title='bbox 1453 1313 1650 1370; x_wconf 89' lang='lat' dir='ltr'><strong>melius</strong></span> <span class='ocrx_word' id='word_1_95' title='bbox 1688 1313 1994 1383; x_wconf 83' lang='lat' dir='ltr'><strong>vigilarent,</strong></span> <span class='ocrx_word' id='word_1_96' title='bbox 2051 1327 2174 1382; x_wconf 74' lang='lat' dir='ltr'><strong>quae</strong></span> 
     </span>
    </p>
   </div>
   <div class='ocr_carea' id='block_1_14' title="bbox 585 1403 2168 1480">
    <p class='ocr_par' dir='ltr' id='par_1_14' title="bbox 585 1403 2168 1480">
     <span class='ocr_line' id='line_1_14' title="bbox 585 1403 2168 1480; baseline -0.005 -15"><span class='ocrx_word' id='word_1_97' title='bbox 585 1419 818 1480; x_wconf 82' lang='lat' dir='ltr'><strong>utraque</strong></span> <span class='ocrx_word' id='word_1_98' title='bbox 847 1409 1150 1464; x_wconf 83' lang='lat' dir='ltr'><strong>admonitio</strong></span> <span class='ocrx_word' id='word_1_99' title='bbox 1174 1407 1389 1462; x_wconf 87' lang='lat' dir='ltr'><strong>videtur</strong></span> <span class='ocrx_word' id='word_1_100' title='bbox 1413 1405 1616 1460; x_wconf 90' lang='lat' dir='ltr'><strong>versari</strong></span> <span class='ocrx_word' id='word_1_101' title='bbox 1650 1405 1796 1460; x_wconf 90' lang='lat' dir='ltr'><strong>circa</strong></span> <span class='ocrx_word' id='word_1_102' title='bbox 1839 1403 2012 1476; x_wconf 88' lang='lat' dir='ltr'><strong>magis</strong></span> <span class='ocrx_word' id='word_1_103' title='bbox 2043 1419 2168 1473; x_wconf 88' lang='lat' dir='ltr'><strong>per-</strong></span> 
     </span>
    </p>
   </div>
   <div class='ocr_carea' id='block_1_15' title="bbox 583 1493 2172 1566">
    <p class='ocr_par' dir='ltr' id='par_1_15' title="bbox 583 1493 2172 1566">
     <span class='ocr_line' id='line_1_15' title="bbox 583 1493 2172 1566; baseline -0.003 -13"><span class='ocrx_word' id='word_1_104' title='bbox 583 1497 775 1566; x_wconf 80' lang='lat' dir='ltr'><strong>fectos,</strong></span> <span class='ocrx_word' id='word_1_105' title='bbox 803 1499 1002 1556; x_wconf 88' lang='lat' dir='ltr'><strong>transit</strong></span> <span class='ocrx_word' id='word_1_106' title='bbox 1017 1498 1082 1552; x_wconf 89' lang='lat' dir='ltr'><strong>ad</strong></span> <span class='ocrx_word' id='word_1_107' title='bbox 1108 1495 1369 1551; x_wconf 87' lang='lat' dir='ltr'><strong>moralem</strong></span> <span class='ocrx_word' id='word_1_108' title='bbox 1397 1493 1831 1560; x_wconf 88' lang='lat' dir='ltr'><strong>instructionem,</strong></span> <span class='ocrx_word' id='word_1_109' title='bbox 1855 1507 1977 1562; x_wconf 70' lang='lat' dir='ltr'><strong>qua:</strong></span> <span class='ocrx_word' id='word_1_110' title='bbox 1997 1493 2172 1564; x_wconf 90' lang='lat' dir='ltr'><strong>magis</strong></span> 
     </span>
    </p>
   </div>
   <div class='ocr_carea' id='block_1_16' title="bbox 581 1581 2172 1662">
    <p class='ocr_par' dir='ltr' id='par_1_16' title="bbox 581 1581 2172 1662">
     <span class='ocr_line' id='line_1_16' title="bbox 581 1581 2172 1662; baseline -0.007 -15"><span class='ocrx_word' id='word_1_111' title='bbox 581 1592 858 1662; x_wconf 87' lang='lat' dir='ltr'><strong>pertinere</strong></span> <span class='ocrx_word' id='word_1_112' title='bbox 877 1590 1092 1644; x_wconf 89' lang='lat' dir='ltr'><strong>videtur</strong></span> <span class='ocrx_word' id='word_1_113' title='bbox 1107 1587 1174 1641; x_wconf 89' lang='lat' dir='ltr'><strong>ad</strong></span> <span class='ocrx_word' id='word_1_114' title='bbox 1197 1586 1382 1640; x_wconf 84' lang='lat' dir='ltr'><strong>minus</strong></span> <span class='ocrx_word' id='word_1_115' title='bbox 1399 1583 1688 1656; x_wconf 80' lang='lat' dir='ltr'><strong>perfectos.</strong></span> <span class='ocrx_word' id='word_1_116' title='bbox 1711 1581 1870 1637; x_wconf 84' lang='lat' dir='ltr'><strong>Prius</strong></span> <span class='ocrx_word' id='word_1_117' title='bbox 1893 1585 2172 1638; x_wconf 89' lang='lat' dir='ltr'><strong>instruens</strong></span> 
     </span>
    </p>
   </div>
   <div class='ocr_carea' id='block_1_17' title="bbox 583 1673 2173 1756">
    <p class='ocr_par' dir='ltr' id='par_1_17' title="bbox 583 1673 2173 1756">
     <span class='ocr_line' id='line_1_17' title="bbox 583 1673 2173 1756; baseline -0.008 -19"><span class='ocrx_word' id='word_1_118' title='bbox 583 1697 778 1736; x_wconf 88' lang='lat' dir='ltr'><strong>omnes</strong></span> <span class='ocrx_word' id='word_1_119' title='bbox 825 1680 882 1734; x_wconf 87' lang='lat' dir='ltr'><strong>in</strong></span> <span class='ocrx_word' id='word_1_120' title='bbox 925 1676 1224 1744; x_wconf 87' lang='lat' dir='ltr'><strong>communi,</strong></span> <span class='ocrx_word' id='word_1_121' title='bbox 1270 1673 1855 1756; x_wconf 63' lang='lat' dir='ltr'><strong>dehincconditiones</strong></span> <span class='ocrx_word' id='word_1_122' title='bbox 1906 1687 2069 1727; x_wconf 82' lang='lat' dir='ltr'><strong>sexus</strong></span> <span class='ocrx_word' id='word_1_123' title='bbox 2117 1677 2173 1726; x_wconf 91' lang='lat' dir='ltr'><strong>et</strong></span> 
     </span>
    </p>
   </div>
   <div class='ocr_carea' id='block_1_18' title="bbox 585 1761 2170 1836">
    <p class='ocr_par' dir='ltr' id='par_1_18' title="bbox 585 1761 2170 1836">
     <span class='ocr_line' id='line_1_18' title="bbox 585 1761 2170 1836; baseline -0.006 -8"><span class='ocrx_word' id='word_1_124' title='bbox 585 1783 774 1828; x_wconf 78' lang='lat' dir='ltr'><strong>aetates</strong></span> <span class='ocrx_word' id='word_1_125' title='bbox 820 1771 1059 1827; x_wconf 89' lang='lat' dir='ltr'><strong>divisim.</strong></span> <span class='ocrx_word' id='word_1_126' title='bbox 1113 1769 1316 1824; x_wconf 89' lang='lat' dir='ltr'><strong>Littera</strong></span> <span class='ocrx_word' id='word_1_127' title='bbox 1371 1767 1451 1822; x_wconf 92' lang='lat' dir='ltr'><strong>sic</strong></span> <span class='ocrx_word' id='word_1_128' title='bbox 1490 1765 1780 1836; x_wconf 82' lang='lat' dir='ltr'><strong>jungitur:</strong></span> <span class='ocrx_word' id='word_1_129' title='bbox 1838 1763 1978 1829; x_wconf 86' lang='lat' dir='ltr'><strong>Quia</strong></span> <span class='ocrx_word' id='word_1_130' title='bbox 2025 1761 2170 1818; x_wconf 86' lang='lat' dir='ltr'><strong>Deus</strong></span> 
     </span>
    </p>
   </div>
   <div class='ocr_carea' id='block_1_19' title="bbox 2268 583 3770 652">
    <p class='ocr_par' dir='ltr' id='par_1_19' title="bbox 2268 583 3770 652">
     <span class='ocr_line' id='line_1_19' title="bbox 2268 583 3770 652; baseline 0.009 -20"><span class='ocrx_word' id='word_1_131' title='bbox 2268 585 2352 633; x_wconf 90' lang='lat' dir='ltr'><strong>est</strong></span> <span class='ocrx_word' id='word_1_132' title='bbox 2377 593 2539 648; x_wconf 84' lang='lat' dir='ltr'><strong>super</strong></span> <span class='ocrx_word' id='word_1_133' title='bbox 2576 593 2768 635; x_wconf 90' lang='lat' dir='ltr'><strong>omnes</strong></span> <span class='ocrx_word' id='word_1_134' title='bbox 2817 590 2872 636; x_wconf 89' lang='lat' dir='ltr'><strong>et</strong></span> <span class='ocrx_word' id='word_1_135' title='bbox 2918 597 3016 652; x_wconf 84' lang='lat' dir='ltr'><strong>per</strong></span> <span class='ocrx_word' id='word_1_136' title='bbox 3044 583 3249 650; x_wconf 87' lang='lat' dir='ltr'><strong>omnia,</strong></span> <span class='ocrx_word' id='word_1_137' title='bbox 3281 591 3466 638; x_wconf 85' lang='lat' dir='ltr'><strong>tamen</strong></span> <span class='ocrx_word' id='word_1_138' title='bbox 3493 583 3544 638; x_wconf 92' lang='lat' dir='ltr'><strong>in</strong></span> <span class='ocrx_word' id='word_1_139' title='bbox 3583 590 3770 646; x_wconf 76' lang='lat' dir='ltr'><strong>omnibus</strong></span> 
     </span>
    </p>
   </div>
   <div class='ocr_carea' id='block_1_20' title="bbox 2241 668 3558 744">
    <p class='ocr_par' dir='ltr' id='par_1_20' title="bbox 2241 668 3558 744">
     <span class='ocr_line' id='line_1_20' title="bbox 2241 668 3558 744; baseline 0.005 -20"><span class='ocrx_word' id='word_1_140' title='bbox 2241 669 2452 725; x_wconf 83' lang='lat' dir='ltr'><strong>&#39;electis</strong></span> <span class='ocrx_word' id='word_1_141' title='bbox 2485 678 2572 725; x_wconf 91' lang='lat' dir='ltr'><strong>cst</strong></span> <span class='ocrx_word' id='word_1_142' title='bbox 2595 668 2946 738; x_wconf 85' lang='lat' dir='ltr'><strong>familiarius,</strong></span> <span class='ocrx_word' id='word_1_143' title='bbox 2967 673 3148 728; x_wconf 89' lang='lat' dir='ltr'><strong>dando</strong></span> <span class='ocrx_word' id='word_1_144' title='bbox 3177 676 3382 744; x_wconf 78' lang='lat' dir='ltr'><strong>gratias</strong></span> <span class='ocrx_word' id='word_1_145' title='bbox 3413 691 3558 732; x_wconf 88' lang='lat' dir='ltr'><strong>suas.</strong></span> 
     </span>
    </p>
   </div>
   <div class='ocr_carea' id='block_1_21' title="bbox 2338 759 3772 842">
    <p class='ocr_par' dir='ltr' id='par_1_21' title="bbox 2338 759 3772 842">
     <span class='ocr_line' id='line_1_21' title="bbox 2338 759 3772 842; baseline 0.012 -28"><span class='ocrx_word' id='word_1_146' title='bbox 2338 759 2438 816; x_wconf 85' lang='lat' dir='ltr'><strong>Hic</strong></span> <span class='ocrx_word' id='word_1_147' title='bbox 2456 769 2635 832; x_wconf 87' lang='lat' dir='ltr'><strong>potest</strong></span> <span class='ocrx_word' id='word_1_148' title='bbox 2661 762 2888 836; x_wconf 78' lang='lat' dir='ltr'><strong>intelligi</strong></span> <span class='ocrx_word' id='word_1_149' title='bbox 2925 763 3182 821; x_wconf 85' lang='lat' dir='ltr'><strong>Trinitas.</strong></span> <span class='ocrx_word' id='word_1_150' title='bbox 3235 765 3406 838; x_wconf 82' lang='lat' dir='ltr'><strong>Super</strong></span> <span class='ocrx_word' id='word_1_151' title='bbox 3432 786 3614 836; x_wconf 81' lang='lat' dir='ltr'><strong>omnes,</strong></span> <span class='ocrx_word' id='word_1_152' title='bbox 3639 771 3772 842; x_wconf 79' lang='lat' dir='ltr'><strong>Pater;</strong></span> 
     </span>
    </p>
   </div>
   <div class='ocr_carea' id='block_1_22' title="bbox 2266 851 3774 930">
    <p class='ocr_par' dir='ltr' id='par_1_22' title="bbox 2266 851 3774 930">
     <span class='ocr_line' id='line_1_22' title="bbox 2266 851 3774 930; baseline 0.011 -25"><span class='ocrx_word' id='word_1_153' title='bbox 2266 868 2359 922; x_wconf 82' lang='lat' dir='ltr'><strong>per</strong></span> <span class='ocrx_word' id='word_1_154' title='bbox 2386 853 2584 920; x_wconf 85' lang='lat' dir='ltr'><strong>omnia,</strong></span> <span class='ocrx_word' id='word_1_155' title='bbox 2615 851 2821 922; x_wconf 89' lang='lat' dir='ltr'><strong>Filius;</strong></span> <span class='ocrx_word' id='word_1_156' title='bbox 2863 857 2918 910; x_wconf 88' lang='lat' dir='ltr'><strong>in</strong></span> <span class='ocrx_word' id='word_1_157' title='bbox 2944 857 3112 924; x_wconf 88' lang='lat' dir='ltr'><strong>nobis,</strong></span> <span class='ocrx_word' id='word_1_158' title='bbox 3156 873 3310 916; x_wconf 89' lang='lat' dir='ltr'><strong>amor</strong></span> <span class='ocrx_word' id='word_1_159' title='bbox 3331 859 3510 916; x_wconf 88' lang='lat' dir='ltr'><strong>Patris</strong></span> <span class='ocrx_word' id='word_1_160' title='bbox 3535 873 3584 918; x_wconf 87' lang='lat' dir='ltr'><strong>et</strong></span> <span class='ocrx_word' id='word_1_161' title='bbox 3607 864 3720 930; x_wconf 80' lang='lat' dir='ltr'><strong>Filii,</strong></span> <span class='ocrx_word' id='word_1_162' title='bbox 3741 870 3774 922; x_wconf 80' lang='lat' dir='ltr'><strong>id</strong></span> 
     </span>
    </p>
   </div>
   <div class='ocr_carea' id='block_1_23' title="bbox 2267 941 3772 1024">
    <p class='ocr_par' dir='ltr' id='par_1_23' title="bbox 2267 941 3772 1024">
     <span class='ocr_line' id='line_1_23' title="bbox 2267 941 3772 1024; baseline 0.007 -25"><span class='ocrx_word' id='word_1_163' title='bbox 2267 951 2352 999; x_wconf 87' lang='lat' dir='ltr'><strong>est</strong></span> <span class='ocrx_word' id='word_1_164' title='bbox 2373 941 2608 1013; x_wconf 87' lang='lat' dir='ltr'><strong>Spiritus</strong></span> <span class='ocrx_word' id='word_1_165' title='bbox 2637 945 2834 1000; x_wconf 78' lang='lat' dir='ltr'><strong>sancti.</strong></span> <span class='ocrx_word' id='word_1_166' title='bbox 2851 947 2990 1013; x_wconf 85' lang='lat' dir='ltr'><strong>Quia</strong></span> <span class='ocrx_word' id='word_1_167' title='bbox 3011 949 3222 1004; x_wconf 80' lang='lat' dir='ltr'><strong>dixerat</strong></span> <span class='ocrx_word' id='word_1_168' title='bbox 3245 965 3442 1007; x_wconf 79' lang='lat' dir='ltr'><strong>sumus</strong></span> <span class='ocrx_word' id='word_1_169' title='bbox 3461 969 3608 1006; x_wconf 73' lang='lat' dir='ltr'><strong>unum</strong></span> <span class='ocrx_word' id='word_1_170' title='bbox 3624 973 3772 1024; x_wconf 76' lang='lat' dir='ltr'><strong>corpu,</strong></span> 
     </span>
    </p>
   </div>
   <div class='ocr_carea' id='block_1_24' title="bbox 2267 1037 3859 1114">
    <p class='ocr_par' dir='ltr' id='par_1_24' title="bbox 2267 1037 3859 1114">
     <span class='ocr_line' id='line_1_24' title="bbox 2267 1037 3859 1114; baseline 0.01 -26"><span class='ocrx_word' id='word_1_171' title='bbox 2267 1051 2402 1089; x_wconf 86' lang='lat' dir='ltr'><strong>unus</strong></span> <span class='ocrx_word' id='word_1_172' title='bbox 2439 1037 2682 1106; x_wconf 78' lang='lat' dir='ltr'><strong>spiritus,</strong></span> <span class='ocrx_word' id='word_1_173' title='bbox 2707 1054 2843 1092; x_wconf 84' lang='lat' dir='ltr'><strong>unus</strong></span> <span class='ocrx_word' id='word_1_174' title='bbox 2872 1047 2956 1094; x_wconf 87' lang='lat' dir='ltr'><strong>est</strong></span> <span class='ocrx_word' id='word_1_175' title='bbox 2983 1039 3144 1094; x_wconf 82' lang='lat' dir='ltr'><strong>nobis</strong></span> <span class='ocrx_word' id='word_1_176' title='bbox 3165 1039 3448 1109; x_wconf 75' lang='lat' dir='ltr'><strong>Dominus,</strong></span> <span class='ocrx_word' id='word_1_177' title='bbox 3473 1060 3574 1098; x_wconf 75' lang='lat' dir='ltr'><strong>una</strong></span> <span class='ocrx_word' id='word_1_178' title='bbox 3595 1047 3716 1114; x_wconf 74' lang='lat' dir='ltr'><strong>ﬁdes,</strong></span> <span class='ocrx_word' id='word_1_179' title='bbox 3733 1065 3776 1104; x_wconf 73' lang='lat' dir='ltr'><strong>ne</strong></span> 
     </span>
    </p>
   </div>
   <div class='ocr_carea' id='block_1_25' title="bbox 2268 1103 3859 1204">
    <p class='ocr_par' dir='ltr' id='par_1_25' title="bbox 2268 1103 3859 1204">
     <span class='ocr_line' id='line_1_25' title="bbox 2268 1103 3859 1204; baseline 0.006 -21"><span class='ocrx_word' id='word_1_180' title='bbox 2268 1143 2365 1198; x_wconf 89' lang='lat' dir='ltr'><strong>per</strong></span> <span class='ocrx_word' id='word_1_181' title='bbox 2397 1103 2503 1184; x_wconf 84' lang='lat' dir='ltr'><strong>hoc</strong></span> <span class='ocrx_word' id='word_1_182' title='bbox 2545 1103 2686 1184; x_wconf 81' lang='lat' dir='ltr'><strong>male</strong></span> <span class='ocrx_word' id='word_1_183' title='bbox 2724 1129 3080 1200; x_wconf 84' lang='lat' dir='ltr'><strong>opinarentur</strong></span> <span class='ocrx_word' id='word_1_184' title='bbox 3119 1117 3310 1188; x_wconf 85' lang='lat' dir='ltr'><strong>omnes</strong></span> <span class='ocrx_word' id='word_1_185' title='bbox 3335 1103 3608 1204; x_wconf 69' lang='lat' dir='ltr'><strong>aequaliter</strong></span> <span class='ocrx_word' id='word_1_186' title='bbox 3627 1103 3772 1192; x_wconf 71' lang='lat' dir='ltr'><strong>essein</strong></span> <span class='ocrx_word' id='word_1_187' title='bbox 3857 1103 3859 1132; x_wconf 57' lang='grc' dir='ltr'><strong>Ι</strong></span> 
     </span>
    </p>
   </div>
   <div class='ocr_carea' id='block_1_26' title="bbox 2270 1219 3773 1292">
    <p class='ocr_par' dir='ltr' id='par_1_26' title="bbox 2270 1219 3773 1292">
     <span class='ocr_line' id='line_1_26' title="bbox 2270 1219 3773 1292; baseline 0.006 -19"><span class='ocrx_word' id='word_1_188' title='bbox 2270 1219 2374 1274; x_wconf 90' lang='lat' dir='ltr'><strong>hac</strong></span> <span class='ocrx_word' id='word_1_189' title='bbox 2401 1235 2550 1274; x_wconf 35' lang='lat' dir='ltr'><strong>nova.</strong></span> <span class='ocrx_word' id='word_1_190' title='bbox 2569 1220 2761 1292; x_wconf 85' lang='lat' dir='ltr'><strong>gratia,</strong></span> <span class='ocrx_word' id='word_1_191' title='bbox 2791 1230 2852 1276; x_wconf 92' lang='lat' dir='ltr'><strong>ut</strong></span> <span class='ocrx_word' id='word_1_192' title='bbox 2873 1237 3036 1276; x_wconf 90' lang='lat' dir='ltr'><strong>nemo</strong></span> <span class='ocrx_word' id='word_1_193' title='bbox 3073 1221 3356 1292; x_wconf 72' lang='lat' dir='ltr'><strong>praelatus,</strong></span> <span class='ocrx_word' id='word_1_194' title='bbox 3384 1239 3546 1280; x_wconf 91' lang='lat' dir='ltr'><strong>nemo</strong></span> <span class='ocrx_word' id='word_1_195' title='bbox 3575 1226 3773 1292; x_wconf 77' lang='lat' dir='ltr'><strong>subditas,</strong></span> 
     </span>
    </p>
   </div>
   <div class='ocr_carea' id='block_1_27' title="bbox 2269 1311 3861 1384">
    <p class='ocr_par' dir='ltr' id='par_1_27' title="bbox 2269 1311 3861 1384">
     <span class='ocr_line' id='line_1_27' title="bbox 2269 1311 3861 1384; baseline 0.006 -20"><span class='ocrx_word' id='word_1_196' title='bbox 2269 1323 2431 1366; x_wconf 88' lang='lat' dir='ltr'><strong>nemo</strong></span> <span class='ocrx_word' id='word_1_197' title='bbox 2461 1326 2676 1378; x_wconf 90' lang='lat' dir='ltr'><strong>servus,</strong></span> <span class='ocrx_word' id='word_1_198' title='bbox 2725 1325 2885 1366; x_wconf 86' lang='lat' dir='ltr'><strong>nemo</strong></span> <span class='ocrx_word' id='word_1_199' title='bbox 2917 1311 3202 1380; x_wconf 89' lang='lat' dir='ltr'><strong>Dominus,</strong></span> <span class='ocrx_word' id='word_1_200' title='bbox 3246 1313 3568 1370; x_wconf 88' lang='lat' dir='ltr'><strong>determinat</strong></span> <span class='ocrx_word' id='word_1_201' title='bbox 3609 1315 3690 1372; x_wconf 90' lang='lat' dir='ltr'><strong>hoc</strong></span> <span class='ocrx_word' id='word_1_202' title='bbox 3717 1318 3773 1372; x_wconf 56' lang='lat' dir='ltr'><strong>di.</strong></span> <span class='ocrx_word' id='word_1_203' title='bbox 3859 1311 3861 1384; x_wconf 90' lang='lat' dir='ltr'><strong>i</strong></span> 
     </span>
    </p>
   </div>
   <div class='ocr_carea' id='block_1_28' title="bbox 2269 1401 3863 1474">
    <p class='ocr_par' dir='ltr' id='par_1_28' title="bbox 2269 1401 3863 1474">
     <span class='ocr_line' id='line_1_28' title="bbox 2269 1401 3863 1474; baseline 0.005 -18"><span class='ocrx_word' id='word_1_204' title='bbox 2269 1417 2399 1457; x_wconf 90' lang='lat' dir='ltr'><strong>cens</strong></span> <span class='ocrx_word' id='word_1_205' title='bbox 2426 1401 2616 1457; x_wconf 85' lang='lat' dir='ltr'><strong>:Licet</strong></span> <span class='ocrx_word' id='word_1_206' title='bbox 2644 1418 2814 1456; x_wconf 89' lang='lat' dir='ltr'><strong>unum</strong></span> <span class='ocrx_word' id='word_1_207' title='bbox 2846 1402 3049 1471; x_wconf 87' lang='lat' dir='ltr'><strong>simus,</strong></span> <span class='ocrx_word' id='word_1_208' title='bbox 3081 1419 3364 1474; x_wconf 85' lang='lat' dir='ltr'><strong>unumque</strong></span> <span class='ocrx_word' id='word_1_209' title='bbox 3387 1403 3578 1472; x_wconf 83' lang='lat' dir='ltr'><strong>Deum,</strong></span> <span class='ocrx_word' id='word_1_210' title='bbox 3601 1417 3774 1463; x_wconf 86' lang='lat' dir='ltr'><strong>ctunam</strong></span> <span class='ocrx_word' id='word_1_211' title='bbox 3861 1444 3863 1474; x_wconf 77' lang='grc' dir='ltr'><strong>ι</strong></span> 
     </span>
    </p>
   </div>
   <div class='ocr_carea' id='block_1_29' title="bbox 2269 1475 3863 1566">
    <p class='ocr_par' dir='ltr' id='par_1_29' title="bbox 2269 1475 3863 1566">
     <span class='ocr_line' id='line_1_29' title="bbox 2269 1475 3863 1566; baseline 0.004 -20"><span class='ocrx_word' id='word_1_212' title='bbox 2269 1489 2430 1546; x_wconf 82' lang='lat' dir='ltr'><strong>ﬁdem</strong></span> <span class='ocrx_word' id='word_1_213' title='bbox 2462 1491 2782 1560; x_wconf 81' lang='lat' dir='ltr'><strong>habeamus,</strong></span> <span class='ocrx_word' id='word_1_214' title='bbox 2813 1501 2996 1549; x_wconf 90' lang='lat' dir='ltr'><strong>tamen</strong></span> <span class='ocrx_word' id='word_1_215' title='bbox 3025 1495 3306 1566; x_wconf 81' lang='lat' dir='ltr'><strong>unicuique</strong></span> <span class='ocrx_word' id='word_1_216' title='bbox 3345 1504 3578 1550; x_wconf 85' lang='lat' dir='ltr'><strong>nostrum</strong></span> <span class='ocrx_word' id='word_1_217' title='bbox 3613 1498 3710 1552; x_wconf 85' lang='lat' dir='ltr'><strong>data</strong></span> <span class='ocrx_word' id='word_1_218' title='bbox 3727 1509 3776 1552; x_wconf 75' lang='lat' dir='ltr'><strong>at</strong></span> <span class='ocrx_word' id='word_1_219' title='bbox 3861 1475 3863 1480; x_wconf 19' lang='lat' dir='ltr'><strong>I</strong></span> 
     </span>
    </p>
   </div>
   <div class='ocr_carea' id='block_1_30' title="bbox 2269 1581 3774 1654">
    <p class='ocr_par' dir='ltr' id='par_1_30' title="bbox 2269 1581 3774 1654">
     <span class='ocr_line' id='line_1_30' title="bbox 2269 1581 3774 1654; baseline 0.005 -20"><span class='ocrx_word' id='word_1_220' title='bbox 2269 1583 2443 1652; x_wconf 87' lang='lat' dir='ltr'><strong>gratia</strong></span> <span class='ocrx_word' id='word_1_221' title='bbox 2469 1581 2584 1649; x_wconf 87' lang='lat' dir='ltr'><strong>Dei,</strong></span> <span class='ocrx_word' id='word_1_222' title='bbox 2613 1600 2722 1638; x_wconf 88' lang='lat' dir='ltr'><strong>non</strong></span> <span class='ocrx_word' id='word_1_223' title='bbox 2747 1584 2936 1640; x_wconf 89' lang='lat' dir='ltr'><strong>eadem</strong></span> <span class='ocrx_word' id='word_1_224' title='bbox 2963 1586 3238 1654; x_wconf 89' lang='lat' dir='ltr'><strong>omnibus,</strong></span> <span class='ocrx_word' id='word_1_225' title='bbox 3274 1587 3372 1644; x_wconf 92' lang='lat' dir='ltr'><strong>sed</strong></span> <span class='ocrx_word' id='word_1_226' title='bbox 3391 1590 3654 1642; x_wconf 74' lang='lat' dir='ltr'><strong>secundum</strong></span> <span class='ocrx_word' id='word_1_227' title='bbox 3677 1607 3774 1642; x_wconf 71' lang='lat' dir='ltr'><strong>mes-</strong></span> 
     </span>
    </p>
   </div>
   <div class='ocr_carea' id='block_1_31' title="bbox 2269 1673 3776 1743">
    <p class='ocr_par' dir='ltr' id='par_1_31' title="bbox 2269 1673 3776 1743">
     <span class='ocr_line' id='line_1_31' title="bbox 2269 1673 3776 1743; baseline 0.005 -17"><span class='ocrx_word' id='word_1_228' title='bbox 2269 1689 2451 1726; x_wconf 82' lang='lat' dir='ltr'><strong>suram</strong></span> <span class='ocrx_word' id='word_1_229' title='bbox 2478 1673 2803 1743; x_wconf 82' lang='lat' dir='ltr'><strong>donationis,</strong></span> <span class='ocrx_word' id='word_1_230' title='bbox 2845 1675 2899 1730; x_wconf 89' lang='lat' dir='ltr'><strong>id</strong></span> <span class='ocrx_word' id='word_1_231' title='bbox 2920 1685 3004 1732; x_wconf 86' lang='lat' dir='ltr'><strong>est</strong></span> <span class='ocrx_word' id='word_1_232' title='bbox 3025 1677 3310 1733; x_wconf 87' lang='lat' dir='ltr'><strong>donatoris</strong></span> <span class='ocrx_word' id='word_1_233' title='bbox 3335 1677 3556 1734; x_wconf 82' lang='lat' dir='ltr'><strong>Christi.</strong></span> <span class='ocrx_word' id='word_1_234' title='bbox 3591 1677 3700 1734; x_wconf 87' lang='lat' dir='ltr'><strong>lluic</strong></span> <span class='ocrx_word' id='word_1_235' title='bbox 3719 1681 3776 1734; x_wconf 76' lang='lat' dir='ltr'><strong>illa</strong></span> 
     </span>
    </p>
   </div>
   <div class='ocr_carea' id='block_1_32' title="bbox 2271 1738 3865 1842">
    <p class='ocr_par' dir='ltr' id='par_1_32' title="bbox 2271 1738 3865 1842">
     <span class='ocr_line' id='line_1_32' title="bbox 2271 1738 3865 1842; baseline 0.004 -24"><span class='ocrx_word' id='word_1_236' title='bbox 2271 1765 2470 1834; x_wconf 89' lang='lat' dir='ltr'><strong>&#39;gratia,</strong></span> <span class='ocrx_word' id='word_1_237' title='bbox 2500 1764 2629 1820; x_wconf 87' lang='lat' dir='ltr'><strong>huic</strong></span> <span class='ocrx_word' id='word_1_238' title='bbox 2661 1738 2798 1834; x_wconf 66' lang='lat' dir='ltr'><strong>ista,</strong></span> <span class='ocrx_word' id='word_1_239' title='bbox 2818 1775 2870 1821; x_wconf 92' lang='lat' dir='ltr'><strong>et</strong></span> <span class='ocrx_word' id='word_1_240' title='bbox 2897 1768 3218 1838; x_wconf 86' lang='lat' dir='ltr'><strong>plerumque</strong></span> <span class='ocrx_word' id='word_1_241' title='bbox 3251 1769 3306 1822; x_wconf 90' lang='lat' dir='ltr'><strong>in</strong></span> <span class='ocrx_word' id='word_1_242' title='bbox 3333 1770 3522 1824; x_wconf 86' lang='lat' dir='ltr'><strong>eadem</strong></span> <span class='ocrx_word' id='word_1_243' title='bbox 3559 1771 3702 1842; x_wconf 87' lang='lat' dir='ltr'><strong>gratia</strong></span> <span class='ocrx_word' id='word_1_244' title='bbox 3721 1771 3774 1824; x_wconf 39' lang='lat' dir='ltr'><strong>di.</strong></span> <span class='ocrx_word' id='word_1_245' title='bbox 3863 1738 3865 1810; x_wconf 46' lang='grc' dir='ltr'><strong>Ῐ</strong></span> 
     </span>
    </p>
   </div>
   <div class='ocr_carea' id='block_1_33' title="bbox 583 1837 3776 1934">
    <p class='ocr_par' dir='ltr' id='par_1_33' title="bbox 583 1837 3776 1934">
     <span class='ocr_line' id='line_1_33' title="bbox 583 1837 3776 1934; baseline -0 -17"><span class='ocrx_word' id='word_1_246' title='bbox 583 1873 767 1934; x_wconf 82' lang='lat' dir='ltr'><strong>potens</strong></span> <span class='ocrx_word' id='word_1_247' title='bbox 798 1871 874 1916; x_wconf 87' lang='lat' dir='ltr'><strong>est</strong></span> <span class='ocrx_word' id='word_1_248' title='bbox 911 1863 1083 1932; x_wconf 84' lang='lat' dir='ltr'><strong>facere</strong></span> <span class='ocrx_word' id='word_1_249' title='bbox 1121 1859 1277 1916; x_wconf 85' lang='lat' dir='ltr'><strong>vobis</strong></span> <span class='ocrx_word' id='word_1_250' title='bbox 1307 1873 1472 1928; x_wconf 89' lang='lat' dir='ltr'><strong>supra</strong></span> <span class='ocrx_word' id='word_1_251' title='bbox 1502 1873 1661 1928; x_wconf 83' lang='lat' dir='ltr'><strong>quam</strong></span> <span class='ocrx_word' id='word_1_252' title='bbox 1697 1855 1921 1926; x_wconf 82' lang='lat' dir='ltr'><strong>petimus</strong></span> <span class='ocrx_word' id='word_1_253' title='bbox 1959 1862 2052 1907; x_wconf 86' lang='lat' dir='ltr'><strong>aut</strong></span> <span class='ocrx_word' id='word_1_254' title='bbox 2081 1855 2168 1907; x_wconf 73' lang='lat' dir='ltr'><strong>in—</strong></span> <span class='ocrx_word' id='word_1_255' title='bbox 2197 1837 2244 1897; x_wconf 82' lang='grc' dir='ltr'>Β</span> <span class='ocrx_word' id='word_1_256' title='bbox 2269 1855 2530 1922; x_wconf 87' lang='lat' dir='ltr'><strong>versitas,</strong></span> <span class='ocrx_word' id='word_1_257' title='bbox 2573 1857 2701 1926; x_wconf 87' lang='lat' dir='ltr'><strong>quia</strong></span> <span class='ocrx_word' id='word_1_258' title='bbox 2735 1857 2824 1912; x_wconf 88' lang='lat' dir='ltr'><strong>hic</strong></span> <span class='ocrx_word' id='word_1_259' title='bbox 2845 1858 3028 1914; x_wconf 88' lang='lat' dir='ltr'><strong>minus</strong></span> <span class='ocrx_word' id='word_1_260' title='bbox 3053 1901 3068 1926; x_wconf 92' lang='lat'><strong>,</strong></span> <span class='ocrx_word' id='word_1_261' title='bbox 3103 1837 3193 1916; x_wconf 86' lang='lat' dir='ltr'><strong>hic</strong></span> <span class='ocrx_word' id='word_1_262' title='bbox 3217 1861 3342 1930; x_wconf 90' lang='lat' dir='ltr'><strong>plus</strong></span> <span class='ocrx_word' id='word_1_263' title='bbox 3376 1862 3538 1915; x_wconf 89' lang='lat' dir='ltr'><strong>habet</strong></span> <span class='ocrx_word' id='word_1_264' title='bbox 3562 1837 3622 1915; x_wconf 78' lang='lat' dir='ltr'><strong>de</strong></span> <span class='ocrx_word' id='word_1_265' title='bbox 3647 1861 3776 1916; x_wconf 78' lang='lat' dir='ltr'><strong>eadem</strong></span> 
     </span>
    </p>
   </div>
   <div class='ocr_carea' id='block_1_34' title="bbox 587 1946 2172 2027">
    <p class='ocr_par' dir='ltr' id='par_1_34' title="bbox 587 1946 2172 2027">
     <span class='ocr_line' id='line_1_34' title="bbox 587 1946 2172 2027; baseline -0.006 -17"><span class='ocrx_word' id='word_1_266' title='bbox 587 1955 892 2027; x_wconf 65' lang='lat' dir='ltr'><strong>tetligimus.</strong></span> <span class='ocrx_word' id='word_1_267' title='bbox 943 1951 1134 2022; x_wconf 75' lang='lat' dir='ltr'><strong>Itaque</strong></span> <span class='ocrx_word' id='word_1_268' title='bbox 1177 1951 1409 2014; x_wconf 81' lang='lat' dir='ltr'><strong>obsecro,</strong></span> <span class='ocrx_word' id='word_1_269' title='bbox 1461 1947 1516 2000; x_wconf 91' lang='lat' dir='ltr'><strong>id</strong></span> <span class='ocrx_word' id='word_1_270' title='bbox 1553 1955 1638 2002; x_wconf 90' lang='lat' dir='ltr'><strong>est</strong></span> <span class='ocrx_word' id='word_1_271' title='bbox 1676 1961 1774 2016; x_wconf 86' lang='lat' dir='ltr'><strong>per</strong></span> <span class='ocrx_word' id='word_1_272' title='bbox 1801 1946 1983 2002; x_wconf 88' lang='lat' dir='ltr'><strong>omnia</strong></span> <span class='ocrx_word' id='word_1_273' title='bbox 2015 1961 2172 2001; x_wconf 89' lang='lat' dir='ltr'><strong>sacra</strong></span> 
     </span>
    </p>
   </div>
   <div class='ocr_carea' id='block_1_35' title="bbox 583 2037 2174 2118">
    <p class='ocr_par' dir='ltr' id='par_1_35' title="bbox 583 2037 2174 2118">
     <span class='ocr_line' id='line_1_35' title="bbox 583 2037 2174 2118; baseline -0.006 -16"><span class='ocrx_word' id='word_1_274' title='bbox 583 2063 671 2102; x_wconf 74' lang='lat' dir='ltr'><strong>vos</strong></span> <span class='ocrx_word' id='word_1_275' title='bbox 711 2047 924 2118; x_wconf 84' lang='lat' dir='ltr'><strong>adjuro,</strong></span> <span class='ocrx_word' id='word_1_276' title='bbox 971 2059 1063 2113; x_wconf 89' lang='lat' dir='ltr'><strong>ego</strong></span> <span class='ocrx_word' id='word_1_277' title='bbox 1095 2041 1297 2096; x_wconf 83' lang='lat' dir='ltr'><strong>vinctus</strong></span> <span class='ocrx_word' id='word_1_278' title='bbox 1341 2039 1398 2092; x_wconf 87' lang='lat' dir='ltr'><strong>in</strong></span> <span class='ocrx_word' id='word_1_279' title='bbox 1433 2037 1682 2104; x_wconf 90' lang='lat' dir='ltr'><strong>Domino,</strong></span> <span class='ocrx_word' id='word_1_280' title='bbox 1733 2037 1786 2092; x_wconf 91' lang='lat' dir='ltr'><strong>id</strong></span> <span class='ocrx_word' id='word_1_281' title='bbox 1828 2048 1913 2093; x_wconf 90' lang='lat' dir='ltr'><strong>est</strong></span> <span class='ocrx_word' id='word_1_282' title='bbox 1951 2045 2174 2108; x_wconf 80' lang='lat' dir='ltr'><strong>preptcr</strong></span> 
     </span>
    </p>
   </div>
   <div class='ocr_carea' id='block_1_36' title="bbox 581 2128 2172 2206">
    <p class='ocr_par' dir='ltr' id='par_1_36' title="bbox 581 2128 2172 2206">
     <span class='ocr_line' id='line_1_36' title="bbox 581 2128 2172 2206; baseline -0.007 -14"><span class='ocrx_word' id='word_1_283' title='bbox 581 2137 901 2203; x_wconf 89' lang='lat' dir='ltr'><strong>Dominum,</strong></span> <span class='ocrx_word' id='word_1_284' title='bbox 923 2149 1084 2206; x_wconf 87' lang='lat' dir='ltr'><strong>quem</strong></span> <span class='ocrx_word' id='word_1_285' title='bbox 1105 2133 1159 2188; x_wconf 85' lang='lat' dir='ltr'><strong>in</strong></span> <span class='ocrx_word' id='word_1_286' title='bbox 1181 2131 1416 2186; x_wconf 89' lang='lat' dir='ltr'><strong>vinculis</strong></span> <span class='ocrx_word' id='word_1_287' title='bbox 1431 2129 1704 2186; x_wconf 72' lang='lat' dir='ltr'><strong>offendere</strong></span> <span class='ocrx_word' id='word_1_288' title='bbox 1719 2143 1826 2183; x_wconf 90' lang='lat' dir='ltr'><strong>non</strong></span> <span class='ocrx_word' id='word_1_289' title='bbox 1841 2137 1924 2183; x_wconf 91' lang='lat' dir='ltr'><strong>est</strong></span> <span class='ocrx_word' id='word_1_290' title='bbox 1944 2128 2172 2184; x_wconf 90' lang='lat' dir='ltr'><strong>minima</strong></span> 
     </span>
    </p>
   </div>
   <div class='ocr_carea' id='block_1_37' title="bbox 582 2213 2173 2300">
    <p class='ocr_par' dir='ltr' id='par_1_37' title="bbox 582 2213 2173 2300">
     <span class='ocr_line' id='line_1_37' title="bbox 582 2213 2173 2300; baseline -0.006 -15"><span class='ocrx_word' id='word_1_291' title='bbox 582 2231 763 2300; x_wconf 81' lang='lat' dir='ltr'><strong>culpa.</strong></span> <span class='ocrx_word' id='word_1_292' title='bbox 820 2228 1068 2294; x_wconf 88' lang='lat' dir='ltr'><strong>Obsecro,</strong></span> <span class='ocrx_word' id='word_1_293' title='bbox 1116 2239 1365 2295; x_wconf 87' lang='lat' dir='ltr'><strong>mquam,</strong></span> <span class='ocrx_word' id='word_1_294' title='bbox 1404 2231 1462 2276; x_wconf 88' lang='lat' dir='ltr'><strong>ut</strong></span> <span class='ocrx_word' id='word_1_295' title='bbox 1511 2219 1788 2276; x_wconf 79' lang='lat' dir='ltr'><strong>ambuletis</strong></span> <span class='ocrx_word' id='word_1_296' title='bbox 1841 2235 1938 2290; x_wconf 90' lang='lat' dir='ltr'><strong>per</strong></span> <span class='ocrx_word' id='word_1_297' title='bbox 1971 2213 2173 2291; x_wconf 85' lang='lat' dir='ltr'><strong>gradus</strong></span> 
     </span>
    </p>
   </div>
   <div class='ocr_carea' id='block_1_38' title="bbox 581 2311 2172 2390">
    <p class='ocr_par' dir='ltr' id='par_1_38' title="bbox 581 2311 2172 2390">
     <span class='ocr_line' id='line_1_38' title="bbox 581 2311 2172 2390; baseline -0.008 -13"><span class='ocrx_word' id='word_1_298' title='bbox 581 2321 850 2376; x_wconf 77' lang='lat' dir='ltr'><strong>virtutum</strong></span> <span class='ocrx_word' id='word_1_299' title='bbox 869 2319 1043 2390; x_wconf 82' lang='lat' dir='ltr'><strong>digne,</strong></span> <span class='ocrx_word' id='word_1_300' title='bbox 1072 2315 1340 2370; x_wconf 80' lang='lat' dir='ltr'><strong>vocatione</strong></span> <span class='ocrx_word' id='word_1_301' title='bbox 1364 2329 1470 2383; x_wconf 89' lang='lat' dir='ltr'><strong>qua</strong></span> <span class='ocrx_word' id='word_1_302' title='bbox 1492 2313 1670 2368; x_wconf 73' lang='lat' dir='ltr'><strong>vocati,</strong></span> <span class='ocrx_word' id='word_1_303' title='bbox 1685 2311 1843 2376; x_wconf 89' lang='lat' dir='ltr'><strong>estis;</strong></span> <span class='ocrx_word' id='word_1_304' title='bbox 1873 2325 1983 2364; x_wconf 91' lang='lat' dir='ltr'><strong>non</strong></span> <span class='ocrx_word' id='word_1_305' title='bbox 2024 2311 2172 2365; x_wconf 88' lang='lat' dir='ltr'><strong>enim</strong></span> 
     </span>
    </p>
   </div>
   <div class='ocr_carea' id='block_1_39' title="bbox 585 2401 2176 2476">
    <p class='ocr_par' dir='ltr' id='par_1_39' title="bbox 585 2401 2176 2476">
     <span class='ocr_line' id='line_1_39' title="bbox 585 2401 2176 2476; baseline -0.008 -8"><span class='ocrx_word' id='word_1_306' title='bbox 585 2413 764 2468; x_wconf 83' lang='lat' dir='ltr'><strong>vocati</strong></span> <span class='ocrx_word' id='word_1_307' title='bbox 812 2409 943 2465; x_wconf 89' lang='lat' dir='ltr'><strong>estis</strong></span> <span class='ocrx_word' id='word_1_308' title='bbox 980 2408 1048 2464; x_wconf 89' lang='lat' dir='ltr'><strong>ad</strong></span> <span class='ocrx_word' id='word_1_309' title='bbox 1089 2405 1406 2476; x_wconf 89' lang='lat' dir='ltr'><strong>complenda</strong></span> <span class='ocrx_word' id='word_1_310' title='bbox 1438 2401 1707 2460; x_wconf 85' lang='lat' dir='ltr'><strong>desideria</strong></span> <span class='ocrx_word' id='word_1_311' title='bbox 1737 2401 1938 2468; x_wconf 90' lang='lat' dir='ltr'><strong>carnis,</strong></span> <span class='ocrx_word' id='word_1_312' title='bbox 1983 2402 2076 2456; x_wconf 90' lang='lat' dir='ltr'><strong>sed</strong></span> <span class='ocrx_word' id='word_1_313' title='bbox 2113 2409 2176 2456; x_wconf 88' lang='lat' dir='ltr'><strong>ut</strong></span> 
     </span>
    </p>
   </div>
   <div class='ocr_carea' id='block_1_40' title="bbox 581 2489 2170 2568">
    <p class='ocr_par' dir='ltr' id='par_1_40' title="bbox 581 2489 2170 2568">
     <span class='ocr_line' id='line_1_40' title="bbox 581 2489 2170 2568; baseline -0.008 -10"><span class='ocrx_word' id='word_1_314' title='bbox 581 2501 888 2560; x_wconf 83' lang='lat' dir='ltr'><strong>secundum</strong></span> <span class='ocrx_word' id='word_1_315' title='bbox 939 2497 1192 2568; x_wconf 88' lang='lat' dir='ltr'><strong>spiritum</strong></span> <span class='ocrx_word' id='word_1_316' title='bbox 1245 2509 1468 2550; x_wconf 88' lang='lat' dir='ltr'><strong>carnem</strong></span> <span class='ocrx_word' id='word_1_317' title='bbox 1531 2489 1894 2557; x_wconf 79' lang='lat' dir='ltr'><strong>mortiﬁcctis,</strong></span> <span class='ocrx_word' id='word_1_318' title='bbox 1946 2491 2170 2557; x_wconf 81' lang='lat' dir='ltr'><strong>scilicet,</strong></span> 
     </span>
    </p>
   </div>
   <div class='ocr_carea' id='block_1_41' title="bbox 575 2581 2171 2652">
    <p class='ocr_par' dir='ltr' id='par_1_41' title="bbox 575 2581 2171 2652">
     <span class='ocr_line' id='line_1_41' title="bbox 575 2581 2171 2652; baseline -0.009 -2"><span class='ocrx_word' id='word_1_319' title='bbox 575 2585 876 2650; x_wconf 42' lang='lat' dir='ltr'><strong>&#39;atnbuletis</strong></span> <span class='ocrx_word' id='word_1_320' title='bbox 896 2606 1015 2644; x_wconf 89' lang='lat' dir='ltr'><strong>cum</strong></span> <span class='ocrx_word' id='word_1_321' title='bbox 1055 2587 1198 2642; x_wconf 89' lang='lat' dir='ltr'><strong>omni</strong></span> <span class='ocrx_word' id='word_1_322' title='bbox 1225 2583 1549 2652; x_wconf 82' lang='lat' dir='ltr'><strong>humilitate,</strong></span> <span class='ocrx_word' id='word_1_323' title='bbox 1577 2591 1632 2638; x_wconf 90' lang='lat' dir='ltr'><strong>et</strong></span> <span class='ocrx_word' id='word_1_324' title='bbox 1669 2583 1724 2638; x_wconf 91' lang='lat' dir='ltr'><strong>in</strong></span> <span class='ocrx_word' id='word_1_325' title='bbox 1753 2581 1936 2638; x_wconf 87' lang='lat' dir='ltr'><strong>animo</strong></span> <span class='ocrx_word' id='word_1_326' title='bbox 1964 2583 2171 2649; x_wconf 90' lang='lat' dir='ltr'><strong>habita,</strong></span> 
     </span>
    </p>
   </div>
   <div class='ocr_carea' id='block_1_42' title="bbox 585 2673 2173 2748">
    <p class='ocr_par' dir='ltr' id='par_1_42' title="bbox 585 2673 2173 2748">
     <span class='ocr_line' id='line_1_42' title="bbox 585 2673 2173 2748; baseline -0.008 -8"><span class='ocrx_word' id='word_1_327' title='bbox 585 2693 642 2741; x_wconf 90' lang='lat' dir='ltr'><strong>et</strong></span> <span class='ocrx_word' id='word_1_328' title='bbox 676 2683 813 2739; x_wconf 76' lang='lat' dir='ltr'><strong>foris</strong></span> <span class='ocrx_word' id='word_1_329' title='bbox 857 2690 1095 2738; x_wconf 88' lang='lat' dir='ltr'><strong>ostensa.</strong></span> <span class='ocrx_word' id='word_1_330' title='bbox 1151 2677 1323 2748; x_wconf 88' lang='lat' dir='ltr'><strong>Culpa</strong></span> <span class='ocrx_word' id='word_1_331' title='bbox 1358 2676 1504 2731; x_wconf 91' lang='lat' dir='ltr'><strong>enim</strong></span> <span class='ocrx_word' id='word_1_332' title='bbox 1531 2683 1614 2732; x_wconf 89' lang='lat' dir='ltr'><strong>est</strong></span> <span class='ocrx_word' id='word_1_333' title='bbox 1650 2674 1800 2731; x_wconf 90' lang='lat' dir='ltr'><strong>intus</strong></span> <span class='ocrx_word' id='word_1_334' title='bbox 1830 2689 1953 2730; x_wconf 90' lang='lat' dir='ltr'><strong>csse</strong></span> <span class='ocrx_word' id='word_1_335' title='bbox 1991 2673 2173 2728; x_wconf 87' lang='lat' dir='ltr'><strong>humi-</strong></span> 
     </span>
    </p>
   </div>
   <div class='ocr_carea' id='block_1_43' title="bbox 583 2765 2173 2840">
    <p class='ocr_par' dir='ltr' id='par_1_43' title="bbox 583 2765 2173 2840">
     <span class='ocr_line' id='line_1_43' title="bbox 583 2765 2173 2840; baseline -0.006 -10"><span class='ocrx_word' id='word_1_336' title='bbox 583 2777 717 2840; x_wconf 82' lang='lat' dir='ltr'><strong>lem,</strong></span> <span class='ocrx_word' id='word_1_337' title='bbox 755 2781 810 2830; x_wconf 85' lang='lat' dir='ltr'><strong>et</strong></span> <span class='ocrx_word' id='word_1_338' title='bbox 848 2771 983 2828; x_wconf 80' lang='lat' dir='ltr'><strong>foris</strong></span> <span class='ocrx_word' id='word_1_339' title='bbox 1033 2769 1294 2826; x_wconf 89' lang='lat' dir='ltr'><strong>simulare</strong></span> <span class='ocrx_word' id='word_1_340' title='bbox 1337 2766 1681 2838; x_wconf 86' lang='lat' dir='ltr'><strong>superbiam,</strong></span> <span class='ocrx_word' id='word_1_341' title='bbox 1727 2781 1852 2821; x_wconf 91' lang='lat' dir='ltr'><strong>cum</strong></span> <span class='ocrx_word' id='word_1_342' title='bbox 1901 2767 1981 2820; x_wconf 88' lang='lat' dir='ltr'><strong>sic</strong></span> <span class='ocrx_word' id='word_1_343' title='bbox 2013 2765 2080 2820; x_wconf 91' lang='lat' dir='ltr'><strong>de</strong></span> <span class='ocrx_word' id='word_1_344' title='bbox 2113 2779 2173 2821; x_wconf 86' lang='lat' dir='ltr'><strong>se</strong></span> 
     </span>
    </p>
   </div>
   <div class='ocr_carea' id='block_1_44' title="bbox 585 2855 2174 2928">
    <p class='ocr_par' dir='ltr' id='par_1_44' title="bbox 585 2855 2174 2928">
     <span class='ocr_line' id='line_1_44' title="bbox 585 2855 2174 2928; baseline -0.008 -1"><span class='ocrx_word' id='word_1_345' title='bbox 585 2867 934 2927; x_wconf 81' lang='lat' dir='ltr'><strong>occasionem</strong></span> <span class='ocrx_word' id='word_1_346' title='bbox 963 2864 1166 2920; x_wconf 86' lang='lat' dir='ltr'><strong>tribuat</strong></span> <span class='ocrx_word' id='word_1_347' title='bbox 1187 2859 1567 2928; x_wconf 88' lang='lat' dir='ltr'><strong>maledicendi,</strong></span> <span class='ocrx_word' id='word_1_348' title='bbox 1599 2867 1654 2914; x_wconf 92' lang='lat' dir='ltr'><strong>et</strong></span> <span class='ocrx_word' id='word_1_349' title='bbox 1675 2859 1979 2914; x_wconf 90' lang='lat' dir='ltr'><strong>occultetur</strong></span> <span class='ocrx_word' id='word_1_350' title='bbox 1997 2855 2174 2914; x_wconf 85' lang='lat' dir='ltr'><strong>virtus</strong></span> 
     </span>
    </p>
   </div>
   <div class='ocr_carea' id='block_1_45' title="bbox 583 2947 2172 3032">
    <p class='ocr_par' dir='ltr' id='par_1_45' title="bbox 583 2947 2172 3032">
     <span class='ocr_line' id='line_1_45' title="bbox 583 2947 2172 3032; baseline -0.008 -15"><span class='ocrx_word' id='word_1_351' title='bbox 583 2960 744 3032; x_wconf 83' lang='lat' dir='ltr'><strong>cujus</strong></span> <span class='ocrx_word' id='word_1_352' title='bbox 801 2955 1104 3014; x_wconf 86' lang='lat' dir='ltr'><strong>imitatione</strong></span> <span class='ocrx_word' id='word_1_353' title='bbox 1159 2953 1338 3024; x_wconf 90' lang='lat' dir='ltr'><strong>potuit</strong></span> <span class='ocrx_word' id='word_1_354' title='bbox 1403 2950 1597 3007; x_wconf 89' lang='lat' dir='ltr'><strong>instrui</strong></span> <span class='ocrx_word' id='word_1_355' title='bbox 1662 2949 1966 3020; x_wconf 83' lang='lat' dir='ltr'><strong>proximus.</strong></span> <span class='ocrx_word' id='word_1_356' title='bbox 2015 2947 2172 3004; x_wconf 89' lang='lat' dir='ltr'><strong>Foris</strong></span> 
     </span>
    </p>
   </div>
   <div class='ocr_carea' id='block_1_46' title="bbox 584 3039 2174 3114">
    <p class='ocr_par' dir='ltr' id='par_1_46' title="bbox 584 3039 2174 3114">
     <span class='ocr_line' id='line_1_46' title="bbox 584 3039 2174 3114; baseline -0.009 -5"><span class='ocrx_word' id='word_1_357' title='bbox 584 3061 772 3108; x_wconf 77' lang='lat' dir='ltr'><strong>autem</strong></span> <span class='ocrx_word' id='word_1_358' title='bbox 809 3048 1100 3114; x_wconf 76' lang='lat' dir='ltr'><strong>humilem,</strong></span> <span class='ocrx_word' id='word_1_359' title='bbox 1153 3043 1304 3100; x_wconf 92' lang='lat' dir='ltr'><strong>intus</strong></span> <span class='ocrx_word' id='word_1_360' title='bbox 1346 3059 1468 3100; x_wconf 90' lang='lat' dir='ltr'><strong>esse</strong></span> <span class='ocrx_word' id='word_1_361' title='bbox 1513 3039 1832 3112; x_wconf 83' lang='lat' dir='ltr'><strong>superbum.</strong></span> <span class='ocrx_word' id='word_1_362' title='bbox 1885 3040 2018 3095; x_wconf 87' lang='lat' dir='ltr'><strong>nulli</strong></span> <span class='ocrx_word' id='word_1_363' title='bbox 2066 3040 2174 3095; x_wconf 90' lang='lat' dir='ltr'><strong>du-</strong></span> 
     </span>
    </p>
   </div>
   <div class='ocr_carea' id='block_1_47' title="bbox 581 3127 2170 3214">
    <p class='ocr_par' dir='ltr' id='par_1_47' title="bbox 581 3127 2170 3214">
     <span class='ocr_line' id='line_1_47' title="bbox 581 3127 2170 3214; baseline -0.01 -15"><span class='ocrx_word' id='word_1_364' title='bbox 581 3127 742 3200; x_wconf 87' lang='lat' dir='ltr'><strong>bium</strong></span> <span class='ocrx_word' id='word_1_365' title='bbox 776 3141 910 3214; x_wconf 89' lang='lat' dir='ltr'><strong>quin</strong></span> <span class='ocrx_word' id='word_1_366' title='bbox 962 3139 1033 3195; x_wconf 87' lang='lat' dir='ltr'><strong>sit</strong></span> <span class='ocrx_word' id='word_1_367' title='bbox 1075 3136 1344 3210; x_wconf 86' lang='lat' dir='ltr'><strong>culpabile</strong></span> <span class='ocrx_word' id='word_1_368' title='bbox 1381 3135 1436 3190; x_wconf 91' lang='lat' dir='ltr'><strong>in</strong></span> <span class='ocrx_word' id='word_1_369' title='bbox 1477 3133 1625 3189; x_wconf 91' lang='lat' dir='ltr'><strong>omni</strong></span> <span class='ocrx_word' id='word_1_370' title='bbox 1659 3131 1988 3198; x_wconf 86' lang='lat' dir='ltr'><strong>humilitate,</strong></span> <span class='ocrx_word' id='word_1_371' title='bbox 2035 3138 2084 3184; x_wconf 88' lang='lat' dir='ltr'><strong>et</strong></span> <span class='ocrx_word' id='word_1_372' title='bbox 2115 3132 2170 3184; x_wconf 93' lang='lat' dir='ltr'><strong>in</strong></span> 
     </span>
    </p>
   </div>
   <div class='ocr_carea' id='block_1_48' title="bbox 583 3221 2172 3295">
    <p class='ocr_par' dir='ltr' id='par_1_48' title="bbox 583 3221 2172 3295">
     <span class='ocr_line' id='line_1_48' title="bbox 583 3221 2172 3295; baseline -0.009 -6"><span class='ocrx_word' id='word_1_373' title='bbox 583 3232 747 3289; x_wconf 82' lang='lat' dir='ltr'><strong>omni.</strong></span> <span class='ocrx_word' id='word_1_374' title='bbox 766 3229 1190 3295; x_wconf 75' lang='lat' dir='ltr'><strong>mansuetudine,</strong></span> <span class='ocrx_word' id='word_1_375' title='bbox 1234 3234 1294 3282; x_wconf 92' lang='lat' dir='ltr'><strong>ut</strong></span> <span class='ocrx_word' id='word_1_376' title='bbox 1341 3223 1643 3280; x_wconf 87' lang='lat' dir='ltr'><strong>tractabilis</strong></span> <span class='ocrx_word' id='word_1_377' title='bbox 1680 3221 1752 3276; x_wconf 91' lang='lat' dir='ltr'><strong>sit</strong></span> <span class='ocrx_word' id='word_1_378' title='bbox 1780 3221 1848 3276; x_wconf 92' lang='lat' dir='ltr'><strong>ad</strong></span> <span class='ocrx_word' id='word_1_379' title='bbox 1889 3235 2080 3276; x_wconf 89' lang='lat' dir='ltr'><strong>omnes</strong></span> <span class='ocrx_word' id='word_1_380' title='bbox 2117 3227 2172 3276; x_wconf 91' lang='lat' dir='ltr'><strong>et</strong></span> 
     </span>
    </p>
   </div>
   <div class='ocr_carea' id='block_1_49' title="bbox 584 3312 2171 3388">
    <p class='ocr_par' dir='ltr' id='par_1_49' title="bbox 584 3312 2171 3388">
     <span class='ocr_line' id='line_1_49' title="bbox 584 3312 2171 3388; baseline -0.007 -10"><span class='ocrx_word' id='word_1_381' title='bbox 584 3321 837 3388; x_wconf 77' lang='lat' dir='ltr'><strong>all‘abilis,</strong></span> <span class='ocrx_word' id='word_1_382' title='bbox 869 3329 920 3376; x_wconf 78' lang='lat' dir='ltr'><strong>et</strong></span> <span class='ocrx_word' id='word_1_383' title='bbox 961 3335 1082 3374; x_wconf 86' lang='lat' dir='ltr'><strong>cum</strong></span> <span class='ocrx_word' id='word_1_384' title='bbox 1121 3316 1270 3372; x_wconf 90' lang='lat' dir='ltr'><strong>omni</strong></span> <span class='ocrx_word' id='word_1_385' title='bbox 1313 3315 1573 3386; x_wconf 84' lang='lat' dir='ltr'><strong>patientia</strong></span> <span class='ocrx_word' id='word_1_386' title='bbox 1610 3321 1820 3368; x_wconf 86' lang='lat' dir='ltr'><strong>servata</strong></span> <span class='ocrx_word' id='word_1_387' title='bbox 1845 3313 1902 3366; x_wconf 88' lang='lat' dir='ltr'><strong>in</strong></span> <span class='ocrx_word' id='word_1_388' title='bbox 1937 3312 2171 3382; x_wconf 82' lang='lat' dir='ltr'><strong>quibus-</strong></span> 
     </span>
    </p>
   </div>
   <div class='ocr_carea' id='block_1_50' title="bbox 583 3403 2168 3480">
    <p class='ocr_par' dir='ltr' id='par_1_50' title="bbox 583 3403 2168 3480">
     <span class='ocr_line' id='line_1_50' title="bbox 583 3403 2168 3480; baseline -0.008 -9"><span class='ocrx_word' id='word_1_389' title='bbox 583 3413 719 3471; x_wconf 83' lang='lat' dir='ltr'><strong>libet</strong></span> <span class='ocrx_word' id='word_1_390' title='bbox 756 3412 1018 3478; x_wconf 83' lang='lat' dir='ltr'><strong>adversis,</strong></span> <span class='ocrx_word' id='word_1_391' title='bbox 1059 3415 1424 3480; x_wconf 84' lang='lat' dir='ltr'><strong>supportantes</strong></span> <span class='ocrx_word' id='word_1_392' title='bbox 1471 3405 1692 3460; x_wconf 81' lang='lat' dir='ltr'><strong>invicem</strong></span> <span class='ocrx_word' id='word_1_393' title='bbox 1738 3403 1874 3459; x_wconf 89' lang='lat' dir='ltr'><strong>alter</strong></span> <span class='ocrx_word' id='word_1_394' title='bbox 1915 3404 2168 3470; x_wconf 88' lang='lat' dir='ltr'><strong>alterum,</strong></span> 
     </span>
    </p>
   </div>
   <div class='ocr_carea' id='block_1_51' title="bbox 586 3495 2173 3566">
    <p class='ocr_par' dir='ltr' id='par_1_51' title="bbox 586 3495 2173 3566">
     <span class='ocr_line' id='line_1_51' title="bbox 586 3495 2173 3566; baseline -0.009 -2"><span class='ocrx_word' id='word_1_395' title='bbox 586 3507 636 3564; x_wconf 86' lang='lat' dir='ltr'><strong>si</strong></span> <span class='ocrx_word' id='word_1_396' title='bbox 687 3503 996 3561; x_wconf 83' lang='lat' dir='ltr'><strong>molestiam</strong></span> <span class='ocrx_word' id='word_1_397' title='bbox 1043 3499 1228 3558; x_wconf 84' lang='lat' dir='ltr'><strong>intulit</strong></span> <span class='ocrx_word' id='word_1_398' title='bbox 1268 3500 1340 3554; x_wconf 91' lang='lat' dir='ltr'><strong>ei.</strong></span> <span class='ocrx_word' id='word_1_399' title='bbox 1388 3497 1486 3553; x_wconf 82' lang='lat' dir='ltr'><strong>Vel</strong></span> <span class='ocrx_word' id='word_1_400' title='bbox 1539 3503 1926 3566; x_wconf 83' lang='lat' dir='ltr'><strong>supportantes,</strong></span> <span class='ocrx_word' id='word_1_401' title='bbox 1981 3495 2036 3550; x_wconf 90' lang='lat' dir='ltr'><strong>id</strong></span> <span class='ocrx_word' id='word_1_402' title='bbox 2089 3503 2173 3550; x_wconf 97' lang='grc' dir='ltr'><strong>εει</strong></span> 
     </span>
    </p>
   </div>
   <div class='ocr_carea' id='block_1_52' title="bbox 586 3585 2169 3668">
    <p class='ocr_par' dir='ltr' id='par_1_52' title="bbox 586 3585 2169 3668">
     <span class='ocr_line' id='line_1_52' title="bbox 586 3585 2169 3668; baseline -0.01 -13"><span class='ocrx_word' id='word_1_403' title='bbox 586 3593 970 3668; x_wconf 89' lang='lat' dir='ltr'><strong>compatiendo</strong></span> <span class='ocrx_word' id='word_1_404' title='bbox 1021 3590 1272 3662; x_wconf 77' lang='lat' dir='ltr'><strong>proximo</strong></span> <span class='ocrx_word' id='word_1_405' title='bbox 1317 3589 1363 3645; x_wconf 89' lang='lat' dir='ltr'><strong>si</strong></span> <span class='ocrx_word' id='word_1_406' title='bbox 1399 3587 1539 3644; x_wconf 80' lang='lat' dir='ltr'><strong>forte</strong></span> <span class='ocrx_word' id='word_1_407' title='bbox 1579 3587 1766 3657; x_wconf 92' lang='lat' dir='ltr'><strong>lapsus</strong></span> <span class='ocrx_word' id='word_1_408' title='bbox 1795 3585 1980 3651; x_wconf 80' lang='lat' dir='ltr'><strong>fuerit,</strong></span> <span class='ocrx_word' id='word_1_409' title='bbox 2011 3600 2169 3640; x_wconf 80' lang='lat' dir='ltr'><strong>eum-</strong></span> 
     </span>
    </p>
   </div>
   <div class='ocr_carea' id='block_1_53' title="bbox 587 3673 2170 3760">
    <p class='ocr_par' dir='ltr' id='par_1_53' title="bbox 587 3673 2170 3760">
     <span class='ocr_line' id='line_1_53' title="bbox 587 3673 2170 3760; baseline -0.008 -19"><span class='ocrx_word' id='word_1_410' title='bbox 587 3703 696 3760; x_wconf 86' lang='lat' dir='ltr'><strong>que</strong></span> <span class='ocrx_word' id='word_1_411' title='bbox 742 3681 1052 3756; x_wconf 90' lang='lat' dir='ltr'><strong>adjuvando</strong></span> <span class='ocrx_word' id='word_1_412' title='bbox 1088 3677 1353 3746; x_wconf 90' lang='lat' dir='ltr'><strong>oratione,</strong></span> <span class='ocrx_word' id='word_1_413' title='bbox 1407 3687 1462 3734; x_wconf 91' lang='lat' dir='ltr'><strong>et</strong></span> <span class='ocrx_word' id='word_1_414' title='bbox 1507 3677 1738 3748; x_wconf 84' lang='lat' dir='ltr'><strong>jejunio.</strong></span> <span class='ocrx_word' id='word_1_415' title='bbox 1789 3673 2170 3746; x_wconf 86' lang='lat' dir='ltr'><strong>Supportantes</strong></span> 
     </span>
    </p>
   </div>
   <div class='ocr_carea' id='block_1_54' title="bbox 585 3759 2168 3850">
    <p class='ocr_par' dir='ltr' id='par_1_54' title="bbox 585 3759 2168 3850">
     <span class='ocr_line' id='line_1_54' title="bbox 585 3759 2168 3850; baseline -0.009 -14"><span class='ocrx_word' id='word_1_416' title='bbox 585 3759 714 3850; x_wconf 71' lang='lat' dir='ltr'><strong>dico</strong></span> <span class='ocrx_word' id='word_1_417' title='bbox 759 3777 816 3831; x_wconf 89' lang='lat' dir='ltr'><strong>in</strong></span> <span class='ocrx_word' id='word_1_418' title='bbox 859 3773 1142 3846; x_wconf 63' lang='lat' dir='ltr'><strong>charitate,</strong></span> <span class='ocrx_word' id='word_1_419' title='bbox 1197 3787 1306 3826; x_wconf 90' lang='lat' dir='ltr'><strong>non</strong></span> <span class='ocrx_word' id='word_1_420' title='bbox 1355 3769 1412 3825; x_wconf 89' lang='lat' dir='ltr'><strong>in</strong></span> <span class='ocrx_word' id='word_1_421' title='bbox 1447 3769 1854 3839; x_wconf 87' lang='lat' dir='ltr'><strong>exspectatione</strong></span> <span class='ocrx_word' id='word_1_422' title='bbox 1899 3767 2168 3840; x_wconf 58' lang='lat' dir='ltr'><strong>vindicta}.</strong></span> 
     </span>
    </p>
   </div>
   <div class='ocr_carea' id='block_1_55' title="bbox 587 3857 2175 3928">
    <p class='ocr_par' dir='ltr' id='par_1_55' title="bbox 587 3857 2175 3928">
     <span class='ocr_line' id='line_1_55' title="bbox 587 3857 2175 3928; baseline -0.005 -6"><span class='ocrx_word' id='word_1_423' title='bbox 587 3869 700 3926; x_wconf 78' lang='lat' dir='ltr'><strong>Vos</strong></span> <span class='ocrx_word' id='word_1_424' title='bbox 729 3868 851 3926; x_wconf 87' lang='lat' dir='ltr'><strong>dico</strong></span> <span class='ocrx_word' id='word_1_425' title='bbox 894 3861 1114 3922; x_wconf 86' lang='lat' dir='ltr'><strong>solliciti</strong></span> <span class='ocrx_word' id='word_1_426' title='bbox 1145 3877 1365 3919; x_wconf 88' lang='lat' dir='ltr'><strong>servare</strong></span> <span class='ocrx_word' id='word_1_427' title='bbox 1392 3861 1658 3916; x_wconf 89' lang='lat' dir='ltr'><strong>unitatem</strong></span> <span class='ocrx_word' id='word_1_428' title='bbox 1704 3859 1761 3914; x_wconf 92' lang='lat' dir='ltr'><strong>in</strong></span> <span class='ocrx_word' id='word_1_429' title='bbox 1783 3859 1962 3928; x_wconf 91' lang='lat' dir='ltr'><strong>vobis,</strong></span> <span class='ocrx_word' id='word_1_430' title='bbox 1993 3867 2053 3914; x_wconf 91' lang='lat' dir='ltr'><strong>ut</strong></span> <span class='ocrx_word' id='word_1_431' title='bbox 2102 3857 2175 3914; x_wconf 86' lang='lat' dir='ltr'><strong>sit</strong></span> 
     </span>
    </p>
   </div>
   <div class='ocr_carea' id='block_1_56' title="bbox 585 3947 2173 4034">
    <p class='ocr_par' dir='ltr' id='par_1_56' title="bbox 585 3947 2173 4034">
     <span class='ocr_line' id='line_1_56' title="bbox 585 3947 2173 4034; baseline -0.009 -16"><span class='ocrx_word' id='word_1_432' title='bbox 585 3961 732 4034; x_wconf 84' lang='lat' dir='ltr'><strong>apud</strong></span> <span class='ocrx_word' id='word_1_433' title='bbox 753 3974 854 4017; x_wconf 88' lang='lat' dir='ltr'><strong>vos</strong></span> <span class='ocrx_word' id='word_1_434' title='bbox 883 3959 1026 4016; x_wconf 88' lang='lat' dir='ltr'><strong>idem</strong></span> <span class='ocrx_word' id='word_1_435' title='bbox 1047 3957 1206 4024; x_wconf 90' lang='lat' dir='ltr'><strong>velle,</strong></span> <span class='ocrx_word' id='word_1_436' title='bbox 1231 3954 1374 4010; x_wconf 88' lang='lat' dir='ltr'><strong>idem</strong></span> <span class='ocrx_word' id='word_1_437' title='bbox 1404 3953 1567 4008; x_wconf 88' lang='lat' dir='ltr'><strong>nolle.</strong></span> <span class='ocrx_word' id='word_1_438' title='bbox 1607 3950 1872 4006; x_wconf 86' lang='lat' dir='ltr'><strong>Unitatem</strong></span> <span class='ocrx_word' id='word_1_439' title='bbox 1894 3951 2017 4007; x_wconf 83' lang='lat' dir='ltr'><strong>dico</strong></span> <span class='ocrx_word' id='word_1_440' title='bbox 2047 3947 2173 4020; x_wconf 89' lang='lat' dir='ltr'><strong>Spi-</strong></span> 
     </span>
    </p>
   </div>
   <div class='ocr_carea' id='block_1_57' title="bbox 587 4043 2174 4122">
    <p class='ocr_par' dir='ltr' id='par_1_57' title="bbox 587 4043 2174 4122">
     <span class='ocr_line' id='line_1_57' title="bbox 587 4043 2174 4122; baseline -0.008 -14"><span class='ocrx_word' id='word_1_441' title='bbox 587 4054 752 4119; x_wconf 85' lang='lat' dir='ltr'><strong>ritus,</strong></span> <span class='ocrx_word' id='word_1_442' title='bbox 797 4051 853 4106; x_wconf 90' lang='lat' dir='ltr'><strong>id</strong></span> <span class='ocrx_word' id='word_1_443' title='bbox 886 4059 970 4108; x_wconf 86' lang='lat' dir='ltr'><strong>est</strong></span> <span class='ocrx_word' id='word_1_444' title='bbox 1013 4063 1182 4122; x_wconf 80' lang='lat' dir='ltr'><strong>quam</strong></span> <span class='ocrx_word' id='word_1_445' title='bbox 1221 4045 1391 4102; x_wconf 88' lang='lat' dir='ltr'><strong>dictat</strong></span> <span class='ocrx_word' id='word_1_446' title='bbox 1421 4043 1659 4115; x_wconf 89' lang='lat' dir='ltr'><strong>Spiritus</strong></span> <span class='ocrx_word' id='word_1_447' title='bbox 1697 4051 1924 4099; x_wconf 88' lang='lat' dir='ltr'><strong>sanctus</strong></span> <span class='ocrx_word' id='word_1_448' title='bbox 1967 4057 2174 4096; x_wconf 85' lang='lat' dir='ltr'><strong>servare</strong></span> 
     </span>
    </p>
   </div>
   <div class='ocr_carea' id='block_1_58' title="bbox 586 4134 2176 4211">
    <p class='ocr_par' dir='ltr' id='par_1_58' title="bbox 586 4134 2176 4211">
     <span class='ocr_line' id='line_1_58' title="bbox 586 4134 2176 4211; baseline -0.006 -14"><span class='ocrx_word' id='word_1_449' title='bbox 586 4159 706 4198; x_wconf 84' lang='lat' dir='ltr'><strong>eam</strong></span> <span class='ocrx_word' id='word_1_450' title='bbox 737 4141 794 4198; x_wconf 91' lang='lat' dir='ltr'><strong>in</strong></span> <span class='ocrx_word' id='word_1_451' title='bbox 818 4141 1027 4196; x_wconf 81' lang='lat' dir='ltr'><strong>uinculo</strong></span> <span class='ocrx_word' id='word_1_452' title='bbox 1056 4137 1241 4211; x_wconf 87' lang='lat' dir='ltr'><strong>pacis;</strong></span> <span class='ocrx_word' id='word_1_453' title='bbox 1268 4151 1389 4206; x_wconf 67' lang='lat' dir='ltr'><strong>quae</strong></span> <span class='ocrx_word' id='word_1_454' title='bbox 1412 4151 1519 4206; x_wconf 81' lang='lat' dir='ltr'><strong>pax</strong></span> <span class='ocrx_word' id='word_1_455' title='bbox 1539 4134 1780 4191; x_wconf 80' lang='lat' dir='ltr'><strong>exterius</strong></span> <span class='ocrx_word' id='word_1_456' title='bbox 1809 4142 2024 4190; x_wconf 88' lang='lat' dir='ltr'><strong>servata</strong></span> <span class='ocrx_word' id='word_1_457' title='bbox 2053 4135 2176 4206; x_wconf 81' lang='lat' dir='ltr'><strong>vin-</strong></span> 
     </span>
    </p>
   </div>
   <div class='ocr_carea' id='block_1_59' title="bbox 587 4221 2176 4308">
    <p class='ocr_par' dir='ltr' id='par_1_59' title="bbox 587 4221 2176 4308">
     <span class='ocr_line' id='line_1_59' title="bbox 587 4221 2176 4308; baseline -0.005 -21"><span class='ocrx_word' id='word_1_458' title='bbox 587 4231 778 4308; x_wconf 76' lang='lat' dir='ltr'><strong>culum</strong></span> <span class='ocrx_word' id='word_1_459' title='bbox 823 4227 926 4297; x_wconf 79' lang='lat' dir='ltr'><strong>est,</strong></span> <span class='ocrx_word' id='word_1_460' title='bbox 975 4238 1030 4286; x_wconf 90' lang='lat' dir='ltr'><strong>et</strong></span> <span class='ocrx_word' id='word_1_461' title='bbox 1073 4227 1468 4286; x_wconf 88' lang='lat' dir='ltr'><strong>nutrimentum</strong></span> <span class='ocrx_word' id='word_1_462' title='bbox 1498 4221 1798 4294; x_wconf 90' lang='lat' dir='ltr'><strong>spiritualis</strong></span> <span class='ocrx_word' id='word_1_463' title='bbox 1823 4223 2072 4280; x_wconf 82' lang='lat' dir='ltr'><strong>unitatis.</strong></span> <span class='ocrx_word' id='word_1_464' title='bbox 2109 4223 2176 4279; x_wconf 87' lang='lat' dir='ltr'><strong>Et</strong></span> 
     </span>
    </p>
   </div>
   <div class='ocr_carea' id='block_1_60' title="bbox 587 4313 2176 4386">
    <p class='ocr_par' dir='ltr' id='par_1_60' title="bbox 587 4313 2176 4386">
     <span class='ocr_line' id='line_1_60' title="bbox 587 4313 2176 4386; baseline -0.005 -8"><span class='ocrx_word' id='word_1_465' title='bbox 587 4332 652 4378; x_wconf 88' lang='lat' dir='ltr'><strong>ut</strong></span> <span class='ocrx_word' id='word_1_466' title='bbox 695 4321 838 4378; x_wconf 90' lang='lat' dir='ltr'><strong>hanc</strong></span> <span class='ocrx_word' id='word_1_467' title='bbox 879 4321 1147 4378; x_wconf 85' lang='lat' dir='ltr'><strong>unitatem</strong></span> <span class='ocrx_word' id='word_1_468' title='bbox 1176 4320 1423 4385; x_wconf 87' lang='lat' dir='ltr'><strong>servetis,</strong></span> <span class='ocrx_word' id='word_1_469' title='bbox 1475 4313 1638 4372; x_wconf 82' lang='lat' dir='ltr'><strong>estote</strong></span> <span class='ocrx_word' id='word_1_470' title='bbox 1675 4329 1838 4369; x_wconf 75' lang='lat' dir='ltr'><strong>unum</strong></span> <span class='ocrx_word' id='word_1_471' title='bbox 1880 4331 2088 4386; x_wconf 85' lang='lat' dir='ltr'><strong>corpus,</strong></span> <span class='ocrx_word' id='word_1_472' title='bbox 2121 4315 2176 4370; x_wconf 90' lang='lat' dir='ltr'><strong>id</strong></span> 
     </span>
    </p>
   </div>
   <div class='ocr_carea' id='block_1_61' title="bbox 588 4404 2177 4488">
    <p class='ocr_par' dir='ltr' id='par_1_61' title="bbox 588 4404 2177 4488">
     <span class='ocr_line' id='line_1_61' title="bbox 588 4404 2177 4488; baseline -0.007 -17"><span class='ocrx_word' id='word_1_473' title='bbox 588 4421 675 4488; x_wconf 76' lang='lat' dir='ltr'><strong>cst</strong></span> <span class='ocrx_word' id='word_1_474' title='bbox 713 4427 888 4470; x_wconf 88' lang='lat' dir='ltr'><strong>unum</strong></span> <span class='ocrx_word' id='word_1_475' title='bbox 923 4411 980 4467; x_wconf 93' lang='lat' dir='ltr'><strong>in</strong></span> <span class='ocrx_word' id='word_1_476' title='bbox 1009 4409 1342 4481; x_wconf 88' lang='lat' dir='ltr'><strong>operatione.</strong></span> <span class='ocrx_word' id='word_1_477' title='bbox 1375 4407 1447 4462; x_wconf 82' lang='lat' dir='ltr'><strong>Et</strong></span> <span class='ocrx_word' id='word_1_478' title='bbox 1477 4413 1650 4462; x_wconf 89' lang='lat' dir='ltr'><strong>estote</strong></span> <span class='ocrx_word' id='word_1_479' title='bbox 1685 4421 1822 4459; x_wconf 83' lang='lat' dir='ltr'><strong>unus</strong></span> <span class='ocrx_word' id='word_1_480' title='bbox 1850 4405 2090 4475; x_wconf 84' lang='lat' dir='ltr'><strong>spiritus,</strong></span> <span class='ocrx_word' id='word_1_481' title='bbox 2121 4404 2177 4460; x_wconf 92' lang='lat' dir='ltr'><strong>id</strong></span> 
     </span>
    </p>
   </div>
   <div class='ocr_carea' id='block_1_62' title="bbox 2273 1946 3777 2024">
    <p class='ocr_par' dir='ltr' id='par_1_62' title="bbox 2273 1946 3777 2024">
     <span class='ocr_line' id='line_1_62' title="bbox 2273 1946 3777 2024; baseline 0.003 -25"><span class='ocrx_word' id='word_1_482' title='bbox 2273 1948 2463 2017; x_wconf 89' lang='lat' dir='ltr'><strong>gratia.</strong></span> <span class='ocrx_word' id='word_1_483' title='bbox 2505 1946 2730 2017; x_wconf 85' lang='lat' dir='ltr'><strong>Propter</strong></span> <span class='ocrx_word' id='word_1_484' title='bbox 2755 1949 2894 2019; x_wconf 87' lang='lat' dir='ltr'><strong>quod</strong></span> <span class='ocrx_word' id='word_1_485' title='bbox 2931 1951 3400 2020; x_wconf 86' lang='lat' dir='ltr'><strong>comprobandum</strong></span> <span class='ocrx_word' id='word_1_486' title='bbox 3439 1950 3777 2024; x_wconf 63' lang='lat' dir='ltr'><strong>2“(scilicu</strong></span> 
     </span>
    </p>
   </div>
   <div class='ocr_carea' id='block_1_63' title="bbox 2272 2032 3867 2112">
    <p class='ocr_par' dir='ltr' id='par_1_63' title="bbox 2272 2032 3867 2112">
     <span class='ocr_line' id='line_1_63' title="bbox 2272 2032 3867 2112; baseline 0.003 -21"><span class='ocrx_word' id='word_1_487' title='bbox 2272 2039 2418 2108; x_wconf 90' lang='lat' dir='ltr'><strong>quod</strong></span> <span class='ocrx_word' id='word_1_488' title='bbox 2447 2039 2519 2093; x_wconf 91' lang='lat' dir='ltr'><strong>sit</strong></span> <span class='ocrx_word' id='word_1_489' title='bbox 2539 2039 2772 2094; x_wconf 91' lang='lat' dir='ltr'><strong>donator</strong></span> <span class='ocrx_word' id='word_1_490' title='bbox 2803 2041 3100 2112; x_wconf 80' lang='lat' dir='ltr'><strong>gratiarum</strong></span> <span class='ocrx_word' id='word_1_491' title='bbox 3125 2041 3364 2112; x_wconf 84' lang='lat' dir='ltr'><strong>Spiritus</strong></span> <span class='ocrx_word' id='word_1_492' title='bbox 3403 2051 3617 2098; x_wconf 88' lang='lat' dir='ltr'><strong>sanctus</strong></span> <span class='ocrx_word' id='word_1_493' title='bbox 3638 2043 3775 2096; x_wconf 73' lang='lat' dir='ltr'><strong>dicitis</strong></span> <span class='ocrx_word' id='word_1_494' title='bbox 3865 2032 3867 2050; x_wconf 84' lang='grc'>¹</span> 
     </span>
    </p>
   </div>
   <div class='ocr_carea' id='block_1_64' title="bbox 2270 2121 3776 2204">
    <p class='ocr_par' dir='ltr' id='par_1_64' title="bbox 2270 2121 3776 2204">
     <span class='ocr_line' id='line_1_64' title="bbox 2270 2121 3776 2204; baseline 0.001 -21"><span class='ocrx_word' id='word_1_495' title='bbox 2270 2127 2492 2186; x_wconf 87' lang='lat' dir='ltr'><strong>Psalmo</strong></span> <span class='ocrx_word' id='word_1_496' title='bbox 2540 2130 2715 2202; x_wconf 81' lang='lat' dir='ltr'><strong>(Psal.</strong></span> <span class='ocrx_word' id='word_1_497' title='bbox 2761 2121 2925 2198; x_wconf 77' lang='lat' dir='ltr'><strong>vau,</strong></span> <span class='ocrx_word' id='word_1_498' title='bbox 2971 2133 3100 2204; x_wconf 68' lang='lat'><strong>19):</strong></span> <span class='ocrx_word' id='word_1_499' title='bbox 3159 2132 3334 2190; x_wconf 84' lang='lat' dir='ltr'><strong>Homo</strong></span> <span class='ocrx_word' id='word_1_500' title='bbox 3377 2133 3620 2190; x_wconf 85' lang='lat' dir='ltr'><strong>Christus</strong></span> <span class='ocrx_word' id='word_1_501' title='bbox 3655 2149 3776 2186; x_wconf 58' lang='lat' dir='ltr'><strong>aster</strong></span> 
     </span>
    </p>
   </div>
   <div class='ocr_carea' id='block_1_65' title="bbox 2271 2221 3776 2294">
    <p class='ocr_par' dir='ltr' id='par_1_65' title="bbox 2271 2221 3776 2294">
     <span class='ocr_line' id='line_1_65' title="bbox 2271 2221 3776 2294; baseline 0.001 -20"><span class='ocrx_word' id='word_1_502' title='bbox 2271 2221 2398 2275; x_wconf 85' lang='lat' dir='ltr'><strong>dens</strong></span> <span class='ocrx_word' id='word_1_503' title='bbox 2443 2222 2500 2274; x_wconf 91' lang='lat' dir='ltr'><strong>in</strong></span> <span class='ocrx_word' id='word_1_504' title='bbox 2528 2221 2718 2289; x_wconf 84' lang='lat' dir='ltr'><strong>altum,</strong></span> <span class='ocrx_word' id='word_1_505' title='bbox 2771 2221 2825 2276; x_wconf 91' lang='lat' dir='ltr'><strong>id</strong></span> <span class='ocrx_word' id='word_1_506' title='bbox 2853 2231 2937 2278; x_wconf 88' lang='lat' dir='ltr'><strong>est</strong></span> <span class='ocrx_word' id='word_1_507' title='bbox 2984 2237 3148 2294; x_wconf 87' lang='lat' dir='ltr'><strong>super</strong></span> <span class='ocrx_word' id='word_1_508' title='bbox 3192 2224 3536 2280; x_wconf 88' lang='lat' dir='ltr'><strong>altitudinem</strong></span> <span class='ocrx_word' id='word_1_509' title='bbox 3559 2224 3776 2286; x_wconf 67' lang='lat' dir='ltr'><strong>calorum,</strong></span> 
     </span>
    </p>
   </div>
   <div class='ocr_carea' id='block_1_66' title="bbox 2255 2301 3869 2386">
    <p class='ocr_par' dir='ltr' id='par_1_66' title="bbox 2255 2301 3869 2386">
     <span class='ocr_line' id='line_1_66' title="bbox 2255 2301 3869 2386; baseline 0.004 -20"><span class='ocrx_word' id='word_1_510' title='bbox 2255 2301 2658 2384; x_wconf 71' lang='lat' dir='ltr'><strong>captivitatem,</strong></span> <span class='ocrx_word' id='word_1_511' title='bbox 2688 2311 2740 2368; x_wconf 92' lang='lat' dir='ltr'><strong>id</strong></span> <span class='ocrx_word' id='word_1_512' title='bbox 2765 2323 2848 2369; x_wconf 90' lang='lat' dir='ltr'><strong>est</strong></span> <span class='ocrx_word' id='word_1_513' title='bbox 2877 2313 3173 2370; x_wconf 88' lang='lat' dir='ltr'><strong>humanam</strong></span> <span class='ocrx_word' id='word_1_514' title='bbox 3217 2324 3474 2372; x_wconf 87' lang='lat' dir='ltr'><strong>naturam</strong></span> <span class='ocrx_word' id='word_1_515' title='bbox 3513 2317 3690 2386; x_wconf 70' lang='lat' dir='ltr'><strong>prius:</strong></span> <span class='ocrx_word' id='word_1_516' title='bbox 3713 2331 3776 2383; x_wconf 66' lang='grc' dir='ltr'>ιιι·</span> <span class='ocrx_word' id='word_1_517' title='bbox 3867 2324 3869 2372; x_wconf 84' lang='lat' dir='ltr'><strong>l</strong></span> 
     </span>
    </p>
   </div>
   <div class='ocr_carea' id='block_1_67' title="bbox 2269 2403 3776 2474">
    <p class='ocr_par' dir='ltr' id='par_1_67' title="bbox 2269 2403 3776 2474">
     <span class='ocr_line' id='line_1_67' title="bbox 2269 2403 3776 2474; baseline -0.001 -17"><span class='ocrx_word' id='word_1_518' title='bbox 2269 2403 2453 2459; x_wconf 87' lang='lat' dir='ltr'><strong>radiso</strong></span> <span class='ocrx_word' id='word_1_519' title='bbox 2481 2413 2535 2458; x_wconf 88' lang='lat' dir='ltr'><strong>et</strong></span> <span class='ocrx_word' id='word_1_520' title='bbox 2555 2405 2695 2460; x_wconf 70' lang='lat' dir='ltr'><strong>caalo</strong></span> <span class='ocrx_word' id='word_1_521' title='bbox 2720 2406 3002 2474; x_wconf 86' lang='lat' dir='ltr'><strong>expulsam</strong></span> <span class='ocrx_word' id='word_1_522' title='bbox 3034 2408 3242 2460; x_wconf 59' lang='lat' dir='ltr'><strong>reducit</strong></span> <span class='ocrx_word' id='word_1_523' title='bbox 3267 2407 3324 2461; x_wconf 92' lang='lat' dir='ltr'><strong>in</strong></span> <span class='ocrx_word' id='word_1_524' title='bbox 3355 2423 3417 2464; x_wconf 90' lang='lat' dir='ltr'><strong>se</strong></span> <span class='ocrx_word' id='word_1_525' title='bbox 3443 2407 3644 2462; x_wconf 89' lang='lat' dir='ltr'><strong>homine</strong></span> <span class='ocrx_word' id='word_1_526' title='bbox 3659 2407 3776 2474; x_wconf 74' lang='lat' dir='ltr'><strong>capti-</strong></span> 
     </span>
    </p>
   </div>
   <div class='ocr_carea' id='block_1_68' title="bbox 2269 2493 3778 2567">
    <p class='ocr_par' dir='ltr' id='par_1_68' title="bbox 2269 2493 3778 2567">
     <span class='ocr_line' id='line_1_68' title="bbox 2269 2493 3778 2567; baseline 0.001 -20"><span class='ocrx_word' id='word_1_527' title='bbox 2269 2509 2412 2562; x_wconf 79' lang='lat' dir='ltr'><strong>vam,</strong></span> <span class='ocrx_word' id='word_1_528' title='bbox 2453 2493 2580 2564; x_wconf 88' lang='lat' dir='ltr'><strong>quia</strong></span> <span class='ocrx_word' id='word_1_529' title='bbox 2609 2509 2641 2548; x_wconf 90' lang='lat' dir='ltr'><strong>a</strong></span> <span class='ocrx_word' id='word_1_530' title='bbox 2685 2493 2807 2549; x_wconf 91' lang='lat' dir='ltr'><strong>loco</strong></span> <span class='ocrx_word' id='word_1_531' title='bbox 2843 2495 2958 2566; x_wconf 89' lang='lat' dir='ltr'><strong>(qui</strong></span> <span class='ocrx_word' id='word_1_532' title='bbox 3001 2496 3105 2566; x_wconf 90' lang='lat' dir='ltr'><strong>ipsi</strong></span> <span class='ocrx_word' id='word_1_533' title='bbox 3134 2511 3230 2567; x_wconf 91' lang='lat' dir='ltr'><strong>per</strong></span> <span class='ocrx_word' id='word_1_534' title='bbox 3260 2504 3543 2566; x_wconf 89' lang='lat' dir='ltr'><strong>peccatum</strong></span> <span class='ocrx_word' id='word_1_535' title='bbox 3583 2495 3778 2552; x_wconf 79' lang='lat' dir='ltr'><strong>naturalis</strong></span> 
     </span>
    </p>
   </div>
   <div class='ocr_carea' id='block_1_69' title="bbox 2269 2585 3777 2657">
    <p class='ocr_par' dir='ltr' id='par_1_69' title="bbox 2269 2585 3777 2657">
     <span class='ocr_line' id='line_1_69' title="bbox 2269 2585 3777 2657; baseline 0.001 -18"><span class='ocrx_word' id='word_1_536' title='bbox 2269 2589 2408 2654; x_wconf 89' lang='lat' dir='ltr'><strong>erat)</strong></span> <span class='ocrx_word' id='word_1_537' title='bbox 2438 2585 2673 2640; x_wconf 86' lang='lat' dir='ltr'><strong>ablatam</strong></span> <span class='ocrx_word' id='word_1_538' title='bbox 2701 2585 2908 2641; x_wconf 76' lang='lat' dir='ltr'><strong>revexit</strong></span> <span class='ocrx_word' id='word_1_539' title='bbox 2941 2587 3006 2642; x_wconf 89' lang='lat' dir='ltr'><strong>ad</strong></span> <span class='ocrx_word' id='word_1_540' title='bbox 3045 2587 3236 2654; x_wconf 59' lang='lat' dir='ltr'><strong>custos,</strong></span> <span class='ocrx_word' id='word_1_541' title='bbox 3274 2589 3488 2644; x_wconf 88' lang='lat' dir='ltr'><strong>scilicet</strong></span> <span class='ocrx_word' id='word_1_542' title='bbox 3513 2587 3577 2644; x_wconf 91' lang='lat' dir='ltr'><strong>ad</strong></span> <span class='ocrx_word' id='word_1_543' title='bbox 3611 2587 3777 2657; x_wconf 82' lang='lat' dir='ltr'><strong>patriam</strong></span> 
     </span>
    </p>
   </div>
   <div class='ocr_carea' id='block_1_70' title="bbox 2269 2667 3776 2749">
    <p class='ocr_par' dir='ltr' id='par_1_70' title="bbox 2269 2667 3776 2749">
     <span class='ocr_line' id='line_1_70' title="bbox 2269 2667 3776 2749; baseline 0 -21"><span class='ocrx_word' id='word_1_544' title='bbox 2269 2675 2426 2748; x_wconf 91' lang='lat' dir='ltr'><strong>prius</strong></span> <span class='ocrx_word' id='word_1_545' title='bbox 2451 2676 2557 2746; x_wconf 88' lang='lat' dir='ltr'><strong>ipsi</strong></span> <span class='ocrx_word' id='word_1_546' title='bbox 2591 2677 2718 2748; x_wconf 91' lang='lat' dir='ltr'><strong>(nisi</strong></span> <span class='ocrx_word' id='word_1_547' title='bbox 2749 2667 3018 2749; x_wconf 72' lang='lat' dir='ltr'><strong>peccaret)</strong></span> <span class='ocrx_word' id='word_1_548' title='bbox 3065 2679 3418 2736; x_wconf 88' lang='lat' dir='ltr'><strong>destinatam.</strong></span> <span class='ocrx_word' id='word_1_549' title='bbox 3473 2679 3634 2735; x_wconf 78' lang='lat' dir='ltr'><strong>Homo</strong></span> <span class='ocrx_word' id='word_1_550' title='bbox 3661 2677 3776 2738; x_wconf 81' lang='lat' dir='ltr'><strong>enim,</strong></span> 
     </span>
    </p>
   </div>
   <div class='ocr_carea' id='block_1_71' title="bbox 2269 2753 3777 2839">
    <p class='ocr_par' dir='ltr' id='par_1_71' title="bbox 2269 2753 3777 2839">
     <span class='ocr_line' id='line_1_71' title="bbox 2269 2753 3777 2839; baseline -0.001 -20"><span class='ocrx_word' id='word_1_551' title='bbox 2269 2765 2326 2819; x_wconf 91' lang='lat' dir='ltr'><strong>in</strong></span> <span class='ocrx_word' id='word_1_552' title='bbox 2354 2767 2591 2837; x_wconf 86' lang='lat' dir='ltr'><strong>puritate</strong></span> <span class='ocrx_word' id='word_1_553' title='bbox 2619 2777 2858 2834; x_wconf 88' lang='lat' dir='ltr'><strong>creatus,</strong></span> <span class='ocrx_word' id='word_1_554' title='bbox 2903 2769 3218 2839; x_wconf 88' lang='lat' dir='ltr'><strong>paradisum</strong></span> <span class='ocrx_word' id='word_1_555' title='bbox 3253 2771 3451 2826; x_wconf 88' lang='lat' dir='ltr'><strong>habuit</strong></span> <span class='ocrx_word' id='word_1_556' title='bbox 3494 2753 3560 2824; x_wconf 63' lang='lat' dir='ltr'><strong>ad</strong></span> <span class='ocrx_word' id='word_1_557' title='bbox 3599 2767 3777 2822; x_wconf 77' lang='lat' dir='ltr'><strong>habitan-</strong></span> 
     </span>
    </p>
   </div>
   <div class='ocr_carea' id='block_1_72' title="bbox 2269 2855 3873 2930">
    <p class='ocr_par' dir='ltr' id='par_1_72' title="bbox 2269 2855 3873 2930">
     <span class='ocr_line' id='line_1_72' title="bbox 2269 2855 3873 2930; baseline -0.003 -17"><span class='ocrx_word' id='word_1_558' title='bbox 2269 2855 2422 2924; x_wconf 91' lang='lat' dir='ltr'><strong>dum,</strong></span> <span class='ocrx_word' id='word_1_559' title='bbox 2465 2867 2526 2914; x_wconf 91' lang='lat' dir='ltr'><strong>ut</strong></span> <span class='ocrx_word' id='word_1_560' title='bbox 2553 2859 2652 2914; x_wconf 91' lang='lat' dir='ltr'><strong>tibi</strong></span> <span class='ocrx_word' id='word_1_561' title='bbox 2699 2868 2919 2930; x_wconf 88' lang='lat' dir='ltr'><strong>peracta</strong></span> <span class='ocrx_word' id='word_1_562' title='bbox 2965 2859 3276 2916; x_wconf 89' lang='lat' dir='ltr'><strong>obedientia</strong></span> <span class='ocrx_word' id='word_1_563' title='bbox 3312 2861 3444 2917; x_wconf 90' lang='lat' dir='ltr'><strong>inde</strong></span> <span class='ocrx_word' id='word_1_564' title='bbox 3471 2857 3778 2918; x_wconf 81' lang='lat' dir='ltr'><strong>transferretur</strong></span> <span class='ocrx_word' id='word_1_565' title='bbox 3871 2912 3873 2930; x_wconf 47' lang='grc' dir='ltr'><strong>Ι</strong></span> 
     </span>
    </p>
   </div>
   <div class='ocr_carea' id='block_1_73' title="bbox 2271 2948 3778 3023">
    <p class='ocr_par' dir='ltr' id='par_1_73' title="bbox 2271 2948 3778 3023">
     <span class='ocr_line' id='line_1_73' title="bbox 2271 2948 3778 3023; baseline 0 -20"><span class='ocrx_word' id='word_1_566' title='bbox 2271 2948 2340 3003; x_wconf 90' lang='lat' dir='ltr'><strong>ad</strong></span> <span class='ocrx_word' id='word_1_567' title='bbox 2375 2949 2575 3016; x_wconf 88' lang='lat' dir='ltr'><strong>coelos;</strong></span> <span class='ocrx_word' id='word_1_568' title='bbox 2624 2951 2873 3022; x_wconf 81' lang='lat' dir='ltr'><strong>sedquia</strong></span> <span class='ocrx_word' id='word_1_569' title='bbox 2901 2951 3145 3022; x_wconf 88' lang='lat' dir='ltr'><strong>peccavit</strong></span> <span class='ocrx_word' id='word_1_570' title='bbox 3169 2961 3224 3007; x_wconf 90' lang='lat' dir='ltr'><strong>et</strong></span> <span class='ocrx_word' id='word_1_571' title='bbox 3243 2954 3623 3023; x_wconf 88' lang='lat' dir='ltr'><strong>repromissum</strong></span> <span class='ocrx_word' id='word_1_572' title='bbox 3639 2949 3778 3006; x_wconf 74' lang='lat' dir='ltr'><strong>omium</strong></span> 
     </span>
    </p>
   </div>
   <div class='ocr_carea' id='block_1_74' title="bbox 2269 3039 3774 3115">
    <p class='ocr_par' dir='ltr' id='par_1_74' title="bbox 2269 3039 3774 3115">
     <span class='ocr_line' id='line_1_74' title="bbox 2269 3039 3774 3115; baseline -0.001 -21"><span class='ocrx_word' id='word_1_573' title='bbox 2269 3041 2524 3110; x_wconf 90' lang='lat' dir='ltr'><strong>perdidit,</strong></span> <span class='ocrx_word' id='word_1_574' title='bbox 2547 3049 2602 3098; x_wconf 90' lang='lat' dir='ltr'><strong>et</strong></span> <span class='ocrx_word' id='word_1_575' title='bbox 2621 3057 2651 3096; x_wconf 91' lang='lat' dir='ltr'><strong>a</strong></span> <span class='ocrx_word' id='word_1_576' title='bbox 2679 3042 2800 3098; x_wconf 91' lang='lat' dir='ltr'><strong>loco</strong></span> <span class='ocrx_word' id='word_1_577' title='bbox 2823 3043 3200 3112; x_wconf 83' lang='lat' dir='ltr'><strong>habitationis,</strong></span> <span class='ocrx_word' id='word_1_578' title='bbox 3235 3044 3288 3098; x_wconf 91' lang='lat' dir='ltr'><strong>id</strong></span> <span class='ocrx_word' id='word_1_579' title='bbox 3311 3056 3400 3102; x_wconf 91' lang='lat' dir='ltr'><strong>est</strong></span> <span class='ocrx_word' id='word_1_580' title='bbox 3427 3062 3456 3100; x_wconf 92' lang='lat' dir='ltr'><strong>a</strong></span> <span class='ocrx_word' id='word_1_581' title='bbox 3479 3044 3696 3115; x_wconf 88' lang='lat' dir='ltr'><strong>paradiso</strong></span> <span class='ocrx_word' id='word_1_582' title='bbox 3711 3039 3774 3094; x_wconf 84' lang='lat' dir='ltr'><strong>de-</strong></span> 
     </span>
    </p>
   </div>
   <div class='ocr_carea' id='block_1_75' title="bbox 2197 3133 3776 3229">
    <p class='ocr_par' dir='ltr' id='par_1_75' title="bbox 2197 3133 3776 3229">
     <span class='ocr_line' id='line_1_75' title="bbox 2197 3133 3776 3229; baseline -0.001 -42"><span class='ocrx_word' id='word_1_583' title='bbox 2197 3170 2239 3229; x_wconf 63' lang='grc' dir='ltr'>Ο</span> <span class='ocrx_word' id='word_1_584' title='bbox 2271 3133 2461 3202; x_wconf 90' lang='lat' dir='ltr'><strong>pulsus</strong></span> <span class='ocrx_word' id='word_1_585' title='bbox 2500 3133 2556 3187; x_wconf 93' lang='lat' dir='ltr'><strong>in</strong></span> <span class='ocrx_word' id='word_1_586' title='bbox 2601 3143 2746 3190; x_wconf 89' lang='lat' dir='ltr'><strong>terra</strong></span> <span class='ocrx_word' id='word_1_587' title='bbox 2794 3134 2896 3189; x_wconf 90' lang='lat' dir='ltr'><strong>ista</strong></span> <span class='ocrx_word' id='word_1_588' title='bbox 2931 3135 3237 3204; x_wconf 90' lang='lat' dir='ltr'><strong>captivatus</strong></span> <span class='ocrx_word' id='word_1_589' title='bbox 3272 3146 3382 3194; x_wconf 90' lang='lat' dir='ltr'><strong>est.</strong></span> <span class='ocrx_word' id='word_1_590' title='bbox 3433 3136 3596 3204; x_wconf 86' lang='lat' dir='ltr'><strong>Quam</strong></span> <span class='ocrx_word' id='word_1_591' title='bbox 3637 3143 3776 3188; x_wconf 76' lang='lat' dir='ltr'><strong>terram</strong></span> 
     </span>
    </p>
   </div>
   <div class='ocr_carea' id='block_1_76' title="bbox 2271 3204 3875 3296">
    <p class='ocr_par' dir='ltr' id='par_1_76' title="bbox 2271 3204 3875 3296">
     <span class='ocr_line' id='line_1_76' title="bbox 2271 3204 3875 3296; baseline -0.004 -16"><span class='ocrx_word' id='word_1_592' title='bbox 2271 3236 2554 3296; x_wconf 86' lang='lat' dir='ltr'><strong>peccatum</strong></span> <span class='ocrx_word' id='word_1_593' title='bbox 2593 3225 2669 3281; x_wconf 86' lang='lat' dir='ltr'><strong>ita</strong></span> <span class='ocrx_word' id='word_1_594' title='bbox 2695 3226 2906 3282; x_wconf 85' lang='lat' dir='ltr'><strong>homini</strong></span> <span class='ocrx_word' id='word_1_595' title='bbox 2949 3223 3075 3282; x_wconf 80' lang='lat' dir='ltr'><strong>fecit</strong></span> <span class='ocrx_word' id='word_1_596' title='bbox 3101 3227 3432 3296; x_wconf 77' lang='lat' dir='ltr'><strong>naturalem,</strong></span> <span class='ocrx_word' id='word_1_597' title='bbox 3459 3229 3589 3284; x_wconf 84' lang='lat' dir='ltr'><strong>sicut</strong></span> <span class='ocrx_word' id='word_1_598' title='bbox 3607 3223 3775 3296; x_wconf 75' lang='lat' dir='ltr'><strong>justitir,</strong></span> <span class='ocrx_word' id='word_1_599' title='bbox 3873 3204 3875 3260; x_wconf 67' lang='grc' dir='ltr'><strong>ἶ</strong></span> 
     </span>
    </p>
   </div>
   <div class='ocr_carea' id='block_1_77' title="bbox 2270 3313 3776 3388">
    <p class='ocr_par' dir='ltr' id='par_1_77' title="bbox 2270 3313 3776 3388">
     <span class='ocr_line' id='line_1_77' title="bbox 2270 3313 3776 3388; baseline -0.003 -17"><span class='ocrx_word' id='word_1_600' title='bbox 2270 3317 2514 3386; x_wconf 88' lang='lat' dir='ltr'><strong>quandiu</strong></span> <span class='ocrx_word' id='word_1_601' title='bbox 2556 3318 2610 3371; x_wconf 91' lang='lat' dir='ltr'><strong>in</strong></span> <span class='ocrx_word' id='word_1_602' title='bbox 2641 3333 2704 3373; x_wconf 90' lang='lat' dir='ltr'><strong>ea</strong></span> <span class='ocrx_word' id='word_1_603' title='bbox 2747 3316 2852 3372; x_wconf 83' lang='lat' dir='ltr'><strong>fuit</strong></span> <span class='ocrx_word' id='word_1_604' title='bbox 2873 3318 3190 3388; x_wconf 81' lang='lat' dir='ltr'><strong>paradisum</strong></span> <span class='ocrx_word' id='word_1_605' title='bbox 3221 3321 3528 3376; x_wconf 89' lang='lat' dir='ltr'><strong>naturalem</strong></span> <span class='ocrx_word' id='word_1_606' title='bbox 3567 3318 3686 3373; x_wconf 82' lang='lat' dir='ltr'><strong>fecit.</strong></span> <span class='ocrx_word' id='word_1_607' title='bbox 3707 3313 3776 3368; x_wconf 84' lang='lat' dir='ltr'><strong>lte-</strong></span> 
     </span>
    </p>
   </div>
   <div class='ocr_carea' id='block_1_78' title="bbox 2261 3406 3776 3480">
    <p class='ocr_par' dir='ltr' id='par_1_78' title="bbox 2261 3406 3776 3480">
     <span class='ocr_line' id='line_1_78' title="bbox 2261 3406 3776 3480; baseline -0.004 -20"><span class='ocrx_word' id='word_1_608' title='bbox 2261 3423 2393 3476; x_wconf 84' lang='lat' dir='ltr'><strong>rum</strong></span> <span class='ocrx_word' id='word_1_609' title='bbox 2419 3406 2675 3464; x_wconf 89' lang='lat' dir='ltr'><strong>Christus</strong></span> <span class='ocrx_word' id='word_1_610' title='bbox 2693 3407 2970 3463; x_wconf 87' lang='lat' dir='ltr'><strong>destructo</strong></span> <span class='ocrx_word' id='word_1_611' title='bbox 2997 3416 3219 3480; x_wconf 90' lang='lat' dir='ltr'><strong>peccato</strong></span> <span class='ocrx_word' id='word_1_612' title='bbox 3249 3409 3514 3476; x_wconf 89' lang='lat' dir='ltr'><strong>hominis,</strong></span> <span class='ocrx_word' id='word_1_613' title='bbox 3557 3409 3776 3463; x_wconf 80' lang='lat' dir='ltr'><strong>humanam</strong></span> 
     </span>
    </p>
   </div>
   <div class='ocr_carea' id='block_1_79' title="bbox 2270 3498 3778 3572">
    <p class='ocr_par' dir='ltr' id='par_1_79' title="bbox 2270 3498 3778 3572">
     <span class='ocr_line' id='line_1_79' title="bbox 2270 3498 3778 3572; baseline -0.001 -21"><span class='ocrx_word' id='word_1_614' title='bbox 2270 3507 2524 3552; x_wconf 89' lang='lat' dir='ltr'><strong>naturam</strong></span> <span class='ocrx_word' id='word_1_615' title='bbox 2555 3514 2588 3552; x_wconf 87' lang='lat' dir='ltr'><strong>a</strong></span> <span class='ocrx_word' id='word_1_616' title='bbox 2631 3498 2854 3554; x_wconf 85' lang='lat' dir='ltr'><strong>miseria</strong></span> <span class='ocrx_word' id='word_1_617' title='bbox 2880 3499 2987 3554; x_wconf 86' lang='lat' dir='ltr'><strong>ista</strong></span> <span class='ocrx_word' id='word_1_618' title='bbox 3017 3500 3132 3570; x_wconf 89' lang='lat' dir='ltr'><strong>(qui</strong></span> <span class='ocrx_word' id='word_1_619' title='bbox 3159 3500 3313 3556; x_wconf 86' lang='lat' dir='ltr'><strong>locus</strong></span> <span class='ocrx_word' id='word_1_620' title='bbox 3333 3501 3452 3570; x_wconf 81' lang='lat' dir='ltr'><strong>jam</strong></span> <span class='ocrx_word' id='word_1_621' title='bbox 3478 3500 3572 3572; x_wconf 90' lang='lat' dir='ltr'><strong>ipsi</strong></span> <span class='ocrx_word' id='word_1_622' title='bbox 3595 3513 3673 3561; x_wconf 82' lang='lat' dir='ltr'><strong>per</strong></span> <span class='ocrx_word' id='word_1_623' title='bbox 3697 3507 3778 3550; x_wconf 80' lang='lat' dir='ltr'><strong>oet-</strong></span> 
     </span>
    </p>
   </div>
   <div class='ocr_carea' id='block_1_80' title="bbox 2255 3585 3778 3666">
    <p class='ocr_par' dir='ltr' id='par_1_80' title="bbox 2255 3585 3778 3666">
     <span class='ocr_line' id='line_1_80' title="bbox 2255 3585 3778 3666; baseline -0.005 -21"><span class='ocrx_word' id='word_1_624' title='bbox 2255 3598 2452 3666; x_wconf 87' lang='lat' dir='ltr'><strong>_catum</strong></span> <span class='ocrx_word' id='word_1_625' title='bbox 2479 3589 2746 3644; x_wconf 89' lang='lat' dir='ltr'><strong>naturalis</strong></span> <span class='ocrx_word' id='word_1_626' title='bbox 2768 3590 2906 3660; x_wconf 86' lang='lat' dir='ltr'><strong>erat)</strong></span> <span class='ocrx_word' id='word_1_627' title='bbox 2942 3591 3240 3660; x_wconf 86' lang='lat' dir='ltr'><strong>captivam;</strong></span> <span class='ocrx_word' id='word_1_628' title='bbox 3267 3592 3402 3662; x_wconf 89' lang='lat' dir='ltr'><strong>quia</strong></span> <span class='ocrx_word' id='word_1_629' title='bbox 3421 3608 3452 3646; x_wconf 90' lang='lat' dir='ltr'><strong>a</strong></span> <span class='ocrx_word' id='word_1_630' title='bbox 3480 3587 3678 3646; x_wconf 83' lang='lat' dir='ltr'><strong>naturali</strong></span> <span class='ocrx_word' id='word_1_631' title='bbox 3695 3585 3778 3638; x_wconf 80' lang='lat' dir='ltr'><strong>loco</strong></span> 
     </span>
    </p>
   </div>
   <div class='ocr_carea' id='block_1_81' title="bbox 2255 3670 3778 3758">
    <p class='ocr_par' dir='ltr' id='par_1_81' title="bbox 2255 3670 3778 3758">
     <span class='ocr_line' id='line_1_81' title="bbox 2255 3670 3778 3758; baseline -0.003 -23"><span class='ocrx_word' id='word_1_632' title='bbox 2255 3681 2510 3758; x_wconf 79' lang='lat' dir='ltr'><strong>ablatam</strong></span> <span class='ocrx_word' id='word_1_633' title='bbox 2562 3680 2780 3736; x_wconf 75' lang='lat' dir='ltr'><strong>reduxit</strong></span> <span class='ocrx_word' id='word_1_634' title='bbox 2816 3681 2882 3736; x_wconf 89' lang='lat' dir='ltr'><strong>ad</strong></span> <span class='ocrx_word' id='word_1_635' title='bbox 2915 3679 3155 3751; x_wconf 85' lang='lat' dir='ltr'><strong>priorem</strong></span> <span class='ocrx_word' id='word_1_636' title='bbox 3205 3683 3478 3752; x_wconf 86' lang='lat' dir='ltr'><strong>patriam,</strong></span> <span class='ocrx_word' id='word_1_637' title='bbox 3527 3679 3696 3738; x_wconf 77' lang='lat' dir='ltr'><strong>scilicet</strong></span> <span class='ocrx_word' id='word_1_638' title='bbox 3731 3670 3778 3726; x_wconf 75' lang='lat' dir='ltr'><strong>ad</strong></span> 
     </span>
    </p>
   </div>
   <div class='ocr_carea' id='block_1_82' title="bbox 2271 3769 3778 3843">
    <p class='ocr_par' dir='ltr' id='par_1_82' title="bbox 2271 3769 3778 3843">
     <span class='ocr_line' id='line_1_82' title="bbox 2271 3769 3778 3843; baseline -0.005 -15"><span class='ocrx_word' id='word_1_639' title='bbox 2271 3771 2461 3828; x_wconf 80' lang='lat' dir='ltr'><strong>caelos.</strong></span> <span class='ocrx_word' id='word_1_640' title='bbox 2497 3769 2602 3826; x_wconf 89' lang='lat' dir='ltr'><strong>Sed</strong></span> <span class='ocrx_word' id='word_1_641' title='bbox 2631 3779 2837 3842; x_wconf 91' lang='lat' dir='ltr'><strong>quanto</strong></span> <span class='ocrx_word' id='word_1_642' title='bbox 2877 3771 3026 3843; x_wconf 91' lang='lat' dir='ltr'><strong>prior</strong></span> <span class='ocrx_word' id='word_1_643' title='bbox 3065 3772 3352 3842; x_wconf 87' lang='lat' dir='ltr'><strong>captivitas</strong></span> <span class='ocrx_word' id='word_1_644' title='bbox 3396 3773 3644 3836; x_wconf 87' lang='lat' dir='ltr'><strong>miserior,</strong></span> <span class='ocrx_word' id='word_1_645' title='bbox 3675 3771 3778 3822; x_wconf 78' lang='lat' dir='ltr'><strong>tanto</strong></span> 
     </span>
    </p>
   </div>
   <div class='ocr_carea' id='block_1_83' title="bbox 2271 3855 3778 3936">
    <p class='ocr_par' dir='ltr' id='par_1_83' title="bbox 2271 3855 3778 3936">
     <span class='ocr_line' id='line_1_83' title="bbox 2271 3855 3778 3936; baseline -0.003 -14"><span class='ocrx_word' id='word_1_646' title='bbox 2271 3865 2513 3922; x_wconf 90' lang='lat' dir='ltr'><strong>secunda</strong></span> <span class='ocrx_word' id='word_1_647' title='bbox 2548 3863 2857 3936; x_wconf 83' lang='lat' dir='ltr'><strong>gloriosior.</strong></span> <span class='ocrx_word' id='word_1_648' title='bbox 2913 3864 3228 3920; x_wconf 83' lang='lat' dir='ltr'><strong>Ascendens</strong></span> <span class='ocrx_word' id='word_1_649' title='bbox 3269 3865 3526 3922; x_wconf 86' lang='lat' dir='ltr'><strong>Christus</strong></span> <span class='ocrx_word' id='word_1_650' title='bbox 3567 3863 3712 3930; x_wconf 73' lang='lat' dir='ltr'><strong>utique</strong></span> <span class='ocrx_word' id='word_1_651' title='bbox 3739 3855 3778 3908; x_wconf 76' lang='lat' dir='ltr'><strong>il</strong></span> 
     </span>
    </p>
   </div>
   <div class='ocr_carea' id='block_1_84' title="bbox 2273 3948 3776 4026">
    <p class='ocr_par' dir='ltr' id='par_1_84' title="bbox 2273 3948 3776 4026">
     <span class='ocr_line' id='line_1_84' title="bbox 2273 3948 3776 4026; baseline -0.005 -15"><span class='ocrx_word' id='word_1_652' title='bbox 2273 3955 2466 4024; x_wconf 89' lang='lat' dir='ltr'><strong>altum,</strong></span> <span class='ocrx_word' id='word_1_653' title='bbox 2511 3955 2656 4010; x_wconf 87' lang='lat' dir='ltr'><strong>dedit</strong></span> <span class='ocrx_word' id='word_1_654' title='bbox 2691 3954 2832 4010; x_wconf 83' lang='lat' dir='ltr'><strong>dona</strong></span> <span class='ocrx_word' id='word_1_655' title='bbox 2877 3955 3195 4022; x_wconf 75' lang='lat' dir='ltr'><strong>hominibus,</strong></span> <span class='ocrx_word' id='word_1_656' title='bbox 3229 3956 3360 4026; x_wconf 90' lang='lat' dir='ltr'><strong>quia</strong></span> <span class='ocrx_word' id='word_1_657' title='bbox 3411 3956 3553 4012; x_wconf 91' lang='lat' dir='ltr'><strong>misit</strong></span> <span class='ocrx_word' id='word_1_658' title='bbox 3585 3948 3776 4022; x_wconf 74' lang='lat' dir='ltr'><strong>Spiritum</strong></span> 
     </span>
    </p>
   </div>
   <div class='ocr_carea' id='block_1_85' title="bbox 2261 4040 3774 4120">
    <p class='ocr_par' dir='ltr' id='par_1_85' title="bbox 2261 4040 3774 4120">
     <span class='ocr_line' id='line_1_85' title="bbox 2261 4040 3774 4120; baseline -0.003 -18"><span class='ocrx_word' id='word_1_659' title='bbox 2261 4057 2526 4116; x_wconf 84' lang='lat' dir='ltr'><strong>sanctum</strong></span> <span class='ocrx_word' id='word_1_660' title='bbox 2556 4047 2610 4101; x_wconf 90' lang='lat' dir='ltr'><strong>in</strong></span> <span class='ocrx_word' id='word_1_661' title='bbox 2635 4047 2801 4104; x_wconf 91' lang='lat' dir='ltr'><strong>corda</strong></span> <span class='ocrx_word' id='word_1_662' title='bbox 2820 4047 3236 4117; x_wconf 88' lang='lat' dir='ltr'><strong>discipulorum.</strong></span> <span class='ocrx_word' id='word_1_663' title='bbox 3269 4045 3336 4103; x_wconf 86' lang='lat' dir='ltr'><strong>Et</strong></span> <span class='ocrx_word' id='word_1_664' title='bbox 3375 4049 3501 4120; x_wconf 90' lang='lat' dir='ltr'><strong>quia</strong></span> <span class='ocrx_word' id='word_1_665' title='bbox 3523 4040 3774 4102; x_wconf 75' lang='lat' dir='ltr'><strong>deditdona.</strong></span> 
     </span>
    </p>
   </div>
   <div class='ocr_carea' id='block_1_86' title="bbox 2273 4133 3776 4210">
    <p class='ocr_par' dir='ltr' id='par_1_86' title="bbox 2273 4133 3776 4210">
     <span class='ocr_line' id='line_1_86' title="bbox 2273 4133 3776 4210; baseline -0.005 -17"><span class='ocrx_word' id='word_1_666' title='bbox 2273 4139 2566 4210; x_wconf 90' lang='lat' dir='ltr'><strong>probatum</strong></span> <span class='ocrx_word' id='word_1_667' title='bbox 2595 4145 2679 4194; x_wconf 90' lang='lat' dir='ltr'><strong>est</strong></span> <span class='ocrx_word' id='word_1_668' title='bbox 2715 4135 2996 4194; x_wconf 85' lang='lat' dir='ltr'><strong>Christum</strong></span> <span class='ocrx_word' id='word_1_669' title='bbox 3025 4153 3148 4196; x_wconf 86' lang='lat' dir='ltr'><strong>esse</strong></span> <span class='ocrx_word' id='word_1_670' title='bbox 3179 4140 3501 4196; x_wconf 88' lang='lat' dir='ltr'><strong>donatorcm</strong></span> <span class='ocrx_word' id='word_1_671' title='bbox 3530 4133 3776 4210; x_wconf 70' lang='lat' dir='ltr'><strong>gratiarum.</strong></span> 
     </span>
    </p>
   </div>
   <div class='ocr_carea' id='block_1_87' title="bbox 2274 4215 3776 4302">
    <p class='ocr_par' dir='ltr' id='par_1_87' title="bbox 2274 4215 3776 4302">
     <span class='ocr_line' id='line_1_87' title="bbox 2274 4215 3776 4302; baseline -0.003 -16"><span class='ocrx_word' id='word_1_672' title='bbox 2274 4227 2411 4296; x_wconf 81' lang='lat' dir='ltr'><strong>Quis</strong></span> <span class='ocrx_word' id='word_1_673' title='bbox 2455 4238 2638 4286; x_wconf 85' lang='lat' dir='ltr'><strong>autem</strong></span> <span class='ocrx_word' id='word_1_674' title='bbox 2687 4230 2997 4287; x_wconf 86' lang='lat' dir='ltr'><strong>intellectus</strong></span> <span class='ocrx_word' id='word_1_675' title='bbox 3035 4229 3216 4302; x_wconf 83' lang='lat' dir='ltr'><strong>colligi</strong></span> <span class='ocrx_word' id='word_1_676' title='bbox 3251 4231 3448 4288; x_wconf 82' lang='lat' dir='ltr'><strong>debeat</strong></span> <span class='ocrx_word' id='word_1_677' title='bbox 3495 4245 3554 4286; x_wconf 78' lang='lat' dir='ltr'><strong>es</strong></span> <span class='ocrx_word' id='word_1_678' title='bbox 3586 4241 3642 4282; x_wconf 79' lang='lat' dir='ltr'><strong>eo</strong></span> <span class='ocrx_word' id='word_1_679' title='bbox 3675 4215 3776 4294; x_wconf 70' lang='grc' dir='ltr'><strong>(μιοά</strong></span> 
     </span>
    </p>
   </div>
   <div class='ocr_carea' id='block_1_88' title="bbox 2263 4320 3776 4394">
    <p class='ocr_par' dir='ltr' id='par_1_88' title="bbox 2263 4320 3776 4394">
     <span class='ocr_line' id='line_1_88' title="bbox 2263 4320 3776 4394; baseline -0.005 -14"><span class='ocrx_word' id='word_1_680' title='bbox 2263 4323 2352 4394; x_wconf 75' lang='lat' dir='ltr'><strong>ait</strong></span> <span class='ocrx_word' id='word_1_681' title='bbox 2381 4322 2663 4378; x_wconf 84' lang='lat' dir='ltr'><strong>ascendens</strong></span> <span class='ocrx_word' id='word_1_682' title='bbox 2718 4322 2774 4376; x_wconf 88' lang='lat' dir='ltr'><strong>in</strong></span> <span class='ocrx_word' id='word_1_683' title='bbox 2801 4320 2992 4388; x_wconf 84' lang='lat' dir='ltr'><strong>altum,</strong></span> <span class='ocrx_word' id='word_1_684' title='bbox 3023 4323 3140 4377; x_wconf 90' lang='lat' dir='ltr'><strong>vult</strong></span> <span class='ocrx_word' id='word_1_685' title='bbox 3169 4323 3482 4392; x_wconf 74' lang='lat' dir='ltr'><strong>explanare,</strong></span> <span class='ocrx_word' id='word_1_686' title='bbox 3521 4335 3614 4375; x_wconf 89' lang='lat' dir='ltr'><strong>non</strong></span> <span class='ocrx_word' id='word_1_687' title='bbox 3649 4321 3776 4368; x_wconf 59' lang='lat' dir='ltr'><strong>tamen</strong></span> 
     </span>
    </p>
   </div>
   <div class='ocr_carea' id='block_1_89' title="bbox 2275 4393 3774 4485">
    <p class='ocr_par' dir='ltr' id='par_1_89' title="bbox 2275 4393 3774 4485">
     <span class='ocr_line' id='line_1_89' title="bbox 2275 4393 3774 4485; baseline -0.005 -16"><span class='ocrx_word' id='word_1_688' title='bbox 2275 4413 2586 4485; x_wconf 75' lang='lat' dir='ltr'><strong>digrediens</strong></span> <span class='ocrx_word' id='word_1_689' title='bbox 2619 4413 2690 4467; x_wconf 83' lang='lat' dir='ltr'><strong>ab</strong></span> <span class='ocrx_word' id='word_1_690' title='bbox 2716 4413 3037 4468; x_wconf 86' lang='lat' dir='ltr'><strong>intentione.</strong></span> <span class='ocrx_word' id='word_1_691' title='bbox 3082 4411 3214 4470; x_wconf 89' lang='lat' dir='ltr'><strong>Dico</strong></span> <span class='ocrx_word' id='word_1_692' title='bbox 3243 4415 3540 4469; x_wconf 84' lang='lat' dir='ltr'><strong>ascendens.</strong></span> <span class='ocrx_word' id='word_1_693' title='bbox 3571 4405 3658 4464; x_wconf 87' lang='lat' dir='ltr'><strong>Sed</strong></span> <span class='ocrx_word' id='word_1_694' title='bbox 3687 4393 3774 4472; x_wconf 68' lang='grc' dir='ltr'><strong><em>εῑιίά</em></strong></span> 
     </span>
    </p>
   </div>
   <div class='ocr_carea' id='block_1_90' title="bbox 589 4489 3776 4576">
    <p class='ocr_par' dir='ltr' id='par_1_90' title="bbox 589 4489 3776 4576">
     <span class='ocr_line' id='line_1_90' title="bbox 589 4489 3776 4576; baseline -0.002 -12"><span class='ocrx_word' id='word_1_695' title='bbox 589 4512 674 4566; x_wconf 80' lang='lat' dir='ltr'><strong>est</strong></span> <span class='ocrx_word' id='word_1_696' title='bbox 716 4517 888 4558; x_wconf 90' lang='lat' dir='ltr'><strong>unum</strong></span> <span class='ocrx_word' id='word_1_697' title='bbox 937 4501 992 4556; x_wconf 92' lang='lat' dir='ltr'><strong>in</strong></span> <span class='ocrx_word' id='word_1_698' title='bbox 1025 4501 1323 4562; x_wconf 78' lang='lat' dir='ltr'><strong>voluntate.</strong></span> <span class='ocrx_word' id='word_1_699' title='bbox 1377 4497 1456 4554; x_wconf 82' lang='lat' dir='ltr'><strong>Ita</strong></span> <span class='ocrx_word' id='word_1_700' title='bbox 1490 4496 1611 4554; x_wconf 82' lang='lat' dir='ltr'><strong>sitis</strong></span> <span class='ocrx_word' id='word_1_701' title='bbox 1654 4511 1824 4550; x_wconf 85' lang='lat' dir='ltr'><strong>unum</strong></span> <span class='ocrx_word' id='word_1_702' title='bbox 1865 4511 2091 4566; x_wconf 84' lang='lat' dir='ltr'><strong>corpore</strong></span> <span class='ocrx_word' id='word_1_703' title='bbox 2121 4503 2176 4552; x_wconf 84' lang='lat' dir='ltr'><strong>et</strong></span> <span class='ocrx_word' id='word_1_704' title='bbox 2205 4515 2252 4572; x_wconf 75' lang='grc' dir='ltr'>ι)</span> <span class='ocrx_word' id='word_1_705' title='bbox 2275 4515 2373 4572; x_wconf 87' lang='lat' dir='ltr'><strong>est,</strong></span> <span class='ocrx_word' id='word_1_706' title='bbox 2407 4505 2462 4560; x_wconf 88' lang='lat' dir='ltr'><strong>id</strong></span> <span class='ocrx_word' id='word_1_707' title='bbox 2481 4511 2566 4561; x_wconf 89' lang='lat' dir='ltr'><strong>est</strong></span> <span class='ocrx_word' id='word_1_708' title='bbox 2592 4503 2724 4576; x_wconf 89' lang='lat' dir='ltr'><strong>quid</strong></span> <span class='ocrx_word' id='word_1_709' title='bbox 2764 4519 2862 4576; x_wconf 86' lang='lat' dir='ltr'><strong>per</strong></span> <span class='ocrx_word' id='word_1_710' title='bbox 2889 4505 2996 4560; x_wconf 91' lang='lat' dir='ltr'><strong>hoc</strong></span> <span class='ocrx_word' id='word_1_711' title='bbox 3023 4503 3433 4576; x_wconf 85' lang='lat' dir='ltr'><strong>intelligendum</strong></span> <span class='ocrx_word' id='word_1_712' title='bbox 3457 4510 3538 4559; x_wconf 80' lang='lat' dir='ltr'><strong>est</strong></span> <span class='ocrx_word' id='word_1_713' title='bbox 3566 4495 3680 4568; x_wconf 74' lang='lat' dir='ltr'><strong>quod</strong></span> <span class='ocrx_word' id='word_1_714' title='bbox 3702 4489 3776 4543; x_wconf 63' lang='grc' dir='ltr'><strong>θεν</strong></span> 
     </span>
    </p>
   </div>
   <div class='ocr_carea' id='block_1_91' title="bbox 591 4588 2171 4668">
    <p class='ocr_par' dir='ltr' id='par_1_91' title="bbox 591 4588 2171 4668">
     <span class='ocr_line' id='line_1_91' title="bbox 591 4588 2171 4668; baseline -0.006 -16"><span class='ocrx_word' id='word_1_715' title='bbox 591 4594 811 4666; x_wconf 83' lang='lat' dir='ltr'><strong>spiritu,</strong></span> <span class='ocrx_word' id='word_1_716' title='bbox 855 4589 994 4648; x_wconf 79' lang='lat' dir='ltr'><strong>sicut</strong></span> <span class='ocrx_word' id='word_1_717' title='bbox 1021 4608 1111 4652; x_wconf 90' lang='lat' dir='ltr'><strong>res</strong></span> <span class='ocrx_word' id='word_1_718' title='bbox 1135 4591 1226 4647; x_wconf 90' lang='lat' dir='ltr'><strong>illa</strong></span> <span class='ocrx_word' id='word_1_719' title='bbox 1261 4589 1329 4646; x_wconf 89' lang='lat' dir='ltr'><strong>ad</strong></span> <span class='ocrx_word' id='word_1_720' title='bbox 1369 4603 1536 4662; x_wconf 88' lang='lat' dir='ltr'><strong>quam</strong></span> <span class='ocrx_word' id='word_1_721' title='bbox 1571 4588 1744 4668; x_wconf 83' lang='lat' dir='ltr'><strong>vocati</strong></span> <span class='ocrx_word' id='word_1_722' title='bbox 1771 4588 1896 4656; x_wconf 83' lang='lat' dir='ltr'><strong>estis</strong></span> <span class='ocrx_word' id='word_1_723' title='bbox 1925 4603 2036 4642; x_wconf 90' lang='lat' dir='ltr'><strong>una</strong></span> <span class='ocrx_word' id='word_1_724' title='bbox 2069 4597 2171 4643; x_wconf 88' lang='lat' dir='ltr'><strong>est.</strong></span> 
     </span>
    </p>
   </div>
   <div class='ocr_carea' id='block_1_92' title="bbox 589 4677 2174 4768">
    <p class='ocr_par' dir='ltr' id='par_1_92' title="bbox 589 4677 2174 4768">
     <span class='ocr_line' id='line_1_92' title="bbox 589 4677 2174 4768; baseline -0.004 -26"><span class='ocrx_word' id='word_1_725' title='bbox 589 4679 748 4768; x_wconf 72' lang='lat' dir='ltr'><strong>Quod</strong></span> <span class='ocrx_word' id='word_1_726' title='bbox 773 4677 860 4742; x_wconf 82' lang='lat' dir='ltr'><strong>sic</strong></span> <span class='ocrx_word' id='word_1_727' title='bbox 881 4685 996 4740; x_wconf 88' lang='lat' dir='ltr'><strong>ait:</strong></span> <span class='ocrx_word' id='word_1_728' title='bbox 1029 4682 1144 4740; x_wconf 80' lang='lat' dir='ltr'><strong>Vos</strong></span> <span class='ocrx_word' id='word_1_729' title='bbox 1167 4683 1302 4742; x_wconf 87' lang='lat' dir='ltr'><strong>estis</strong></span> <span class='ocrx_word' id='word_1_730' title='bbox 1331 4681 1505 4738; x_wconf 89' lang='lat' dir='ltr'><strong>vocati</strong></span> <span class='ocrx_word' id='word_1_731' title='bbox 1538 4681 1594 4733; x_wconf 89' lang='lat' dir='ltr'><strong>in</strong></span> <span class='ocrx_word' id='word_1_732' title='bbox 1629 4697 1736 4734; x_wconf 88' lang='lat' dir='ltr'><strong>una</strong></span> <span class='ocrx_word' id='word_1_733' title='bbox 1760 4695 1868 4750; x_wconf 86' lang='lat' dir='ltr'><strong>spe,</strong></span> <span class='ocrx_word' id='word_1_734' title='bbox 1905 4679 1958 4735; x_wconf 92' lang='lat' dir='ltr'><strong>id</strong></span> <span class='ocrx_word' id='word_1_735' title='bbox 1997 4687 2082 4736; x_wconf 89' lang='lat' dir='ltr'><strong>est</strong></span> <span class='ocrx_word' id='word_1_736' title='bbox 2105 4680 2174 4736; x_wconf 91' lang='lat' dir='ltr'><strong>ad</strong></span> 
     </span>
    </p>
   </div>
   <div class='ocr_carea' id='block_1_93' title="bbox 589 4771 2174 4848">
    <p class='ocr_par' dir='ltr' id='par_1_93' title="bbox 589 4771 2174 4848">
     <span class='ocr_line' id='line_1_93' title="bbox 589 4771 2174 4848; baseline -0.005 -14"><span class='ocrx_word' id='word_1_737' title='bbox 589 4793 758 4834; x_wconf 85' lang='lat' dir='ltr'><strong>unam</strong></span> <span class='ocrx_word' id='word_1_738' title='bbox 787 4793 904 4834; x_wconf 85' lang='lat' dir='ltr'><strong>rem</strong></span> <span class='ocrx_word' id='word_1_739' title='bbox 940 4783 1231 4848; x_wconf 87' lang='lat' dir='ltr'><strong>speratam.</strong></span> <span class='ocrx_word' id='word_1_740' title='bbox 1267 4773 1374 4845; x_wconf 88' lang='lat' dir='ltr'><strong>Spe</strong></span> <span class='ocrx_word' id='word_1_741' title='bbox 1416 4773 1538 4830; x_wconf 90' lang='lat' dir='ltr'><strong>dico</strong></span> <span class='ocrx_word' id='word_1_742' title='bbox 1567 4771 1856 4828; x_wconf 79' lang='lat' dir='ltr'><strong>vocationis</strong></span> <span class='ocrx_word' id='word_1_743' title='bbox 1884 4779 2088 4840; x_wconf 70' lang='lat' dir='ltr'><strong>cesti-te,</strong></span> <span class='ocrx_word' id='word_1_744' title='bbox 2119 4771 2174 4846; x_wconf 86' lang='lat' dir='ltr'><strong>id</strong></span> 
     </span>
    </p>
   </div>
   <div class='ocr_carea' id='block_1_94' title="bbox 589 4859 2178 4940">
    <p class='ocr_par' dir='ltr' id='par_1_94' title="bbox 589 4859 2178 4940">
     <span class='ocr_line' id='line_1_94' title="bbox 589 4859 2178 4940; baseline -0.004 -15"><span class='ocrx_word' id='word_1_745' title='bbox 589 4859 673 4925; x_wconf 79' lang='lat' dir='ltr'><strong>est</strong></span> <span class='ocrx_word' id='word_1_746' title='bbox 691 4885 800 4940; x_wconf 89' lang='lat' dir='ltr'><strong>qua</strong></span> <span class='ocrx_word' id='word_1_747' title='bbox 825 4869 989 4940; x_wconf 84' lang='lat' dir='ltr'><strong>digna</strong></span> <span class='ocrx_word' id='word_1_748' title='bbox 1017 4877 1100 4924; x_wconf 90' lang='lat' dir='ltr'><strong>est</strong></span> <span class='ocrx_word' id='word_1_749' title='bbox 1118 4876 1300 4924; x_wconf 86' lang='lat' dir='ltr'><strong>vestra</strong></span> <span class='ocrx_word' id='word_1_750' title='bbox 1326 4865 1562 4922; x_wconf 88' lang='lat' dir='ltr'><strong>vocatio.</strong></span> <span class='ocrx_word' id='word_1_751' title='bbox 1591 4862 1794 4918; x_wconf 87' lang='lat' dir='ltr'><strong>lterum</strong></span> <span class='ocrx_word' id='word_1_752' title='bbox 1822 4862 2033 4918; x_wconf 88' lang='lat' dir='ltr'><strong>debetis</strong></span> <span class='ocrx_word' id='word_1_753' title='bbox 2053 4877 2178 4928; x_wconf 83' lang='lat' dir='ltr'><strong>esse</strong></span> 
     </span>
    </p>
   </div>
   <div class='ocr_carea' id='block_1_95' title="bbox 590 4945 2173 5030">
    <p class='ocr_par' dir='ltr' id='par_1_95' title="bbox 590 4945 2173 5030">
     <span class='ocr_line' id='line_1_95' title="bbox 590 4945 2173 5030; baseline -0.007 -14"><span class='ocrx_word' id='word_1_754' title='bbox 590 4945 764 5016; x_wconf 79' lang='lat' dir='ltr'><strong>unum</strong></span> <span class='ocrx_word' id='word_1_755' title='bbox 786 4975 1012 5030; x_wconf 83' lang='lat' dir='ltr'><strong>corpus,</strong></span> <span class='ocrx_word' id='word_1_756' title='bbox 1044 4967 1100 5016; x_wconf 87' lang='lat' dir='ltr'><strong>et</strong></span> <span class='ocrx_word' id='word_1_757' title='bbox 1133 4975 1277 5014; x_wconf 87' lang='lat' dir='ltr'><strong>unus</strong></span> <span class='ocrx_word' id='word_1_758' title='bbox 1309 4957 1556 5028; x_wconf 87' lang='lat' dir='ltr'><strong>spiritus,</strong></span> <span class='ocrx_word' id='word_1_759' title='bbox 1591 4953 1721 5024; x_wconf 89' lang='lat' dir='ltr'><strong>quia</strong></span> <span class='ocrx_word' id='word_1_760' title='bbox 1757 4952 2015 5008; x_wconf 86' lang='lat' dir='ltr'><strong>Dominus</strong></span> <span class='ocrx_word' id='word_1_761' title='bbox 2038 4968 2173 5008; x_wconf 88' lang='lat' dir='ltr'><strong>unus</strong></span> 
     </span>
    </p>
   </div>
   <div class='ocr_carea' id='block_1_96' title="bbox 589 5037 2173 5128">
    <p class='ocr_par' dir='ltr' id='par_1_96' title="bbox 589 5037 2173 5128">
     <span class='ocr_line' id='line_1_96' title="bbox 589 5037 2173 5128; baseline -0.003 -24"><span class='ocrx_word' id='word_1_762' title='bbox 589 5037 762 5118; x_wconf 32' lang='lat' dir='ltr'><strong>vobis.</strong></span> <span class='ocrx_word' id='word_1_763' title='bbox 781 5049 1112 5128; x_wconf 75' lang='lat' dir='ltr'><strong>dominatur,</strong></span> <span class='ocrx_word' id='word_1_764' title='bbox 1141 5057 1196 5106; x_wconf 92' lang='lat' dir='ltr'><strong>et</strong></span> <span class='ocrx_word' id='word_1_765' title='bbox 1222 5049 1352 5120; x_wconf 81' lang='lat' dir='ltr'><strong>fides</strong></span> <span class='ocrx_word' id='word_1_766' title='bbox 1381 5056 1564 5104; x_wconf 87' lang='lat' dir='ltr'><strong>vestra</strong></span> <span class='ocrx_word' id='word_1_767' title='bbox 1594 5061 1702 5100; x_wconf 87' lang='lat' dir='ltr'><strong>una</strong></span> <span class='ocrx_word' id='word_1_768' title='bbox 1741 5053 1846 5112; x_wconf 89' lang='lat' dir='ltr'><strong>est,</strong></span> <span class='ocrx_word' id='word_1_769' title='bbox 1876 5053 1931 5100; x_wconf 91' lang='lat' dir='ltr'><strong>et</strong></span> <span class='ocrx_word' id='word_1_770' title='bbox 1957 5044 2173 5118; x_wconf 69' lang='lat' dir='ltr'><strong>indide-</strong></span> 
     </span>
    </p>
   </div>
   <div class='ocr_carea' id='block_1_97' title="bbox 589 5141 2176 5212">
    <p class='ocr_par' dir='ltr' id='par_1_97' title="bbox 589 5141 2176 5212">
     <span class='ocr_line' id='line_1_97' title="bbox 589 5141 2176 5212; baseline -0.004 -14"><span class='ocrx_word' id='word_1_771' title='bbox 589 5155 754 5206; x_wconf 84' lang='lat' dir='ltr'><strong>rens;</strong></span> <span class='ocrx_word' id='word_1_772' title='bbox 797 5150 851 5196; x_wconf 89' lang='lat' dir='ltr'><strong>et</strong></span> <span class='ocrx_word' id='word_1_773' title='bbox 885 5141 1148 5212; x_wconf 82' lang='lat' dir='ltr'><strong>baptisma</strong></span> <span class='ocrx_word' id='word_1_774' title='bbox 1175 5149 1418 5198; x_wconf 89' lang='lat' dir='ltr'><strong>vestrum</strong></span> <span class='ocrx_word' id='word_1_775' title='bbox 1461 5155 1624 5194; x_wconf 76' lang='lat' dir='ltr'><strong>unum</strong></span> <span class='ocrx_word' id='word_1_776' title='bbox 1668 5145 1771 5204; x_wconf 90' lang='lat' dir='ltr'><strong>est,</strong></span> <span class='ocrx_word' id='word_1_777' title='bbox 1802 5149 1993 5194; x_wconf 84' lang='lat' dir='ltr'><strong>Omnes</strong></span> <span class='ocrx_word' id='word_1_778' title='bbox 2022 5151 2176 5208; x_wconf 73' lang='lat' dir='ltr'><strong>teque</strong></span> 
     </span>
    </p>
   </div>
   <div class='ocr_carea' id='block_1_98' title="bbox 586 5215 2172 5306">
    <p class='ocr_par' dir='ltr' id='par_1_98' title="bbox 586 5215 2172 5306">
     <span class='ocr_line' id='line_1_98' title="bbox 586 5215 2172 5306; baseline 0 -22"><span class='ocrx_word' id='word_1_779' title='bbox 586 5228 934 5306; x_wconf 57' lang='lat' dir='ltr'><strong>justiﬁeans;</strong></span> <span class='ocrx_word' id='word_1_780' title='bbox 969 5245 1084 5288; x_wconf 87' lang='lat' dir='ltr'><strong>non</strong></span> <span class='ocrx_word' id='word_1_781' title='bbox 1131 5215 1436 5288; x_wconf 84' lang='lat' dir='ltr'><strong>secundum</strong></span> <span class='ocrx_word' id='word_1_782' title='bbox 1485 5229 1634 5304; x_wconf 89' lang='lat' dir='ltr'><strong>quod</strong></span> <span class='ocrx_word' id='word_1_783' title='bbox 1685 5229 1910 5299; x_wconf 90' lang='lat' dir='ltr'><strong>quidam</strong></span> <span class='ocrx_word' id='word_1_784' title='bbox 1962 5229 2172 5295; x_wconf 89' lang='lat' dir='ltr'><strong>dicunt,</strong></span> 
     </span>
    </p>
   </div>
   <div class='ocr_carea' id='block_1_99' title="bbox 591 5319 2176 5398">
    <p class='ocr_par' dir='ltr' id='par_1_99' title="bbox 591 5319 2176 5398">
     <span class='ocr_line' id='line_1_99' title="bbox 591 5319 2176 5398; baseline -0.003 -20"><span class='ocrx_word' id='word_1_785' title='bbox 591 5320 893 5398; x_wconf 76' lang='lat' dir='ltr'><strong>secundum</strong></span> <span class='ocrx_word' id='word_1_786' title='bbox 924 5321 1118 5376; x_wconf 84' lang='lat' dir='ltr'><strong>merita</strong></span> <span class='ocrx_word' id='word_1_787' title='bbox 1152 5322 1493 5378; x_wconf 90' lang='lat' dir='ltr'><strong>diversorum</strong></span> <span class='ocrx_word' id='word_1_788' title='bbox 1527 5319 1920 5390; x_wconf 83' lang='lat' dir='ltr'><strong>baptizantium</strong></span> <span class='ocrx_word' id='word_1_789' title='bbox 1955 5319 2176 5390; x_wconf 76' lang='lat' dir='ltr'><strong>dignius</strong></span> 
     </span>
    </p>
   </div>
   <div class='ocr_carea' id='block_1_100' title="bbox 589 5409 2174 5486">
    <p class='ocr_par' dir='ltr' id='par_1_100' title="bbox 589 5409 2174 5486">
     <span class='ocr_line' id='line_1_100' title="bbox 589 5409 2174 5486; baseline -0.002 -19"><span class='ocrx_word' id='word_1_790' title='bbox 589 5411 678 5486; x_wconf 69' lang='grc' dir='ltr'>γει</span> <span class='ocrx_word' id='word_1_791' title='bbox 727 5409 1020 5482; x_wconf 82' lang='lat' dir='ltr'><strong>indignius.</strong></span> <span class='ocrx_word' id='word_1_792' title='bbox 1067 5409 1136 5465; x_wconf 82' lang='lat' dir='ltr'><strong>Et</strong></span> <span class='ocrx_word' id='word_1_793' title='bbox 1173 5419 1260 5468; x_wconf 87' lang='lat' dir='ltr'><strong>est</strong></span> <span class='ocrx_word' id='word_1_794' title='bbox 1307 5427 1442 5464; x_wconf 81' lang='lat' dir='ltr'><strong>unus</strong></span> <span class='ocrx_word' id='word_1_795' title='bbox 1495 5409 1676 5478; x_wconf 86' lang='lat' dir='ltr'><strong>Deus,</strong></span> <span class='ocrx_word' id='word_1_796' title='bbox 1725 5411 1780 5466; x_wconf 90' lang='lat' dir='ltr'><strong>id</strong></span> <span class='ocrx_word' id='word_1_797' title='bbox 1823 5417 1908 5466; x_wconf 85' lang='lat' dir='ltr'><strong>est</strong></span> <span class='ocrx_word' id='word_1_798' title='bbox 1957 5417 2174 5484; x_wconf 57' lang='lat' dir='ltr'><strong>creator</strong></span> 
     </span>
    </p>
   </div>
   <div class='ocr_carea' id='block_1_101' title="bbox 589 5501 2172 5576">
    <p class='ocr_par' dir='ltr' id='par_1_101' title="bbox 589 5501 2172 5576">
     <span class='ocr_line' id='line_1_101' title="bbox 589 5501 2172 5576; baseline -0.001 -16"><span class='ocrx_word' id='word_1_799' title='bbox 589 5503 870 5576; x_wconf 81' lang='lat' dir='ltr'><strong>omnium,</strong></span> <span class='ocrx_word' id='word_1_800' title='bbox 892 5511 948 5558; x_wconf 88' lang='lat' dir='ltr'><strong>et</strong></span> <span class='ocrx_word' id='word_1_801' title='bbox 976 5517 1119 5558; x_wconf 88' lang='lat' dir='ltr'><strong>unus</strong></span> <span class='ocrx_word' id='word_1_802' title='bbox 1153 5501 1321 5558; x_wconf 86' lang='lat' dir='ltr'><strong>Pater</strong></span> <span class='ocrx_word' id='word_1_803' title='bbox 1345 5502 1600 5568; x_wconf 85' lang='lat' dir='ltr'><strong>omnium,</strong></span> <span class='ocrx_word' id='word_1_804' title='bbox 1627 5502 1722 5572; x_wconf 90' lang='lat' dir='ltr'><strong>qui</strong></span> <span class='ocrx_word' id='word_1_805' title='bbox 1739 5517 1840 5558; x_wconf 90' lang='lat' dir='ltr'><strong>vos</strong></span> <span class='ocrx_word' id='word_1_806' title='bbox 1869 5501 2172 5558; x_wconf 89' lang='lat' dir='ltr'><strong>secundum</strong></span> 
     </span>
    </p>
   </div>
   <div class='ocr_carea' id='block_1_102' title="bbox 590 5589 2176 5670">
    <p class='ocr_par' dir='ltr' id='par_1_102' title="bbox 590 5589 2176 5670">
     <span class='ocr_line' id='line_1_102' title="bbox 590 5589 2176 5670; baseline -0.001 -20"><span class='ocrx_word' id='word_1_807' title='bbox 590 5595 939 5666; x_wconf 78' lang='lat' dir='ltr'><strong>dilectionem</strong></span> <span class='ocrx_word' id='word_1_808' title='bbox 961 5589 1220 5668; x_wconf 84' lang='lat' dir='ltr'><strong>_~liliorum</strong></span> <span class='ocrx_word' id='word_1_809' title='bbox 1247 5593 1532 5670; x_wconf 74' lang='lat' dir='ltr'><strong>gubernat.</strong></span> <span class='ocrx_word' id='word_1_810' title='bbox 1567 5591 1693 5660; x_wconf 84' lang='lat' dir='ltr'><strong>Qui,</strong></span> <span class='ocrx_word' id='word_1_811' title='bbox 1738 5593 2004 5664; x_wconf 83' lang='lat' dir='ltr'><strong>Dominus</strong></span> <span class='ocrx_word' id='word_1_812' title='bbox 2029 5591 2176 5648; x_wconf 81' lang='lat' dir='ltr'><strong>Deus</strong></span> 
     </span>
    </p>
   </div>
   <div class='ocr_carea' id='block_1_103' title="bbox 591 5681 2174 5766">
    <p class='ocr_par' dir='ltr' id='par_1_103' title="bbox 591 5681 2174 5766">
     <span class='ocr_line' id='line_1_103' title="bbox 591 5681 2174 5766; baseline -0.004 -24"><span class='ocrx_word' id='word_1_813' title='bbox 591 5681 756 5766; x_wconf 54' lang='lat' dir='ltr'><strong>fater</strong></span> <span class='ocrx_word' id='word_1_814' title='bbox 806 5685 1170 5752; x_wconf 85' lang='lat' dir='ltr'><strong>dominando,</strong></span> <span class='ocrx_word' id='word_1_815' title='bbox 1229 5684 1494 5762; x_wconf 82' lang='lat' dir='ltr'><strong>creando,</strong></span> <span class='ocrx_word' id='word_1_816' title='bbox 1540 5683 1833 5755; x_wconf 89' lang='lat' dir='ltr'><strong>diligendo,</strong></span> <span class='ocrx_word' id='word_1_817' title='bbox 1891 5691 1968 5738; x_wconf 89' lang='lat' dir='ltr'><strong>est</strong></span> <span class='ocrx_word' id='word_1_818' title='bbox 2017 5697 2174 5752; x_wconf 85' lang='lat' dir='ltr'><strong>super</strong></span> 
     </span>
    </p>
   </div>
   <div class='ocr_carea' id='block_1_104' title="bbox 593 5773 2173 5850">
    <p class='ocr_par' dir='ltr' id='par_1_104' title="bbox 593 5773 2173 5850">
     <span class='ocr_line' id='line_1_104' title="bbox 593 5773 2173 5850; baseline -0.002 -19"><span class='ocrx_word' id='word_1_819' title='bbox 593 5791 769 5832; x_wconf 74' lang='lat' dir='ltr'><strong>omnes</strong></span> <span class='ocrx_word' id='word_1_820' title='bbox 797 5787 1084 5850; x_wconf 87' lang='lat' dir='ltr'><strong>potestate.</strong></span> <span class='ocrx_word' id='word_1_821' title='bbox 1116 5777 1212 5834; x_wconf 84' lang='lat' dir='ltr'><strong>Est</strong></span> <span class='ocrx_word' id='word_1_822' title='bbox 1241 5778 1405 5834; x_wconf 89' lang='lat' dir='ltr'><strong>etiam</strong></span> <span class='ocrx_word' id='word_1_823' title='bbox 1433 5793 1525 5848; x_wconf 83' lang='lat' dir='ltr'><strong>per</strong></span> <span class='ocrx_word' id='word_1_824' title='bbox 1549 5776 1728 5830; x_wconf 86' lang='lat' dir='ltr'><strong>omnia</strong></span> <span class='ocrx_word' id='word_1_825' title='bbox 1751 5776 1890 5844; x_wconf 89' lang='lat' dir='ltr'><strong>loca,</strong></span> <span class='ocrx_word' id='word_1_826' title='bbox 1919 5789 2020 5831; x_wconf 90' lang='lat' dir='ltr'><strong>nec</strong></span> <span class='ocrx_word' id='word_1_827' title='bbox 2043 5773 2173 5829; x_wconf 88' lang='lat' dir='ltr'><strong>ulla-</strong></span> 
     </span>
    </p>
   </div>
   <div class='ocr_carea' id='block_1_105' title="bbox 2273 4581 3773 4662">
    <p class='ocr_par' dir='ltr' id='par_1_105' title="bbox 2273 4581 3773 4662">
     <span class='ocr_line' id='line_1_105' title="bbox 2273 4581 3773 4662; baseline -0.007 -10"><span class='ocrx_word' id='word_1_828' title='bbox 2273 4595 2461 4652; x_wconf 88' lang='lat' dir='ltr'><strong>minus</strong></span> <span class='ocrx_word' id='word_1_829' title='bbox 2501 4595 2778 4652; x_wconf 81' lang='lat' dir='ltr'><strong>ascendit?</strong></span> <span class='ocrx_word' id='word_1_830' title='bbox 2807 4595 3108 4652; x_wconf 83' lang='lat' dir='ltr'><strong>Ascendens</strong></span> <span class='ocrx_word' id='word_1_831' title='bbox 3154 4604 3211 4652; x_wconf 88' lang='lat' dir='ltr'><strong>et</strong></span> <span class='ocrx_word' id='word_1_832' title='bbox 3249 4595 3486 4652; x_wconf 83' lang='lat' dir='ltr'><strong>ascendit</strong></span> <span class='ocrx_word' id='word_1_833' title='bbox 3527 4605 3613 4662; x_wconf 90' lang='lat' dir='ltr'><strong>pro</strong></span> <span class='ocrx_word' id='word_1_834' title='bbox 3643 4581 3773 4640; x_wconf 73' lang='lat' dir='ltr'><strong>eodem</strong></span> 
     </span>
    </p>
   </div>
   <div class='ocr_carea' id='block_1_106' title="bbox 2261 4677 3776 4760">
    <p class='ocr_par' dir='ltr' id='par_1_106' title="bbox 2261 4677 3776 4760">
     <span class='ocr_line' id='line_1_106' title="bbox 2261 4677 3776 4760; baseline -0.011 -16"><span class='ocrx_word' id='word_1_835' title='bbox 2261 4689 2459 4755; x_wconf 83' lang='lat' dir='ltr'><strong>habet,</strong></span> <span class='ocrx_word' id='word_1_836' title='bbox 2488 4688 2596 4744; x_wconf 90' lang='lat' dir='ltr'><strong>nisi</strong></span> <span class='ocrx_word' id='word_1_837' title='bbox 2632 4689 2736 4743; x_wconf 90' lang='lat' dir='ltr'><strong>hoc</strong></span> <span class='ocrx_word' id='word_1_838' title='bbox 2765 4687 3130 4760; x_wconf 78' lang='lat' dir='ltr'><strong>intelligamus</strong></span> <span class='ocrx_word' id='word_1_839' title='bbox 3157 4687 3324 4758; x_wconf 88' lang='lat' dir='ltr'><strong>quod,</strong></span> <span class='ocrx_word' id='word_1_840' title='bbox 3357 4687 3426 4743; x_wconf 82' lang='lat' dir='ltr'><strong>.si</strong></span> <span class='ocrx_word' id='word_1_841' title='bbox 3471 4677 3698 4740; x_wconf 83' lang='lat' dir='ltr'><strong>ascendit,</strong></span> <span class='ocrx_word' id='word_1_842' title='bbox 3719 4681 3776 4722; x_wconf 70' lang='lat' dir='ltr'><strong>se-</strong></span> 
     </span>
    </p>
   </div>
   <div class='ocr_carea' id='block_1_107' title="bbox 2275 4763 3774 4852">
    <p class='ocr_par' dir='ltr' id='par_1_107' title="bbox 2275 4763 3774 4852">
     <span class='ocr_line' id='line_1_107' title="bbox 2275 4763 3774 4852; baseline -0.013 -15"><span class='ocrx_word' id='word_1_843' title='bbox 2275 4781 2464 4852; x_wconf 80' lang='lat' dir='ltr'><strong>quitur</strong></span> <span class='ocrx_word' id='word_1_844' title='bbox 2491 4778 2636 4850; x_wconf 82' lang='lat' dir='ltr'><strong>quod</strong></span> <span class='ocrx_word' id='word_1_845' title='bbox 2671 4779 2827 4850; x_wconf 90' lang='lat' dir='ltr'><strong>prius</strong></span> <span class='ocrx_word' id='word_1_846' title='bbox 2848 4795 3014 4850; x_wconf 88' lang='lat' dir='ltr'><strong>quam</strong></span> <span class='ocrx_word' id='word_1_847' title='bbox 3040 4780 3360 4836; x_wconf 85' lang='lat' dir='ltr'><strong>ascenderet</strong></span> <span class='ocrx_word' id='word_1_848' title='bbox 3385 4763 3774 4852; x_wconf 84' lang='lat' dir='ltr'><strong>descendit,</strong></span> 
     </span>
    </p>
   </div>
   <div class='ocr_carea' id='block_1_108' title="bbox 2275 4845 3774 4936">
    <p class='ocr_par' dir='ltr' id='par_1_108' title="bbox 2275 4845 3774 4936">
     <span class='ocr_line' id='line_1_108' title="bbox 2275 4845 3774 4936; baseline -0.003 -8"><span class='ocrx_word' id='word_1_849' title='bbox 2275 4845 2334 4928; x_wconf 73' lang='lat' dir='ltr'><strong>in</strong></span> <span class='ocrx_word' id='word_1_850' title='bbox 2361 4845 2554 4928; x_wconf 75' lang='lat' dir='ltr'><strong>humili</strong></span> <span class='ocrx_word' id='word_1_851' title='bbox 2577 4845 2699 4927; x_wconf 65' lang='lat' dir='ltr'><strong>loco</strong></span> <span class='ocrx_word' id='word_1_852' title='bbox 2722 4869 2843 4928; x_wconf 79' lang='lat' dir='ltr'><strong>fuit.</strong></span> <span class='ocrx_word' id='word_1_853' title='bbox 2865 4845 2932 4924; x_wconf 73' lang='grc' dir='ltr'>εί</span> <span class='ocrx_word' id='word_1_854' title='bbox 2968 4872 3114 4926; x_wconf 90' lang='lat' dir='ltr'><strong>enim</strong></span> <span class='ocrx_word' id='word_1_855' title='bbox 3139 4871 3404 4936; x_wconf 73' lang='lat' dir='ltr'><strong>ascendit,</strong></span> <span class='ocrx_word' id='word_1_856' title='bbox 3435 4865 3654 4936; x_wconf 79' lang='lat' dir='ltr'><strong>sequitur</strong></span> <span class='ocrx_word' id='word_1_857' title='bbox 3673 4845 3774 4924; x_wconf 63' lang='grc' dir='ltr'>ιιιιοά</span> 
     </span>
    </p>
   </div>
   <div class='ocr_carea' id='block_1_109' title="bbox 2261 4939 3774 5029">
    <p class='ocr_par' dir='ltr' id='par_1_109' title="bbox 2261 4939 3774 5029">
     <span class='ocr_line' id='line_1_109' title="bbox 2261 4939 3774 5029; baseline -0.015 -12"><span class='ocrx_word' id='word_1_858' title='bbox 2261 4961 2344 5028; x_wconf 90' lang='lat' dir='ltr'><strong>_de</strong></span> <span class='ocrx_word' id='word_1_859' title='bbox 2375 4959 2620 5016; x_wconf 82' lang='lat' dir='ltr'><strong>inferiori</strong></span> <span class='ocrx_word' id='word_1_860' title='bbox 2667 4960 2736 5014; x_wconf 89' lang='lat' dir='ltr'><strong>ad</strong></span> <span class='ocrx_word' id='word_1_861' title='bbox 2783 4959 3036 5029; x_wconf 91' lang='lat' dir='ltr'><strong>superius</strong></span> <span class='ocrx_word' id='word_1_862' title='bbox 3089 4961 3352 5014; x_wconf 90' lang='lat' dir='ltr'><strong>ascendit.</strong></span> <span class='ocrx_word' id='word_1_863' title='bbox 3401 4947 3656 5012; x_wconf 86' lang='lat' dir='ltr'><strong>Descendit</strong></span> <span class='ocrx_word' id='word_1_864' title='bbox 3691 4939 3774 5029; x_wconf 51' lang='lat' dir='ltr'><strong>dicti</strong></span> 
     </span>
    </p>
   </div>
   <div class='ocr_carea' id='block_1_110' title="bbox 2265 5019 3772 5120">
    <p class='ocr_par' dir='ltr' id='par_1_110' title="bbox 2265 5019 3772 5120">
     <span class='ocr_line' id='line_1_110' title="bbox 2265 5019 3772 5120; baseline -0.004 -18"><span class='ocrx_word' id='word_1_865' title='bbox 2265 5049 2330 5120; x_wconf 73' lang='lat' dir='ltr'><strong>in</strong></span> <span class='ocrx_word' id='word_1_866' title='bbox 2371 5049 2648 5119; x_wconf 82' lang='lat' dir='ltr'><strong>inferiores</strong></span> <span class='ocrx_word' id='word_1_867' title='bbox 2681 5056 2858 5118; x_wconf 86' lang='lat' dir='ltr'><strong>partes</strong></span> <span class='ocrx_word' id='word_1_868' title='bbox 2891 5056 3068 5114; x_wconf 70' lang='lat' dir='ltr'><strong>terrm,</strong></span> <span class='ocrx_word' id='word_1_869' title='bbox 3111 5047 3168 5104; x_wconf 85' lang='lat' dir='ltr'><strong>id</strong></span> <span class='ocrx_word' id='word_1_870' title='bbox 3213 5057 3304 5104; x_wconf 90' lang='grc' dir='ltr'><strong>εει</strong></span> <span class='ocrx_word' id='word_1_871' title='bbox 3341 5047 3398 5102; x_wconf 91' lang='lat' dir='ltr'><strong>in</strong></span> <span class='ocrx_word' id='word_1_872' title='bbox 3441 5041 3678 5100; x_wconf 73' lang='lat' dir='ltr'><strong>internum</strong></span> <span class='ocrx_word' id='word_1_873' title='bbox 3709 5019 3772 5096; x_wconf 72' lang='grc' dir='ltr'>ειυί</span> 
     </span>
    </p>
   </div>
   <div class='ocr_carea' id='block_1_111' title="bbox 2265 5124 3773 5218">
    <p class='ocr_par' dir='ltr' id='par_1_111' title="bbox 2265 5124 3773 5218">
     <span class='ocr_line' id='line_1_111' title="bbox 2265 5124 3773 5218; baseline -0.023 -8"><span class='ocrx_word' id='word_1_874' title='bbox 2265 5143 2466 5212; x_wconf 74' lang='grc' dir='ltr'><strong>,υιίίιιιθ</strong></span> <span class='ocrx_word' id='word_1_875' title='bbox 2493 5141 2549 5198; x_wconf 75' lang='lat' dir='ltr'><strong>in</strong></span> <span class='ocrx_word' id='word_1_876' title='bbox 2575 5150 2740 5206; x_wconf 67' lang='grc' dir='ltr'><strong>ωιτῦ,</strong></span> <span class='ocrx_word' id='word_1_877' title='bbox 2779 5140 2874 5196; x_wconf 84' lang='lat' dir='ltr'><strong>sed</strong></span> <span class='ocrx_word' id='word_1_878' title='bbox 2903 5141 2958 5216; x_wconf 82' lang='lat' dir='ltr'><strong>in</strong></span> <span class='ocrx_word' id='word_1_879' title='bbox 2987 5139 3231 5198; x_wconf 80' lang='lat' dir='ltr'><strong>inferiori</strong></span> <span class='ocrx_word' id='word_1_880' title='bbox 3259 5149 3412 5212; x_wconf 89' lang='lat' dir='ltr'><strong>parte</strong></span> <span class='ocrx_word' id='word_1_881' title='bbox 3437 5150 3550 5193; x_wconf 88' lang='lat' dir='ltr'><strong>esse</strong></span> <span class='ocrx_word' id='word_1_882' title='bbox 3577 5124 3773 5218; x_wconf 45' lang='lat' dir='ltr'><strong>creditur:</strong></span> 
     </span>
    </p>
   </div>
   <div class='ocr_carea' id='block_1_112' title="bbox 2275 5207 3773 5303">
    <p class='ocr_par' dir='ltr' id='par_1_112' title="bbox 2275 5207 3773 5303">
     <span class='ocr_line' id='line_1_112' title="bbox 2275 5207 3773 5303; baseline -0.014 -13"><span class='ocrx_word' id='word_1_883' title='bbox 2275 5207 2401 5290; x_wconf 77' lang='lat' dir='ltr'><strong>Ideo</strong></span> <span class='ocrx_word' id='word_1_884' title='bbox 2449 5231 2698 5302; x_wconf 88' lang='lat' dir='ltr'><strong>probavit</strong></span> <span class='ocrx_word' id='word_1_885' title='bbox 2730 5248 2858 5288; x_wconf 90' lang='lat' dir='ltr'><strong>eum</strong></span> <span class='ocrx_word' id='word_1_886' title='bbox 2900 5213 2994 5302; x_wconf 87' lang='lat' dir='ltr'><strong>qui</strong></span> <span class='ocrx_word' id='word_1_887' title='bbox 3043 5207 3310 5300; x_wconf 74' lang='lat' dir='ltr'><strong>ascendit,</strong></span> <span class='ocrx_word' id='word_1_888' title='bbox 3354 5231 3500 5303; x_wconf 88' lang='lat' dir='ltr'><strong>prius</strong></span> <span class='ocrx_word' id='word_1_889' title='bbox 3547 5225 3594 5279; x_wconf 91' lang='lat' dir='ltr'><strong>in</strong></span> <span class='ocrx_word' id='word_1_890' title='bbox 3635 5207 3773 5274; x_wconf 78' lang='lat' dir='ltr'><strong>humili</strong></span> 
     </span>
    </p>
   </div>
   <div class='ocr_carea' id='block_1_113' title="bbox 2269 5309 3776 5398">
    <p class='ocr_par' dir='ltr' id='par_1_113' title="bbox 2269 5309 3776 5398">
     <span class='ocr_line' id='line_1_113' title="bbox 2269 5309 3776 5398; baseline -0.009 -18"><span class='ocrx_word' id='word_1_891' title='bbox 2269 5325 2418 5398; x_wconf 93' lang='lat' dir='ltr'><strong>loco,</strong></span> <span class='ocrx_word' id='word_1_892' title='bbox 2463 5325 2608 5382; x_wconf 90' lang='lat' dir='ltr'><strong>sicut</strong></span> <span class='ocrx_word' id='word_1_893' title='bbox 2623 5339 2818 5380; x_wconf 83' lang='lat' dir='ltr'><strong>verum</strong></span> <span class='ocrx_word' id='word_1_894' title='bbox 2865 5323 3144 5380; x_wconf 83' lang='lat' dir='ltr'><strong>hominem</strong></span> <span class='ocrx_word' id='word_1_895' title='bbox 3181 5324 3481 5398; x_wconf 84' lang='lat' dir='ltr'><strong>habitasse,</strong></span> <span class='ocrx_word' id='word_1_896' title='bbox 3513 5327 3568 5373; x_wconf 90' lang='lat' dir='ltr'><strong>ut</strong></span> <span class='ocrx_word' id='word_1_897' title='bbox 3603 5309 3776 5398; x_wconf 45' lang='lat' dir='ltr'><strong>scient?</strong></span> 
     </span>
    </p>
   </div>
   <div class='ocr_carea' id='block_1_114' title="bbox 2277 5395 3772 5486">
    <p class='ocr_par' dir='ltr' id='par_1_114' title="bbox 2277 5395 3772 5486">
     <span class='ocr_line' id='line_1_114' title="bbox 2277 5395 3772 5486; baseline 0 -16"><span class='ocrx_word' id='word_1_898' title='bbox 2277 5395 2558 5471; x_wconf 86' lang='lat' dir='ltr'><strong>Christum</strong></span> <span class='ocrx_word' id='word_1_899' title='bbox 2579 5415 2828 5470; x_wconf 90' lang='lat' dir='ltr'><strong>datorem</strong></span> <span class='ocrx_word' id='word_1_900' title='bbox 2859 5413 3180 5486; x_wconf 88' lang='lat' dir='ltr'><strong>gratiarum,</strong></span> <span class='ocrx_word' id='word_1_901' title='bbox 3215 5395 3361 5469; x_wconf 81' lang='lat' dir='ltr'><strong>sicut</strong></span> <span class='ocrx_word' id='word_1_902' title='bbox 3397 5425 3496 5469; x_wconf 81' lang='lat' dir='ltr'><strong>nos</strong></span> <span class='ocrx_word' id='word_1_903' title='bbox 3529 5395 3772 5486; x_wconf 42' lang='lat' dir='ltr'><strong>summ?”</strong></span> 
     </span>
    </p>
   </div>
   <div class='ocr_carea' id='block_1_115' title="bbox 2241 5479 3774 5582">
    <p class='ocr_par' dir='ltr' id='par_1_115' title="bbox 2241 5479 3774 5582">
     <span class='ocr_line' id='line_1_115' title="bbox 2241 5479 3774 5582; baseline 0.004 -24"><span class='ocrx_word' id='word_1_904' title='bbox 2241 5553 2244 5558; x_wconf 94' lang='lat'><strong>.</strong></span> <span class='ocrx_word' id='word_1_905' title='bbox 2275 5517 2398 5560; x_wconf 88' lang='lat' dir='ltr'><strong>esse</strong></span> <span class='ocrx_word' id='word_1_906' title='bbox 2433 5504 2733 5573; x_wconf 79' lang='lat' dir='ltr'><strong>hominem,</strong></span> <span class='ocrx_word' id='word_1_907' title='bbox 2761 5479 3105 5582; x_wconf 40' lang='lat' dir='ltr'><strong>ﬁdu&#39;cialibus</strong></span> <span class='ocrx_word' id='word_1_908' title='bbox 3150 5479 3226 5566; x_wconf 74' lang='lat' dir='ltr'><strong>ah</strong></span> <span class='ocrx_word' id='word_1_909' title='bbox 3248 5519 3320 5561; x_wconf 87' lang='lat' dir='ltr'><strong>eo</strong></span> <span class='ocrx_word' id='word_1_910' title='bbox 3359 5510 3589 5576; x_wconf 77' lang='lat' dir='ltr'><strong>petamus</strong></span> <span class='ocrx_word' id='word_1_911' title='bbox 3626 5479 3774 5582; x_wconf 40' lang='lat' dir='ltr'><strong>EF“?</strong></span> 
     </span>
    </p>
   </div>
   <div class='ocr_carea' id='block_1_116' title="bbox 2267 5577 3770 5670">
    <p class='ocr_par' dir='ltr' id='par_1_116' title="bbox 2267 5577 3770 5670">
     <span class='ocr_line' id='line_1_116' title="bbox 2267 5577 3770 5670; baseline -0.005 -19"><span class='ocrx_word' id='word_1_912' title='bbox 2267 5609 2432 5668; x_wconf 77' lang='lat' dir='ltr'><strong>suas,</strong></span> <span class='ocrx_word' id='word_1_913' title='bbox 2459 5594 2554 5666; x_wconf 88' lang='lat' dir='ltr'><strong>qui</strong></span> <span class='ocrx_word' id='word_1_914' title='bbox 2583 5595 2705 5652; x_wconf 81' lang='lat' dir='ltr'><strong>nisi</strong></span> <span class='ocrx_word' id='word_1_915' title='bbox 2745 5577 3254 5670; x_wconf 81' lang='lat' dir='ltr'><strong>comparticipasset</strong></span> <span class='ocrx_word' id='word_1_916' title='bbox 3282 5584 3590 5652; x_wconf 81' lang='lat' dir='ltr'><strong>humanitati</strong></span> <span class='ocrx_word' id='word_1_917' title='bbox 3609 5577 3770 5670; x_wconf 50' lang='grc' dir='ltr'><strong>παρ’</strong></span> 
     </span>
    </p>
   </div>
   <div class='ocr_carea' id='block_1_117' title="bbox 2278 5669 3770 5756">
    <p class='ocr_par' dir='ltr' id='par_1_117' title="bbox 2278 5669 3770 5756">
     <span class='ocr_line' id='line_1_117' title="bbox 2278 5669 3770 5756; baseline 0.006 -17"><span class='ocrx_word' id='word_1_918' title='bbox 2278 5686 2452 5740; x_wconf 89' lang='lat' dir='ltr'><strong>multo</strong></span> <span class='ocrx_word' id='word_1_919' title='bbox 2483 5685 2642 5744; x_wconf 89' lang='lat' dir='ltr'><strong>nobis</strong></span> <span class='ocrx_word' id='word_1_920' title='bbox 2674 5669 3062 5742; x_wconf 82' lang='lat' dir='ltr'><strong>inexorabilior</strong></span> <span class='ocrx_word' id='word_1_921' title='bbox 3083 5693 3248 5741; x_wconf 85' lang='lat' dir='ltr'><strong>esset.</strong></span> <span class='ocrx_word' id='word_1_922' title='bbox 3297 5681 3508 5756; x_wconf 68' lang='lat' dir='ltr'><strong>thuia</strong></span> <span class='ocrx_word' id='word_1_923' title='bbox 3539 5675 3614 5732; x_wconf 63' lang='lat' dir='ltr'><strong>me</strong></span> <span class='ocrx_word' id='word_1_924' title='bbox 3633 5669 3770 5756; x_wconf 52' lang='grc' dir='ltr'><strong>²⁵⁰⁸¹³Ϊ</strong></span> 
     </span>
    </p>
   </div>
   <div class='ocr_carea' id='block_1_118' title="bbox 2279 5754 3770 5862">
    <p class='ocr_par' dir='ltr' id='par_1_118' title="bbox 2279 5754 3770 5862">
     <span class='ocr_line' id='line_1_118' title="bbox 2279 5754 3770 5862; baseline -0.023 -24"><span class='ocrx_word' id='word_1_925' title='bbox 2279 5777 2358 5862; x_wconf 73' lang='lat' dir='ltr'><strong>dit</strong></span> <span class='ocrx_word' id='word_1_926' title='bbox 2375 5771 2632 5848; x_wconf 87' lang='lat' dir='ltr'><strong>primum,</strong></span> <span class='ocrx_word' id='word_1_927' title='bbox 2659 5761 2824 5850; x_wconf 78' lang='lat' dir='ltr'><strong>igitur</strong></span> <span class='ocrx_word' id='word_1_928' title='bbox 2839 5775 2937 5848; x_wconf 89' lang='lat' dir='ltr'><strong>qui</strong></span> <span class='ocrx_word' id='word_1_929' title='bbox 2959 5755 3238 5834; x_wconf 82' lang='lat' dir='ltr'><strong>descendit</strong></span> <span class='ocrx_word' id='word_1_930' title='bbox 3261 5785 3317 5835; x_wconf 90' lang='lat' dir='ltr'><strong>et</strong></span> <span class='ocrx_word' id='word_1_931' title='bbox 3335 5754 3422 5848; x_wconf 83' lang='lat' dir='ltr'><strong>qui</strong></span> <span class='ocrx_word' id='word_1_932' title='bbox 3444 5761 3644 5828; x_wconf 74' lang='lat' dir='ltr'><strong>ascendit</strong></span> <span class='ocrx_word' id='word_1_933' title='bbox 3659 5754 3770 5818; x_wconf 70' lang='grc' dir='ltr'><strong>σανα</strong></span> 
     </span>
    </p>
   </div>
  </div>
