3928 6414
117 387 263 444 35⁸1

739 377 1117 444 'EXPOSITIO
1155 377 1223 433 IN
1259 373 1646 432 EPISTOLAS.
1676 372 1757 428 PA

1858 372 1904 426 vl.
1942 401 2010 410 ——
2046 365 2366 424 lN-EPIST.
2404 366 2496 421 ArD
2533 362 2772 419 EPHES.

3303 363 3411 422 338

115 517 335 557 omnes
355 497 531 564 caelos,
549 497 664 568 ipse
686 510 826 551 unus
846 505 900 551 et
919 495 1064 551 idem
1077 502 1160 551 est
1180 492 1446 549 indivisus
1465 489 1736 554 Christus,
1765 488 1814 549 Α
1839 491 2051 542 crescat
2070 497 2219 549 caro,
2247 495 2347 538 nec
2384 480 2442 534 in
2482 483 2773 549 augmento
2795 471 3018 542 virium,
3045 474 3409 548 neclongitu-

121 595 326 649 homo
355 590 516 644 Deus.

214 681 328 736 Vel
371 679 526 735 aliter
562 697 574 732 :
633 676 776 744 Quid
811 684 898 732 est
941 675 1088 746 quod
1137 672 1382 759 ascendit
1426 670 1740 726 humanitas

122 775 385 838 Christi,
418 771 523 831 nisi
553 771 682 841 quia
722 770 960 840 primum
989 766 1269 823 descendit
1297 764 1553 821 divinitas
1575 762 1630 816 in
1655 761 1740 816 in-

125 864 391 920 feriores
433 873 614 933 partes
645 871 820 925 terra,
869 859 922 914 id
954 866 1041 914 est
1081 858 1151 912 ad
1179 856 1472 912 uniendam
1498 853 1601 910 sibi
1631 852 1737 920 hu,-

128 954 480 1009 manitatem
529 953 673 1006 inter
715 950 1001 1005 homines?
1032 948 1090 1002 Si
1131 949 1277 1005 enim
1305 962 1482 1018 usque
1523 945 1591 1001 ad
1619 944 1736 1015 glo-

127 1049 288 1105 bum
339 1045 472 1100 solis
511 1053 566 1098 et
614 1043 757 1097 luna
808 1042 1182 1107 descenderet,
1228 1039 1370 1103 infra
1426 1049 1592 1106 esset,
1644 1038 1739 1096 sed

128 1139 217 1192 ad
267 1146 447 1192 terras
496 1134 824 1193 descendere
876 1132 980 1187 fuit
1027 1131 1276 1188 inferius.
1325 1129 1395 1186 Et
1429 1131 1556 1187 licet
1599 1130 1740 1207 alius

130 1229 410 1284 videatur
430 1227 756 1292 ascendens,
796 1225 849 1280 id
879 1234 984 1292 est,
1013 1227 1180 1280 homo
1205 1226 1348 1281 alius
1379 1223 1737 1291 descendens,

83 1384 94 1393 .
131 1322 197 1376 id
232 1331 325 1376 est
357 1319 537 1386 Deus;
576 1327 760 1374 tamen
809 1319 906 1389 qui
953 1317 1235 1373 descendit
1267 1325 1322 1373 et
1357 1317 1463 1387 qui
1495 1316 1744 1373 ascendit

134 1428 324 1481 super
357 1427 552 1466 omnes
581 1411 772 1477 caios,
802 1410 918 1480 ipse
952 1409 1097 1465 idem
1123 1421 1208 1465 est
1236 1425 1380 1466 unus
1411 1408 1584 1464 divisa
1611 1423 1739 1479 per-

133 1516 314 1556 sona.
352 1500 444 1556 Sic
488 1501 685 1556 iterum
725 1500 862 1558 bene
901 1501 970 1556 ad
1001 1501 1356 1557 intentionem
1390 1520 1403 1556 :
1442 1499 1580 1566 Quia
1613 1511 1740 1556 cum

136 1602 374 1646 tantam
421 1592 706 1648 videamus
754 1593 876 1663 ejus
921 1593 1220 1663 potentiam
1269 1600 1330 1649 ut
1381 1592 1548 1648 homo
1595 1591 1742 1648 Deus

135 1697 328 1752 super
359 1682 530 1739 caelos
569 1683 896 1751 ascenderit,
933 1683 1260 1740 ﬁducialiter
1301 1684 1578 1754 postulare
1614 1697 1744 1752 pos-

137 1789 356 1829 sumus
400 1775 470 1830 ab
505 1790 572 1830 eo
605 1775 700 1845 qui
741 1776 926 1831 omnia
971 1785 1166 1846 potest.
1207 1775 1466 1832 Ascendit
1515 1775 1637 1830 ideo
1683 1783 1742 1829 ut

1837 577 2002 648 diois.
2032 574 2233 632 Omnes
2265 575 2432 642 enim,
2477 574 2591 630 sive
2618 571 2870 644 juniores
2901 569 3015 628 sive
3049 571 3310 639 seniores,
3352 558 3409 626 in

1836 667 2026 723 eodem
2075 673 2278 736 puncto
2323 665 2502 722 atatis
2551 661 2914 721 resurrecturi
2963 675 3156 716 sumus
3198 660 3255 716 in
3300 675 3409 730 quo

1835 757 2089 814 Christus
2131 757 2398 812 mundum
2445 755 2613 812 exivit
2658 763 2713 810 et
2731 753 3047 810 resurrexit.
3103 750 3229 808 ldeo
3274 743 3412 807 alios

1829 851 2149 923 .prophetas,
2191 849 2328 906 alios
2359 850 2610 905 doctores
2635 846 2720 903 vel
2735 854 2991 917 .pastores
3017 843 3183 910 dedit,
3215 852 3274 898 ut
3294 839 3412 912 jam

1837 943 1967 998 olim
1993 941 2213 1012 quidem
2251 940 2333 996 sic
2374 938 2599 1007 fuimus,
2621 938 2719 1016 sed
2739 937 2937 995 amodo
2967 952 3070 990 non
3095 937 3261 990 simus
3283 951 3410 1005 par-

1837 1035 1946 1091 vuli
1971 1034 2264 1090 intellectu.
2291 1031 2401 1088 Nec
2419 1032 2682 1100 simuslex
2706 1029 2864 1106 nobis
2881 1025 3413 1102 ﬂuctuantes,emodo

1838 1127 1998 1194 bene,
2021 1126 2187 1184 modo
2208 1125 2350 1180 male
2366 1119 2610 1196 agentes,
2629 1131 2678 1192 et
2701 1131 2762 1178 ut
2782 1137 2890 1177 non
2911 1136 3008 1194 per
3030 1121 3166 1176 alios
3188 1120 3414 1174 circum-

1840 1219 2076 1289 fer-amur
2099 1216 2252 1280 modo
2275 1217 2396 1282 hac,
2429 1215 2592 1270 modo
2628 1214 2769 1281 illac,
2794 1213 2938 1269 omni
2962 1220 3110 1267 vento
3133 1211 3411 1289 doctrina.

1839 1309 2044 1365 Alludit
2082 1306 2444 1367 similitudini.
2477 1305 2626 1360 Mare
2661 1305 2828 1372 enim,
2871 1290 3415 1369 mundum;..ventus,
3444 1312 3450 1334 '-

1841 1401 2185 1466 seductores;
2232 1397 2388 1453 navis
2407 1439 2424 1465 ,
2473 1393 2772 1452 Ecclesiam
2791 1435 2806 1461 ,
2848 1409 2971 1464 qua
3029 1392 3193 1448 modo
3241 1390 3416 1456 infra,

1824 1491 2005 1546 .modo
2049 1505 2213 1560 supra
2257 1487 2636 1558 persecutione
2676 1485 2946 1540 malorum
2992 1482 3296 1552 depellitur,
3337 1480 3417 1556 si:-

1819 1582 2078 1654 -gniﬁcat.
2111 1580 2381 1636 Doctrina
2411 1578 2535 1633 dico
2561 1576 2718 1632 facta
2757 1576 2815 1629 in
2855 1573 3089 1645 nequitia
3113 1573 3415 1652 hominum;

1842 1673 2164 1744 nequissimi
2209 1672 2355 1727 enim
2395 1678 2522 1726 sunt
2563 1669 2878 1724 seductores
2926 1649 3261 1735 hujusmodi.
3309 1660 3420 1738 Do-

1845 1766 2034 1822 ctrina
2085 1765 2248 1820 etiam
2306 1763 2464 1818 facta
2501 1762 2557 1814 in
2601 1759 2837 1824 astutia,
2885 1757 3116 1812 latenter
3157 1753 3424 1809 seducunt

137 1864 476 1935 adimpleret
507 1843 687 1920 omnia
713 1867 872 1926 donis
900 1843 1040 1933 suis,
1085 1867 1242 1938 juxta
1270 1867 1418 1938 quod
1448 1867 1590 1922 idem
1619 1867 1696 1922 ait
1727 1884 1741 1921 :

1858 1857 2141 1926 simplices.
2179 1854 2394 1910 Astutia
2439 1853 2561 1908 dico
2608 1850 2859 1906 tendente
2902 1848 2973 1902 ad
3019 1843 3423 1924 circumuentio-

148 1978 172 2009 ι
217 1954 348 2013 Nisi
399 1972 500 2028 ego
550 1957 754 2024 abiero,
804 1955 1119 2013 Paracletus
1157 1972 1267 2013 non
1311 1955 1493 2011 veniet
1536 1955 1607 2011 ad
1647 1969 1745 2011 vos

145 2046 348 2116 (Joan.
380 2063 492 2111 xw,
527 2045 600 2117 7).
648 2047 945 2120 Postquam
979 2046 1230 2116 probavit
1260 2045 1540 2101 Christum
1584 2046 1749 2101 dona-

147 2150 335 2193 torem
375 2139 698 2209 gratiarum,
751 2139 989 2196 ostendit
1029 2139 1401 2194 diversitatem
1451 2138 1743 2193 donorum.

147 2230 308 2285 Bene
338 2230 465 2284 dico
498 2229 808 2300 adimpleret
849 2231 1051 2296 omnia,
1095 2237 1146 2284 et
1176 2231 1314 2285 enim
1338 2228 1454 2298 ipse
1494 2226 1748 2282 Christus

149 2323 306 2376 dedit
339 2321 604 2392 quosdam
631 2323 864 2392 quidem,
900 2321 953 2376 id
995 2329 1079 2376 est
1103 2321 1336 2376 discrete
1365 2319 1434 2374 ab
1473 2318 1595 2374 aliis
1621 2333 1750 2388 apo—

149 2413 349 2468 stolos.
387 2412 657 2478 Quosdam
703 2423 878 2469 autem
905 2414 1052 2469 dedit
1083 2412 1383 2483 prophetas,
1410 2412 1505 2482 qui
1547 2411 1752 2466 revela-

151 2512 285 2558 rent
319 2502 669 2573 Scripturas;
716 2504 851 2559 alios
877 2521 998 2561 vero
1025 2503 1392 2576 evangelistas,
1421 2503 1476 2558 id
1500 2511 1585 2558 est
1608 2516 1751 2573 pra-

153 2597 473 2662 dicatores;
500 2598 635 2653 alios
683 2607 860 2652 autem
905 2608 1140 2668 pastores
1167 2607 1219 2652 et
1266 2597 1524 2662 doctores,
1578 2595 1632 2650 id
1669 2603 1754 2650 est

156 2688 482 2758 episcopos,
512 2689 607 2759 qui
651 2689 719 2744 de
757 2705 953 2745 mensa
991 2689 1240 2760 corporis
1273 2688 1474 2744 Christi
1505 2685 1754 2744 subditos

158 2788 423 2848 pascant,
461 2790 515 2836 et
549 2780 616 2836 de
645 2779 799 2836 Novo
837 2790 892 2837 et
920 2781 1100 2837 Veteri
1127 2782 1476 2838 Testamento
1501 2781 1750 2836 doceant.

161 2870 292 2927 ideo
324 2873 466 2928 alios
490 2881 548 2929 et
587 2875 726 2930 alios
755 2875 906 2930 dedit
932 2876 990 2928 in
1029 2891 1160 2944 opus
1201 2875 1505 2941 ministerii,
1544 2873 1674 2942 quia
1707 2871 1756 2927 si

162 2964 257 3018 uni
291 2964 483 3020 omnia
513 2965 687 3035 daret,
711 2965 843 3023 dum
861 2983 1008 3022 .unus
1029 2967 1097 3022 ad
1117 2967 1300 3022 omnia
1323 2983 1434 3022 non
1462 2965 1755 3034 sufﬁceret,
1824 3011 1826 3013 .

162 3055 483 3110 ministeria
507 3055 712 3112 Christi
742 3057 1056 3127 imperfecta
1081 3070 1442 3114 remanerent.
1471 3059 1756 3115 Ministerii

163 3145 292 3202 dico
327 3145 562 3202 valentis
590 3146 659 3199 ad
683 3149 1187 3203 consummationem
1227 3158 1552 3215 sanctorum,
1589 3149 1643 3202 id
1671 3157 1756 3203 est

165 3245 227 3289 ut
259 3236 366 3304 qui
391 3236 505 3305 jam
541 3237 677 3306 justi
721 3248 850 3295 sunt
894 3239 964 3294 ad
1007 3238 1392 3307 perfectionem
1435 3240 1752 3295 ascendant.

167 3327 465 3384 Minister-ii
511 3331 674 3385 etiam
703 3332 933 3389 valentis
978 3333 1035 3386 in
1079 3333 1486 3402 aediﬁcationem
1519 3334 1756 3403 corporis

168 3421 406 3487 Christi,
435 3421 485 3476 id
515 3432 600 3478 est
619 3424 688 3479 ad
716 3425 820 3480 hoc
845 3433 906 3481 ut
926 3426 994 3480 de
1020 3425 1088 3481 iis
1110 3426 1205 3495 qui
1229 3427 1408 3480 adhuc
1430 3434 1559 3481 sunt
1581 3426 1759 3481 incre-

171 3513 288 3567 duli
355 3514 653 3570 adilicetur
707 3532 921 3586 corpus
957 3517 1183 3584 Christi,
1249 3517 1304 3571 id
1357 3528 1440 3573 est
1491 3498 1755 3574 Ecclesia.

171 3601 436 3658 Dicerent
475 3604 550 3659 illi
581 3621 720 3676 quos
756 3607 845 3677 (ne
870 3615 1090 3677 propter
1113 3608 1380 3664 unitatem
1415 3609 1670 3665 Ecclesia
1703 3625 1762 3666 se

171 3693 380 3749 debere
419 3711 542 3750 esse
587 3697 825 3766 aquale‘s
876 3697 1152 3768 putarent)
1200 3699 1503 3754 admonuit.
1558 3698 1760 3754 Parum

173 3787 403 3855 prodest
429 3787 574 3856 quod
603 3788 761 3842 ﬁdem
799 3789 1131 3860 accepimus,
1175 3791 1223 3845 si
1251 3790 1464 3861 semper
1489 3791 1544 3844 in
1579 3791 1762 3862 subje—

177 3881 364 3934 ctione
397 3895 496 3934 nos
523 3888 772 3950 oporteat
801 3897 1139 3952 permanere.
1181 3882 1340 3954 25.5
1386 3882 1462 3938 De
1495 3884 1599 3938 hoc
1632 3899 1764 3940 con-

177 3972 395 4026 solatur
419 3986 513 4026 eos
533 3972 720 4027 dicens
752 3991 764 4026 :
809 3971 888 4026 Ne
911 3970 1072 4044 grave
1102 3973 1173 4028 sit
1213 3973 1365 4028 vobis
1407 3972 1452 4027 si
1479 3973 1571 4026 alii
1596 3973 1766 4042 subji-

178 4065 436 4130 ciuntur,
471 4064 561 4118 alii
587 4063 968 4134 praferuntur.
1002 4065 1126 4120 Cito
1154 4066 1302 4119 enim
1345 4061 1509 4131 hujus
1537 4063 1767 4119 diversi-

180 4157 312 4210 tatis
343 4156 447 4210 erit
474 4155 616 4212 ﬁnis.
654 4155 997 4212 Diversitatis
1028 4157 1151 4211 dico
1193 4171 1302 4211 non
1327 4157 1561 4226 amplius
1596 4156 1765 4210 dura-

180 4255 342 4314 turae,
391 4247 498 4302 nisi
531 4249 694 4302 donec
726 4263 1064 4303 occurramus
1101 4247 1401 4303 secundum
1436 4247 1766 4302 desiderium
1824 4287 1828 4291 .

181 4348 500 4394 sanctorum
525 4340 620 4395 ait.
648 4340 1014 4396 Occurramus
1036 4355 1227 4395 omnes
1248 4338 1542 4394 existentes
1574 4339 1629 4392 in
1655 4339 1770 4392 uni-

184 4437 290 4482 tate
335 4429 495 4498 ﬁdei,
537 4430 592 4484 id
628 4440 712 4486 est
750 4430 950 4501 quibus
1002 4446 1109 4484 una
1144 4427 1212 4484 de
1250 4429 1470 4484 Christo
1510 4428 1662 4492 ﬁdes,
1717 4436 1768 4481 et

1846 1965 1964 2005 nem
2003 1948 2220 2012 erroris,
2250 1946 2306 2001 id
2330 1953 2414 2001 est
2438 1951 2497 1997 ut
2541 1957 2644 1998 nos
2665 1938 3096 2013 circumveniant
3133 1921 3201 1992 de
3237 1921 3430 1990 errore

1844 2055 1967 2107 suo.
1995 2038 2116 2094 Non
2145 2037 2319 2093 simus
2344 2035 2693 2098 ﬁuctuantes,
2713 2031 2806 2107 sed
2841 2043 3136 2084 crescamus
3158 2027 3216 2080 in
3245 2023 3427 2098 chari-

1847 2137 1975 2197 tate,
2009 2130 2062 2184 id
2084 2137 2170 2184 cst
2195 2129 2251 2182 in
2289 2126 2579 2182 dilectione
2608 2123 2702 2178 Dei
2735 2131 2791 2177 et
2823 2119 3076 2194 proximi.
3118 2116 3427 2182 Veritatem,

1823 2221 1901 2278 .id
1924 2229 2010 2276 est
2035 2235 2230 2292 puram
2261 2235 2294 2273 a
2324 2216 2607 2273 mendacio
2635 2212 3078 2285 doctrinam‘non
3105 2208 3284 2264 solum
3325 2217 3428 2260 au-

1845 2313 2091 2379 dientes,
2146 2311 2244 2367 sed
2307 2309 2471 2364 etiam
2531 2307 2794 2361 facientes
2854 2317 3038 2372 opere.
3103 2299 3433 2374 Crescamus

1849 2401 2029 2457 eundo
2072 2415 2164 2470 per
2203 2399 2382 2453 omnia
2426 2397 2570 2452 bona
2615 2391 2999 2463 cooperatione
3039 2394 3093 2444 et
3133 2399 3430 2461 consensu.

1828 2493 2178 2550 ,Crescamus
2200 2490 2324 2547 dico
2353 2489 2408 2543 in
2452 2488 2546 2544 illo
2576 2487 2867 2556 adjuvante
2897 2482 2953 2538 in
2979 2496 3090 2552 quo
3115 2478 3252 2535 satis
3285 2491 3434 2535 cres-

1852 2599 1976 2641 cere
1998 2596 2314 2654 possumus,
2337 2579 2468 2650 quia
2493 2576 2584 2648 qui
2617 2582 2694 2630 est
2729 2562 2910 2643 caput,
2937 2569 2992 2624 id
3019 2577 3105 2625 est
3127 2565 3356 2622 altitudo
3377 2564 3436 2620 in

1853 2691 1962 2746 qua
1984 2689 2199 2744 semper
2227 2669 2630 2728 ascendendum
2655 2674 2738 2722 est
2759 2672 2814 2722 et
2841 2663 2936 2733 qui
2957 2671 3042 2718 est
3071 2659 3314 2716 Christus
3338 2670 3438 2711 rex

1855 2774 2059 2833 noster,
2089 2780 2154 2820 ea:
2177 2780 2280 2835 quo
2317 2761 2494 2832 capite
2519 2758 2739 2822 Christo
2770 2764 2939 2835 totum
2963 2767 3151 2822 corpus
3180 2747 3438 2835 Ecclesia

1855 2831 2298 2931 compactum-est
2336 2831 2432 2925 per
2467 2853 2648 2906 ﬁdem.
2688 2847 2754 2903 Et
2777 2834 2908 2918 quia
2941 2843 3182 2899 nondum
3219 2831 3437 2930 sufﬁcit,

1855 2929 2070 3021 possint
2096 2947 2242 3004 enim
2264 2942 2537 3014 compingi
2562 2941 2616 2994 in
2645 2937 2894 2994 eamdem
2918 2934 3098 3000 ﬁdem,
3129 2940 3185 2986 et
3205 2947 3265 2986 se
3289 2929 3434 2984 invi-

1857 3017 1976 3095 cem
1998 3054 2110 3094 non
2140 3034 2317 3106 sequi,
2346 3034 2489 3089 sicut
2513 3031 2660 3101 ligna
2683 3024 3027 3083 solummodo
3053 3029 3361 3092 compacta,
3391 3017 3441 3075 si

1862 3131 2111 3187 trahatur
2131 3105 2324 3193 unum,
2346 3110 2458 3180 non'
2477 3121 2724 3191 sequitur
2744 3119 2995 3173 alterum.
3021 3114 3088 3168 Et
3109 3115 3213 3169 hoc
3235 3105 3442 3175 malum

1859 3236 2005 3285 esset
2027 3227 2075 3282 si
2116 3223 2362 3279 membra
2389 3227 2553 3289 caput
2591 3231 2703 3271 non
2730 3218 3111 3284 sequerentur,
3141 3207 3263 3263 ideo
3294 3203 3445 3261 addit

1862 3331 2065 3387 corpus
2089 3311 2347 3368 Ecclesia
2377 3314 2722 3378 compactum
2756 3319 2852 3374 per
2873 3301 3054 3366 ﬁdem,
3079 3307 3130 3354 et
3153 3310 3446 3374 connexum

1860 3385 2306 3478 per—charitatem.
2330 3399 2558 3455 Dilectio
2583 3396 2728 3452 enim
2754 3394 2942 3450 clavus
2963 3400 3065 3458 est,
3091 3404 3201 3461 quo
3225 3387 3342 3444 sine
3362 3385 3446 3441 di-

1861 3473 2073 3553 visiOne
2102 3497 2360 3566 ligantur.
2386 3491 2746 3559 Compactum
2776 3485 2900 3540 dico
2932 3491 2986 3539 et
3011 3473 3318 3538 eonnexum
3353 3493 3448 3548 per

1864 3607 2081 3647 omnem
2104 3595 2414 3659 Juncturam
2451 3583 2598 3653 ﬁdei,
2629 3578 2935 3645 charitatis,
2960 3584 3016 3631 et
3051 3573 3298 3630 omnium
3339 3571 3448 3624 vir-

1867 3693 2065 3740 tutum.
2093 3681 2416 3736 Juncturam
2461 3676 2585 3731 dico
2615 3689 2737 3745 qua
2770 3680 2854 3728 est
2878 3684 3044 3727 causa
3075 3665 3451 3745 subministra-

1829 3843 1832 3846 ~
1869 3773 2050 3837 tionis,
2087 3770 2142 3824 id
2161 3776 2245 3823 est
2272 3768 2504 3821 alterum
2533 3763 2839 3818 membrum
2865 3758 3245 3814 subministret
3268 3755 3444 3816 alteri.

1871 3857 2406 3918 Subministrationis
2430 3855 2554 3910 dico
2585 3853 2739 3908 facta
2769 3850 3057 3905 secundum
3091 3848 3448 3918 operationem

1871 3970 1986 4026 qua
2012 3952 2073 4007 fit
2095 3953 2150 4005 in
2183 3961 2497 4004 mensuram
2525 3942 2959 4012 uniuscujusque
3001 3938 3230 3994 membri
3260 3935 3449 3992 Eccle-

1870 4047 1985 4101 sia.
2007 4041 2166 4100 Aliud
2187 4040 2332 4095 enim
2375 4035 2681 4092 membrum
2706 4032 2901 4103 magis,
2942 4030 3089 4085 aliud
3133 4029 3334 4096 minus,
3366 4044 3453 4098 se-

1869 4137 2110 4193 cundum
2133 4131 2279 4204 quod
2298 4130 2530 4185 facultas
2551 4126 2654 4184 sibi
2672 4116 2777 4192 est,
2801 4123 3201 4179 subministrat.
3228 4117 3450 4188 Totuin,

1873 4229 2120 4298 inquam,
2167 4238 2367 4292 corpus
2397 4219 2476 4274 sic
2503 4223 2846 4287 compactum
2881 4223 2936 4269 et
2977 4229 3288 4269 connexum
3323 4212 3454 4267 facit

1874 4328 2214 4392 augmentum
2239 4314 2474 4384 corporis
2497 4309 2772 4366 Ecclesia.
2804 4306 3113 4362 Secundum
3145 4299 3452 4360 incremen-

1877 4422 1991 4466 tum
2017 4409 2246 4481 justitia
2283 4406 2338 4460 in
2361 4403 2610 4480 ﬁdelibus
2637 4399 2784 4466 facit,
2820 4407 2874 4454 et
2911 4397 3100 4452 valens
3134 4397 3190 4450 in
3216 4395 3456 4464 cedi/ica—

183 4521 483 4576 existentes
530 4523 585 4575 in
616 4517 823 4577 unitate
859 4517 1144 4592 agnitionis
1189 4519 1292 4590 ﬁlii
1335 4519 1454 4584 Dei,
1504 4519 1557 4573 id
1589 4528 1671 4575 est
1714 4519 1770 4572 in
1802 4531 1848 4586 ι)
1877 4503 2072 4556 tionem
2103 4497 2188 4553 sui
2214 4493 2482 4564 corporis.
2508 4491 2561 4545 id
2581 4499 2664 4545 est
2686 4487 2944 4543 Ecclesiae
2968 4486 3125 4592 cuius
3146 4485 3460 4592 {neniarum

185 4611 398 4666 unitate
449 4614 718 4669 bonorum
771 4624 996 4684 operum
1040 4614 1199 4667 ﬁdem
1255 4611 1620 4681 sequentium,
1673 4626 1768 4680 per

185 4720 311 4774 qua
353 4720 518 4775 opera
562 4705 708 4762 ﬁlius
761 4705 856 4760 Dei
897 4706 1229 4775 agnoscitur.
1286 4703 1402 4770 Vel,
1457 4703 1514 4757 in
1564 4697 1771 4756 unitate

188 4797 485 4868 agnitionis
526 4797 644 4866 Dei,
677 4806 737 4852 ut
756 4799 822 4853 de
849 4797 1160 4868 cognitione
1200 4795 1428 4849 Deitatis
1462 4811 1570 4847 non
1619 4793 1772 4848 labo—

189 4903 398 4954 remus,
434 4890 598 4943 donec
627 4906 968 4944 occurramus
992 4890 1046 4942 in
1069 4889 1238 4942 virum
1269 4887 1578 4956 perfectura,
1612 4885 1664 4939 id
1691 4893 1776 4939 est

190 4988 247 5034 ut
285 4981 464 5035 simus
505 4981 781 5050 perfectus
805 4981 910 5047 vir,
948 4979 1380 5049 impassibilitate
1405 4986 1460 5032 et
1501 4977 1774 5030 immorta-

192 5069 342 5126 litate
383 5080 623 5141 recepta.
663 5071 730 5125 In
773 5073 942 5125 virum
975 5071 1265 5140 perfectum
1312 5068 1453 5132 dico,
1485 5066 1694 5121 scilicet
1713 5066 1773 5118 in

195 5175 517 5228 mensuram,
550 5163 603 5217 id
635 5171 720 5217 est
767 5162 821 5216 in
869 5174 1070 5216 metam
1099 5158 1274 5214 artatis
1314 5158 1534 5213 Christi.
1576 5155 1775 5210 ditatis

195 5253 314 5309 dico
340 5255 707 5324 plenitudinis,
738 5254 790 5308 id
819 5262 904 5309 est
953 5252 1006 5306 in
1053 5267 1162 5322 qua
1204 5249 1457 5305 Christus
1482 5245 1775 5318 plenitudi-

199 5365 316 5405 nem
356 5351 568 5417 habuit,
597 5351 806 5406 scilicet
837 5359 961 5419 post
982 5345 1435 5402 resurrectionem
1469 5342 1644 5396 factus
1670 5341 1776 5395 im-

200 5442 470 5508 passibilis
503 5450 558 5496 et
587 5440 932 5495 immortalis.
976 5436 1072 5492 Vel
1104 5437 1296 5491 aliter:
1325 5433 1692 5488 Occurramus
1719 5429 1776 5484 in

200 5533 374 5589 virum
420 5534 748 5605 perfectum,
795 5518 938 5588 sicut
977 5523 1184 5606 dictum
1239 5535 1344 5592 est,
1381 5534 1450 5606 et
1483 5525 1538 5578 in
1576 5530 1777 5578 metam

205 5626 374 5680 atatis
409 5625 617 5681 Christi
664 5617 880 5696 triginta
929 5623 1095 5678 trium
1142 5612 1409 5675 annorum
1445 5624 1499 5671 ct
1533 5613 1774 5679 dimidii;

205 5724 321 5778 qua
347 5723 481 5767 atas
509 5712 611 5766 fuit
635 5711 1008 5782 plenitudinis.
1163 5718 1167 5720 ’

273 5802 564 5873 Postquam
590 5805 736 5859 enim
764 5803 831 5860 ad
863 5803 1009 5857 illam
1035 5809 1255 5854 ventum
1283 5808 1384 5863 est,
1418 5813 1525 5851 non
1557 5804 1641 5850 est
1669 5809 1778 5863 quo

1873 4601 1978 4659 est,
2003 4587 2430 4659 mdi/icationem,
2451 4583 2592 4639 sicut
2613 4597 2798 4650 supra,
2825 4578 3123 4634 secundum
3147 4575 3457 4630 incredulos

1875 4685 1971 4756 qui
1994 4683 2331 4739 adiﬁcantur
2354 4676 2419 4731 ad
2458 4675 2638 4729 ﬁdem.
2663 4672 3030 4741 Augmentum
3063 4679 3116 4722 et
3135 4665 3454 4721 aediﬁcatio-

1878 4755 2002 4834 nem
2047 4776 2168 4831 dico
2198 4774 2396 4843 factam
2418 4770 2473 4822 in
2501 4767 2779 4830 charitate,
2804 4763 2858 4817 id
2886 4769 2969 4817 est
2995 4759 3296 4816 secundum
3317 4755 3456 4812 dile—

1879 4868 2118 4924 ctionem
2149 4862 2244 4918 Dei
2269 4870 2324 4917 et
2349 4855 2605 4929 proximi.
3527 4930 3529 4932 Ι

1952 4958 2049 5013 Vel
2080 4957 2153 5012 ita
2182 4961 2592 5012 construamus,
2638 4942 2744 4999 non
2785 4948 2994 4996 mutata
3034 4935 3341 4994 sententia:
3375 4933 3462 4989 Ea:

1878 5065 1980 5121 quo
2005 5055 2172 5101 totum
2195 5058 2383 5112 corpus
2407 5044 2735 5106 compactum
2754 5040 2803 5086 et
2826 5043 3117 5084 connexum
3141 5042 3233 5097 per
3257 5042 3463 5080 omnem

1872 5115 2183 5210 juncturam
2200 5125 2704 5188 subministrationis
2723 5122 2852 5178 facit
2870 5125 3207 5191 augmentum
3227 5115 3464 5186 corporis

1885 5206 1941 5286 in
1965 5227 2370 5299 aediﬁcationem
2409 5221 2515 5279 sui.
2542 5217 2670 5272 facit
2703 5213 2827 5270 dico
2858 5210 3158 5267 secundum
3193 5206 3466 5278 operatio-

1885 5340 2009 5390 nem
2033 5319 2379 5377 distributam
2410 5314 2466 5368 in
2493 5322 2807 5366 mensuram
2840 5300 3274 5372 uniuscujusque
3299 5312 3470 5354 mem-

1885 5386 1991 5481 bri,
2023 5421 2078 5470 et
2111 5413 2217 5466 hoc
2241 5417 2415 5464 totum
2456 5405 2512 5459 in
2544 5401 2826 5465 charitate,
2862 5396 2990 5467 quia
3030 5392 3174 5448 Deus
3210 5387 3468 5479 quosdam
3505 5383 3510 5443 ξ

1883 5473 2029 5561 dedit
2055 5497 2502 5574 apostolos,,alios
2524 5491 2896 5571 evangelistas,
2917 5487 3052 5541 alios
3069 5485 3336 5569 doctores,
3361 5473 3468 5534 hoc

1885 5606 2067 5654 autem
2090 5595 2160 5648 ad
2180 5589 2683 5648 consummationem
2699 5569 2863 5654 2&6
2883 5577 3069 5634 vestri.
3092 5574 3313 5637 lterum,
3337 5569 3473 5640 quia

1889 5699 2063 5746 totum
2101 5700 2301 5756 corpus
2323 5679 2578 5737 Ecclesia
2623 5671 2924 5743 compinxit
2968 5676 3021 5723 et
3050 5661 3346 5722 conmexuit
3372 5675 3478 5730 per

1888 5784 2201 5854 juncturam
2233 5777 2355 5834 ﬁdei
2390 5783 2444 5830 et
2473 5769 2773 5835 charilatis,
2802 5765 2964 5838 igitur
2987 5762 3080 5816 hoc
3108 5759 3224 5813 dico
3249 5768 3301 5812 et
3325 5769 3468 5827 pra~
