3928 6418
577 379 688 440 359
1113 377 1173 434 ὃ.
1209 373 1559 434 BRUNONIS
1591 371 2237 432 CARTHUSIANORUM
2273 371 2764 432 INSTITUTORIS
2799 375 2950 435 OPP.
2985 375 3170 438 PARS
3203 377 3268 435 ll.
3689 385 3764 442 ato

577 495 726 568 cipio
751 492 928 561 vobis,
957 505 1060 548 nec
1083 491 1403 562 simpliciter
1429 489 1570 558 dico,
1593 489 1689 546 sed
1712 489 1875 544 etiam
1906 489 2159 560 testiﬁcor
2185 490 2232 548 Α
2255 488 2420 547 etiam
2447 503 2574 544 eum
2601 493 2888 545 secundum
2925 493 3190 550 desideria
3215 496 3433 562 erroris,
3459 495 3512 550 id
3529 485 3610 552 est
3629 499 3698 554 vel
3720 503 3765 556 dt

577 588 640 645 in
666 585 916 653 Domino,
948 583 1003 640 id
1041 592 1126 640 est
1161 583 1215 638 in
1241 583 1346 639 hac
1383 581 1752 637 admonitione
1781 579 1950 637 vestri
1981 580 2154 638 Deum
2255 593 2442 636 errore
2477 580 2773 649 venientia,
2805 583 2890 636 vel
2931 583 2984 637 in
3021 599 3260 640 errorem
3289 587 3678 656 praecipitantia,
3700 593 3766 662 qui

579 683 776 732 testem
797 673 1030 739 adduco,
1056 685 1125 727 ne
1143 669 1377 741 amplius
1405 668 1704 742 quidquam
1726 668 1795 724 de
1812 669 1970 726 vobis
1992 684 2024 725 a
2045 684 2154 738 me,
2255 677 2412 726 vetus
2453 669 2619 727 homo
2647 672 2702 726 in
2729 673 2849 744 ipso
2881 689 2984 729 suo
3009 689 3172 744 Opere
3199 677 3580 747 corrumpitur.
3603 679 3768 746 Quanto

580 767 680 824 sed
726 765 797 839 (si
834 763 1094 836 peccatis)
1125 763 1192 819 de
1220 762 1472 818 manibus
1503 761 1706 818 vestris
1737 762 2002 832 requirat.
2031 760 2159 819 Haec
2256 762 2404 818 enim
2432 761 2771 834 frequentius
2796 773 3005 836 peccat,
3039 775 3190 822 tanto
3223 768 3339 837 ipsa
3371 785 3502 824 caro
3539 773 3688 842 magis
3703 775 3768 828 de-

579 858 751 916 verba
771 856 976 914 Paulus
1001 855 1192 912 habuit
1222 854 1290 910 ad
1319 854 1462 922 illos,
1491 853 1710 925 quando
1735 863 2034 910 convocata
2053 852 2158 910 Ec-
2257 853 2502 910 bilitatur
2521 863 2576 910 et
2595 853 2952 912 deformatur.
2977 856 3076 912 Vel
3101 858 3156 911 in
3179 859 3369 914 eadem
3395 863 3644 916 sententia
3665 875 3770 918 recte

581 947 750 1006 clesia
777 946 1136 1019 Ephesiorum
1156 945 1233 1001 ait
1257 965 1272 1000 :
1308 963 1328 998 t
1347 943 1470 1000 Non
1503 945 1740 1015 amplius
1757 943 1952 1000 faciem
1977 958 2158 1000 meam
2258 959 2556 1015 sequamur
2579 945 2841 1001 litteram.
2873 946 3135 1018 Deponitc
3163 957 3404 1004 veterem
3429 949 3678 1006 hominem
3703 957 3768 1024 qui

577 1041 761 1097 visuri
794 1039 966 1096 estis:
1005 1045 1146 1094 state
1183 1037 1240 1092 in
1271 1049 1342 1092 eo
1365 1036 1514 1108 quod
1552 1051 1650 1092 vos
1687 1037 1884 1092 docui:
1923 1034 2158 1092 Mundus
2257 1037 2646 1108 corrumpitur,
2671 1051 2781 1092 non
2807 1039 2986 1094 solum
3015 1039 3318 1094 secundum
3351 1055 3512 1110 opus,
3537 1042 3622 1096 sed
3649 1043 3770 1097 etiam

579 1131 732 1188 enim
757 1145 857 1202 ego
887 1144 1008 1186 sum
1053 1128 1254 1184 amodo
1290 1141 1322 1184 a
1361 1128 1626 1199 sanguine
1655 1117 1850 1184 'vcstro
1889 1127 2029 1198 (Act.
2061 1141 2156 1196 xx,
2257 1122 2510 1194 deponite
2543 1125 2847 1181 secundum
2880 1126 3149 1182 desideria
3187 1129 3414 1185 erroris.
3458 1126 3680 1186 Veterem
3705 1132 3770 1186 de-

577 1221 697 1294 95).
727 1242 747 1276 ι
777 1219 966 1276 Videte
995 1219 1128 1291 quid
1163 1219 1420 1288 feceritis,
1450 1219 1580 1290 quia
1608 1220 1918 1290 requiretur
1939 1219 2008 1274 de
2035 1233 2158 1273 ma-
2259 1214 2462 1286 ponite,
2483 1231 2674 1271 novum
2693 1225 2868 1272 autem
2894 1217 3170 1274 hominem
3191 1219 3418 1274 induite.
3445 1218 3510 1275 Et
3529 1220 3636 1276 ideo
3661 1239 3770 1276 reno-

471 1381 474 1384 _
577 1311 744 1368 nibus
774 1309 993 1366 vestris.
1021 1309 1586 1380 Testiﬁcor,~inquam,
1613 1310 1668 1363 in
1689 1309 1937 1377 Domino,
1963 1316 2022 1362 ut
2040 1307 2160 1378 jam
2259 1305 2478 1372 camini,
2504 1305 2618 1377 jam
2655 1306 2802 1362 enim
2845 1321 2944 1377 per
2976 1307 3306 1378 baptismum
3349 1310 3518 1365 semel
3549 1309 3658 1364 novi
3679 1309 3771 1366 facti

577 1415 683 1456 non
707 1398 988 1454 ambuletis
1017 1401 1156 1453 sicut
1179 1399 1312 1454 olim
1337 1398 1679 1466 ambulastis,
1705 1407 1754 1453 et
1779 1407 1956 1470 gentes
1981 1398 2161 1455 adhuc
2260 1404 2409 1464 sunt,
2440 1396 2553 1452 ait:
2583 1395 2786 1452 lterum
2817 1399 3142 1453 renouamini
3169 1398 3226 1454 in
3252 1397 3467 1469 Spiritu
3495 1411 3662 1454 saneto
3687 1401 3772 1454 illu-

576 1490 875 1546 ambulant.
905 1489 1012 1545 Ubi
1053 1488 1131 1543 ait
1158 1488 1298 1558 jam,
1341 1487 1612 1562 significat
1647 1504 1742 1546 eos
1773 1491 1928 1560 prius
1966 1489 2161 1546 ambu-
2260 1489 2532 1546 minatore
2553 1491 2745 1545 mentis
2779 1499 2982 1546 vestrm.
3011 1489 3106 1547 Vel
3133 1491 3486 1548 intransitive
3513 1497 3773 1550 reueremini

575 1583 744 1638 lasso.
769 1581 892 1637 Non
919 1583 1211 1638 ambuletis
1241 1582 1383 1638 sicut
1412 1589 1600 1652 gentes
1626 1581 1906 1636 ambulant
1931 1583 1989 1636 in
2011 1581 2163 1636 vani-
2259 1579 2454 1650 spiritu
2495 1581 2686 1634 mentis
2733 1589 2936 1646 castris,
2981 1580 3036 1636 id
3079 1589 3164 1636 est
3212 1582 3494 1652 sequendo
3537 1582 3772 1653 Spiritalem

577 1681 712 1741 tate,
745 1671 803 1728 id
828 1681 913 1727 est
937 1672 994 1726 in
1035 1671 1396 1728 smcularitate
1430 1674 1514 1726 sui
1541 1689 1746 1727 sensus.
1777 1671 1984 1730 Sensus
2013 1674 2160 1733 enim
2261 1679 2500 1726 mentem
2529 1679 2789 1738 vestram,
2825 1681 2876 1725 et
2904 1672 2986 1727 sic
3021 1673 3268 1728 renovati
3295 1673 3504 1728 induite
3529 1690 3690 1728 norunt
3709 1675 3774 1728 lio-

579 1760 771 1816 mundi
799 1761 1014 1817 vanitas
1047 1769 1149 1818 est.
1181 1759 1370 1816 Gentes
1398 1761 1521 1817 dico
1543 1761 1787 1816 habentes
1813 1763 2157 1834 intellectum,
2191 1825 2234 1836 ﬁ
2261 1762 2476 1817 minem.
2507 1760 2716 1816 Nouum
2747 1762 2868 1819 ideo
2905 1763 3031 1834 quia
3058 1780 3197 1820 nova
3219 1763 3354 1820 facit
3383 1765 3582 1832 omnia,
3605 1767 3680 1836 qui
3705 1782 3773 1820 no-

579 1851 636 1907 id
668 1861 750 1907 est
775 1853 1078 1907 naturalem
1103 1853 1371 1908 rationem
1401 1855 1682 1908 obscurata
1721 1854 1966 1922 tenebris,
1995 1855 2050 1910 id
2073 1825 2160 1912 est
2191 1825 2237 1882 Β
2259 1869 2363 1911 vus
2407 1853 2574 1910 homo
2615 1864 2823 1910 creatus
2849 1825 2948 1922 est,
2979 1855 3140 1928 257
3175 1871 3286 1911 non
3320 1825 3627 1914 secundum.
3647 1858 3771 1928 legem

580 1941 720 1998 adeo
749 1951 808 1997 ut
841 1957 938 2012 per
967 1949 1140 1998 totum
1167 1945 1402 2000 tenebrae
1426 1953 1482 2000 et
1501 1945 1636 2000 nihil
1661 1946 1734 2001 sit
1753 1947 1998 2004 luminis.
2022 1947 2160 2003 Gen—
2259 1945 2463 2013 carnis,
2495 1946 2588 2002 sed
2612 1947 2899 2001 secundum
2935 1947 3121 2012 Deum,
3147 1947 3214 2004 de
3244 1947 3454 2018 Spiritu
3481 1959 3652 2004 sancto
3681 1965 3772 2004 coa-

579 2037 658 2085 tes
686 2031 810 2086 dico
849 2031 1076 2086 alienati
1113 2049 1146 2086 a
1177 2033 1288 2088 vita
1327 2034 1448 2100 Dei,
1479 2035 1534 2090 id
1563 2043 1646 2091 est
1667 2035 1738 2090 ab
1765 2038 2066 2094 aeternitate
2099 2037 2159 2093 in
2259 2045 2448 2107 ceptus
2485 2045 2540 2092 et
2581 2045 2762 2092 natus.
2811 2037 3022 2094 lnduite
3055 2037 3180 2094 dico
3227 2038 3510 2096 Christum
3535 2041 3588 2093 in
3608 2039 3772 2110 justilit

572 2135 682 2190 qua
710 2119 854 2177 Deus
873 2121 1026 2178 vivit.
1057 2123 1292 2179 Alienati
1321 2125 1628 2196 cognitione
1657 2137 1710 2182 et
1744 2129 2160 2199 participatione
2257 2135 2472 2184 servata
2497 2127 2564 2183 ad
2597 2130 2932 2198 proximum,
2959 2137 3008 2183 et
3043 2129 3098 2184 in
3121 2131 3432 2198 sanctitate,
3461 2131 3511 2186 id
3545 2141 3620 2186 est
3641 2131 3770 2200 possi-

573 2210 720 2267 sicut
747 2212 891 2268 idem
920 2213 1025 2269 ait:
1053 2215 1286 2271 Alienati
1313 2233 1405 2286 per
1438 2217 1816 2287 ignorantiam,
1844 2221 1972 2290 quia
1997 2221 2158 2292 igno—
2257 2219 2447 2276 dentes
2467 2235 2564 2277 vos
2597 2220 2746 2290 ipsos
2781 2221 2835 2275 in
2860 2221 3344 2278 sanctiﬁcationem
3377 2221 3508 2278 Deo.
3541 2221 3772 2276 Sanctitate

573 2311 701 2358 rant
741 2304 910 2359 vitam
939 2303 1057 2372 Dei,
1100 2319 1224 2376 quae
1261 2305 1568 2378 ignorantia
1595 2309 1761 2364 estin
1791 2311 1900 2366 illis
1947 2320 2159 2386 propter
2259 2311 2382 2367 dico
2419 2321 2476 2367 et
2507 2312 2720 2382 justitia
2765 2327 2876 2368 non
2913 2313 3302 2380 simulationis,
3343 2313 3440 2368 sed
3475 2313 3701 2376 raritatis,
3725 2325 3770 2364 ne

576 2395 870 2449 cacitatem
909 2395 1108 2464 cordis,
1139 2395 1194 2451 id
1228 2405 1314 2452 est
1344 2407 1564 2468 propter
1590 2410 1919 2456 excaecatum
1942 2417 2039 2458 cor
2059 2417 2157 2458 eo-
2258 2401 2584 2456 simulemus
2626 2416 2728 2458 nos
2761 2417 2886 2457 esse
2908 2402 3110 2472 justos,
3151 2417 3278 2457 cum
3307 2403 3440 2458 mali
3471 2403 3649 2459 simus.
3677 2401 3771 2454 Pro-

573 2501 723 2542 rum.
753 2485 894 2542 Cum
933 2487 1080 2542 enim
1119 2485 1286 2558 prius
1306 2490 1660 2560 praedicatum
1690 2501 1776 2548 est
1802 2493 1908 2550 illis
1931 2494 2156 2550 verbum
2257 2501 2374 2564 pter
2401 2495 2560 2565 quod,
2585 2495 2638 2550 id
2675 2503 2762 2550 est
2783 2495 2914 2566 quia
2951 2503 3106 2551 vetus
3147 2496 3318 2551 homo
3351 2496 3677 2567 deponendus
3699 2503 3768 2556 eet,

573 2577 695 2644 Dei,
723 2577 1036 2637 facultatem
1064 2581 1376 2640 habuerunt
1396 2585 1726 2659 intelligendi
1746 2605 1761 2654 ;
1785 2596 1842 2643 et
1864 2604 1974 2644 non
2004 2589 2160 2644 intel-
2257 2599 2434 2640 novus
2479 2585 2816 2652 induendus,
2865 2586 2987 2642 ideo
3024 2603 3376 2644 assumamus
3405 2587 3634 2643 membra
3664 2585 3768 2648 novi,

571 2669 797 2742 ligendi,
837 2673 932 2729 sed
963 2672 1094 2744 quia
1123 2675 1404 2748 elegerunt
1441 2677 1714 2748 ignorare,
1749 2680 1872 2736 ideo
1901 2682 2158 2736 excacati
2257 2675 2590 2746 deponentes
2622 2677 2866 2732 membra
2901 2679 3102 2734 veteris
3125 2679 3332 2734 scilicet
3359 2679 3650 2750 deponentes
3669 2691 3768 2728 mett-

573 2773 707 2822 sunt
742 2765 878 2822 adeo
920 2767 1070 2836 quod
1101 2767 1216 2840 jam
1257 2769 1585 2840 impotentes
1624 2774 1736 2828 sint
1769 2774 1916 2844 quod
1950 2775 2155 2830 bonum
2255 2768 2472 2822 dacium
2498 2767 2643 2838 quod
2665 2770 2970 2824 membrum
2995 2771 3194 2826 veteris
3214 2779 3320 2826 est.
3346 2769 3632 2842 Loquimini
3655 2782 3770 2820 nuut-

571 2865 660 2912 est
685 2857 1138 2917 animadvertere.
1165 2858 1290 2918 Haec
1309 2879 1420 2919 non
1445 2863 1566 2920 ideo
1583 2865 1828 2936 loquitur
1855 2867 1981 2936 illis,
2008 2868 2156 2938 quod
2256 2861 2476 2931 quisque
2509 2862 2783 2915 veritatem
2825 2878 2946 2915 cum
2989 2863 3233 2932 proximo
3273 2879 3391 2918 suo.
3438 2861 3633 2916 Veritas
3663 2857 3767 2913 enim

575 2945 804 3022 Ephesii
833 2948 888 3004 in
915 2949 1100 3022 aliquo
1123 2953 1265 3008 male
1290 2954 1614 3023 erraverint,
1640 2957 1734 3011 sed
1769 2957 1896 3026 quia
1927 2957 2155 3013 vereba-
2257 2951 2564 3007 membrum
2585 2961 2672 3008 est
2687 2951 2914 3008 Christi.
2938 2952 3231 3010 Veritatem
3255 2955 3408 3026 loqui
3431 2954 3665 3009 debemus
3679 2961 3766 3003 cun

574 3047 667 3094 tur
691 3053 760 3095 ne
795 3039 983 3098 faciles
1011 3049 1196 3098 essent
1231 3043 1300 3100 ad
1341 3045 1483 3102 ritus
1524 3046 1806 3116 gentilium
1839 3049 2064 3115 retrahi,
2097 3047 2154 3104 in
2257 3041 2529 3111 proxima,
2579 3044 2832 3114 quoniam
2867 3061 3052 3098 sumus
3093 3043 3328 3100 membra
3371 3045 3600 3108 invicem,
3639 3040 3680 3094 id
3709 3045 3766 3092 εει

570 3129 775 3201 quibus
805 3140 932 3191 ante
961 3132 1124 3188 fidem
1147 3131 1365 3190 fuerant
1389 3138 1714 3192 conversati.
1747 3135 1901 3204 Quod
1930 3153 2037 3193 non
2067 3155 2156 3194 er-
2180 3169 2222 3228 Ο
2255 3134 2395 3188 alter
2415 3133 2662 3228 alterius.
2694 3133 2785 3190 Sic
2817 3135 2911 3205 qui
2944 3134 3230 3191 defraudat
3255 3137 3580 3207 proximum,
3617 3133 3660 3186 in
3681 3143 3766 3184 cor-

568 3221 815 3278 raverint
837 3223 1112 3296 colligitur
1136 3241 1203 3282 ex
1232 3241 1300 3282 eo
1321 3227 1466 3298 quod
1495 3229 1658 3298 paulo
1681 3228 1911 3285 inferius
1941 3231 2156 3285 vocabit
2188 3221 2222 3228 ⁷
2255 3237 2388 3294 pore
2413 3239 2516 3279 suo
2535 3223 2782 3280 fraudem
2812 3224 2963 3292 facit,
2985 3226 3182 3280 iterum
3207 3225 3486 3282 induendo
3505 3235 3692 3278 novum-

568 3327 668 3369 eos
711 3324 963 3382 sanctos;
1004 3317 1095 3387 qui
1130 3319 1387 3374 excaecati
1424 3319 1777 3390 desperantes.
1829 3321 1967 3376 Cum
2004 3322 2154 3377 enim
2327 3315 2635 3371 Irascimt'ni
2670 3327 2858 3372 contra
2889 3326 3172 3388 peccatum
3210 3316 3446 3373 fratrum
3471 3358 3487 3384 ,
3534 3323 3580 3369 et
3609 3313 3652 3367 in
3687 3310 3764 3362 ira-

574 3402 845 3460 audiunt:
907 3403 1085 3462 llomo
1137 3418 1386 3482 resurget
1431 3409 1488 3464 in
1542 3411 1713 3482 gloria
1732 3453 1747 3478 ,
1803 3413 2125 3483 conregnahi

2255 3405 2456 3460 scendo
2485 3405 2646 3460 nolite
2679 3405 2760 3462 sic
2789 3423 3025 3477 peccare,
3061 3415 3122 3474 pl
3164 3407 3232 3462 de
3279 3413 3580 3475 contemptu
3611 3395 3763 3472 peccati

572 3491 798 3550 Christo
837 3503 966 3563 ete.,
1013 3495 1270 3572 frivolum
1313 3501 1421 3556 hoc
1462 3511 1716 3572 putantes
1754 3503 2063 3573 desperant,
2102 3513 2157 3560 et
2253 3495 2556 3566 improvide
2581 3498 2754 3553 ruatis
2787 3497 2842 3552 in
2882 3506 3250 3568 contemptum
3275 3498 3530 3568 proximi.
3561 3493 3638 3549 Sic
3657 3489 3762 3544 enin

569 3583 698 3640 ideo
716 3583 1059 3643 tradiderunt
1079 3589 1424 3661 semetipsos,
1446 3601 1500 3647 et
1523 3607 1630 3648 non
1649 3601 1860 3648 tantum
1883 3608 2154 3650 consensu
2251 3597 2532 3657 peccatum
2578 3589 2871 3644 odiendum
2917 3597 3004 3644 est
3045 3598 3106 3644 ut
3143 3589 3282 3644 nihil
3341 3589 3522 3644 minus
3571 3583 3764 3652 diligatur

570 3677 930 3734 et-voluntate
951 3689 1146 3736 euntes
1169 3681 1227 3735 in
1249 3683 1619 3752 Operationem
1637 3685 1825 3750 omnis
1855 3685 2153 3740 immundi-
2253 3688 2502 3734 creatura
2532 3679 2646 3734 Dei.
2693 3679 2751 3734 lu
2777 3681 3064 3736 irascendo
3091 3689 3274 3736 autem
3303 3697 3412 3736 non
3441 3673 3710 3750 peccabitis.
3729 3668 3762 3725 si

569 3767 683 3836 tim,
705 3768 834 3840 quia
854 3769 1002 3840 quod
1023 3770 1164 3826 male
1185 3771 1496 3841 voluerunt,
1515 3773 1756 3831 deterius
1775 3776 1984 3848 operati
2003 3787 2149 3833 sum,
2253 3767 2354 3834 sol,
2381 3768 2432 3823 id
2453 3778 2537 3824 est
2559 3769 2816 3826 divinitas
2839 3770 3156 3826 illuminans
3183 3785 3304 3838 vos,
3331 3771 3418 3826 vel
3440 3771 3537 3836 sol,
3565 3766 3612 3822 id
3635 3771 3700 3818 est
3717 3759 3762 3814 il-

565 3855 631 3916 ιη
652 3857 1025 3931 operationem
1049 3861 1410 3920 immunditize
1430 3864 1572 3934 dico,
1597 3865 1651 3921 in
1674 3868 1920 3924 avaritia.
1938 3868 2116 3936 Quant

2253 3859 2515 3916 luminata
2551 3861 2692 3917 ratio
2737 3871 2919 3917 vestra
2949 3879 3052 3917 non
3091 3863 3332 3930 occidat,
3387 3863 3440 3918 id
3479 3869 3556 3916 est
3583 3851 3759 3912 nonde

565 3951 717 4008 enim
743 3953 1080 4013 immundius
1116 3958 1504 4029 operabantur,
1537 3967 1689 4016 tanto
1715 3959 1984 4016 avidior-es
2023 3959 2152 4016 facti
2251 3939 3762 4024 strttatursuper,idestpmpteriracundiamvestramquod

573 4057 707 4106 sunt
733 4050 1224 4110 immunditiarum.
2249 4042 2332 4099 ira
2363 4043 2417 4096 in
2449 4043 2605 4098 vobis
2631 4059 2741 4098 non
2775 4053 2994 4114 superet
3015 4046 3304 4102 rationem.
3329 4045 3426 4102 Sol
3443 4041 3628 4098 occidat
3647 4046 3760 4103 ηψπ

653 4138 746 4200 Vel
777 4144 932 4200 aliter
959 4162 973 4198 ε
1009 4141 1366 4198 Tradiderat“
1397 4159 1451 4196 se
1488 4144 1546 4196 in
1572 4143 1967 4197 immunditiam
2004 4153 2060 4198 et
2097 4146 2154 4199 ἱη
2251 4131 2607 4198 iracundiam,
2630 4148 2660 4187 a
2681 4133 3037 4189 similitudine
3057 4150 3246 4190 eorum
3267 4135 3474 4192 dictum
3495 4141 3571 4188 ρει
3591 4125 3758 4199 qlile

569 4236 882 4296 auaritiam.
906 4233 1106 4291 (nentes
1142 4233 1223 4292 sic
1262 4233 1535 4304 impudice
1566 4242 1620 4288 et
1649 4233 1928 4290 immunde
1954 4235 2117 4289 amliu

2252 4222 2307 4278 in
2338 4223 2478 4278 valle
2515 4223 2710 4292 positis
2733 4265 2750 4292 ,
2803 4239 2965 4280 mons
3019 4241 3252 4297 magnus
3303 4228 3600 4297 superesset
3639 4223 3757 4304 super

565 4327 712 4394 lant;
742 4342 830 4382 vos
871 4334 1050 4383 autem
1091 4341 1196 4380 non
1233 4325 1312 4378 ita
1341 4302 1628 4378 didicistis
1661 4323 1930 4378 Christum
1961 4326 2150 4379 ambu-
2250 4329 2414 4382 Quem
2435 4314 2518 4370 eis
2539 4314 2808 4370 οθείάθτθι
2833 4317 2936 4382 SOI.
2965 4316 3097 4372 dum
3133 4317 3366 4374 altitudo
3403 4314 3593 4372 montis
3613 4302 3759 4364 Nam

567 4417 729 4484 (asse,
774 4431 940 4490 quem
984 4415 1142 4486 sequi
1191 4414 1420 4473 debetis.
1467 4412 1580 4470 Hac
1621 4423 1802 4469 tamen
1841 4416 2151 4471 conditione
2251 4406 2420 4460 SOiem
2451 4415 2736 4462 averteret.
2769 4405 2866 4461 Vel
2885 4407 3042 4464 aliter
3065 4409 3222 4479 quasi
3251 4409 3456 4466 diceret
3488 4424 3501 4460 :
3529 4401 3670 4456 Video
3687 4405 3758 4447 νο*

565 4506 712 4572 dico,
741 4505 788 4558 si
813 4503 1062 4571 audistis,
1093 4502 1148 4558 id
1180 4511 1265 4558 est
1293 4502 1634 4559 intellexistis
1663 4503 1818 4557 illum
1843 4505 2150 4574 Christum,
2178 4519 2227 4580 ι)
2251 4510 2360 4550 non
2408 4509 2570 4565 posse
2621 4497 2839 4566 penitus
2891 4498 3158 4554 contineri
3206 4499 3276 4554 ab
3311 4499 3414 4554 ira.
3469 4493 3636 4590 Patior
3657 4498 3754 4590 ,νοε-

567 4603 620 4650 et
650 4595 704 4652 si
724 4595 904 4649 cdocti
937 4603 1066 4649 estis
1098 4593 1154 4647 in
1191 4594 1324 4663 ipso,
1363 4593 1416 4648 id
1445 4601 1532 4648 est
1570 4594 1624 4648 in
1655 4593 2040 4652 informatione
2067 4597 2149 4667 ἴρ-
2253 4585 2562 4643 "admitti
2607 4596 2665 4642 et
2707 4589 2780 4644 ita
2823 4591 2970 4660 quod
3009 4589 3171 4645 nolite
3209 4606 3444 4660 peccare,
3485 4585 3536 4642 id
3556 4589 3629 4638 est

565 4685 705 4744 sius.
731 4683 888 4754 Quod
916 4685 1104 4756 utique
1134 4701 1326 4746 verum.
1352 4693 1454 4752 est,
1486 4687 1632 4756 quod
1662 4685 1893 4742 audistis
1919 4703 2070 4754 eum,
2093 4697 2150 4744 et
2249 4687 2374 4735 actu
2403 4695 2805 4738 consummare.
2841 4682 2913 4738 Et
2957 4683 3062 4738 hoc
3103 4683 3403 4738 cavendum
3443 4679 3579 4766 utile
3599 4671 3700 4766 erit,
3721 4671 3754 4766 si

566 4780 623 4834 in
650 4777 772 4850 ipso
807 4777 980 4834 edocti
1025 4777 1182 4844 estis,
1219 4791 1328 4832 non
1363 4777 1431 4832 de
1469 4776 1722 4844 falsitate,
1759 4779 1853 4833 sed
1893 4781 2031 4833 sicut
2067 4789 2146 4833 est
2248 4769 2331 4826 SOI
2359 4785 2468 4826 lien
2499 4771 2711 4826 OCCidal
2739 4787 2900 4842 super
2933 4771 3272 4829 iracundiam
3299 4765 3614 4834 vestram.“
3641 4767 3752 4816 95‘“

564 4871 762 4925 ueritas
785 4870 844 4923 in
868 4868 1018 4924 Iesu.
1055 4867 1152 4924 His
1176 4867 1320 4926 enim
1358 4883 1481 4937 qua:
1505 4869 1664 4924 docui
1691 4883 1790 4924 vos
1810 4869 1876 4924 de
1899 4869 2140 4938 Christo,
2247 4861 2570 4933 priusquam
2609 4864 2794 4918 veniat
2831 4879 3080 4934 vespera,
3111 4864 3413 4934 deponatur
3433 4863 3530 4918 ira-
3557 4853 3754 4910 θὶοθτθυί

565 4959 704 5014 nihil
723 4957 975 5018 falsitatis
998 4957 1286 5023 admiscui,
1317 4966 1378 5012 ut
1397 4955 1695 5023 Nicolaitae,
1718 4958 1812 5028 qui
1845 4959 2144 5030 praedicant
2245 4955 2322 5009 illi
2351 4972 2370 5008 θ
2388 4953 2644 5025 Ρηθείρίε
2665 4955 2824 5010 nolite
2843 4971 3075 5025 peccare,
3105 4957 3200 5012 sed
3223 4955 3493 5027 quomodo
3511 4953 3660 5022 potest
3677 4943 3752 4996 Ιιοο

564 5047 852 5108 Christum
878 5063 987 5103 non
1013 5047 1350 5118 improbasse
1375 5061 1726 5102 communem
1755 5063 1916 5102 usum
1948 5049 2142 5104 mulie-
2247 5061 2316 5100 ne
2347 5059 2636 5115 peccemus
2659 5045 2812 5102 ﬁeri?
2829 5045 2912 5101 Ad
2935 5047 3038 5103 hoc
3063 5047 3140 5104 ait
3168 5066 3181 5102 :
3209 5045 3281 5103 Ut
3305 5054 3573 5120 peccatum
3599 5030 3749 5094 etede‘

565 5154 715 5204 rum,
745 5147 799 5193 et
833 5139 1045 5196 caneris
1081 5136 1412 5196 falsitatibus
1451 5138 1730 5194 verita-tem
1773 5137 1978 5194 Christi
2012 5155 2144 5196 con-
2243 5151 2306 5192 re
2356 5137 2598 5207 possitis,
2627 5137 2786 5192 nolite
2808 5137 3004 5205 locum,
3027 5137 3082 5194 id
3101 5147 3186 5196 est
3211 5135 3750 5220 opportunitatem???

565 5227 824 5286 fundunt.
847 5227 915 5284 Et
942 5227 1071 5300 quia
1095 5228 1394 5283 secundum
1417 5229 1698 5284 veritatem
1723 5229 1900 5285 edocti
1922 5231 2054 5287 estis
2087 5232 2144 5286 in
2245 5227 2404 5282 candi
2437 5229 2566 5283 dare
2585 5227 2799 5282 diabolo
2843 5227 2900 5288 in
2923 5229 3102 5296 vobis,
3137 5230 3232 5286 sed
3251 5209 3428 5302 fugite
3453 5238 3586 5283 eum.
3613 5209 3748 5302 Nili“

564 5315 806 5383 Christo,
855 5317 1021 5388 igitur
1063 5317 1305 5387 deponite
1349 5333 1436 5372 vos
1469 5327 1690 5373 ueterem
1724 5320 2007 5376 hominem.
2047 5321 2144 5380 Vel
2243 5315 2418 5372 locum
2438 5317 2568 5374 dare
2588 5317 2831 5383 diabolo;
2857 5319 2952 5376 sed
2981 5319 3071 5374 ille
3091 5321 3181 5390 qui
3204 5301 3354 5390 prius
3377 5301 3746 5390 furabttlm‘oj‘”I

566 5403 644 5460 ita
668 5423 681 5460 :
711 5403 909 5462 Edoctt‘
929 5405 1116 5475 utique
1139 5405 1265 5459 estis
1300 5405 1356 5459 ὺι
1381 5404 1510 5460 J‘esu
1535 5407 1786 5478 deponere
1807 5427 1902 5465 vos
1922 5421 2142 5466 veterem
2243 5409 2441 5464 antodo
2475 5425 2578 5464 non
2615 5407 2840 5479 furatur.
2881 5409 2964 5466 Ad
2991 5393 3225 5470 litteram
3257 5410 3360 5469 Sed
3395 5405 3551 5476 magis
3573 5395 3744 5454 laboret,

565 5495 856 5562 hominem,
889 5509 1000 5552 non
1030 5495 1178 5566 quod
1210 5511 1431 5551 cantem
1465 5497 1534 5552 ab
1554 5511 1621 5554 eo
1647 5498 1946 5556 derivatam
1973 5501 2146 5572 depo-
2241 5499 2298 5555 id
2335 5509 2420 5556 est
2459 5501 2708 5560 laborare
2745 5503 2910 5574 eligat
2941 5503 3205 5571 operando
3249 5503 3482 5558 manibus
3507 5491 3636 5554 suis,
3663 5491 3744 5580 nell

564 5584 733 5652 natis,
763 5601 889 5668 qua
915 5565 1084 5641 semei
1124 5585 1415 5657 deponitur
1443 5603 1540 5658 per
1559 5597 1812 5656 mortem,
1839 5591 1934 5646 sed
1973 5565 2144 5661 depo-
2241 5592 2536 5650 homicidia
2557 5594 2646 5650 vel
2691 5565 3026 5664 huiusmodi,
3071 5595 3166 5650 sed
3199 5595 3338 5666 quod
3363 5593 3540 5648 bonum
3573 5565 3742 5668 ei

560 5677 680 5736 nite
703 5659 829 5732 eum
851 5677 1138 5732 secundum
1167 5678 1450 5748 pristinam
1473 5679 1939 5748 conversationem,
1975 5680 2028 5736 id
2044 5659 2148 5738 ‘est
2239 5689 2337 5737 est.
2379 5681 2447 5738 Et
2467 5683 2604 5740 adeo
2627 5659 2841 5740 laboret
2869 5691 2932 5740 ut
2955 5659 3156 5740 habeat
3197 5659 3325 5751 sibi,
3369 5689 3419 5738 et
3443 5672 3566 5734 unde
3587 5659 3741 5756 πίδαξι

563 5769 868 5829 secundum
897 5778 1219 5829 vetustatem
1261 5769 1593 5848 Opemionis
1620 5771 1848 5844 peccati.
1881 5771 2146 5844 Deponite
2239 5774 2494 5846 proximo.
2515 5776 2877 5834 necessitatem
2901 5776 3152 5848 patienti.
3175 5773 3377 5836 lterum
3399 5765 3533 5830 aliud
3558 5780 3570 5818 ε
3593 5755 3738 5816 0"“
