3928 6408
173 417 297 472 5M

710 410 713 413 ’
797 405 1156 464 EXPOSITIO
1193 403 1259 460 ΙΝ
1298 398 1677 458 EPISTOLAS
1712 393 1938 451 PAULI.
1977 428 2047 438 —
2082 393 2150 449 IN
2188 393 2404 451 EPIST.
2446 395 2536 451 AD
2574 392 2812 448 EPHES.
2872 381 2878 386 ”

3315 383 3428 451 ’δι’

174 545 366 586 sermo
385 513 561 582 imitus
583 542 686 580 non
706 523 973 594 procedat,
997 522 1050 577 id
1077 530 1159 576 est
1184 520 1364 575 nullus
1386 532 1564 574 sermo
1589 515 1765 570 malus
1791 513 1838 572 Δ
1874 525 1892 561 ε
1921 518 2104 580 pterea
2135 509 2301 565 nolite
2345 509 2464 567 fieri
2513 508 2900 579 imprudentes,
2939 506 3034 563 sed
3068 507 3427 580 intelligentes

113 607 455 690 3'proeedat
481 632 545 672 ea:
582 632 670 670 ore
703 621 890 668 uestro.
928 611 1031 667 Sed
1052 613 1098 665 si
1120 612 1236 681 quis
1259 624 1438 664 sermo
1479 616 1563 662 est
1604 607 1765 660 bonus

175 717 246 764 et
281 707 431 762 utilis
463 706 531 760 ad
567 704 973 774 aediﬁcationem
1001 701 1146 771 ﬁdei,
1173 699 1225 753 id
1247 706 1331 754 est
1367 705 1426 752 ut
1459 696 1767 766 proximum

180 798 428 852 aedificet
454 797 507 850 in
530 796 654 861 ﬁde,
687 794 775 848 ille
806 791 1078 863 procedat.
1109 789 1189 844 lta
1216 798 1397 869 tamen
1423 795 1479 840 ut
1512 787 1598 840 det
1642 800 1767 856 gra-

184 892 333 943 tiam
378 887 734 952 audientibus,
767 894 827 940 ut
874 891 1062 956 gratus
1109 883 1180 937 sit
1215 881 1281 937 iis
1307 880 1399 951 qui
1435 879 1683 945 audiunt,
1716 885 1771 933 et

179 982 342 1047 loco,
374 988 430 1034 et
459 987 719 1048 tempore.
763 974 876 1031 Vos
905 973 1111 1045 praelati
1140 972 1302 1043 (sicut
1319 972 1522 1026 dictum
1545 969 1646 1041 est)
1669 969 1771 1024 do-

184 1080 339 1126 cete.
387 1068 473 1136 Et,
503 1083 600 1123 vos
628 1066 924 1130 auditores,
960 1064 1121 1118 nolite
1155 1064 1487 1128 contristare,
1514 1075 1622 1120 non
1651 1057 1774 1115 dico

187 1163 383 1215 solum
405 1176 500 1213 eos
522 1157 614 1227 qui
636 1173 732 1210 vos
755 1157 1051 1219 instruunt,
1081 1154 1174 1208 sed
1207 1152 1299 1222 qui
1329 1154 1384 1208 in
1413 1153 1493 1207 eis
1535 1151 1777 1221 loquitur

187 1250 471 1322 Spiritum
499 1256 758 1304 sanctum.
789 1246 1073 1317 Spiritum,
1097 1245 1238 1310 dico,
1264 1243 1380 1297 Dei.
1404 1241 1591 1297 Videte
1613 1256 1778 1312 quam

193 1341 394 1412 gravis
417 1340 594 1410 culpa,
617 1337 745 1408 quia
764 1337 808 1391 si
834 1335 1266 1406 przedicatorem,
1285 1341 1338 1387 et
1362 1331 1612 1402 spiritum
1635 1331 1690 1385 in
1713 1345 1780 1386 eo

189 1434 543 1505 loquentem;
569 1441 624 1487 et
651 1431 698 1485 si
714 1425 1271 1499 spiritum,nll'enditis
1291 1433 1344 1480 et
1366 1424 1558 1490 Deum;
1586 1423 1662 1477 ita
1685 1422 1781 1493 qui

192 1525 617 1596 praedicatorem
660 1519 904 1587 oll'endit,
934 1518 1106 1573 Deum
1132 1515 1354 1571 oﬂ'endit
1384 1535 1397 1569 :
1431 1513 1611 1569 Nolite
1652 1529 1773 1568 con-

193 1615 433 1667 tristare
475 1610 753 1680 Spiritum,
795 1610 853 1662 in
872 1624 971 1679 quo
1008 1605 1213 1677 Spiritu
1245 1605 1443 1675 signati
1467 1605 1636 1670 estis;
1685 1619 1784 1660 vos

193 1705 357 1759 enim
391 1718 537 1769 cera,
581 1700 819 1771 Spiritus
855 1698 1090 1769 sigillum
1132 1696 1455 1767 impressum
1483 1694 1658 1750 vobis.
1694 1691 1784 1749 Si-

197 1795 362 1865 gnati
390 1793 512 1848 dico
543 1793 597 1846 in
625 1791 710 1845 die
740 1788 1107 1858 redemptionis
1132 1828 1147 1854 ,
1193 1785 1247 1841 id
1276 1794 1359 1841 est
1387 1784 1640 1852 baptismi
1665 1818 1681 1849 ,
1729 1783 1787 1836 in

198 1895 324 1950 quo
369 1881 440 1934 ab
469 1879 617 1934 omni
662 1885 888 1946 peccato
921 1870 1183 1942 redempti
1219 1871 1373 1927 estis.
1426 1869 1610 1926 Nolite
1659 1867 1790 1926 cen-

202 1974 434 2024 tristare
470 1965 746 2037 Spiritum,
791 1965 886 2020 sed
915 1964 1136 2018 tollatur
1167 1981 1200 2016 a
1223 1963 1366 2016 vobis
1396 1963 1565 2016 omnis
1593 1962 1793 2016 amari-

204 2060 345 2114 tudo
384 2058 572 2125 animi,
595 2067 644 2111 et
670 2059 773 2123 ira,
801 2056 856 2111 id
897 2064 980 2111 est
1013 2055 1192 2111 subita
1226 2053 1521 2109 commotio
1545 2052 1711 2108 animi
1742 2061 1792 2108 et

203 2149 541 2219 indignatio.
601 2147 658 2201 Si
703 2147 850 2201 enim
899 2145 1152 2217 ignobilis
1196 2142 1602 2214 superabundat
1637 2143 1794 2199 vobis

206 2237 520 2302 nobilibus,
547 2251 617 2290 ne
636 2233 1011 2304 indignemini.
1043 2233 1114 2286 Et
1142 2232 1362 2299 clamor,
1389 2246 1458 2286 ne
1491 2231 1797 2286 inordinate

205 2341 240 2382 (ε
263 2325 578 2380 inclametis
605 2324 884 2395 litigando,
924 2331 972 2377 et
1004 2322 1328 2392 blasphemia
1357 2319 1501 2376 facta
1529 2321 1585 2375 in
1625 2321 1796 2376 Deum

206 2418 297 2471 vel
331 2416 665 2485 proximum.
709 2413 813 2480 Qui
852 2412 997 2469 enim
1032 2413 1114 2468 sic
1136 2413 1215 2467 ait
1252 2431 1266 2468 :
1296 2413 1478 2480 Quare
1513 2415 1618 2469 hoc
1653 2412 1800 2468 Deus

209 2507 388 2562 fecit?
429 2505 658 2561 Videtur
696 2504 899 2560 dixisse
925 2503 1073 2574 quod
1104 2503 1247 2560 Deus
1287 2520 1398 2560 non
1426 2505 1565 2561 bene
1589 2504 1796 2560 fecerit.

214 2597 288 2653 Ut
310 2597 554 2653 breviter
573 2595 756 2651 omnia
780 2609 1121 2662 removeam;
1170 2595 1286 2652 haec
1328 2613 1447 2651 cum
1469 2597 1610 2650 omni
1643 2594 1804 2649 mali—
1864 2594 1866 2598 ’

213 2691 323 2757 tia,
381 2688 434 2743 id
475 2697 561 2745 est
600 2687 778 2744 omnis
823 2685 1028 2741 malitia
1080 2685 1302 2740 tollatur
1326 2705 1358 2741 a
1387 2687 1546 2742 vobis.
1578 2685 1656 2741 Ne
1683 2678 1802 2742 sitis

213 2778 403 2834 amari
427 2778 510 2833 vel
548 2778 870 2849 blasphemi,
902 2778 991 2832 sed
1026 2783 1189 2831 estote
1217 2778 1444 2848 benigni,
1477 2777 1530 2833 id
1557 2786 1642 2832 est
1667 2776 1804 2848 largi

219 2869 466 2924 invicem
501 2869 636 2926 alter
663 2871 841 2928 dando
885 2872 1060 2928 alteri.
1093 2870 1160 2926 Et
1201 2870 1250 2926 si
1295 2885 1402 2925 non
1434 2869 1644 2924 habetis
1673 2867 1806 2938 quid

219 2953 395 3023 detis,
443 2966 615 3014 estote
661 2959 851 3014 saltem
895 2959 1257 3016 misericordes
1297 2958 1502 3025 animo,
1551 2957 1806 3012 donantes

218 3050 477 3115 invicem,
525 3049 579 3104 id
627 3057 717 3106 est
748 3049 1075 3123 indulgendo
1103 3051 1239 3106 alter
1271 3048 1446 3116 alteri,
1487 3048 1625 3103 sicut
1671 3046 1808 3102 Deus

219 3141 453 3195 donavit
494 3142 635 3196 vobis
678 3150 900 3213 peccata
945 3142 1003 3196 in
1038 3141 1271 3199 Christo.
1310 3141 1364 3198 id
1396 3149 1482 3198 est
1513 3155 1611 3212 per
1644 3139 1807 3196 Chri-

223 3239 402 3285 stum.

766 3323 931 3396 πε
960 3321 1189 3380 CAPUT
1217 3321 1263 3376 v

308 3435 334 3466 ‹
364 3413 552 3470 Estote
579 3429 710 3486 ergo
739 3413 1040 3470 imitatores
1054 3412 1169 3480 Dei,
1193 3412 1334 3469 sicut
1356 3412 1448 3466 ﬁlii
1480 3410 1810 3476 ebarissimi,

236 3526 259 3559 c
289 3515 351 3562 et
377 3507 651 3562 ambulate
677 3507 734 3562 in
761 3506 1071 3575 dilectione,
1103 3505 1244 3562 sicut
1269 3513 1323 3560 et
1348 3503 1604 3559 Christus
1628 3501 1818 3558 dilexit

237 3618 260 3650 ‹
295 3613 424 3664 nos,
448 3605 503 3653 et
523 3597 744 3653 tradidit
771 3597 1124 3668 semetipsum
1155 3611 1256 3666 pro
1297 3593 1458 3650 nobis
1485 3593 1815 3649 oblationem

240 3708 262 3740 ε
291 3699 352 3744 et
382 3687 620 3743 hostiam
668 3685 782 3742 Deo
813 3687 870 3742 in
902 3687 1122 3743 odorem
1154 3685 1457 3743 suavitatis.
1508 3684 1818 3740 Fornicatio

242 3799 262 3833 ‹
294 3789 506 3845 autem,
556 3786 613 3834 et
655 3777 836 3834 omnis
885 3777 1250 3845 immunditia,
1281 3784 1375 3833 aut
1421 3777 1670 3844 avaritia,
1718 3791 1820 3833 nec

243 3891 265 3924 ς
296 3870 618 3926 nominetur
642 3869 700 3924 in
742 3869 919 3936 vobis,
964 3869 1106 3925 sicut
1134 3870 1289 3925 decet
1314 3875 1554 3935 sanctos,
1584 3875 1681 3923 aut
1705 3875 1821 3922 tur-

245 3982 265 4013 ι
298 3961 516 4032 pitudo,
546 3969 640 4016 aut
665 3960 1084 4032 stultiloquium,
1114 3967 1210 4017 aut
1257 3958 1580 4026 scurrilitas,
1603 3975 1726 4030 quae
1753 3960 1822 4016 ad

249 4075 268 4106 ε
298 4070 419 4110 rem
450 4067 560 4109 non
591 4053 840 4124 pertinet,
873 4053 969 4109 sed
995 4052 1171 4124 magis
1196 4051 1494 4123 gratiarum
1525 4051 1686 4128 actio:
1711 4050 1826 4108 Hoc

249 4166 271 4198 σ
303 4147 456 4201 enim
485 4145 680 4201 scitote
701 4145 1079 4215 intelligentes,
1110 4143 1259 4215 quod
1301 4142 1482 4199 omnis
1507 4141 1824 4211 fornicator,

250 4246 403 4293 eaut
453 4237 804 4303 immundus,
856 4245 951 4291 aut
995 4251 1213 4303 avarus,
1276 4235 1424 4306 quod
1446 4243 1529 4292 est
1557 4233 1828 4291 idolorum

252 4349 272 4381 ι
304 4329 546 4385 servitus
569 4370 583 4394 ,
623 4343 732 4382 non
764 4327 925 4383 habet
949 4327 1318 4383 haereditatem
1346 4325 1401 4380 in
1429 4340 1598 4397 regno
1624 4322 1830 4380 Christi

255 4441 274 4474 ι
303 4432 361 4476 et
385 4419 500 4475 Dei.
525 4419 698 4476 Nemo
724 4437 821 4478 vos
849 4419 1070 4475 seducat
1098 4417 1351 4472 inanibus
1376 4415 1586 4483 verbis;
1611 4423 1832 4486 propter

1873 620 1891 653 ι
1921 615 2041 669 quae
2068 599 2140 654 sit
2165 600 2418 655 voluntas
2446 597 2544 652 Dei
2571 597 2743 668 (Rom.
2774 611 2872 663 ιιι,
2894 596 2963 662 2;
2997 595 3027 649 1
3051 595 3228 651 Thess.
3252 613 3324 664 tv,
3347 599 3424 668 5).

1872 709 1891 742 ι
1919 689 1983 744 Et
2033 690 2200 744 nolite
2254 687 2514 744 inebriari
2557 688 2707 754 vino,
2740 687 2795 740 in
2823 700 2933 756 quo
2959 695 3044 741 est
3070 686 3305 754 luxuria,
3336 688 3430 743 sed

1873 798 1891 832 ι
1923 779 2219 849 implemini
2240 778 2445 849 Spiritu
2476 786 2685 845 sancto,
2706 778 2988 848 loquentes
3030 778 3432 848 vobismetipsis

1875 889 1894 922 ι
1924 870 1980 924 in
2015 870 2259 941 psalmis,
2287 880 2342 926 et
2375 870 2613 942 hymnis,
2658 877 2712 925 et
2763 868 2992 924 canticis
3038 869 3432 938 spiritualibus,

1877 979 1896 1013 c
1924 969 2203 1016 cantantes
2247 969 2302 1016 et
2348 961 2639 1032 psallentes
2686 959 2741 1014 in
2787 959 3041 1016 cordibus
3085 961 3280 1016 vestris
3322 959 3420 1015 Do-

1850 1065 1897 1103 ἰ
1926 1051 2094 1117 mino,
2133 1051 2335 1121 gratias
2383 1059 2604 1121 agentes
2649 1063 2863 1118 semper
2910 1063 3009 1119 pro
3060 1048 3337 1115 omnibus,
3377 1049 3434 1102 in

1880 1161 1899 1195 ι
1929 1143 2147 1197 nomine
2173 1141 2386 1197 Domini
2412 1141 2585 1195 nostri
2613 1138 2740 1195 Jesu
2768 1138 2973 1193 Christi
2998 1179 3015 1205 ,
3055 1137 3164 1193 Deo
3191 1149 3245 1194 et
3267 1138 3435 1193 Patri.

1851 1243 1853 1246 '
1882 1253 1900 1286 ι
1930 1232 2170 1304 Subjecti
2197 1231 2449 1297 invicem,
2477 1230 2532 1284 in
2560 1230 2755 1284 timore
2780 1227 3004 1283 Christi.
3029 1227 3280 1284 Mulieres
3305 1228 3440 1282 viris

1883 1341 1902 1376 ι
1935 1322 2051 1378 suis
2077 1321 2306 1376 subdita:
2334 1320 2465 1386 sint,
2495 1319 2639 1372 sicut
2679 1316 2929 1385 Domino,-
2955 1317 3211 1386 quoniam
3243 1317 3326 1370 vir
3351 1332 3443 1371 ca-

1885 1429 1904 1463 (
1931 1418 2028 1480 put
2051 1417 2136 1465 est
2163 1407 2425 1472 mulieris,
2454 1406 2597 1462 sicut
2621 1404 2871 1460 Christus
2896 1413 3058 1474 caput
3085 1413 3166 1459 est
3190 1403 3446 1458 Ecclesiae

1885 1521 1906 1554 ι
1937 1500 1990 1569 (Ι
2013 1499 2136 1556 Cor.
2157 1515 2237 1565 χι,
2263 1498 2348 1569 5);
2383 1497 2499 1567 ipse
2526 1496 2762 1551 salvator
2791 1496 3035 1564 corporis
3063 1495 3201 1564 ejus.
3235 1493 3340 1549 Sed
3366 1494 3444 1548 si-

1888 1610 1907 1643 c
1936 1597 2028 1646 cut
2055 1588 2297 1644 Ecclesia
2323 1587 2586 1658 subjecta
2629 1593 2717 1640 est
2741 1584 2982 1652 Christo,
3011 1583 3086 1638 ita
3112 1592 3167 1640 et
3192 1583 3448 1637 mulieres

1889 1698 1908 1732 ‹
1937 1679 2069 1734 viris
2100 1677 2216 1734 suis
2242 1677 2296 1731 in
2320 1676 2596 1732 omnibus.
2624 1673 2760 1738 Viri,
2789 1672 2994 1742 diligite
3017 1683 3220 1726 uxores
3241 1679 3451 1726 vestras

1891 1789 1912 1819 ς
1941 1769 2080 1838 (Col.
2109 1780 2194 1828 ιιι,
2222 1762 2322 1830 i8;
2356 1763 2388 1817 Ι
2407 1762 2555 1818 Petr.
2580 1779 2662 1829 ιιι,
2687 1762 2771 1834 1),
2801 1761 2943 1818 sicut
2978 1769 3033 1817 et
3066 1760 3318 1816 Christus
3363 1761 3451 1815 di-

1897 1874 1915 1908 ‹
1943 1855 2077 1909 lexit
2106 1853 2424 1918 Ecclesium,
2475 1859 2529 1906 et
2583 1850 2823 1919 seipsum
2876 1849 3099 1905 tradidit
3132 1863 3234 1919 pro
3279 1863 3363 1914 ea,
3396 1854 3454 1903 ut

1898 1963 1918 1998 ι
1947 1944 2092 1998 illam
2137 1941 2527 2006 sanctificaret,
2587 1937 2860 1993 mundans
2917 1940 3138 1992 lavacro
3192 1950 3348 2006 aqua:
3400 1935 3458 1989 in

1899 2053 1919 2088 ι
1949 2034 2114 2091 verbo
2132 2034 2276 2100 vitae,
2301 2040 2362 2087 ut
2383 2030 2661 2087 exhiberet
2684 2029 2800 2098 ipse
2826 2027 2930 2083 sibi
2957 2027 3250 2098 gloriosam
3278 2024 3461 2080 Eccle-

1901 2147 1920 2181 ι
1951 2127 2108 2192 siam,
2133 2140 2241 2180 non
2286 2124 2572 2178 habentem
2618 2119 2888 2176 maculam
2910 2158 2928 2186 ,
2979 2125 3074 2172 aut
3119 2130 3332 2186 rugam,
3365 2121 3463 2170 aut

1901 2234 1921 2268 ε
1948 2216 2150 2288 aliquid
2181 2212 2495 2285 huiusmodi
2518 2253 2532 2280 ,
2581 2210 2676 2268 sed
2702 2218 2764 2265 ut
2792 2209 2865 2266 sit
2891 2215 3080 2264 sancta
3114 2214 3169 2263 et
3197 2206 3462 2261 immacu-

1904 2331 1922 2365 ι
1954 2312 2081 2365 lata.
2135 2309 2213 2364 Ita
2239 2318 2295 2364 et
2343 2307 2449 2362 viri
2478 2307 2675 2362 debent
2701 2304 2924 2376 diligere
2971 2315 3181 2358 uxores
3222 2314 3372 2365 suas,
3403 2306 3467 2352 ut

1903 2421 1923 2453 ‹
1958 2415 2186 2470 corpora
2240 2415 2356 2454 sua.
2389 2396 2492 2464 Qui
2524 2411 2682 2453 suam
2709 2409 2938 2450 uxorem
2981 2390 3177 2462 diligit,
3224 2388 3466 2458 seipsum

1906 2511 1925 2544 ι
1955 2487 2146 2563 diligit.
2170 2490 2340 2547 Nemo
2357 2489 2502 2546 enim
2522 2502 2765 2559 unquam
2787 2498 3008 2542 carnem
3041 2497 3199 2538 suam
3227 2479 3355 2536 odio
3369 2478 3470 2532 ha-

1908 2599 1928 2632 c
1959 2580 2096 2646 buit,
2123 2579 2217 2634 sed
2245 2577 2416 2633 nutrit
2434 2584 2492 2632 et
2511 2574 2658 2632 fovet
2673 2588 2817 2642 eam,
2847 2571 2990 2630 sicut
3013 2578 3070 2626 et
3092 2567 3345 2624 Christus
3371 2563 3472 2620 Ec-

1909 2690 1929 2726 ι
1957 2672 2177 2729 clesiam
2195 2690 2206 2725 :
2219 2670 2347 2740 quia
2360 2667 2605 2724 membra
2619 2680 2811 2723 sumus
2820 2660 3066 2733 corporis
3076 2658 3201 2730 ejus
3217 2657 3289 2714 de
3304 2671 3472 2714 carne

1910 2777 1928 2810 ι
1957 2757 2076 2828 ejus
2098 2763 2155 2811 et
2179 2755 2247 2811 de
2265 2753 2483 2810 ossibus
2500 2749 2876 2822 ejus.Propter
2889 2749 2996 2802 hoc
3015 2744 3287 2814 relinquet
3305 2743 3473 2796 homo

1913 2854 2148 2918 «patrem
2173 2853 2228 2900 et
2273 2851 2502 2898 matrem
2527 2853 2714 2906 suam,
2743 2846 2798 2893 et
2826 2833 3122 2892 adhaerebit
3147 2830 3306 2886 uxori
3338 2844 3474 2895 suae,

1913 2958 1932 2992 ι
1961 2948 2016 2995 et
2043 2945 2205 2993 erunt
2243 2935 2354 2991 duo
2393 2932 2453 2988 in
2487 2945 2653 2988 carne
2686 2943 2796 2986 una
2845 2925 3003 2998 (Gen.
3036 2940 3098 2992 ιι,
3121 2922 3233 2990 28;
3276 2919 3472 2974 Matth.

1915 3049 1933 3084 ι
1961 3045 2077 3096 xix,
2099 3029 2176 3098 5).
2202 3025 2612 3081 Sacramentum
2631 3021 2737 3076 hoc
2757 3031 3016 3088 magnum
3035 3023 3137 3070 est.
3161 3012 3478 3083 Ego,autem

1915 3140 1936 3174 ι
1966 3121 2108 3187 dico,
2163 3119 2219 3173 in
2247 3116 2466 3171 Christo
2492 3120 2549 3168 et
2589 3112 2646 3166 in
2689 3107 2952 3166 Ecclesia.
3002 3103 3388 3161 Verumtamen
3425 3108 3483 3157 et

1833 3188 1881 3253 ο
1916 3231 1936 3266 ι
1963 3226 2062 3267 vos
2111 3207 2352 3278 singuli,
2401 3195 2780 3275 unusquisque
2831 3207 3061 3256 uxoriam
3121 3209 3280 3251 suam
3331 3192 3479 3249 sicut

1917 3323 1935 3357 ι
1965 3303 2206 3372 seipsum
2276 3295 2466 3369 dilig’at
2497 3336 2513 3363 ,
2575 3308 2714 3350 uxor
2781 3299 2964 3348 autem
3033 3287 3226 3344 timeat
3296 3284 3479 3340 virum

1920 3415 1940 3450 ς
1969 3407 2150 3453 suum.
2182 3410 2200 3443 ι

2546 3509 2829 3555 EXPOSITIO
2838 3536 2847 3552 .

1988 3597 2054 3653 Et
2081 3594 2211 3668 quia
2235 3593 2382 3651 Deus
2424 3589 2647 3648 donavit
2691 3593 2934 3659 peccata,
2970 3597 3091 3654 ergo
3120 3585 3285 3635 estote
3306 3576 3488 3668 imita-

1919 3699 2055 3744 tores
2097 3667 2228 3754 Dei,
2276 3687 2416 3741 sicut
2457 3682 2561 3753 ﬁlii
2604 3677 2943 3743 charissimi,
2988 3669 3312 3730 dimittendo
3353 3667 3490 3722 alter

1920 3778 2095 3836 alteri.
2148 3775 2261 3833 Nec
2304 3775 2484 3830 solum
2513 3769 2764 3827 donando
2808 3763 3138 3828 imitamini,
3188 3758 3283 3816 sed
3319 3757 3486 3813 etiam

1921 3868 2188 3925 ambulate
2235 3866 2293 3920 in
2345 3861 2664 3926 dilectione,
2712 3863 2775 3911 ut
2817 3854 2955 3910 alter
3000 3851 3230 3908 alterum
3258 3846 3490 3924 _diligat,

1922 3962 2057 4016 sicut
2079 3967 2130 4014 et
2159 3956 2402 4014 Christus
2445 3951 2634 4007 dilexit
2664 3964 2776 4004 nos.
2809 3943 3007 4001 Dilexit
3040 3939 3259 4013 utique;
3289 3939 3490 3995 etenim

1925 4048 2150 4105 tradidit
2177 4045 2510 4114 semetipsum
2541 4055 2638 4112 pro
2663 4037 2812 4092 nobis
2842 4033 3162 4114 oblationem
3185 4038 3235 4085 et
3269 4029 3500 4083 hostium

1926 4140 2035 4195 Deo
2066 4139 2124 4193 in
2164 4112 2375 4191 odorem
2411 4128 2712 4187 suavitatis.
2761 4123 2822 4177 In
2849 4113 3022 4177 veteri
3049 4112 3168 4188 lege
3194 4115 3498 4172 oblationes

1925 4231 2245 4286 dicebantur
2269 4235 2438 4294 panes
2481 4212 2907 4290 propositionis,
2956 4206 3279 4274 luminaria,
3311 4214 3366 4260 et
3392 4205 3498 4260 hu-

1925 4318 2184 4393 jusmodi.
2220 4313 2410 4370 Hostia
2438 4325 2568 4367 vero
2592 4350 2607 4375 ,
2657 4306 2803 4378 quod
2836 4302 3175 4359 mactabatur
3223 4297 3280 4353 in
3313 4294 3494 4351 altari.

1929 4389 1990 4466 in
2017 4408 2237 4464 Christo
2258 4421 2388 4460 vero
2412 4444 2428 4470 ,
2475 4399 2679 4456 oblatio
2727 4395 2830 4451 fuit
2873 4393 3058 4449 omnia
3085 4390 3176 4445 illa
3203 4389 3346 4444 bona
3377 4402 3503 4456 qua:

255 4533 280 4565 ε-
306 4514 430 4568 ιιωο
459 4511 603 4566 enim
635 4511 784 4566 venit
808 4477 888 4566 ira
920 4509 1016 4566 Dei
1045 4510 1099 4564 in
1129 4508 1270 4564 filios
1297 4477 1632 4563 difﬁdentim:
1652 4477 1832 4560 Nolite
1862 4516 1910 4573 ι)
1933 4499 2100 4572 gessit
2128 4510 2302 4566 usque
2345 4493 2410 4548 ad
2443 4491 2588 4548 diem
2629 4487 2843 4544 mortis.
2889 4481 3079 4538 Hostia
3109 4488 3290 4573 autem
3319 4477 3503 4573 dictus

257 4623 279 4655 ι
307 4619 442 4674 ergo
457 4602 594 4658 etlici
620 4602 921 4673 participes.
938 4615 1148 4655 eorum.
1176 4599 1354 4654 Eratis
1372 4597 1517 4654 enim
1537 4595 1832 4668 aliquando

258 4715 280 4746 ς
312 4694 578 4759 tenebrae,
610 4709 755 4748 nunc
780 4701 960 4747 autem
989 4691 1083 4746 lux
1109 4690 1162 4744 in
1188 4689 1450 4755 Domino;
1484 4696 1545 4743 ut
1571 4687 1668 4742 filii
1695 4686 1834 4742 lueis

259 4805 280 4838 ς
315 4785 594 4840 ambulate
625 4783 893 4839 :Fructus
917 4782 1063 4838 enim
1111 4780 1250 4836 lucis
1295 4787 1380 4834 est
1407 4779 1464 4833 in
1494 4779 1643 4833 omni
1671 4777 1832 4832 boni-

262 4895 283 4928 c
315 4885 448 4941 tate,
471 4885 525 4930 et
549 4875 761 4946 justitia
791 4883 846 4930 et
872 4873 1125 4928 veritate:
1155 4871 1456 4925 Probantes
1484 4869 1614 4939 quid
1646 4867 1718 4923 sit
1741 4868 1836 4923 be—

262 4985 283 5018 ι
316 4967 648 5037 neplacitum
687 4965 816 5021 Deo.
850 4963 916 5019 Et
956 4964 1121 5018 nolite
1149 4961 1551 5018 communicare
1579 4959 1835 5030 operibus

265 5077 286 5112 ι
319 5057 680 5115 infructuosis
705 5058 1083 5122 tenebrarum;
1114 5054 1287 5126 magis
1309 5062 1488 5108 autem
1511 5052 1835 5122 redarguite.

267 5170 290 5204 ι
320 5150 457 5218 Quae
483 5151 630 5220 enim
680 5151 736 5204 in
785 5149 1000 5204 occulto
1029 5147 1164 5202 fiunt
1212 5147 1281 5201 ab
1308 5144 1462 5216 ipsis,
1495 5152 1653 5214 turpe
1678 5151 1758 5199 est
1787 5151 1844 5198 et

270 5260 290 5295 α
323 5243 523 5298 dicere.
571 5240 764 5296 Omnia
817 5248 996 5295 autem
1045 5251 1167 5308 quae
1215 5243 1536 5307 arguuntur,
1569 5250 1598 5288 a
1636 5233 1844 5288 lumine

271 5353 292 5385 ε
321 5332 761 5388 manifestantur.
810 5329 984 5385 Omne
1009 5329 1152 5384 enim
1183 5327 1325 5398 quod
1356 5324 1738 5380 manifestatur
1757 5323 1843 5378 lu-

273 5445 300 5480 ο
325 5441 451 5480 men
499 5434 602 5480 est.
655 5422 882 5492 Pr0pter
907 5419 1053 5494 quod
1079 5417 1210 5474 dicit
1242 5435 1255 5471 :
1289 5414 1462 5488 Surge
1493 5415 1585 5486 qui
1612 5413 1841 5480 domis,

275 5537 300 5569 ς
325 5526 379 5572 et
404 5529 638 5584 exsurge
663 5530 694 5568 a
723 5513 954 5569 mortuis
983 5553 998 5579 ,
1047 5519 1103 5567 et
1135 5508 1463 5563 illnminabit
1491 5514 1544 5560 te
1570 5504 1842 5560 Christus.

280 5629 301 5664 ι
332 5607 519 5664 Videte
551 5607 754 5676 itaque,
787 5605 1002 5672 fratres,
1032 5603 1307 5675 quomodo
1349 5607 1506 5656 caute
1534 5595 1846 5662 ambuletis,

283 5719 304 5752 α
331 5715 441 5755 non
463 5697 624 5769 quasi
647 5696 982 5762 insipientes,
1005 5695 1099 5750 sed
1123 5703 1181 5748 ut
1203 5693 1476 5763 sapientes
1503 5688 1640 5759 (Col.
1664 5703 1746 5754 ιιι,
1771 5687 1846 5756 5),

287 5808 317 5845 ι
336 5789 666 5848 redimentes
695 5799 928 5859 tempus,
953 5786 1212 5858 quoniam
1242 5783 1360 5840 dies
1387 5781 1513 5838 mali
1548 5788 1692 5835 sunt.
1719 5777 1852 5832 Pro-

1934 4566 2037 4658 est,
2069 4587 2289 4660 quando
2322 4583 2563 4653 seipsum
2592 4577 2790 4634 obtulit
2834 4575 2890 4629 in
2935 4587 3030 4628 ara
3078 4570 3281 4634 erucis,
3331 4575 3386 4622 et
3413 4566 3504 4620 illa

1937 4655 2295 4736 vetus-hostia
2323 4673 2602 4729 dicebatur
2627 4681 2748 4722 esse
2791 4662 3151 4719 suavissimus
3197 4658 3332 4714 odor
3370 4655 3504 4722 Deo,

1937 4767 2238 4827 secundum
2271 4761 2598 4820 sacrilicium
2640 4753 2870 4819 Christi,
2913 4751 3057 4822 quod
3087 4745 3508 4818 praeﬁgurabat;

1938 4859 2238 4919 secundum
2268 4871 2327 4910 se
2351 4853 2494 4908 enim
2543 4847 2769 4904 fetidum
2812 4851 2949 4898 erat.
2999 4839 3180 4893 Estote
3213 4836 3510 4890 imitatores

1940 4951 2060 5017 Dei,
2087 4963 2196 5004 non
2225 4953 2404 5002 autem
2443 4940 2818 4996 fornicatores.
2859 4930 3015 4999 Quod
3041 4930 3123 4986 sic
3153 4927 3230 4983 ait
3266 4945 3280 4981 :
3312 4925 3510 4980 Forni-

1937 5016 2078 5098 catio
2106 5040 2276 5094 omnis
2321 5031 2659 5091 immunditia
2707 5027 2890 5098 (sicut
2933 5035 3076 5094 saepe
3113 5016 3520 5091 exposuimus)

1939 5140 2031 5189 aut
2089 5127 2318 5184 avaritia
2347 5167 2362 5192 ,
2407 5137 2518 5178 non
2561 5118 2740 5175 solum
2789 5115 2914 5171 dico
2964 5126 3075 5167 non
3125 5108 3230 5176 sit,
3278 5105 3375 5164 sed
3425 5121 3518 5160 nec

1939 5225 2102 5282 etiam
2134 5220 2432 5275 nominetur
2466 5214 2523 5266 in
2555 5211 2726 5274 vobis,
2772 5206 2824 5262 id
2861 5213 2946 5261 est
2985 5219 3054 5260 ne
3085 5215 3187 5258 vos
3225 5199 3366 5255 tales
3407 5195 3517 5252 im-

1938 5313 2162 5389 provide
2204 5303 2558 5366 exhibueritis
2600 5301 2743 5356 unde
2769 5297 2918 5389 quis
2941 5295 3094 5389 male
3119 5291 3320 5389 saltem
3347 5286 3524 5389 possit

1945 5375 2175 5477 bpinari.
2214 5400 2349 5455 Dico
2392 5411 2502 5452 non
2551 5390 2861 5447 nominetur
2906 5385 2964 5441 in
3009 5383 3195 5449 vobis,
3238 5381 3379 5433 sicut
3427 5375 3526 5430 de-

1947 5504 2024 5553 cet
2068 5501 2277 5550 sanctos
2304 5531 2319 5558 ,
2369 5485 2514 5558 quod
2559 5481 2692 5539 estis
2739 5487 2839 5536 ves
2863 5519 2879 5545 ,
2921 5491 3031 5532 non
3077 5479 3293 5557 tantum
3323 5479 3538 5558 curans.

1949 5589 2093 5654 Deo,
2128 5584 2222 5641 sed
2262 5555 2425 5638 etiam
2462 5574 2748 5648 providere
2776 5571 2916 5625 bona
2958 5578 3151 5622 coram
3171 5555 3524 5654 homini-bus.

1950 5644 2342 5750 ngocans
2364 5644 2722 5728 eos'sanctos,
2737 5659 2913 5715 innuit
2937 5670 2995 5711 se
3010 5667 3121 5709 non
3142 5644 3548 5750 scribet-ellum,

1957 5735 2109 5843 EE;
2107 5762 2472 5840 peccaverint,
2509 5755 2602 5813 sed
2633 5759 2849 5825 propter
2896 5749 3001 5805 hoc
3025 5743 3202 5803 solum
3241 5746 3314 5798 et
3337 5735 3544 5798 sibiide
