3928 6416
589 353 696 412 345

1121 350 1178 407 S.
1219 328 2252 422 BRUNONIS'CARTHUSIANORUM
2291 345 2783 406 INSTITUTORIS
2819 347 2973 405 OPP.
3013 349 3196 412 PARS
3232 350 3294 408 ll.

3693 361 3768 418 δη

585 479 784 526 caetero
815 465 1156 538 provideant.
1185 464 1494 522 Fornicatio
1514 475 1622 520 non
1659 463 1969 520 nominetur
1985 463 2042 518 in
2059 478 2162 518 vo-
2187 461 2237 522 Δ
2265 477 2392 518 cum
2411 462 2639 532 paenitet
2663 478 2724 518 se
2745 463 2886 518 male
2928 437 3125 536 egisse.
3155 464 3250 521 Vel
3282 467 3440 522 aliter
3462 487 3475 527 :
3497 467 3666 527 Omnia
3681 493 3770 546 quae

585 561 694 628 bis,
723 567 816 613 aut
843 556 1136 626 turpitudo,
1163 566 1256 610 aut
1284 555 1696 626 stultiloquium,
1719 564 1814 606 aut
1837 553 2157 626 scurrilitas.

588 648 1004 720 Turpitudinem
1035 655 1193 702 vocat
1237 645 1640 701 attrectationes
1696 651 1751 699 et
1788 644 1908 700 illas
1959 643 2159 702 mulie-

583 759 712 798 rum
733 740 1194 806 deosculationes;
1220 737 1641 808 stultiloquium,
1665 736 1722 791 in
1745 735 1853 792 illis
1885 725 1988 806 qui
2003 735 2158 792 labo-

583 843 713 888 rant
755 831 997 902 apposite
1035 830 1182 900 loqui
1224 829 1548 884 mulieribus
1587 829 1656 884 ad
1698 828 2155 900 persuadendum.

587 922 902 980 Scurrilitas
929 931 1013 978 est
1039 929 1250 991 pectere
1275 929 1332 975 et
1361 935 1558 976 ornare
1583 936 1663 987 se,
1691 929 1751 976 ut
1773 922 2028 991 placeant
2047 920 2156 980 illis

583 1017 679 1085 qui
705 1016 950 1086 iudicant
972 1013 1350 1080 curialitatem,
1384 1029 1510 1084 qua:
1538 1014 1844 1070 scurrilitas
1889 1031 1994 1068 non
2031 1031 2156 1084 per-

583 1106 714 1159 tinet
742 1105 809 1158 ad
833 1121 959 1170 rem,
987 1103 1041 1157 id
1069 1112 1154 1158 est
1175 1119 1286 1158 non
1315 1113 1526 1173 spectat
1576 1104 1646 1158 ad
1679 1104 1918 1174 aliquam
1947 1105 2153 1162 utilita-

579 1203 712 1261 tem,
735 1204 788 1249 et
807 1195 926 1250 ideo
959 1209 1072 1248 non
1099 1195 1412 1250 nominetur
1441 1195 1497 1249 in
1515 1195 1690 1262 vobis,
1713 1195 1804 1250 sed
1826 1198 1994 1267 magis
2013 1198 2153 1252 actio

577 1285 898 1354 gratiarum,
936 1284 990 1339 id
1021 1293 1107 1340 est
1143 1286 1223 1342 sic
1245 1286 1470 1342 honeste
1515 1302 1614 1342 vos
1646 1287 1857 1354 habete,
1888 1296 1948 1342 ut
1970 1289 2026 1342 in
2050 1303 2150 1344 vo-

575 1373 660 1428 bis
715 1383 879 1444 agant
925 1377 1130 1446 gratias
1167 1376 1278 1431 Deo
1323 1377 1418 1447 qui
1477 1377 1618 1432 bona
1653 1385 1832 1434 vestra
1894 1379 2146 1436 viderint.

571 1459 704 1516 ldeo
725 1461 841 1518 haec
861 1478 972 1518 non
994 1465 1346 1520 nominentur
1366 1466 1424 1520 in
1454 1465 1628 1532 vobis,
1679 1466 1808 1537 quia
1831 1467 1928 1537 qui
1957 1467 2152 1538 hujus-

569 1551 722 1608 modi
771 1561 874 1620 est,
896 1567 1004 1608 non
1033 1553 1198 1608 habet
1222 1554 1589 1610 hereditatem
1628 1555 1684 1610 in
1711 1571 1882 1629 regno
1907 1556 2022 1612 Dei.
2050 1555 2149 1613 Vel

569 1639 648 1698 ita
678 1659 692 1696 :
724 1638 840 1695 Non
872 1644 1050 1698 solum
1071 1645 1192 1698 ideo
1217 1659 1322 1700 neu
1356 1647 1707 1706 nominentur
1727 1649 1782 1702 in
1809 1648 1980 1715 vobis,
2017 1649 2148 1718 quia

569 1741 684 1782 non
705 1729 980 1796 pertinent
999 1731 1067 1786 ad
1099 1746 1244 1800 rem;
1271 1733 1364 1788 sed
1391 1733 1558 1790 etiam
1593 1734 1715 1790 ideo
1740 1739 1870 1806 quia
1893 1738 2148 1795 auferunt

569 1832 799 1888 regnum
825 1819 940 1876 Dei.
965 1820 1121 1888 Quod
1149 1824 1228 1878 sic
1261 1825 1336 1880 ait
1361 1843 1376 1882 ε
1405 1827 1595 1882 scitote
1616 1827 1733 1896 liae,
1772 1829 2142 1900 intelligentes,

567 1907 625 1964 id
645 1917 730 1966 est
745 1911 932 1966 subtili
949 1912 1310 1984 intelligentia
1343 1917 1449 1972 hoc
1463 1917 1838 1985 discutientes,
1865 1919 2004 1989 quod
2026 1935 2142 1974 om-

565 1999 654 2052 nis
679 2000 990 2068 fornicator,
1019 2012 1113 2058 aut
1133 2005 1459 2072 immundus,
1483 2017 1576 2062 aut
1604 2025 1818 2074 avarus,
1847 2009 2010 2078 quod,
2037 2008 2146 2064 sci-

563 2088 692 2144 licet
710 2106 937 2147 avarum
975 2108 1097 2148 esse
1137 2103 1218 2150 est
1248 2099 1472 2152 servitus
1516 2099 1800 2154 idolorum.
1833 2099 1972 2156 Dum
1994 2101 2142 2158 enim

563 2191 764 2234 avarus
806 2181 982 2251 magis
1025 2182 1201 2254 diligit
1259 2185 1549 2255 pecuniam
1575 2204 1744 2258 quam
1791 2189 1987 2257 Deum,
2017 2207 2139 2246 eam

563 2267 672 2322 sibi
697 2267 830 2325 facit
855 2270 1048 2330 Deum.
1086 2273 1426 2344 Fornicator,
1454 2277 1698 2348 inquam,
1729 2295 1856 2336 cum
1904 2282 2011 2342 illis
2037 2299 2142 2338 non

561 2357 720 2414 liabet
739 2359 1104 2420 hereditatem
1124 2365 1182 2418 in
1211 2381 1367 2435 regno
1391 2365 1593 2422 Christi
1615 2379 1666 2423 et
1713 2370 1838 2437 Dei,
1887 2381 1942 2427 et
1977 2389 2045 2430 ne
2071 2374 2140 2432 ab

561 2447 880 2508 haereditate
921 2453 1074 2521 regni
1105 2455 1270 2512 alieni
1295 2456 1418 2514 sitis
1457 2458 1654 2516 videte.
1699 2459 1869 2518 Nemo
1922 2465 2138 2520 seducet

559 2553 644 2592 nos
678 2539 848 2596 verbis
867 2541 1136 2611 inanibus,
1167 2544 1218 2602 id
1249 2555 1335 2604 est
1355 2547 1509 2618 falsis
1535 2558 1590 2606 ‘et
1625 2553 1996 2610 mendacibus.
2022 2553 2138 2612 Hoc

559 2627 639 2682 ait
661 2637 882 2699 propter
905 2631 1030 2688 illos
1057 2630 1376 2704 Nicolaitas,
1433 2639 1530 2708 qui
1557 2641 1860 2698 suadebant
1883 2643 1996 2700 Deo
2022 2659 2133 2702 non

559 2715 850 2788 displicere
877 2736 1217 2794 quaecunque
1243 2728 1505 2796 carnalia.

629 2806 818 2865 Videte
833 2851 848 2878 ,
873 2827 1034 2870 nemo
1052 2815 1274 2872 seducat
1306 2833 1430 2887 vos;
1470 2818 1614 2876 Nam
1645 2833 1858 2894 propter
1876 2825 1988 2881 haec
2009 2843 2132 2898 quae

551 2899 810 2968 superius
826 2903 1100 2972 prohibita
1143 2917 1296 2978 sunt,
1337 2912 1474 2966 venit
1529 2914 1646 2980 ira,
1687 2915 1742 2970 id
1767 2925 1852 2971 est
1887 2915 2126 2975 vindicta

547 2983 654 3045 Dei
675 2989 734 3046 in
756 2989 900 3062 ﬁlios
919 2994 1244 3067 difﬁdentia,
1271 2999 1326 3055 id
1353 3009 1438 3056 est
1461 3001 1529 3057 de
1555 3019 1791 3074 quorum
1823 3005 1998 3063 salute
2021 3009 2128 3064 dif-

2264 567 2566 630 arguuntur
2591 557 2850 614 alumine
2885 557 3051 628 (sicut
3069 559 3270 614 dictum
3321 562 3427 632 est)
3479 564 3770 624 manifestan-

2261 657 2352 704 tur
2379 649 2512 719 ipsis
2557 650 2650 720 qui
2687 651 3186 720 reprehenduntur;
3241 653 3390 722 prius
3417 655 3554 708 enim
3601 657 3770 728 ignora-

2259 741 2390 797 bant
2417 723 2636 811 .pondus
2678 742 2884 812 peccati
2917 743 3024 808 sui,
3048 744 3193 812 quod
3215 755 3326 813 per'
3354 723 3769 815 reprehensionem

2257 843 2580 906 agnoscunt.
2605 823 2769 889 Omne
2796 843 2970 888 autem
2992 835 3130 904 quod
3151 835 3232 888 sic
3268 835 3624 906 manifestatur
3639 839 3771 898 tam

2255 935 2353 994 est,
2377 926 2506 996 quia
2533 926 2588 979 in
2603 941 2670 980 eo
2690 925 2836 996 quod
2863 925 2978 994 jam
3009 927 3290 998 cognoscit
3317 935 3590 998 peccatum
3629 947 3768 1002 suum,

2256 1015 2661 1086 quodammodo
2685 1016 3044 1082 illuminatur,
3087 1024 3143 1072 et
3164 1017 3558 1088 appropinquat
3571 1021 3767 1090 iustitiae.

2253 1107 2482 1178 Propter
2509 1108 2648 1178 quod
2675 1109 3159 1178 comprobandum,
3194 1108 3402 1164 scilicet
3427 1111 3565 1192 quod
3588 1114 3770 1172 tenebrat

2253 1199 2392 1254 ﬁunt
2414 1199 2598 1256 lumen
2629 1215 2725 1269 per
2749 1198 3418 1267 manifestationem,dicit
3449 1201 3662 1272 Spiritus
3677 1221 3770 1260 san-

2253 1299 2374 1346 ctus
2399 1291 2454 1344 in
2489 1305 2596 1346 me.
2632 1289 2759 1346 Hzec
2809 1285 2956 1346 enim
3011 1292 3310 1347 auctoritas
3331 1293 3461 1347 alibi
3485 1309 3587 1350 non
3612 1295 3770 1352 inveni-

2251 1388 2342 1434 tur
2367 1380 2422 1434 in
2447 1379 2764 1451 Scripturis.
2789 1379 2951 1447 Dicit,
2984 1381 3206 1452 inquam
3225 1423 3240 1448 ,
3272 1382 3346 1436 ita
3376 1401 3390 1436 :
3419 1381 3496 1436 Tu
3517 1386 3599 1454 qui
3618 1387 3768 1442 dormis

2249 1485 2347 1542 per
2375 1470 2742 1542 ignorantiam
2768 1472 2824 1528 in
2846 1480 3071 1544 peccato
3097 1491 3111 1527 :
3135 1488 3288 1543 surge
3313 1489 3412 1543 per
3463 1476 3767 1545 cognitionem

2249 1562 2478 1630 peccati,
2501 1575 2600 1618 seu
2651 1578 2748 1634 per
2768 1561 3196 1632 confessionem,
3227 1573 3284 1618 et
3334 1565 3550 1636 cognito
3595 1579 3768 1638 peccato

2219 1709 2222 1714 _
2248 1667 2468 1722 exsurge
2495 1669 2528 1708 a
2557 1655 2802 1720 mortuis,
2828 1653 2884 1709 id
2910 1662 2995 1710 est
3040 1669 3070 1709 a
3099 1656 3364 1724 .peccatis
3411 1673 3533 1727 quae
3559 1670 3766 1729 generant

2219 1789 2224 1818 ί
2248 1751 2502 1800 mortem.
2529 1741 2626 1798 Vel
2655 1759 2688 1799 a
2712 1745 2968 1812 mortuis,
2990 1745 3045 1800 id
3065 1755 3148 1802 est
3163 1762 3195 1802 a
3217 1763 3450 1804 numero
3460 1759 3764 1818 mortuorum,

2245 1835 2302 1892 id
2321 1843 2407 1905 est
2427 1840 2795 1906 peccatorum,
2824 1837 3074 1894 faciendo
3101 1836 3312 1912 fructus
3337 1840 3530 1912 dignos
3549 1843 3766 1911 paeniten-

2243 1928 2352 1994 tiae,
2375 1936 2431 1982 et
2461 1927 2544 1984 sic
2569 1927 2666 1982 tibi
2696 1927 3010 2000 exsurgenti
3066 1926 3396 1998 illuminabit
3441 1931 3680 2002 Christus,
3725 1935 3764 1990 in

2241 2017 2522 2074 fundendo
2547 2018 2778 2090 gratiam
3081 2025 3094 2035 ‘
3391 2065 3400 2078 .,

2311 2110 2460 2164 Dixit
2485 2110 2738 2180 superius
2769 2109 3078 2182 redarguite
3102 2125 3269 2181 opera
3295 2113 3654 2182 tenebrarum;
3675 2131 3763 2186 qua

2239 2202 2384 2258 enim
2403 2209 2708 2272 arguuntur
2743 2216 2841 2270 per
2893 2201 3414 2272 manifestationem,
3464 2206 3531 2261 de
3571 2207 3762 2263 tenebris

2239 2289 2402 2361 250
2435 2290 2576 2348 ﬁunt
2613 2291 2820 2356 lumen,
2871 2300 2926 2346 et
2947 2292 3076 2362 quia
3115 2293 3182 2348 de
3231 2294 3608 2366 redargutione
3651 2307 3762 2352 tanta

2237 2383 2484 2453 sequitur
2511 2383 2718 2439 utilitas
2754 2391 2814 2438 ut
2833 2383 2981 2454 quod
3017 2385 3369 2442 tenebrosum
3393 2395 3476 2444 est
3493 2387 3582 2444 tiat
3601 2389 3758 2444 lumen.

2239 2474 2431 2546 Itaque
2453 2476 2646 2546 fratres
2703 2476 3013 2548 redarguite
3061 2492 3226 2547 opera
3254 2481 3594 2536 tenebrarum
3623 2489 3758 2537 :etut

2235 2566 2404 2622 libere
2424 2566 2782 2638 redarguatis,
2835 2567 3004 2621 videte
3035 2569 3294 2638 quomodo
3333 2571 3602 2626 ambuletis
3628 2581 3756 2637 caste,

2233 2658 2288 2716 id
2317 2667 2404 2714 est
2427 2674 2496 2714 ne
2523 2658 2667 2714 forte
2692 2659 3000 2730 inveniatur
3025 2659 3080 2714 in
3097 2661 3276 2728 vobis,
3299 2664 3448 2732 quod
3487 2665 3538 2718 in
3567 2664 3672 2720 aliis
3691 2679 3755 2720 re-

2231 2749 2515 2820 darguitis.
2573 2748 2742 2804 Caute
2789 2748 3088 2818 ambuletis,
3139 2767 3242 2806 non
3277 2756 3434 2823 quasi
3473 2756 3755 2825 insipientes;

2231 2840 2326 2911 qui
2347 2839 2494 2896 enim
2531 2840 2758 2910 quodin
2790 2854 2849 2895 se
2871 2849 2973 2907 est,
3010 2839 3065 2894 in
3111 2840 3218 2896 alio
3266 2843 3621 2913 reprehendit,
3659 2843 3756 2898 insi-

2229 2934 2441 3004 pienter
2461 2932 2594 3004 agit,
2629 2931 2760 2986 dum
2793 2931 2940 3002 quod
2993 2931 3098 2986 sibi
3148 2932 3203 2986 in
3234 2933 3346 2990 alio
3393 2935 3630 3006 displicet
3651 2934 3754 2990 inst

2227 3026 2334 3082 sibi
2355 3024 2532 3094 placet
2561 3042 2574 3078 :
2607 3021 2730 3078 Non
2765 3023 2919 3094 quasi
2947 3023 3275 3092 insipientes,
3301 3025 3394 3080 sed
3438 3035 3496 3080 ut
3521 3026 3749 3096 sapientes,

547 3080 796 3152 ﬁdimus,
831 3085 918 3140 vel
945 3087 1038 3157 qui
1059 3089 1128 3145 de
1155 3090 1330 3148 salute
1351 3090 1736 3183 Deidilildunt.
1769 3095 1974 3168 thuia
1997 3115 2126 3171 pro-
2161 3173 2200 3183 _
2229 3080 2396 3168 iri—es}
2424 3112 2576 3183 prius
2599 3080 2896 3183 purgantes
2933 3080 3349 3180 conscientiam,
3395 3126 3450 3170 et
3477 3080 3598 3176 tunc
3625 3080 3752 3168 liberti

546 3182 668 3243 pter
688 3174 806 3232 haec
823 3179 970 3235 venit
1001 3179 1082 3237 ira
1123 3181 1240 3250 Dei,
1284 3171 1406 3262 ergo
1429 3187 1593 3242 nolite
1651 3190 1797 3260 efﬁci
1837 3195 2122 3266 participes
2153 3173 2200 3235 ο
2229 3205 2373 3259 mala
2397 3171 2632 3274 proximi
2659 3171 3069 3275 revdarguentcs.
3116 3203 3305 3272 Caute,
3335 3171 3750 3277 inquam,.ainbli-

543 3279 748 3334 eorum,
772 3267 828 3323 id
847 3277 933 3326 est
976 3271 1379 3344 fornicationis,
1403 3278 1782 3348 immunditite,
1807 3293 1904 3338 aut
1937 3287 2122 3341 avari-

544 3355 654 3411 tiae.
685 3356 812 3413 ldeo
833 3375 942 3416 non
963 3361 1172 3420 debetis
1204 3367 1529 3438 participare
1555 3369 1661 3436 his,
1691 3373 1818 3442 quia
1839 3377 2006 3432 modo
2025 3376 2124 3432 dif-

543 3445 746 3503 ticilius
771 3458 915 3505 esset
937 3452 1092 3508 vobis
1121 3470 1367 3524 peccare,
1393 3474 1558 3530 quam
1610 3461 1740 3516 olim
1764 3481 1778 3528 ;
1815 3472 1943 3520 tunc
1973 3467 2120 3522 enim

543 3551 645 3606 per
661 3538 1046 3608 ignorantiam,
1073 3545 1170 3600 sed
1193 3561 1340 3602 nunc
1387 3550 1680 3618 prudentes
1724 3568 1949 3610 manum
1994 3559 2121 3613 mit-

543 3627 732 3684 teretis
763 3628 818 3684 in
863 3630 1064 3703 ignem.
1113 3634 1272 3706 Quod
1317 3639 1396 3694 sic
1437 3639 1551 3696 ait:
1580 3640 1762 3697 Eratis
1801 3646 2115 3718 aliquando,

541 3716 598 3772 id
625 3727 708 3774 est
729 3730 854 3776 ante
883 3723 1042 3781 tidem
1092 3728 1334 3798 tenebrte,
1387 3731 1440 3787 id
1488 3743 1572 3790 est
1604 3716 1946 3806 ignorantes;
1981 3716 2116 3798 nunc

535 3817 714 3900 intem
737 3812 831 3868 tua:
854 3814 909 3868 in
927 3813 1240 3891 Domino,!id
1264 3828 1350 3877 est
1375 3823 1666 3882 illuminati
1691 3845 1788 3900 per
1800 3829 2114 3890 Dominum.

535 3895 604 3954 Et
647 3900 768 3958 ideo
818 3905 1086 3964 ambulate
1135 3919 1194 3966 ut
1239 3912 1345 3982 ﬁlii
1373 3913 1510 3970 lucis
1562 3895 1760 3976 debent
1811 3922 2109 3981 ambulare.

527 3989 815 4052 Ambulate
841 3997 964 4054 dico
992 4000 1050 4055 in
1079 4003 1232 4058 omni
1263 4005 1522 4062 bonitate
1557 4009 1742 4066 habita
1777 4013 1831 4068 in
1855 4016 2030 4082 vobis,
2059 4026 2115 4072 et

526 4085 742 4154 iustitia
773 4097 986 4144 servata
1007 4092 1078 4146 ad
1123 4093 1456 4168 proximum,
1480 4107 1536 4154 et
1563 4100 1618 4154 in
1642 4103 1870 4159 veritate
1901 4115 1960 4162 ut
1983 4123 2111 4162 vera

534 4173 700 4228 verba
730 4175 945 4233 dicatis.
974 4177 1098 4240 Ideo
1119 4181 1176 4234 in
1199 4181 1280 4236 his
1306 4186 1434 4254 quia
1474 4187 1556 4242 sic
1591 4192 1872 4249 ambulare
1895 4204 1982 4252 est
1999 4213 2108 4256 non

533 4265 856 4334 simpliciter
884 4283 1044 4338 opus,
1091 4273 1186 4328 sed
1235 4275 1441 4344 fructus
1475 4279 1631 4348 lucis,
1683 4285 1736 4338 id
1757 4295 1841 4342 est
1867 4287 2110 4346 fructife-

533 4366 658 4406 rum
683 4368 824 4422 opus
875 4357 1328 4418 illuminatorum.
1373 4365 1656 4424 Ambulate
1692 4383 1750 4426 ut
1797 4375 1902 4444 ﬁlii
1948 4378 2104 4450 lucis,

526 4443 830 4514 probantes,
854 4446 909 4502 id
933 4457 1018 4504 est
1035 4451 1385 4520 probabiliter
1405 4443 1834 4534 considerantes,

525 4531 914 4622 beneplacitum
956 4538 1087 4596 Deo.
1135 4541 1201 4598 Et
1221 4553 1280 4599 ut
1306 4547 1452 4615 quod
1475 4531 1889 4622 beneplacitum'
1916 4571 2002 4618 est
2051 4567 2104 4620 ei

517 4620 760 4692 faciatis,
796 4629 956 4684 nolite
977 4637 1360 4692 communicare
1388 4620 1630 4709 operibus
1665 4651 2024 4722 tenebrarum,
2049 4657 2104 4712 id

517 4723 608 4771 est
633 4717 1070 4778 tcnebrosorum.
1093 4723 1359 4794 Operibus
1381 4730 1504 4786 dico
1531 4733 1878 4804 infructuosis
1903 4751 1958 4797 et
1977 4717 2104 4800 inu-

517 4801 728 4873 tilihus,
775 4810 944 4866 nolite
963 4817 1389 4886 communicare,
1429 4824 1520 4876 sed
1584 4801 1752 4898 magis
1801 4833 2102 4905 redurguite

513 4906 683 4963 opera
719 4900 1087 4958 tenebrarum.
1113 4904 1232 4960 Non
1261 4909 1480 4972 debetis,
1512 4920 1940 4989 communicare,
1959 4900 2098 4994 quia

512 4991 672 5054 turpe
697 4998 774 5042 est
802 4993 964 5045 etiam
983 4994 1178 5063 dicere,
1203 4999 1392 5054 nedum
1431 5004 1604 5073 facere
1639 5024 1701 5062 ea
1736 5028 1853 5080 quae
1873 4991 2008 5082 ﬁunt
2029 5017 2094 5074 ab

513 5078 646 5171 ipsis
672 5079 728 5131 in
769 5083 1000 5140 occulto.
1041 5105 1058 5138 ι
1096 5087 1390 5154 ρυὶ·θηίω
1419 5097 1561 5152 male
1601 5088 1711 5171 ag'it
1747 5078 1934 5159 lucem
1981 5107 2097 5168 odit

513 5165 942 5265 (10023111130).
971 5195 994 5227 s
1020 5175 1193 5248 Opera
1223 5185 1566 5244 tenebrarum
1589 5165 1914 5265 redarguite.
1933 5165 2094 5256 Modo

511 5261 749 5316 assumit
773 5281 786 5316 :
823 5263 1018 5322 Omnia
1041 5281 1217 5328 autem
1261 5293 1381 5346 qua:
1408 5293 1706 5350 arguuntur
1727 5261 1772 5338 av
1794 5285 2010 5352 lumine,
2029 5290 2092 5344 id

507 5357 596 5406 est
629 5355 1102 5422 reprehenduntur
1149 5366 1220 5420 ab
1273 5366 1629 5438 illuminatis,
1672 5359 2092 5436 manifestantur

506 5453 605 5508 per
659 5443 1085 5533 confessionem,
1129 5463 1185 5509 et
1238 5456 1370 5511 dum
1411 5470 1706 5529 arguuntur
1753 5465 1976 5533 pte-nitet
2029 5485 2090 5526 se

503 5533 648 5590 male
684 5531 880 5606 egisse.
923 5541 991 5597 Et
1013 5545 1144 5600 utile
1185 5557 1270 5602 est
1323 5549 1367 5604 si
1415 5531 1856 5612 manifestantur.
1915 5556 2087 5617 Omne

501 5623 654 5679 enim
681 5629 828 5696 quod
863 5632 944 5686 sic
977 5649 1073 5702 per
1123 5635 1526 5696 confessionem
1567 5645 1948 5706 manifestatur
1999 5652 2085 5706 lu-

505 5725 631 5768 men
657 5724 755 5778 est
791 5717 848 5772 id
873 5729 956 5776 est
981 5721 1093 5789 jam
1143 5724 1333 5798 incipit
1367 5743 1488 5786 esse
1514 5731 1568 5788 in
1599 5733 1806 5792 lumine
1834 5737 2081 5810 justitize,

2223 3297 2347 3352 late.
2367 3294 2478 3352 Nos
2499 3295 2640 3354 dico.
2667 3296 2973 3352 redimentes
2995 3307 3220 3368 tempus;
3249 3294 3557 3353 Secundum
3577 3297 3748 3351 beatum

2223 3386 2544 3456 Gregorium
2573 3395 2788 3456 tempus
2819 3386 3108 3456 redimere,
3141 3396 3225 3442 est
3263 3397 3512 3444 anteacta
3537 3387 3657 3440 mala
3675 3383 3746 3438 ﬂe-

2221 3475 2366 3530 tibus
2387 3474 2614 3532 diluere.
2645 3473 2782 3530 Cum
2805 3475 2952 3530 enim
2975 3479 3118 3532 male
3155 3475 3396 3547 agimus,
3419 3487 3619 3548 tempus
3655 3489 3746 3544 per-

2218 3566 2431 3632 dimus;
2456 3581 2582 3620 eum
2607 3580 2738 3621 vero
2761 3567 2904 3622 mala
2955 3584 3078 3638 quae
3111 3571 3386 3642 gessimus
3415 3585 3509 3640 per
3531 3567 3746 3640 pauitan-

2217 3657 2350 3712 tiam
2371 3658 2748 3724 emendamus,
2776 3667 2832 3712 et
2853 3659 3110 3729 deinceps
3133 3661 3270 3716 bene
3301 3662 3534 3732 agimus,
3575 3667 3743 3726 tempus

2217 3749 2488 3820 perditum
2515 3749 2856 3806 redimimus.
2891 3749 2988 3806 Vel
3015 3751 3352 3819 redimentes,
3395 3752 3448 3808 id
3479 3760 3558 3825 est
3577 3761 3741 3820 ρτωρθ-

2171 3883 2176 3888 .
2215 3849 2400 3896 rantes
2421 3841 2575 3898 vobis
2603 3848 2836 3910 tempus.
2868 3840 3024 3898 Tunc
3045 3842 3192 3897 enim
3215 3851 3432 3913 tempus
3453 3839 3740 3900 redimimus.

2213 3949 2340 3988 cum
2365 3948 2468 3992 nos
2489 3932 2556 3986 ad
2587 3933 2854 4002 agendum
2869 3933 3019 4002 quod
3043 3933 3246 3988 bonum
3285 3944 3375 3991 est
3411 3935 3618 3990 idoneos
3637 3941 3742 4000 pra-

2212 4038 2492 4094 paramus.
2528 4022 2682 4080 Sicut
2707 4023 2854 4078 enim
2875 4023 2970 4094 qui
3007 4025 3148 4080 male
3179 4025 3313 4096 agit,
3346 4034 3555 4096 tempus
3583 4017 3736 4092 perdil.

2213 4114 2294 4170 sic
2321 4114 2416 4184 qui
2435 4114 2574 4170 bene
2603 4113 2715 4184 agit
2766 4121 2982 4184 tempus
3039 4113 3262 4184 quidem
3311 4115 3494 4182 habet,
3529 4111 3612 4168 sed
3651 4119 3737 4170 non

2211 4203 2460 4270 redimit;
2493 4203 2588 4260 sed
2617 4201 2976 4274 preparaudo
3003 4218 3083 4272 se,
3115 4211 3176 4258 ut
3201 4203 3275 4258 sit
3307 4205 3534 4260 idoneus
3553 4200 3612 4256 ad
3632 4199 3737 4252 bene

2209 4293 2498 4365 agendum,
2523 4293 2611 4350 his
2637 4293 3130 4364 praeparationibus
3149 4301 3367 4366 tempus
3413 4294 3654 4350 redimam
3671 4285 3738 4342 di-

2209 4385 2368 4442 citur.
2397 4383 2584 4440 Videte
2610 4393 2674 4439 ut
2693 4393 2852 4441 caute
2879 4385 3190 4454 ambuletis,
3217 4394 3272 4442 et
3299 4395 3510 4457 tempus
3541 4379 3734 4438 redima-

1866 4472 2006 4540 quod
2029 4484 2106 4528 est
2139 4503 2184 4560 Β
2211 4477 2306 4542 tis,
2341 4481 2592 4546 quoniam
2633 4475 2746 4530 dies
2781 4475 2934 4544 mali,
2983 4477 3040 4534 id
3087 4485 3174 4533 est
3219 4476 3472 4534 homines
3491 4475 3544 4530 in
3583 4468 3734 4527 diebus

2207 4566 2330 4622 istis
2353 4566 2482 4620 mali
2509 4573 2650 4620 sunt.
2669 4564 2734 4620 Et
2745 4575 3018 4638 propterea
3041 4567 3304 4639 quoniam
3337 4569 3454 4624 dies
3483 4564 3599 4622 mali
3613 4567 3732 4626 sum»

2208 4655 2370 4712 nolite
2397 4657 2516 4724 ﬁeri
2543 4656 2924 4726 imprudentes,
2946 4659 3002 4714 id
3039 4669 3126 4716 est
3147 4661 3446 4732 improvide
3469 4659 3730 4728 arguentes.

2205 4747 2296 4802 sed
2327 4745 2698 4816 intelligentes,
2721 4747 2774 4802 id
2800 4757 2972 4804 estex
3004 4750 3360 4822 intelligentia
3406 4759 3458 4807 et
3483 4743 3732 4805 calliditate

2197 4839 2347 4892 mala
2401 4837 2634 4907 proximi
2663 4839 3042 4908 corripientes.
3085 4840 3464 4914 Intelligentes,
3491 4841 3621 4898 dico.
3637 4842 3728 4928 vita

2189 4928 2273 4982 sit
2295 4927 2536 4982 voluntas
2569 4924 2804 4984 Domini.
2835 4927 3102 4986 Voluntas
3150 4933 3296 4988 enim
3353 4932 3448 4987 Dei
3474 4936 3551 4986 est
3589 4924 3728 4990 111³8⁵³

2153 5079 2158 5084 .
2203 5018 2483 5076 humiliter
2511 5021 2946 5078 condescendere
2971 5026 3244 5093 proximo,
3285 5041 3448 5096 quam
3479 5020 3628 5077 nimia
3657 5025 3725 5080 ss-

2199 5109 2428 5178 peritate
2441 5127 2568 5166 eum
2597 5112 2888 5168 deterrere.
2914 5111 3094 5170 Nolite
3141 5117 3258 5172 ﬁeri
3303 5105 3722 5186 imprudentes.“

2199 5201 2362 5256 nolite
2387 5203 2641 5258 inebriari
2660 5205 2799 5272 uino,
2823 5208 2886 5274 lin
2907 5223 3010 5278 quo
3043 5207 3172 5264 vino
3225 5216 3304 5270 est
3337 5221 3458 5263 cum
3505 5198 3720 5293 ει)ήροφ

2177 5293 2456 5359 luxuria;
2477 5295 2568 5350 sed
2599 5296 2935 5352 inebriamini
2973 5297 3181 5369 Spiritu
3227 5309 3428 5355 sancto.
3479 5289 3620 5361 01³οά
3657 5289 3719 5344 δίο
3755 5343 3766 5366 .

2149 5441 2154 5446 ,
2192 5385 2306 5440 ait:
2345 5383 3112 5459 ImpleminiﬁSpiritu.sancto,
3143 5389 3408 5463 loquentes
3429 5375 3716 5446 nobismetip-

2189 5477 2292 5542 sis,
2317 5475 2372 5530 id
2392 5486 2476 5532 est
2505 5493 2630 5533 cum
2658 5479 2930 5536 intellectu
2959 5497 3154 5546 eorum
3191 5499 3315 5554 quin
3355 5475 3614 5552 profertis.
3636 5469 3714 5530 L0-

2185 5577 2420 5638 quentes,
2443 5567 2586 5636 dico,
2613 5571 2668 5622 in
2697 5571 2940 5642 psalmis.
2971 5572 3223 5638 Psalmus
3246 5575 3440 5630 dicitur
3458 5575 3631 5626 cantus
3641 5559 3711 5616 ille

2187 5655 2280 5725 qui
2308 5663 2456 5710 motu
2482 5673 2740 5712 manuum
2771 5659 2906 5716 litin
2959 5662 3322 5720 instrumento
3348 5663 3454 5728 illo,
3487 5651 3616 5730 quod
3643 5649 3706 5706 αἱ·

2187 5747 2328 5802 citur
2349 5748 2684 5818 psalterium.
2720 5749 2872 5810 Unde
2909 5755 2988 5810 sic
3017 5755 3092 5818 ait
3125 5775 3138 5812 :
3176 5755 3462 5824 Loquentes
3499 5752 3547 5806 in
3591 5737 3698 5804 ut“
