3928 6416
114 381 247 442 545
751 376 1120 436 EXPOSITIO
1154 376 1223 434 IN
1258 374 1638 435 EPISTOLAS
1671 375 1901 434 PAULI.
1935 408 2009 418 —
2047 377 2113 433 IN
2145 378 2364 436 EPIST.
2405 379 2497 436 AD
2535 329 2771 440 EPHES.
3307 385 3412 442 διδ

115 495 273 560 mis,
309 489 361 548 id
385 497 470 548 est
496 490 554 546 in
606 491 694 548 his
738 507 861 563 quae
912 490 1189 562 pertinent
1215 490 1283 545 ad
1321 490 1739 545 instructionem
1757 494 1817 550 ,Α
1844 505 1981 544 sum.
2016 489 2168 546 Uxor
2207 493 2355 548 enim
2403 509 2533 550 caro
2581 494 2684 549 viri
2715 502 2818 560 est,
2853 502 2908 549 ct
2936 493 3058 548 ideo
3092 493 3250 550 debet
3290 511 3414 550 eam

116 580 521 636 mortalitatis.
559 578 855 652 Loquentes
903 581 959 634 in
1005 581 1232 650 hymnis.
1256 577 1505 651 Hymnus
1538 578 1738 634 dicitur
1836 582 2080 652 diligere.
2135 583 2304 638 Nemo
2348 585 2486 638 enim
2531 601 2764 655 unquam
2809 585 2994 639 habuit
3045 584 3164 638 odio
3201 602 3414 663 carnem

118 674 269 728 laus
297 672 390 728 Dei
421 687 547 728 cum
577 673 819 739 cantico;
853 673 1087 745 hymnos
1108 673 1272 729 etiam
1302 671 1394 726 hic
1433 678 1610 736 vocat,
1653 671 1738 726 vel
1835 689 2038 746 suam,
2065 674 2155 728 sed
2203 676 2370 730 nutrit
2406 675 2565 742 cibis,
2599 686 2648 729 et
2695 677 2838 746 fovet
2893 693 3010 730 eam
3048 678 3409 735 vestimentis.

117 762 340 818 laudes
371 760 464 816 Dei
493 761 578 816 vel
608 771 757 831 gesta
789 771 1105 818 sanctorum
1133 762 1383 816 similiter
1407 762 1474 817 ad
1507 762 1738 833 gloriam
1837 745 2099 835 Martyl‘es
2155 765 2319 820 etiam
2383 765 2476 836 qui
2521 745 2716 823 carnes
2775 784 2905 823 suas
2955 768 3292 825 tradiderunt
3346 749 3414 826 ad

115 853 257 910 Dei.
288 854 582 926 Loquentes
613 853 778 910 etiam
809 855 864 908 in
892 855 1114 908 canticis
1149 853 1501 924 spiritalibus.
1543 854 1737 909 Canti-
1838 854 2040 924 ignem,
2077 854 2612 931 dicenturdilexisse
2637 873 2879 924 carnem,
2907 858 3037 913 dum
3068 874 3190 914 eam
3220 860 3414 934 volue-

118 962 271 1003 eurn
310 947 512 1002 dicitur
543 947 835 1003 exsultatio
862 948 930 1002 de
959 946 1169 1002 caelesti
1206 947 1374 1012 bono,
1421 955 1474 1001 et
1510 947 1631 1002 ideo
1658 947 1734 1002 ait
1839 956 1968 1002 runt
1991 949 2101 1018 pati
2129 948 2196 1002 ad
2222 949 2433 1014 horam,
2453 958 2513 1004 ut
2541 951 2620 1004 sic
2649 943 3096 1029 requiesceretin
3128 961 3414 1028 aeternum,

119 1037 492 1108 spiritalibus
525 1039 768 1108 :quibus
818 1038 1048 1094 canticis
1088 1039 1324 1093 maxime
1355 1045 1584 1092 utuntur
1617 1053 1737 1094 mo-
1839 1037 1993 1094 Sicut
2039 1039 2290 1095 inﬁrmus
2336 1039 2430 1109 qui
2459 1055 2678 1095 carnem
2708 1056 2864 1096 suam
2901 1041 3113 1097 medico
3141 1043 3304 1098 tradit
3347 1043 3418 1122 ad

119 1128 332 1194 uachi,
367 1137 594 1197 agentes
616 1129 690 1183 ibi
718 1129 773 1183 in
821 1128 1094 1184 desiderio
1134 1128 1334 1184 futurae
1362 1128 1733 1184 beatitudinis.
1836 1131 2126 1198 urendum,
2158 1142 2212 1187 et
2254 1133 2568 1198 secandum,
2620 1142 2680 1187 ut
2727 1148 2822 1201 per
2857 1125 3202 1203 asperitatem
3253 1135 3418 1217 unius

119 1216 258 1272 Non
297 1217 480 1272 solum
506 1232 633 1272 cum
662 1211 936 1273 intellectu
969 1219 1254 1289 loquentes
1287 1217 1548 1288 psalmos,
1577 1217 1735 1290 hym-
1835 1222 1942 1280 diei
1975 1223 2171 1278 haheat
2213 1222 2376 1293 longo
2423 1232 2664 1293 tempore
2697 1224 2937 1292 quietam
2974 1211 3417 1308 sanitatcmlcor—

119 1327 264 1380 nos,
295 1315 534 1380 cantica,
567 1312 661 1368 sed
690 1311 854 1367 etiam
908 1320 1196 1382 operantes
1229 1310 1376 1382 quod
1413 1311 1733 1380 loquuntur.
1835 1316 2006 1386 poris.
2055 1313 2239 1369 Nutrit
2267 1314 2393 1369 dico
2433 1322 2489 1369 et
2526 1313 2692 1379 fovet,
2724 1315 2861 1369 sicut
2889 1313 3135 1369 Christus
3165 1300 3447 1397 nutrit

123 1402 304 1470 Quod
328 1405 413 1461 sic
451 1405 528 1460 ait
557 1425 573 1459 :
602 1403 890 1460 Cantantes
938 1404 994 1458 in
1037 1404 1255 1476 hymnis
1306 1411 1354 1457 et
1403 1405 1632 1460 canticis
1650 1447 1665 1472 ,
1685 1413 1736 1458 et
1837 1405 1986 1462 fovet
2008 1404 2306 1460 Ecclesium
2322 1406 2530 1462 scilicet
2551 1420 2651 1460 nos
2666 1406 2760 1474 qui
2787 1405 3028 1461 Ecclesia
3051 1405 3170 1476 ejus
3191 1396 3446 1471 sumus;

121 1493 455 1565 psallentes,
487 1495 541 1550 id
568 1503 652 1549 est
667 1495 802 1550 bene
823 1503 1111 1564 operantes
1141 1494 1195 1549 in
1224 1497 1469 1565 psalmis.
1504 1495 1740 1552 Cantare
1837 1498 1962 1553 ideo
2011 1498 2185 1553 nutrit
2215 1514 2314 1553 nos
2337 1540 2352 1564 ,
2391 1496 2690 1553 Ecclesiam
2717 1513 2894 1564 suam,
2924 1514 3028 1568 qua
3052 1514 3233 1551 sumus
3258 1485 3445 1576 meme

125 1586 186 1640 in
223 1586 459 1658 hymnis
482 1594 537 1641 et
590 1585 821 1642 canticis
861 1602 962 1656 pro
1019 1588 1182 1643 modo
1231 1604 1332 1644 suo
1381 1589 1595 1660 Operari
1630 1598 1733 1646 est.
1839 1589 1934 1644 bra
1964 1591 2196 1659 corporis
2235 1589 2349 1659 ejus
2374 1587 2600 1656 Christi,
2632 1587 2685 1642 id
2715 1597 2804 1643 est
2844 1586 3120 1643 Ecclesiae.
3147 1587 3258 1643 Nos
3296 1587 3422 1662 dico

123 1678 440 1734 Cantantes
467 1679 611 1746 die",
639 1687 688 1732 et
709 1677 992 1749 psallentes
1043 1678 1270 1735 Domino
1297 1681 1352 1734 in
1382 1680 1627 1735 cordibus
1653 1698 1738 1737 ve—
1837 1680 2134 1735 existentes
2180 1680 2404 1750 quidam
2457 1679 2520 1734 de
2551 1695 2708 1733 carne
2733 1678 2869 1749 ejus.
2926 1675 2992 1732 Hi
3039 1686 3167 1733 sunt
3221 1676 3424 1752 inﬁrmi

125 1771 292 1837 stris,
322 1770 378 1824 id
411 1778 578 1846 estex
609 1769 899 1825 dilectione
920 1787 1028 1825 non
1077 1773 1235 1842 quasi
1276 1771 1484 1840 coacti;
1523 1783 1734 1846 agentes
1770 1842 1805 1847 _
1839 1770 2023 1826 minus
2046 1769 2216 1828 fortes
2240 1771 2296 1825 in
2330 1769 2592 1826 Ecclesia.
2632 1769 2866 1837 Quidam
2891 1785 3022 1826 vero
3043 1757 3340 1826 existentes
3361 1769 3425 1847 de

124 1864 308 1917 et’arn
334 1843 544 1933 gratias
563 1879 764 1934 semper
789 1861 901 1917 Deo
922 1871 978 1918 et
997 1863 1168 1932 Patri,
1193 1866 1289 1935 qui
1318 1875 1372 1921 et
1421 1842 1626 1922 creavit
1684 1875 1739 1922 et
1770 1842 1815 1898 Β
1842 1863 2046 1916 ossibus
2097 1861 2232 1932 ejus,
2285 1862 2339 1917 id
2368 1871 2453 1917 est
2496 1861 2564 1916 de
2609 1861 3013 1917 robustioribus
3066 1863 3122 1916 in
3159 1842 3422 1936 Ecclesia.

127 1954 341 2024 diligit.
381 1953 604 2008 Gratias
629 1955 750 2010 dico
778 1972 873 2026 pro
921 1957 1162 2011 omnibus
1211 1974 1307 2014 seu
1350 1960 1615 2025 adversis,
1639 1977 1736 2016 seu
1841 1955 2097 2010 Christus
2153 1970 2376 2010 carnem
2441 1953 2650 2019 habuit,
2705 1953 3003 2009 secundum
3055 1952 3426 2020 inﬁrmitatem

126 2045 450 2115 prosperis.
483 2045 706 2116 Agentes
727 2046 849 2102 dico
870 2048 925 2101 in
948 2049 1178 2114 nomine,
1217 2049 1269 2104 id
1313 2059 1399 2106 est
1431 2051 1498 2105 ad
1530 2052 1737 2123 gloriﬁ-
1841 2047 2000 2116 cujus
2025 2046 2254 2101 taedebat
2280 2054 2334 2100 et
2354 2045 2603 2115 pavebat.
2636 2043 2838 2098 l-labuit
2864 2059 3014 2110 ossa,
3052 2044 3105 2097 id
3130 2034 3228 2098 est
3252 2043 3427 2116 ratio-

127 2137 388 2195 eandum
411 2151 609 2192 nomen
640 2136 849 2193 Domini
863 2141 1032 2196 nostri
1057 2137 1186 2192 Jesu
1215 2140 1562 2195 Christi.Vos
1591 2142 1736 2209 dico,
1843 2152 1965 2191 nem
1997 2135 2298 2192 secundum
2334 2151 2500 2206 quam
2539 2135 2794 2191 dicebat:
2831 2153 2849 2186 ι
2881 2133 3118 2204 Spiritus
3139 2141 3428 2206 promptus

129 2227 374 2296 subjecti
406 2227 627 2280 invicem
657 2226 794 2283 alter
813 2227 966 2284 alteri
1015 2229 1071 2282 in
1102 2229 1310 2297 timore,
1358 2231 1411 2286 id
1431 2240 1518 2287 est
1569 2231 1622 2286 in
1653 2232 1740 2287 di-
1841 2233 1926 2280 est
1973 2225 2191 2295 (Matth.
2218 2241 2368 2292 xxvr,
2401 2226 2515 2295 41).
2554 2243 2574 2276 ι
2614 2222 2704 2280 Sic
2734 2224 2894 2278 hodie
2924 2223 2979 2278 in
3027 2222 3270 2279 Ecclesia
3297 2222 3427 2300 qui-

131 2315 391 2372 lectione
425 2313 649 2370 Christi.
1840 2317 1966 2372 dam
2016 2331 2178 2384 caro,
2240 2316 2468 2388 quidam
2515 2331 2642 2372 ossa
2689 2317 2966 2374 dicuntur.
3025 2315 3085 2370 ln
3117 2317 3224 2372 hoc
3261 2315 3426 2388 etiam

206 2405 523 2476 Postquam
545 2404 663 2460 hinc
687 2415 958 2478 praecepta
981 2407 1035 2463 in
1049 2408 1267 2480 publico
1289 2410 1456 2478 dedit,
1479 2411 1738 2470 admonet
1839 2409 2007 2463 verbo
2059 2408 2228 2472 mittit
2278 2425 2379 2464 nos
2419 2409 2488 2464 ad
2547 2410 2780 2478 primam
2814 2399 3182 2474 creationem,
3208 2407 3429 2478 quando

139 2499 456 2570 separatim
489 2517 656 2558 sexus
691 2509 748 2558 et
766 2500 1130 2567 conditiones,
1161 2503 1438 2572 quomodo
1460 2504 1738 2577 cohaerere
1840 2497 2016 2552 Adam
2041 2497 2236 2553 Videtis
2253 2495 2422 2552 Evam
2452 2507 2694 2553 creatam
2718 2497 2795 2553 ait
2831 2515 2844 2553 :
2882 2516 2900 2549 ι
2934 2495 3050 2551 Hoc
3084 2511 3229 2551 nunc
3257 2510 3321 2550 os
3361 2495 3430 2550 de

136 2591 350 2647 debent
373 2591 510 2646 alter
537 2591 716 2648 alteri.
772 2591 979 2647 Littera
1026 2591 1106 2647 sic
1130 2591 1377 2664 jungitur
1407 2612 1419 2648 :
1452 2593 1584 2650 Dico
1613 2595 1737 2649 sub-
1842 2589 2061 2644 ossibus
2095 2588 2251 2654 meis,
2277 2597 2332 2643 et
2355 2603 2486 2644 caro
2513 2587 2581 2644 de
2619 2602 2784 2642 carne
2814 2602 2936 2642 mea
2973 2585 3126 2657 (Gen.
3160 2601 3220 2652 ιι,
3247 2583 3382 2664 23).,
3401 2602 3422 2635 ι

129 2682 264 2753 jecti
296 2691 483 2738 estote
506 2684 750 2750 invicem,
775 2682 870 2738 sed
909 2681 1152 2736 mulieres
1181 2682 1288 2739 alio
1332 2699 1527 2754 genere
1556 2684 1740 2754 subje—
1841 2678 2072 2749 Propter
2092 2679 2210 2747 hoc,
2243 2679 2373 2750 quia
2404 2694 2544 2733 uxor
2564 2692 2695 2734 caro
2728 2677 2833 2732 viri
2862 2685 2964 2743 est,
2992 2676 3248 2747 relinquet
3273 2674 3429 2752 homo

139 2773 349 2829 ctionis
373 2773 599 2829 subdita:
612 2774 717 2829 sint
740 2772 867 2828 viris
894 2775 1059 2838 suis,_
1079 2772 1153 2827 ita
1183 2773 1413 2830 subdita:
1442 2777 1582 2829 sicut
1628 2774 1738 2828 Do-
1841 2783 2046 2845 patrem
2067 2782 2118 2827 et
2166 2782 2391 2827 matrem
2413 2788 2586 2839 suam,
2624 2779 2675 2825 et
2715 2769 3004 2825 adhwrebit
3046 2767 3202 2823 uxori
3225 2759 3430 2832 suae,”

138 2863 310 2917 mino.
349 2861 482 2919 Ideo
502 2863 636 2919 viris
670 2863 1034 2934 subjiciantur
1071 2871 1132 2918 ut
1175 2862 1436 2932 Domino,
1489 2864 1739 2935 quoniam
1840 2874 1994 2920 erunt
2029 2866 2154 2932 duo,
2190 2865 2276 2920 vir
2311 2873 2366 2919 et
2421 2879 2581 2930 uxor,
2613 2863 2668 2917 in
2702 2878 2859 2916 carne
2910 2877 3035 2914 una.
3079 2859 3217 2915 Cum
3263 2859 3429 2913 hom)

140 2955 223 3009 rir
245 2965 439 3026 caput,
471 2956 524 3009 id
549 2964 634 3010 est
666 2964 845 3010 rector
878 2965 954 3009 est
993 2962 1048 3010 et
1081 2955 1408 3026 principium
1474 2955 1738 3024 mulieris,
1841 2972 1970 3014 caro
1996 2957 2068 3012 sit
2091 2957 2264 3028 patris
2291 2965 2345 3011 et
2367 2955 2557 3010 matris
2588 2955 2643 3008 in
2683 2969 2869 3018 carne,
2900 2967 3133 3023 quorum
3161 2949 3428 3019 originem

141 3049 281 3103 sicut
312 3056 369 3102 et
395 3045 638 3103 Christus
667 3057 824 3118 caput
849 3046 1220 3118 estiEcclesiaz.
1242 3049 1594 3119 gubernando
1617 3065 1738 3104 eam
1843 3047 2072 3114 habuit;
2101 3045 2504 3118 magis-dicitur
2531 3044 2616 3098 vir
2649 3058 2777 3098 caro
2806 3040 3075 3105 mulieris,
3122 3049 3176 3094 et
3225 3053 3428 3092 secun-

144 3154 313 3210 quam
342 3137 607 3194 formavit
634 3139 701 3194 de
750 3139 918 3194 latere
961 3155 1082 3195 suo.
1119 3139 1274 3196 Sicut
1300 3141 1446 3194 enim
1479 3141 1546 3196 de
1583 3150 1738 3197 costa
1778 3203 1808 3210 _
1842 3139 1973 3194 dum
2021 3146 2276 3192 naturam
2310 3135 2627 3200 creationis,
2660 3149 2783 3205 qua:
2820 3132 2887 3188 de
2923 3131 3041 3186 viro
3080 3129 3277 3185 mulier
3311 3127 3426 3183 lor-

143 3203 245 3285 viri
271 3231 480 3286 mulier
515 3228 667 3303 (Gen.
712 3247 773 3299 ιι,
797 3230 886 3298 2i,
924 3230 1040 3301 22),
1086 3231 1166 3287 sic
1216 3232 1284 3287 de
1336 3232 1504 3287 latere
1534 3231 1738 3288 Christi
1769 3203 1810 3261 C
1844 3240 1988 3285 mata
2019 3239 2122 3285 est.
2148 3228 2215 3282 Et
2239 3229 2540 3283 secundum
2572 3203 2694 3281 vim
2741 3226 2888 3280 illius
2926 3221 3333 3297 conjuncticzi's
3364 3219 3426 3290 ἶη

147 3320 423 3378 Ecclesia.
451 3319 573 3390 Ipse
593 3321 759 3377 etiam
799 3320 1057 3377 Christus
1097 3322 1334 3376 salvator
1380 3332 1464 3378 est
1504 3324 1740 3393 corporis
1843 3338 1950 3394 qua
1982 3321 2306 3377 mirabiliter
2332 3329 2619 3376 transeunt
2666 3319 2721 3374 iu
2758 3317 3024 3379 unitaicm
3055 3324 3258 3390 carnis,
3291 3313 3428 3380 adeo

144 3411 289 3480 ejus,
317 3411 380 3466 id
409 3418 502 3484 est,
521 3409 798 3478 Ecclesia,
838 3427 957 3466 eam
982 3411 1130 3466 enim
1181 3412 1384 3478 salvat;
1436 3412 1530 3466 sed
1554 3412 1638 3466 vir
1659 3427 1742 3467 re-
1843 3426 1902 3470 ut
1943 3415 2128 3471 dicant
2155 3415 2365 3488 physici
2393 3413 2561 3485 quod,
2591 3413 2640 3472 si
2677 3417 2901 3488 sanguis
2943 3417 3046 3471 viri
3075 3427 3128 3472 et
3159 3417 3427 3494 mulieris,

147 3519 273 3574 gere
303 3503 535 3574 quidem
564 3513 744 3574 potest
793 3504 1100 3569 mulierem,
1147 3504 1239 3559 scd
1272 3504 1483 3558 salvare
1527 3503 1736 3574 nequit.
1843 3508 1938 3579 qui
1967 3507 2263 3566 carnaliter
2291 3509 2566 3564 commisti
2598 3509 2728 3574 sint,
2761 3508 2818 3562 in
2854 3508 3046 3563 eodem
3087 3523 3215 3564 vase
3258 3524 3430 3579 pona-

147 3591 211 3650 Et
235 3595 375 3650 licet
398 3595 454 3650 in
479 3596 585 3651 hoc
603 3595 874 3662 dill‘erant,
897 3594 1044 3665 quod
1075 3593 1328 3651 Christus
1351 3596 1524 3650 salvat
1553 3595 1742 3650 Eccle-
1843 3608 1955 3667 tur,
1995 3599 2398 3656 indivisibiliter
2440 3600 2848 3656 commiscetur.
2913 3597 2973 3653 Si
3025 3613 3157 3653 vero
3201 3587 3429 3669 sanguis

149 3686 310 3752 siam,
341 3687 430 3741 vir
458 3703 568 3742 non
605 3687 779 3742 salvat
824 3686 1142 3758 mulierem;
1174 3695 1357 3742 tamen
1389 3703 1496 3742 non
1526 3695 1741 3758 propte-
1843 3707 2035 3749 eorum
2051 3681 2157 3762 (qui
2190 3708 2303 3747 rem
2339 3691 2505 3748 simul
2547 3708 2658 3746 non
2715 3690 3022 3755 habuerint,
3051 3689 3304 3746 similiter
3331 3705 3432 3759 po-

149 3793 239 3833 rea
271 3779 462 3834 minor
489 3779 562 3835 sit
584 3779 870 3849 subiectio.
919 3778 1026 3834 Sed
1051 3779 1191 3833 sicut
1246 3777 1482 3834 Ecclesia
1504 3780 1741 3850 subjecta
1843 3795 2026 3851 natur,
2055 3800 2165 3839 non
2211 3785 2292 3840 sic
2329 3784 2680 3850 admiscetur,
2719 3783 2813 3838 sed
2844 3783 3070 3852 sanguis
3108 3781 3207 3834 viri
3235 3796 3330 3850 per
3369 3795 3431 3834 se

149 3880 222 3926 est
252 3871 500 3939 Christo,
529 3872 606 3925 ita
632 3880 681 3926 et
710 3870 954 3924 mulieres
983 3870 1233 3942 subjectae
1261 3871 1367 3925 sint
1399 3872 1524 3925 viris
1549 3873 1659 3925 suis
1685 3873 1742 3926 in
1843 3886 1898 3934 ct
1931 3876 2195 3942 mulieris,
2229 3876 2372 3930 sicut
2402 3884 2526 3930 ante
2555 3875 2642 3929 vel
2688 3882 2813 3944 post
2839 3872 3077 3942 positum
3115 3880 3218 3938 est,
3250 3859 3433 3946 rem—‘3-

151 3964 400 4017 omnibus
422 3978 545 4033 qua:
570 3971 800 4033 oportet.
839 3959 1095 4018 Mulieres
1118 3961 1425 4017 subdantur
1448 3961 1599 4017 viris.
1631 3961 1742 4017 Vos
1844 3979 1953 4024 net.
1987 3968 2280 4038 Propterea
2332 3968 2462 4037 quia
2495 3983 2603 4022 una
2639 3982 2767 4020 caro
2797 3973 2944 4030 sunt,
2981 3963 3064 4018 vir
3097 3963 3259 4018 debet
3291 3956 3429 4016 uxo-

154 4066 337 4111 autem
373 4056 476 4109 uiri
500 4071 612 4110 non
645 4056 770 4110 dico
815 4066 990 4112 estote
1033 4054 1236 4111 subditi
1267 4054 1614 4121 mulieribus,
1647 4055 1742 4112 sed
1845 4077 1961 4124 rem
1990 4061 2233 4135 diligere,
2281 4059 2551 4115 Praeterea
2586 4059 2708 4113 ideo
2738 4057 2868 4129 quia
2903 4059 3022 4123 hoc,
3064 4055 3119 4111 id
3151 4063 3237 4110 est
3260 4053 3430 4128 reﬂ"-

153 4148 367 4218 άεείςιὶιε
392 4162 578 4202 uxores
608 4161 837 4212 vestras;
883 4163 984 4202 nec
1037 4161 1254 4217 parum.
1297 4144 1388 4199 sed
1415 4145 1554 4200 sicut
1583 4140 1743 4202 Chr'i-
1845 4164 1976 4227 quct
1999 4147 3102 4223 homopatrem,etc.,estmagnum,idest
3119 4161 3330 4218 magnae
3350 4145 3431 4221 rei

154 4247 260 4291 stus
290 4236 490 4291 dilexit
515 4237 672 4308 251
693 4236 1008 4292 Ecclesiam.
1034 4235 1232 4292 Dilein
1250 4236 1469 4306 utique;
1510 4247 1565 4292 et
1593 4238 1705 4292 enir

1882 4255 2256 4301 acramentum.
2282 4244 2444 4311 Quod
2484 4243 2629 4299 enim
2678 4242 2792 4298 ait:
2830 4239 3109 4311 Relinquet
3155 4239 3309 4292 homo
3333 4253 3433 4307 pa-

158 4327 386 4381 tradidit
411 4328 641 4397 seipsum
671 4328 726 4382 in
749 4337 978 4383 mortem
993 4344 1088 4399 pro
1105 4337 1260 4395 ea,ut
1284 4329 1644 4398 sanctiﬁcaret
1683 4329 1747 4383 ει-
1847 4348 2000 4405 trem,
2042 4337 2314 4409 signiﬁcat
2343 4335 2540 4390 Filium
2587 4333 2680 4390 Dei
2713 4330 3272 4402 reliquisselPatrem,
3298 4330 3432 4408 dum

175 4439 260 4475 am
309 4439 349 4475 α
395 4422 656 4492 peccatis,
723 4423 984 4477 mandans
1027 4439 1143 4476 eam
1185 4421 1399 4476 lavacro
1431 4439 1602 4494 aqua.
1647 4421 1746 4479 Hic
1846 4431 1950 4501 ipsi
1981 4445 2077 4502 per
2107 4437 2359 4483 naturam
2383 4427 2600 4482 deitatis
2630 4425 2920 4481 invisibilis
2951 4424 3093 4478 sicut
3121 4422 3302 4486 Pater,
3327 4419 3432 4496 sub

157 4527 360 4583 aquam
382 4513 622 4569 ostendit
668 4514 1038 4570 necessariam
1089 4514 1440 4570 absolutioni.
1474 4513 1743 4572 Mundans
1772 4541 1823 4602 ι)
1847 4520 2025 4578 forma
2071 4520 2215 4576 servi
2259 4517 2490 4590 praebuit
2523 4532 2583 4571 se
2624 4515 2916 4572 visibilem.
2949 4512 3189 4582 Reliquit
3231 4512 3430 4592 iterum

157 4602 276 4658 dico
302 4605 366 4657 in
418 4604 591 4658 uerbo.
622 4602 861 4660 Verbum
909 4605 1042 4661 dicit
1100 4605 1459 4676 prolationem
1503 4605 1744 4662 Trinita-
1851 4625 2102 4681 matrem,
2131 4613 2185 4668 id
2216 4623 2298 4666 est
2325 4609 2670 4683 Synagogam
2697 4609 2751 4664 in
2796 4622 2906 4678 qua
2948 4605 3188 4660 nutritus
3210 4609 3348 4668 erat,
3377 4609 3434 4656 et

158 4694 245 4750 tis.
271 4694 460 4750 Verbo
483 4695 606 4751 dico
638 4697 788 4764 vita,
813 4696 867 4751 id
895 4706 978 4753 est
1009 4697 1064 4751 in
1102 4712 1212 4767 quo
1260 4695 1440 4752 Verbo
1468 4697 1739 4768 accipitur
1850 4707 2080 4762 adhtesit
2098 4703 2253 4759 uxori
2283 4718 2418 4768 suae,
2443 4700 2495 4755 id
2517 4708 2602 4754 est
2623 4697 2880 4753 Ecclesia:
2902 4711 3066 4766 quam
3098 4693 3202 4748 sibi
3228 4691 3436 4770 annulo

159 4786 264 4840 νίιδ
285 4787 542 4857 lusui-i33-
574 4785 670 4842 νει
704 4785 875 4843 Verbo
919 4787 1064 4853 Vim.
1106 4787 1158 4842 id
1184 4796 1269 4842 εει
1294 4787 1513 4842 Christo
1553 4788 1648 4858 qui
1685 4789 1742 4843 in
1849 4797 1974 4853 ﬁdei
2005 4795 2373 4867 desponsavit.
2427 4790 2562 4857 lloc,
2598 4790 2843 4859 inquam,
2871 4795 2957 4842 est
3002 4791 3432 4848 sacramentum.

160 4873 432 4946 baptismo
461 4876 630 4932 vitam
656 4878 813 4934 nobis
831 4877 1101 4949 justititiaa
1128 4879 1387 4934 restituit.
1419 4878 1742 4934 Sanetiﬁca-
1851 4885 1964 4957 Ego
1994 4895 2169 4940 autem
2215 4885 2334 4938 dico
2365 4897 2479 4936 rem
2526 4880 2690 4950 hujus
2722 4875 3051 4932 sacramenti
3097 4873 3331 4928 existere
3375 4871 3466 4927 in.

161 4976 238 5020 ret
271 4968 404 5023 ideo
428 4977 486 5021 ut
514 4968 569 5022 in
605 4967 694 5024 die
724 4969 1043 5039 nuptiarum
1061 4969 1178 5038 ipse
1201 4967 1301 5022 sibi
1340 4967 1602 5022 exhiberet
1638 4967 1744 5022 Ec-
1851 4979 2085 5044 οιινίδιο,
2129 4985 2178 5030 ει
2210 4977 2265 5029 in
2300 4973 2562 5039 Ecclesia,
2593 4971 2736 5026 sicut
2765 4969 2972 5024 dictum
3023 4974 3126 5021 est.
3164 4963 3220 5018 Si
3251 4963 3443 5020 omnis

161 5058 396 5129 τιεδίαπιν
421 5060 622 5118 decore
654 5062 918 5117 Virtutum
965 5060 1277 5133 θιονίοδατη,
1327 5076 1430 5113 non
1468 5059 1745 5114 Ιιαὺεητεηι
1848 5069 1954 5124 alia
1979 5082 2146 5123 causa
2178 5067 2231 5120 in
2263 5065 2519 5136 conjugio
2551 5070 2811 5128 cessaret,
2835 5058 3217 5116 celebrandum
3248 5064 3440 5110 tamen

165 5155 454 5222 maculam,
478 5155 532 5210 id
557 5164 640 5212 est
666 5155 870 5226 aliquid
895 5153 1197 5218 criminale,
1223 5161 1316 5206 aut
1352 5168 1560 5223 rugam,
1586 5151 1637 5206 id
1662 5159 1747 5207 est
1855 5163 2002 5214 esset
2033 5171 2132 5227 pro
2169 5157 2285 5211 sola
2331 5154 2592 5225 dignitate
2625 5152 2704 5207 rei
2759 5151 2917 5221 cujus
2973 5151 3147 5221 ﬁgura
3171 5156 3276 5204 est.
3326 5143 3437 5220 Sed

165 5243 510 5301 dolositatem
546 5253 674 5300 :aut
703 5245 910 5316 aliquid
947 5244 1244 5315 ejusmodi,
1280 5243 1425 5313 quod
1447 5243 1532 5298 vel
1556 5258 1746 5298 macu-
1847 5248 1978 5304 licet
2013 5263 2100 5302 res
2139 5246 2305 5316 hujus
2333 5243 2662 5300 sacramenti
2688 5244 2742 5298 in
2784 5243 3006 5298 Christo
3036 5251 3247 5297 tantum
3278 5239 3348 5295 sit
3379 5246 3439 5296 et

166 5333 484 5392 lavideatur
508 5350 631 5392 esse
679 5336 766 5415 vel
813 5337 996 5403 dolus,
1039 5336 1130 5390 sed
1157 5344 1213 5389 ut
1237 5337 1308 5390 sit
1339 5345 1546 5402 sancta,
1596 5334 1746 5404 posi-
1848 5341 1904 5398 in
1936 5339 2199 5406 Ecclesia,
2232 5354 2340 5393 non
2369 5337 2425 5392 in
2449 5336 2566 5392 viro
2592 5345 2646 5391 et
2678 5335 2909 5391 muliere
2929 5375 2944 5401 ,
2977 5343 3352 5389 verumtamem
3381 5339 3437 5384 et

170 5425 311 5483 tione
339 5428 631 5496 virtutum,
658 5437 709 5484 et
738 5437 800 5486 ut
818 5429 890 5482 sit
923 5428 1294 5496 immaculata,
1327 5429 1632 5486 remotione
1661 5428 1745 5483 vi-
1847 5449 1936 5488 vos
1969 5431 2187 5502 singuli,
2218 5445 2326 5484 non
2351 5430 2440 5484 ille
2468 5443 2693 5483 uxorem
2725 5415 2979 5498 proximi,
3023 5425 3115 5482 sed
3147 5423 3440 5493 unusquis»

169 5517 389 5574 tiorum.
1849 5541 1948 5597 que
1969 5523 2161 5593 diligat
2183 5538 2336 5576 suam
2358 5523 2495 5576 sicut
2515 5517 2767 5596 seipsum;
2782 5534 2914 5572 uxor
2934 5526 3109 5571 autem
3120 5531 3230 5588 non
3252 5512 3435 5567 solum

237 5609 388 5667 Sicut
416 5610 670 5668 Christus
689 5611 1011 5679 Ecclesiam,
1029 5612 1107 5664 ita
1137 5610 1365 5683 diligant
1393 5611 1492 5664 viri
1520 5626 1744 5675 uxores;

1896 5617 2062 5688 iligat,
2100 5614 2196 5671 sed
2225 5615 2388 5670 etiam
2435 5615 2619 5668 timeat
2657 5612 2828 5665 virum
2865 5625 3038 5663 suum.
3083 5605 3175 5661 Sic
3218 5601 3321 5659 viri
3363 5600 3447 5656 Ωιι-

172 5701 240 5755 ita
263 5703 427 5760 etiam
455 5704 654 5760 debent
681 5705 905 5776 diligere
931 5714 989 5758 ut
1018 5720 1241 5775 corpora
1267 5721 1385 5759 sua.
1419 5702 1558 5759 Vere
1581 5703 1656 5758 ita
1692 5712 1752 5758 ut
1853 5725 2075 5778 uxores,
2105 5717 2158 5766 et
2188 5723 2384 5765 uxores
2411 5721 2472 5765 se
2496 5706 2732 5762 habeant
2769 5702 2837 5757 ad
2871 5701 3036 5757 viros.

173 5811 252 5852 co:
265 5814 414 5870 pora.
452 5797 556 5864 Qui
581 5799 718 5853 enim
749 5798 931 5870 attigit
969 5812 1120 5854 suam
1151 5812 1388 5862 uxorem,
1415 5795 1594 5866 diligit
1614 5795 1750 5864 seip—
2047 5846 2065 5860 ι
2298 5792 2306 5799 ’
