3928 6412
515 387 626 446 847

1122 501 1350 560 CAPUT
1385 501 1476 560 Vl.

594 607 617 644 ι
657 587 802 660 Filii,
849 591 1066 648 obedite
1121 593 1436 664 parentibus
1493 591 1689 648 vestris
1733 591 1790 646 in
1865 589 2099 646 Domino

525 697 546 734 ι
594 679 734 753 (σοι.
766 697 847 750 ιιι,
876 683 1006 756 20):
1045 683 1152 738 hoc
1200 684 1346 739 enim
1371 673 1584 754 justum
1613 691 1716 737 est.
1749 680 1968 762 llorpra
2003 697 2102 752 pa-

525 789 547 824 (
585 779 725 828 trem
749 783 924 843 tuum,
958 783 1012 830 et
1041 784 1266 830 matrem
1303 783 1475 841 tuam,
1499 774 1645 845 quod
1671 783 1756 829 est
1783 773 2099 829 mandatum

529 881 550 918 ‹
591 867 828 937 primum
852 867 908 922 in
937 866 1316 938 promissione,
1348 875 1408 922 ut
1431 867 1569 922 bene
1590 865 1660 921 sit
1686 865 1874 940 tibi,et
1887 866 1964 921 sis
1984 865 2103 919 lon-

531 971 553 1008 s
598 969 780 1026 gaavus
823 971 986 1028 super
1013 965 1216 1011 terram
1260 955 1458 1028 (Exod.
1483 957 1707 1024 xx,12;
1743 954 1891 1010 Eccl.
1925 971 2008 1020 ιιι,
2035 955 2098 1023 9;

529 1066 552 1103 ι
599 1048 792 1104 Matth.
827 1065 916 1116 xv,
945 1049 1022 1118 4).
1049 1047 1208 1119 252
1241 1048 1307 1103 Et
1333 1065 1431 1104 vos
1456 1056 1640 1120 patres
1682 1048 1848 1103 nolite
1877 1048 1944 1102 ad
1988 1048 2101 1102 ira-

531 1157 554 1194 s
593 1140 846 1196 cundiam
867 1155 1165 1210 provocare
1195 1140 1338 1196 filios
1359 1147 1592 1196 vestros:
1619 1140 1714 1196 sed
1733 1140 1958 1196 educate
1979 1139 2103 1195 illos

531 1249 553 1286 s
592 1232 648 1287 in
676 1231 960 1302 disciplina
980 1239 1036 1286 et
1060 1233 1402 1302 correptione
1426 1231 1660 1288 Domini.
1693 1231 1866 1299 Servi,
1891 1231 2104 1287 obedite

529 1337 552 1375 ι
593 1321 830 1379 dominis
881 1323 1198 1380 carnalibus
1250 1340 1378 1379 cum
1417 1323 1613 1379 timore
1644 1333 1698 1379 et
1755 1331 2008 1390 tremore,
2047 1323 2102 1378 in

529 1428 550 1466 ι
590 1411 940 1484 simplicitate
983 1415 1166 1471 cordis
1201 1415 1391 1482 vestri,
1415 1415 1560 1471 sicut
1609 1413 1850 1470 Christo.
1883 1413 1998 1470 Non
2035 1415 2104 1470 ad

527 1519 550 1556 ι
591 1505 811 1561 oculum
869 1507 1189 1574 servientes,
1221 1507 1382 1578 quasi
1431 1507 1747 1563 hominibus
1795 1509 2101 1578 placentes,

527 1611 550 1647 ι
594 1595 690 1651 sed
720 1605 782 1652 ut
831 1598 974 1654 servi
1003 1597 1208 1654 Christi
1241 1597 1502 1655 facientes
1525 1600 1859 1654 voluntatem
1903 1598 1998 1655 Dei
2036 1616 2104 1656 ex

527 1699 550 1739 ι
594 1685 796 1742 animo.
825 1685 964 1742 Cum
1001 1689 1144 1742 bona
1168 1687 1448 1744 voluntate
1481 1689 1798 1757 servientes,
1838 1689 1980 1746 sicut
1999 1689 2106 1746 Do-

528 1793 550 1829 ‹
593 1776 743 1832 ιιιίηο
767 1787 822 1833 et
859 1794 971 1834 non
995 1779 1350 1846 hominibus;
1382 1781 1614 1836 scientes
1637 1781 1900 1852 quoniam
1928 1799 2104 1840 unus-

1053 385 1112 444 S.
1147 357 1496 444 DRUNONIS
1529 380 2175 443 CARTHUSIANORUM
2215 381 2705 440 lNS’l‘lTUTORlS
2741 385 2892 442 OPP.
2931 385 3114 443 PARS
3149 387 3214 443 ll.

3681 385 3798 442 με

2124 507 2174 563 Α
2203 515 2291 555 ma
2325 499 2500 571 posita
2539 511 2669 557 sunt
2707 501 2810 557 tria
2841 503 3117 570 mandata,
3159 501 3483 574 pertinentia
3513 503 3586 559 ad
3609 502 3802 560 Deum

2200 593 2408 648 scilicet
2431 593 2622 664 diliges
2645 592 2816 649 Deum
2837 602 3014 660 tuum,
3033 603 3087 650 et
3115 593 3404 649 Dominum
3429 593 3612 650 Deum
3637 605 3802 650 tuum

2201 683 2473 752 adorabis,
2496 693 2551 740 et
2581 685 2656 738 illi
2691 685 2794 740 soli
2821 685 3048 742 servies.
3077 683 3143 740 Et
3171 702 3280 740 non
3306 701 3561 741 assumes
3587 702 3804 740 nomen

2201 772 2297 830 Dei
2327 775 2408 830 tui
2465 777 2520 830 in
2558 793 2772 844 vanum,
2803 787 2908 833 etc.
2961 777 3022 832 ln
3071 778 3307 834 secunda
3337 778 3522 832 tabula
3577 789 3804 848 septem

2201 867 2456 922 mandata
2504 869 2683 938 posita
2713 877 2860 936 sunt,
2893 870 2960 924 ad
2993 869 3242 924 homines
3269 871 3628 940 pertinentia.
3685 869 3806 926 Hoc

2201 967 2382 1013 autem
2419 978 2432 1014 :
2467 959 2688 1014 Honora
2739 969 2966 1030 patrem,
3001 960 3352 1030 praepositum
3399 969 3486 1017 est
3509 963 3646 1016 aliis
3683 979 3802 1018 sex.

2205 1050 2320 1105 Hoc
2368 1051 2534 1106 etiam
2583 1053 2896 1106 mandatum
2951 1052 3052 1122 fuit
3086 1053 3274 1106 datum
3313 1053 3370 1106 in
3413 1054 3804 1123 promissione,

2203 1143 2330 1214 quia
2360 1143 2544 1198 statim
2579 1153 2704 1214 post
2737 1144 3056 1198 mandatum
3089 1143 3378 1212 subiuncta
3417 1153 3506 1200 est
3541 1144 3806 1200 mandati

2202 1233 2538 1304 promissio;
2573 1235 2690 1290 haec
2739 1233 2948 1289 scilicet
2997 1243 3054 1287 ut
3086 1232 3208 1288 bene
3234 1235 3304 1287 sit
3351 1233 3446 1286 tibi
3493 1234 3808 1288 honoranti

2201 1334 2432 1397 patrem,
2469 1333 2518 1380 et
2549 1335 2606 1381 ut
2631 1327 2706 1380 sis
2730 1326 2993 1396 lonngus
3019 1341 3175 1395 super
3201 1333 3398 1378 terram
3439 1331 3620 1390 hanc,
3663 1335 3722 1378 et
3755 1326 3808 1378 in

2202 1431 2332 1472 vera
2373 1425 2520 1474 terra
2557 1417 3002 1487 repromissionis
3049 1417 3348 1488 longaevus,
3399 1416 3532 1486 quia
3567 1431 3808 1486 perma-

2204 1524 2362 1565 nens.
2395 1507 2518 1563 Filii
2541 1509 2798 1564 obediant
2819 1508 3154 1580 parentibus.
3185 1507 3283 1574 Et,
3311 1524 3400 1562 vos
3417 1515 3604 1578 patres
3643 1505 3812 1560 nolite

2204 1600 2346 1670 ﬁlios
2380 1609 2575 1654 vestros
2622 1616 2908 1670 provocare
2933 1600 3003 1654 ad
3048 1598 3417 1664 iracundiam,
3447 1598 3544 1652 sed
3571 1599 3810 1652 educata

2183 1681 2330 1745 'illos
2359 1691 2416 1746 in
2450 1691 2757 1762 disciplina,
2789 1690 3048 1746 docentes
3077 1704 3172 1746 eos
3197 1705 3321 1760 quae
3344 1689 3426 1744 eis
3455 1687 3814 1744 addiscenda

2208 1791 2356 1850 sunt,
2391 1791 2442 1838 et
2469 1783 2527 1836 in
2556 1783 2900 1852 correptione,
2931 1789 2994 1838 ut
3028 1781 3074 1836 si
3119 1779 3482 1851 peccaverint,
3515 1781 3812 1850 quomodo

529 1883 550 1918 ‹
595 1865 851 1938 quisque,
880 1869 1246 1940 quodcunque
1276 1869 1464 1926 fecerit
1489 1871 1692 1925 bonum
1711 1913 1725 1938 ,
1757 1872 1862 1927 hoc
1885 1872 2109 1943 recipiet
2139 1855 2192 1950 Bg
2208 1873 2364 1930 decet
2389 1874 2717 1945 corripiatis.
2745 1873 3040 1943 Disciplina
3075 1879 3130 1928 et
3155 1871 3500 1942 correptione
3525 1871 3670 1928 dico
3705 1869 3816 1925 Do-

534 1975 554 2012 s
595 1974 628 2014 a
667 1958 919 2028 Domino,
975 1961 1090 2016 sive
1126 1977 1348 2028 servus,
1394 1961 1514 2016 sive
1545 1963 1703 2018 liber.
1750 1963 1820 2018 Et
1866 1981 1963 2022 vos
2005 1965 2106 2020 do-

530 2067 551 2104 s
593 2051 726 2108 mini
750 2053 940 2108 eadem
963 2052 1126 2110 facite
1155 2053 1285 2120 illis,
1317 2055 1658 2109 remittentes
1681 2054 1861 2110 minas
1891 2073 1905 2110 :
1937 2058 2109 2110 scien—

531 2158 552 2193 ε
600 2149 679 2198 tes
714 2144 844 2214 quia
865 2151 920 2200 et
939 2143 1160 2200 illorum
1188 2152 1242 2198 et
1262 2152 1444 2198 vester
1463 2143 1730 2200 Dominus
1745 2153 1828 2201 est
1855 2147 1908 2200 in
1933 2147 2105 2214 oculis;

531 2249 553 2283 ‹
595 2240 650 2287 et
707 2245 1064 2303 persenarum
1150 2234 1394 2304 acceptio
1467 2250 1577 2289 non
1643 2243 1730 2292 est
1781 2236 1924 2306 apud
1983 2254 2110 2293 cum

533 2341 554 2374 ς
598 2322 771 2392 (Rom.
797 2339 858 2391 ιι,
878 2326 966 2392 ιι;
993 2325 1112 2378 Act.
1141 2340 1196 2390 ι,
1219 2326 1316 2391 si;
1353 2311 1563 2379 I'Petr.
1587 2341 1625 2392 ι,
1653 2327 1762 2396 l7).
1793 2326 1870 2382 De
1892 2336 2109 2402 caetero,

536 2431 557 2465 ι
603 2413 820 2482 fratres,
868 2415 1258 2470 confortamini
1297 2417 1354 2470 in
1397 2415 1651 2484 Domino,
1693 2420 1826 2473 etin
1871 2421 2112 2490 potentia

537 2527 558 2561 ς
599 2507 816 2566 virtutis
836 2509 976 2582 ejus.
1005 2509 1217 2568 Induite
1257 2528 1352 2567 vos
1381 2519 1717 2568 armaturam
1749 2513 1865 2580 Dei,
1897 2524 1956 2570 ut
1982 2530 2113 2584 pos—

537 2619 559 2654 s
601 2601 722 2658 sitis
743 2611 890 2658 stare
920 2603 1184 2660 adversus
1205 2604 1434 2660 insidias
1455 2605 1690 2674 diaboli;
1719 2607 1980 2676 quoniam
2003 2591 2114 2664 non

544 2711 565 2746 (
611 2703 695 2748 est
720 2695 877 2752 nobis
901 2695 1213 2752 colluctatio
1249 2697 1513 2754 adversus
1547 2713 1770 2754 carnem
1815 2707 1870 2754 et
1891 2699 2116 2772 sangui-

538 2802 560 2838 ι
605 2800 752 2854 nem,
791 2786 884 2843 sed
909 2787 1170 2844 adversus
1192 2789 1467 2860 principes
1497 2797 1551 2844 et
1569 2799 1885 2861 potestates,
1925 2791 2116 2848 adver—

539 2895 561 2930 s
604 2893 702 2934 sus
739 2879 928 2935 mundi
970 2889 1214 2936 rectores
1255 2880 1608 2938 tenebrarum
1657 2881 1884 2948 barum,
1927 2892 2116 2939 contra

538 2987 560 3021 ‹
603 2967 908 3039 spiritualia
976 2971 1236 3042 nequitia:
1291 2972 1348 3027 in
1418 2971 1756 3028 caelestibus.
1823 2971 2114 3044 Pr0pterea

539 3077 561 3112 ‹
603 3061 832 3132 accipite
871 3072 1208 3118 armaturam
1255 3059 1382 3130 Dei,
1417 3069 1479 3118 ut
1499 3062 1723 3132 possitis
1774 3063 2029 3120 resistere
2059 3066 2115 3120 in

543 3169 564 3210 ι
607 3150 698 3207 die
725 3153 892 3221 malo,
915 3160 970 3209 et
997 3153 1054 3209 in
1077 3153 1334 3209 omnibus
1365 3153 1590 3225 perfecti
1621 3161 1788 3209 stare.
1819 3152 1968 3211 State
1985 3172 2115 3228 ergo
2143 3184 2188 3246 ρ

541 3265 562 3300 ι
608 3243 870 3302 succincti
897 3245 1115 3302 lumbos
1138 3253 1348 3301 vestros
1383 3245 1439 3300 in
1467 3245 1717 3312 veritate,
1745 3254 1800 3302 et
1829 3246 2002 3302 induti
2033 3249 2120 3304 lo-

543 3357 564 3390 s
608 3337 722 3392 rica
738 3337 984 3408 justitias,
1008 3345 1064 3392 et
1087 3336 1309 3393 calceati
1364 3335 1530 3406 pedes
1557 3336 1611 3391 in
1669 3338 2122 3407 praeparationem

549 3445 570 3480 ι
615 3425 896 3500 Evangelii
953 3429 1141 3498 pacis,
1181 3428 1238 3482 in
1277 3426 1536 3481 omnibus
1577 3435 1856 3483 sumentes
1907 3437 2125 3484 scutum

548 3537 571 3572 ι
613 3517 760 3584 ﬁdei,
791 3519 847 3573 in
874 3534 984 3590 quo
1007 3517 1231 3588 possitis
1262 3517 1446 3583 omnia
1476 3517 1582 3572 tela
1613 3517 1936 3586 nequissimi
1971 3519 2128 3590 ignea

549 3629 571 3664 ‹
615 3610 978 3682 exstinguere.
1017 3609 1085 3666 Et
1107 3609 1315 3682 galeam
1356 3608 1551 3664 salutis
1593 3608 1879 3676 assumite,
1911 3625 1978 3666 ac
2015 3611 2130 3683 gla-

549 3717 570 3752 s
617 3697 766 3753 dium
790 3697 1015 3768 spiritus
1042 3697 1212 3771 (quod
1238 3705 1323 3754 est
1349 3697 1576 3752 verbum
1615 3695 1768 3768 Dei),
1792 3712 1890 3768 per
1909 3712 2130 3754 omnem

553 3809 573 3843 ι
617 3790 922 3845 orationem
967 3797 1022 3846 et
1071 3789 1508 3847 obsecrationem
1554 3798 1778 3846 orantes
1808 3791 1960 3846 omni
1995 3799 2133 3845 tem-

503 3879 510 3882 ’
553 3899 574 3936 ε
621 3896 754 3952 pore
782 3881 838 3937 in
873 3882 1089 3952 spiritu,
1120 3891 1176 3939 et
1222 3883 1280 3938 in
1323 3883 1445 3954 ipso
1465 3882 1752 3954 vigilantes
1781 3883 1834 3938 in
1871 3883 2021 3938 omni
2049 3881 2134 3936 in-

553 3989 572 4023 ¢
618 3972 820 4027 stantia
839 3979 893 4026 et
907 3973 1283 4028 obsecratione
1303 3987 1403 4043 pro
1433 3973 1684 4028 amnibus
1705 3973 1934 4040 sanctis;
1962 3981 2018 4028 et
2035 3987 2133 4042 pro

557 4077 578 4110 ‹
621 4075 737 4126 me,
765 4067 827 4114 ut
868 4061 1026 4115 detur
1055 4061 1188 4116 mihi
1227 4076 1409 4116 sermo
1444 4061 1498 4116 in
1543 4061 1825 4133 apertione
1858 4062 1974 4118 oris
2003 4061 2131 4130 mei,

2209 1965 2363 2032 mini,
2387 1964 2441 2019 id
2461 1973 2546 2020 est
2579 1964 2879 2022 secundum
2911 1963 3204 2019 Dominum
3237 1963 3399 2018 facta.
3427 1961 3554 2015 Filii
3579 1963 3814 2018 obedite

2207 2057 2556 2124 parentibus;
2573 2072 2672 2112 vos
2693 2056 2879 2123 etiam,
2904 2056 3062 2122 servi,
3102 2054 3309 2108 obedite
3353 2053 3614 2120 dominis,
3641 2054 3814 2108 etiam

2211 2143 2534 2200 carnalibus.
2564 2143 2789 2200 Obedite
2810 2143 2934 2199 dico
2957 2159 3075 2197 cum
3099 2147 3288 2196 timore
3308 2144 3476 2196 animi
3505 2149 3556 2195 et
3575 2149 3814 2196 tremore

2183 2233 2477 2308 corporis.
2511 2237 2576 2292 Et
2601 2238 2653 2290 in
2677 2235 3022 2305 simplicitate
3053 2234 3228 2288 cordis
3267 2235 3447 2300 vestri,
3475 2233 3532 2288 id
3567 2243 3670 2289 est
3697 2235 3814 2288 sine

2191 2331 2364 2402 omni
2393 2330 2706 2396 dolositate,
2744 2329 2958 2384 obedite
2989 2327 3095 2382 illis
3121 2326 3258 2380 sicut
3283 2324 3496 2380 Christo
3550 2325 3816 2400 obedire-

2211 2421 2304 2477 tis.
2339 2419 2449 2476 Vos
2477 2421 2598 2476 dico
2623 2437 2726 2474 non
2754 2420 3031 2474 servientes
3059 2417 3166 2473 illis
3195 2417 3266 2470 ad
3295 2415 3530 2484 oculum,
3557 2418 3616 2472 id
3647 2427 3742 2472 cst
3765 2427 3818 2470 ut

2214 2514 2268 2568 in
2305 2512 2444 2568 facie
2489 2511 2706 2568 Domini
2735 2511 2916 2567 devoti
2973 2510 3124 2576 sitis;
3159 2519 3305 2564 retro
3340 2517 3523 2564 autem
3553 2511 3812 2580 superbi.

2215 2603 2347 2659 Dico
2369 2620 2480 2659 non
2514 2603 2812 2659 servientes
2839 2602 2906 2657 ad
2949 2602 3190 2667 oculum,
3237 2601 3389 2671 quasi
3409 2617 3502 2671 per
3529 2601 3650 2656 hoc
3699 2601 3816 2670 pla-

2215 2695 2379 2749 ceatis
2409 2693 2728 2760 hominibus,
2761 2693 2850 2747 sed
2901 2693 3036 2746 sicut
3077 2691 3214 2746 servi
3244 2690 3466 2758 Christi,
3499 2707 3566 2744 ex
3601 2691 3814 2754 animo,

2189 2773 2325 2856 Tnon
2371 2786 2566 2853 coacti,
2607 2785 2866 2841 facientes
2911 2783 3233 2838 voluntatem
3275 2781 3395 2848 Dei,
3439 2782 3492 2837 id
3543 2793 3634 2836 est
3681 2783 3820 2838 sicut

2215 2876 2420 2931 bonum
2460 2883 2606 2931 esset
2639 2873 2797 2929 vobis
2839 2873 3018 2938 facere
3048 2874 3383 2929 voluntatem
3415 2871 3535 2936 Dei,
3565 2871 3650 2926 ita
3703 2873 3818 2928 sitis

2217 2965 2516 3020 servientes
2563 2965 2671 3020 illis
2695 2980 2815 3018 cum
2841 2963 2977 3017 bona
3003 2961 3271 3016 voluntate
3305 2961 3442 3014 sicut
3473 2959 3746 3028 Domino,
3771 2971 3818 3016 et

2218 3071 2319 3112 non
2350 3059 2494 3114 sicut
2511 3054 2970 3111 hominibus.ldeo
2995 3054 3072 3108 ait
3091 3053 3230 3108 sicut
3245 3053 3488 3118 Domino,
3509 3068 3646 3108 cum
3673 3053 3820 3108 enim

2219 3165 2318 3222 pro
2344 3159 2568 3222 peccato
2607 3165 2710 3206 suo
2757 3148 2842 3204 vel
2881 3157 3169 3218 parentum
3226 3145 3371 3202 servi
3405 3143 3538 3201 facti
3575 3145 3736 3214 sint,
3776 3147 3820 3202 si

2224 3243 2368 3298 hanc
2393 3257 2612 3314 poenam
2652 3241 2860 3312 peccati
2889 3241 3163 3310 patienter
3214 3239 3439 3294 tulerint
3475 3237 3591 3292 Deo
3641 3241 3820 3310 magis

2225 3333 2444 3389 obedire
2485 3333 2742 3388 videntur
2789 3348 2955 3402 quam
2999 3330 3240 3398 homini,
3285 3329 3380 3400 qui
3410 3344 3506 3384 eos
3557 3329 3676 3384 sub
3727 3331 3820 3385 hac

2226 3425 2536 3481 conditione
2587 3439 2685 3493 pro
2727 3431 2952 3494 peccato
2979 3421 3204 3492 redegit.
3253 3419 3463 3474 Servite
3505 3419 3616 3476 illis
3681 3421 3820 3476 sicut

2227 3515 2388 3586 253
2401 3515 2652 3582 Domino,
2665 3515 2886 3568 scientes
2901 3513 3151 3584 quoniam
3170 3512 3547 3582 unusquisque,
3571 3511 3698 3566 sire
3721 3529 3822 3566 scr-

2228 3623 2321 3660 vus
2349 3607 2455 3660 sive
2489 3605 2639 3672 liber,
2677 3606 2928 3675 percipiet
2965 3622 2997 3658 ιι
3023 3603 3252 3657 Domino
3281 3609 3680 3658 remunerante
3725 3603 3822 3659 sibi

2229 3697 2589 3768 quodcumque
2616 3699 2808 3751 bonum
2835 3696 3039 3766 fecerit.
3073 3693 3264 3760 Servi,
3295 3691 3511 3747 obedite
3541 3691 3821 3756 dominis,

2231 3795 2282 3840 et
2319 3802 2405 3840 vos
2439 3787 2644 3840 domini
2679 3786 2840 3856 facile
2862 3785 2974 3839 illis
3014 3783 3227 3852 eadem,
3253 3797 3361 3838 non
3395 3781 3540 3854 quod
3567 3781 3688 3836 illis
3709 3799 3820 3838 ser-

2234 3876 2418 3942 viatis,
2451 3876 2544 3930 sed
2564 3884 2622 3931 ut
2641 3876 2858 3931 labores
2881 3890 3072 3930 eorum
3095 3874 3182 3944 pie
3202 3872 3567 3929 remuneretis
3611 3870 3821 3926 Eadem

2235 3966 2397 4022 facile
2425 3967 2556 4033 illis,
2601 3967 2922 4020 remittentes
2953 3965 3147 4030 minas,
3182 3963 3237 4018 id
3261 3971 3348 4018 est
3395 3961 3564 4016 nolite
3597 3977 3710 4018 eos
3741 3979 3822 4016 ve-

2235 4073 2367 4115 xare
2395 4058 2590 4126 minis,
2636 4059 2856 4140 scientes
2900 4058 3026 4127 quia
3063 4057 3202 4109 idem
3237 4055 3498 4108 Dominus
3525 4053 3749 4107 illorum
3779 4063 3824 4106 et

555 4167 576 4198 ‹
617 4163 744 4204 cum
777 4149 972 4206 ﬁducia
1002 4159 1192 4206 notum
1229 4151 1411 4208 facere
1457 4154 1781 4224 mysterium
1816 4152 2131 4226 Evangelii;

557 4260 578 4293 α
625 4257 724 4312 pro
758 4259 866 4312 quo
897 4243 1166 4314 legatione
1197 4242 1397 4316 fungor
1421 4245 1477 4300 in
1505 4253 1698 4302 catena
1723 4245 1819 4311 ita,
1839 4246 1976 4300 utin
2017 4247 2136 4316 ipso

2236 4159 2402 4206 vester
2428 4159 2504 4205 est
2541 4152 2598 4204 in
2631 4149 2774 4204 caelis
2797 4190 2812 4215 ,
2871 4156 2926 4204 et
2981 4147 3216 4202 scientes
3273 4145 3522 4216 quoniam
3589 4147 3824 4214 acceptio

2236 4259 2582 4315 personarum
2627 4259 2730 4296 non
2773 4247 2850 4296 est
2889 4238 3031 4310 apud
3081 4237 3284 4302 Deum;
3321 4251 3432 4291 non
3465 4235 3610 4291 enim
3637 4235 3824 4290 minus

559 4351 579 4386 ι
624 4333 874 4400 audeam,
901 4343 1062 4404 prout
1087 4343 1300 4406 oportet
1324 4351 1428 4404 me,
1452 4336 1625 4406 loqui.
1650 4334 1730 4391 Ut
1749 4345 1930 4392 autem
1957 4346 2011 4392 et
2038 4353 2138 4394 vos
2239 4335 2417 4408 diligit
2455 4350 2672 4390 servum
2732 4347 2897 4403 quam
2946 4329 3178 4385 liberum
3207 4345 3222 4395 ;
3263 4325 3611 4383 solummodo
3643 4325 3824 4380 bonus

559 4444 580 4476 ε
623 4425 808 4482 sciatis
835 4441 958 4496 quae
989 4427 1136 4482 circa
1167 4443 1253 4483 me
1286 4437 1433 4496 sunt,
1464 4429 1595 4499 quid
1617 4443 1797 4499 agam,
1827 4429 2012 4484 omnia
2040 4445 2139 4484 vo-
2241 4425 2332 4482 sit.

559 4535 582 4572 ι
625 4517 708 4574 bis
743 4527 869 4574 nota
897 4519 1058 4574 faciet
1079 4519 1377 4592 Tychicus.
1405 4521 1765 4576 charissimus
1789 4519 1956 4576 frater
1985 4529 2042 4575 et
2071 4519 2136 4575 (ἰ-
2166 4523 2214 4584 D
2311 4516 2610 4587 Postquam
2654 4513 2961 4586 singulares
2997 4509 3403 4568 admonitiones
3440 4507 3511 4564 ad
3557 4521 3730 4562 sexus
3775 4513 3824 4558 et

555 4627 580 4664 ι
625 4608 762 4665 delis
803 4610 1051 4666 minister
1084 4611 1140 4664 in
1183 4609 1417 4666 Domino
1453 4630 1466 4666 :
1495 4627 1658 4682 quem
1687 4612 1812 4668 misi
1850 4611 1918 4666 ad
1953 4626 2049 4667 vos
2084 4613 2141 4666 in
2244 4611 2584 4668 conditiones
2612 4605 3072 4674 fecit,revertitur
3095 4604 3162 4659 ad
3193 4615 3544 4657 communem
3571 4597 3822 4653 Ecclesia

559 4719 581 4753 ι
625 4701 730 4757 hoc
764 4701 943 4772 ipsum
967 4709 1027 4756 ut
1056 4701 1402 4773 cognoscatis
1439 4718 1562 4772 qua:
1591 4703 1738 4757 circa
1768 4717 1870 4758 nos
1903 4711 2052 4768 sunt,
2088 4709 2146 4757 et
2245 4701 2699 4766 admonitionem,
2730 4699 2935 4753 timens
2971 4695 3242 4752 defectum
3284 4707 3499 4757 eorum,
3543 4699 3598 4744 et
3649 4689 3822 4744 sciens

561 4811 581 4844 ι
627 4793 941 4850 consoletur
969 4794 1132 4848 corda
1156 4801 1356 4848 vestra.
1379 4791 1492 4848 Pax
1526 4793 1809 4860 fratribus,
1857 4802 1912 4848 et
1959 4793 2141 4848 chari-

557 4901 584 4936 ε
625 4891 712 4940 tas
767 4901 892 4940 cum
955 4886 1058 4942 fide
1089 4927 1103 4952 ,
1157 4901 1186 4940 a
1239 4883 1350 4939 Deo
1393 4893 1546 4955 patre
1621 4895 1675 4940 et
1733 4883 1966 4940 Domino
2013 4883 2143 4940 Jesu

565 4991 586 5024 ι
629 4973 865 5030 Christo.
895 4977 1080 5031 Gratia
1109 4993 1234 5032 cum
1257 4977 1538 5042 omnibus,
1575 4975 1670 5046 qui
1699 4975 1935 5046 diligunt
1953 4975 2144 5030 Domi-

566 5082 587 5118 ς
635 5081 763 5118 num
799 5077 1045 5123 nostrum
1086 5067 1274 5124 Jesum
1304 5067 1588 5124 Christum
1610 5067 1668 5122 in
1709 5067 2138 5138 incorruptione.

569 5172 590 5208 ι
631 5154 826 5211 Amen.
867 5177 886 5210 ι

1117 5245 1124 5250 ’
1196 5267 1500 5308 exposirio.

639 5339 747 5395 Vos
780 5341 966 5408 etiam,
1005 5342 1131 5413 ﬁlii,
1189 5341 1390 5398 obedite
1440 5343 1744 5414 parentibus
1799 5340 2013 5406 vestris,
2075 5339 2148 5394 ita

565 5441 747 5488 tamen
792 5433 938 5504 quod
988 5433 1044 5487 in
1097 5433 1360 5502 Domino;
1405 5435 1460 5490 in
1490 5437 1578 5492 his
1614 5435 1760 5491 enim
1792 5448 1914 5504 qua:
1947 5439 2141 5486 contra

565 5523 728 5579 fidem
775 5533 923 5591 sunt,
961 5534 1216 5596 parentes
1245 5527 1500 5582 audiendi
1547 5543 1658 5582 non
1725 5534 1872 5582 sunt.
1927 5524 2146 5580 Obedite

564 5615 718 5683 dico;
743 5615 840 5670 hoc
865 5617 1006 5670 enim
1021 5617 1229 5688 justum
1247 5627 1346 5684 est,
1372 5617 1477 5673 hoc
1501 5617 1710 5672 scilicet
1723 5617 1924 5670 honora
1941 5623 2148 5684 patrem

569 5714 718 5763 tuum
745 5719 793 5763 et
821 5719 1063 5777 matrem,
1099 5709 1238 5782 quod
1271 5709 1582 5765 mandatum
1608 5713 1838 5780 primum
1866 5715 1952 5763 est
1979 5705 2034 5761 in
2061 5720 2148 5761 se-

569 5801 748 5858 cunda
772 5803 974 5860 tabula.
1004 5801 1136 5860 Duas
1167 5802 1364 5860 tabula!
1385 5803 1524 5862 datm
1560 5809 1689 5860 sunt
1717 5798 1910 5873 Moysi.
1945 5797 2004 5854 ln
2036 5796 2146 5868 pri-

2244 4809 2340 4850 eos
2363 4807 2475 4847 non
2507 4790 2746 4860 amplius
2789 4789 3010 4844 visuros
3053 4785 3249 4842 faciem
3294 4799 3474 4840 suam.
3513 4781 3608 4835 Sic
3641 4780 3734 4835 lilii
3763 4777 3822 4832 ad

2243 4894 2517 4956 parentes,
2541 4879 2683 4937 servi
2706 4881 2774 4935 ad
2788 4879 3041 4935 dominos
3063 4894 3122 4934 se
3145 4876 3400 4940 habeant,
3418 4881 3474 4928 et
3492 4889 3523 4928 e
3540 4883 3818 4926 converso.

2251 4975 2358 5031 Vos
2403 4983 2585 5028 autem
2621 4973 2844 5043 fratres,
2887 4971 2946 5025 in
2987 4965 3268 5025 communi
3304 4965 3368 5019 de
3417 4973 3632 5028 cwtcro,
3659 4961 3708 5014 id
3745 4963 3824 5012 est

2246 5067 2302 5123 in
2339 5065 2528 5121 futuro
2553 5107 2567 5132 ,
2607 5063 3008 5133 confortamini,
3047 5060 3102 5115 id
3137 5067 3222 5114 cst
3247 5055 3417 5112 fortes
3451 5061 3628 5110 estote
3649 5053 3700 5105 in
3725 5049 3824 5102 Do-

2247 5159 2412 5224 mino,
2452 5165 2507 5212 et
2549 5163 2613 5211 ut
2649 5153 3034 5210 confortemini
3078 5159 3215 5204 state
3242 5149 3298 5202 in
3339 5147 3580 5217 potentia
3623 5141 3824 5197 virtutis

2246 5249 2383 5320 ejus,
2422 5247 2474 5302 id
2504 5255 2589 5302 est
2623 5253 2873 5316 potentes
2913 5249 3090 5298 estote
3115 5255 3212 5310 per
3244 5238 3506 5292 virtutem
3544 5235 3680 5304 ejus.
3707 5229 3822 5284 Vir-

2255 5347 2424 5394 tutem
2449 5337 2541 5392 hic
2561 5343 2723 5392 vocat
2745 5349 2897 5390 arma
2920 5348 3042 5403 qum
3064 5337 3390 5400 sequuntur,
3416 5325 3618 5398 quibus
3641 5331 3822 5393 poten-

2251 5439 2332 5486 tes
2363 5437 2492 5486 sunt
2532 5435 2722 5483 contra
2755 5426 2961 5481 hostes.
2985 5422 3057 5478 Ut
3084 5431 3266 5477 autem
3301 5418 3474 5474 fortes
3501 5423 3558 5473 et
3589 5421 3820 5486 potentes

2252 5523 2397 5590 sitis,
2435 5521 2642 5574 induite
2672 5534 2759 5573 vos
2801 5525 3138 5571 armaturam
3167 5513 3296 5580 Dei,
3329 5521 3393 5566 ut
3435 5509 3604 5565 armis
3629 5504 3718 5558 Dei
3743 5503 3820 5555 in-

2251 5609 2368 5667 duti
2398 5611 2614 5682 possitis
2661 5621 2816 5663 more
2857 5605 3217 5678 pugnantium
3247 5611 3390 5656 stare
3419 5601 3662 5654 adversus
3689 5591 3816 5648 inst"-

2250 5704 2367 5758 dias
2403 5700 2639 5768 diaboli,
2671 5699 2726 5754 id
2767 5707 2853 5754 est
2883 5697 3164 5752 diabolum
3202 5692 3549 5749 insidiantem
3581 5685 3748 5748 vobis,
3769 5689 3820 5736 et

2251 5810 2320 5853 ne
2363 5787 2420 5851 in
2465 5793 2569 5852 hac
2621 5805 2802 5864 pugna
2831 5789 3164 5862 negligentes
3189 5784 3330 5852 sitis,
3366 5781 3493 5856 quia
3513 5795 3622 5836 non
3642 5783 3716 5830 est
3737 5785 3819 5824 ηο-
