3928 6412
111 403 268 463 349
733 397 1102 456 EXPOSITIO
1141 397 1209 453 IN
1248 397 1634 454 EPISTOLAS
1669 397 1900 456 PAULI.
1937 429 2006 440 ——
2044 397 2112 454 IN
2150 397 2370 454 EPIST.
2409 397 2502 453 AD
2537 396 2820 455 PHILIPP.

115 518 241 572 bis
273 515 585 572 colluctatio
611 514 861 568 adversus
890 529 1102 568 carnem
1133 521 1184 567 et
1215 514 1547 584 sanguinem,
1585 512 1638 567 id
1658 520 1743 567 est
1770 512 1819 570 Α
1844 521 2058 568 scutum
2091 521 2144 568 et
2183 511 2576 582 protectioncm
2621 511 2794 567 vobis.
2840 510 2907 564 In
2949 528 3052 582 quo
3096 524 3253 571 scuto
3292 517 3416 574 ῆᾱεὶ

119 618 355 665 contra
391 607 663 663 visibilem
683 605 921 661 hostem.
954 602 1059 660 Ubi
1084 605 1162 660 ait
1201 604 1530 671 colluctatio,
1565 603 1742 659 innuit
1844 605 2060 677 possitis
2099 605 2430 674 exstinguere
2475 604 2654 657 omnia
2692 605 2845 674 ignea
2883 604 2987 658 tela
3033 604 3177 663 illius
3206 611 3415 680 nequis-

115 715 406 771 pugnam
431 713 554 754 esse
583 698 650 753 de
674 697 945 768 proximo.
983 695 1086 752 Sed
1115 707 1200 754 est
1241 697 1403 754 nobis
1430 697 1742 753 colluctatio
1844 697 1967 751 simi
2003 694 2320 751 adversarii.
2353 695 2620 750 Assumite
2660 696 2820 749 etiam
2859 694 3063 765 galeam
3109 697 3322 767 salutis,
3365 700 3416 755 id

119 791 418 844 adversus
460 789 744 859 principes,
793 787 848 842 id
896 799 983 843 εει
1035 788 1302 859 malignos
1347 788 1608 858 Spiritus;
1648 788 1742 858 qui
1843 796 1927 843 est
1947 793 2140 856 speset
2159 784 2490 840 desiderium
2515 795 2730 840 aeterna:
2756 786 2952 840 salutis
2973 787 3045 841 sit
3064 787 3219 843 vobis
3242 789 3417 860 galea,

119 882 332 936 etiam
359 880 484 936 aliis
519 881 802 950 spiritibus
847 880 1246 952 priucipantur,
1274 889 1326 934 et
1347 881 1511 935 etiam
1557 881 1744 935 adver-
1844 897 1952 952 qua
1983 890 2147 951 caput
2171 881 2275 936 hoc
2303 879 2616 934 involvatis.
2652 877 2811 933 Sicut
2835 879 2978 934 enim
3009 889 3174 950 caput
3200 881 3419 952 dignius

123 989 249 1026 sus
276 969 656 1042 potestates,id
673 979 758 1026 est
778 977 876 1026 eds
905 970 1132 1042 spiritus
1157 970 1253 1040 qui
1281 984 1446 1040 super
1469 969 1743 1040 principes
1843 973 2150 1028 membrum
2198 979 2302 1038 est,
2335 971 2414 1026 sic
2451 970 2635 1026 futura
2682 971 2831 1026 salus
2876 970 3092 1041 dignior
3138 984 3418 1042 respectus

124 1062 468 1134 potentiam
493 1062 714 1117 habent.
740 1060 811 1117 Et
832 1062 1082 1118 adversus
1111 1072 1334 1117 rectores
1368 1063 1582 1130 mundi,
1631 1077 1742 1117 non
1836 1065 1945 1119 est.
1987 1062 2264 1119 Assumite
2289 1063 2453 1116 etiam
2483 1062 2722 1131 gladium
2749 1059 2982 1130 Spiritus
3011 1062 3204 1128 sancti,
3247 1062 3415 1132 quod,

128 1154 315 1225 quod
344 1153 603 1210 saeculum
634 1153 742 1210 hoc
771 1161 981 1226 regant,
1013 1154 1108 1210 sed
1135 1161 1378 1210 rectores
1410 1154 1743 1208 tenebrarum

128 1246 376 1312 Icarum,
435 1244 488 1300 id
535 1254 621 1301 est
666 1245 866 1302 horum
905 1245 959 1301 in
1014 1246 1257 1317 peccatis
1293 1245 1737 1312 tenebrosorum;

129 1351 260 1392 eos
301 1334 447 1391 enim
476 1343 719 1403 tantum,
763 1350 873 1390 non
915 1335 1053 1391 alios
1082 1343 1297 1406 regunt.
1348 1335 1413 1389 Et
1462 1343 1548 1391 est
1584 1335 1742 1390 nobis

131 1442 348 1499 pugna
377 1435 562 1480 contra
591 1426 930 1496 spiritualia,
965 1426 1020 1481 id
1073 1436 1158 1482 est
1205 1434 1396 1482 contra
1442 1426 1742 1483 invisibiles

137 1517 376 1573 hostes.
409 1515 725 1586 Spiritualia
754 1517 880 1574 dico
918 1518 1207 1589 nequities;
1246 1517 1570 1588 nequissimi
1595 1517 1742 1574 enim

138 1614 298 1661 sunt
326 1607 385 1662 hi
417 1605 662 1676 spiritus.
689 1604 813 1662 Haec
837 1614 1016 1662 autem
1040 1621 1221 1678 pugna
1246 1615 1331 1662 εει
1351 1607 1406 1660 in
1424 1605 1740 1675 caelestibus,

137 1696 212 1752 id
235 1705 326 1753 est
359 1712 468 1752 non
497 1712 597 1768 pro
630 1697 884 1765 terrenis,
915 1698 1012 1753 sed
1045 1706 1106 1752 ut
1135 1698 1378 1753 coelestia
1417 1696 1615 1769 gaudia
1643 1711 1743 1751 au-

139 1788 344 1844 ferant
369 1804 402 1843 a
430 1788 606 1843 vobis.
640 1787 758 1855 Vel,
797 1787 1098 1844 secundum
1128 1788 1496 1860 Augustinum
1513 1829 1529 1856 ,
1555 1796 1742 1842 contra

1844 1155 1897 1210 id
1925 1162 2010 1210 est
2052 1155 2142 1225 qui
2187 1153 2400 1224 gladius
2438 1151 2647 1206 verbum
2696 1150 2794 1205 Dei
2826 1159 2923 1206 est.
2959 1149 3026 1206 Et
3057 1151 3162 1207 hoc
3203 1151 3418 1222 gladio,

1844 1246 2054 1302 scilicet
2078 1246 2243 1300 verbo
2280 1242 2376 1298 Dei
2415 1241 2687 1298 feriuntur
2731 1243 2919 1298 hostes
2959 1252 3013 1298 et
3058 1243 3277 1298 cadunt.
3307 1241 3419 1299 Vos

1843 1336 1968 1392 dico
2026 1345 2237 1390 orantes
2287 1351 2379 1405 per
2435 1351 2681 1401 omnem,
2720 1333 2772 1389 id
2807 1341 2891 1389 est
2951 1350 3048 1405 per
3083 1333 3418 1389 omnismodi

1843 1429 2136 1484 orationem
2165 1425 2328 1498 254
2361 1435 2410 1480 ει
2445 1443 2538 1497 per
2575 1440 2792 1480 omnem
2831 1425 3259 1480 obsecrationem.
3283 1425 3420 1480 Ora-

1836 1517 1922 1576 tio
1956 1519 2160 1575 dicitur
2189 1527 2250 1574 ut
2279 1517 2637 1588 simpliciter:
2684 1514 2829 1572 Deus
2857 1516 3053 1586 adjuva
3096 1533 3215 1581 me;
3257 1517 3417 1572 obse-
3441 1577 3453 1591 .

1843 1613 2037 1680 cratio,
2066 1627 2190 1668 cum
2217 1610 2624 1681 adjuramento,
2651 1616 2709 1664 ut
2736 1626 2749 1663 :
2781 1606 2884 1663 Per
2905 1608 3214 1677 passionem
3245 1618 3418 1676 tuam,

1844 1704 2014 1760 libera
2056 1719 2178 1770 nos,
2227 1701 2481 1757 Domine.
2523 1700 2778 1765 Orantes,
2811 1698 2964 1766 dico,
2999 1699 3141 1752 omni
3195 1708 3422 1768 tempore

1843 1809 1958 1851 non
2001 1795 2186 1866 lingua
2225 1803 2436 1849 tantum
2464 1835 2480 1860 ,
2520 1793 2618 1848 sed.
2650 1792 2841 1862 spiritu
2867 1833 2882 1858 ,
2921 1791 2975 1845 id
3013 1799 3098 1846 est
3131 1806 3198 1846 ex
3237 1791 3419 1844 corde.

137 1879 477 1950 spiritualia
520 1879 825 1934 habitantia
860 1879 915 1934 in
945 1879 1280 1947 caelestibus,
1321 1879 1377 1935 id
1401 1888 1486 1935 est
1512 1879 1566 1934 in
1593 1893 1739 1934 aere.
1773 1866 1818 1922 Β
1844 1886 1915 1942 Et
1941 1888 1998 1941 in
2021 1887 2157 1958 ipso,
2189 1885 2242 1940 id
2263 1893 2349 1940 est
2378 1883 2434 1938 in
2477 1882 2685 1938 orando
2726 1881 2845 1936 sitis
2875 1879 3153 1951 vigilantes
3189 1881 3244 1934 in
3280 1878 3421 1932 omni

142 1971 225 2028 Et
260 1981 540 2043 propterea
593 1972 724 2042 quia
774 1981 964 2027 contra
1003 1972 1280 2042 principes
1329 1981 1384 2028 et
1437 1970 1745 2042 spiritualia

147 2080 349 2135 pugna
381 2071 486 2130 est,
513 2063 737 2135 accipite
759 2063 880 2118 ideo
902 2063 1242 2133 spiritualem
1270 2073 1600 2118 armaturam
1621 2062 1741 2132 Dei,

147 2157 212 2211 id
253 2165 342 2212 est
378 2156 605 2212 virtutes
627 2198 642 2222 ,
673 2165 731 2210 ut
769 2171 866 2227 per
891 2156 1013 2212 hac
1053 2171 1205 2210 arma
1241 2157 1455 2226 possitis
1505 2157 1746 2211 resistere

144 2248 215 2301 in
259 2248 348 2302 die
380 2248 542 2314 malo,
589 2249 643 2303 id
671 2257 755 2304 εει
786 2248 842 2303 in
874 2256 1120 2318 tempore
1160 2247 1266 2302 hoc
1299 2247 1393 2318 qui
1421 2248 1538 2304 dies
1567 2248 1744 2305 malus

145 2339 391 2406 dicitur,
420 2341 549 2410 quia
579 2341 754 2396 sancti
781 2340 837 2396 in
859 2340 967 2396 hoc
992 2340 1387 2396 tentationibus
1409 2339 1740 2416 allliguntur.

146 2429 273 2487 Nec
301 2432 484 2487 solum
511 2433 768 2488 resistere
793 2474 808 2500 ,
850 2433 943 2488 sed
977 2433 1141 2488 etiam
1168 2433 1390 2503 possitis
1434 2442 1575 2487 stare
1627 2449 1746 2503 per-

149 2523 290 2592 fecti
332 2533 716 2579 consummata
755 2524 989 2595 justitia.
1045 2523 1200 2578 Stare
1233 2525 1356 2579 dico
1385 2525 1442 2577 in
1481 2515 1743 2591 omnibus,

149 2625 274 2670 tam
340 2614 584 2671 adversis
641 2631 806 2686 quam
865 2616 1162 2686 prosperis.
1238 2614 1306 2670 Et
1345 2615 1473 2685 quia
1532 2615 1589 2669 in
1641 2614 1748 2671 hac

147 2719 348 2773 pugna
388 2712 666 2759 armatura
715 2703 809 2758 Dei
842 2704 1152 2760 necessaria
1197 2711 1301 2771 εει,
1339 2719 1470 2775 ergo
1516 2703 1746 2774 accipite

147 2795 481 2865 cingulum,
540 2796 808 2863 loricam,
854 2806 1071 2852 scutum
1131 2803 1236 2851 etc.
1289 2794 1447 2862 Quod
1485 2796 1568 2852 sic
1613 2795 1690 2850 ait
1727 2813 1741 2851 :

150 2885 319 2940 State
349 2887 404 2940 in
430 2901 612 2956 pugna
654 2888 914 2942 succincti
956 2887 1160 2942 lumbos
1189 2896 1405 2955 vestros,
1441 2887 1492 2943 id
1535 2897 1618 2944 est
1641 2888 1744 2942 ha-

147 2977 357 3033 bentes
374 2978 650 3049 cingulum
675 2979 730 3033 in
760 2979 984 3047 lumbis,
1011 2994 1122 3050 quo
1145 2979 1476 3050 reprimatur
1503 2978 1740 3034 luxuria.

151 3074 439 3132 Succincti
460 3075 583 3132 dico
611 3077 669 3130 in
690 3077 942 3144 veritate,
971 3092 1041 3134 ne
1087 3076 1228 3133 forte
1265 3086 1419 3132 extra
1475 3076 1744 3132 simuletis

150 3165 497 3232 castitatem,
541 3164 690 3222 intus
714 3165 994 3223 lasciviam
1029 3167 1297 3224 habeatis.
1349 3164 1444 3222 Vel
1490 3167 1744 3221 succincti

149 3255 371 3310 lumbos
401 3256 456 3312 iu
478 3257 744 3312 charitate
768 3298 783 3324 ,
823 3257 971 3328 quod
995 3257 1341 3314 dilectio‘Dei
1367 3258 1647 3330 cingulum
1674 3259 1747 3314 sit

150 3346 501 3415 lumborum,
552 3348 901 3406 mortiﬁcans'
947 3350 1003 3404 in
1058 3350 1220 3405 nobis
1265 3349 1559 3405 luxuriam.
1595 3348 1747 3407 State

151 3441 330 3497 etiam
358 3439 534 3495 induti
572 3440 797 3497 loricam
824 3441 1080 3518 justitiaz,
1111 3441 1169 3496 id
1194 3450 1300 3509 est,
1317 3441 1531 3512 justitia
1554 3440 1626 3496 sit
1648 3455 1747 3497 vo-

151 3531 249 3587 bis
293 3530 495 3598 lorica,
545 3530 666 3587 sine
695 3531 920 3588 laesione
948 3531 1223 3602 quoslibet
1268 3531 1409 3588 ictus
1444 3530 1742 3602 excipiens.

150 3621 284 3680 Non
313 3622 438 3678 ideo
459 3622 594 3678 dicit
613 3624 897 3680 veritatem
925 3624 1206 3696 cingulum
1230 3624 1564 3690 lumborum,
1588 3631 1642 3678 ει
1656 3623 1748 3694 ju-

154 3715 375 3772 stitiam
401 3729 523 3771 esse
546 3715 800 3784 loricam,
826 3715 961 3788 quin
1002 3734 1034 3772 e
1077 3731 1343 3772 converso
1377 3715 1517 3772 idem
1565 3713 1748 3772 dicere

154 3804 371 3860 bonum
397 3812 563 3861 esset.

232 3896 391 3953 State
410 3897 576 3953 etiam
601 3897 826 3952 calceati
854 3896 1008 3968 pedes
1033 3937 1049 3964 ,
1087 3894 1140 3951 id
1180 3903 1266 3952 est
1296 3895 1611 3952 all‘ectiones
1648 3911 1746 3951 ve-

154 3997 311 4046 stras
352 3987 494 4044 bene
542 3987 810 4044 habentes
851 3987 1111 4043 munitas.
1139 3984 1259 4042 Non
1287 3987 1410 4042 dico
1453 3994 1664 4042 tantum
1692 3985 1748 4041 in

155 4075 480 4149 Evangelio,
520 4078 616 4134 sed
648 4078 814 4133 etiam
857 4079 915 4131 in
940 4077 1331 4149 praeparatione
1365 4074 1664 4147 Evangelii,
1688 4083 1751 4130 ut

154 4170 406 4240 primum
435 4169 491 4225 in
521 4170 682 4226 vobis
723 4169 1011 4226 ostendam
1047 4168 1194 4240 quod
1235 4168 1359 4224 aliis
1397 4167 1750 4240 Evangeliza-

153 4261 315 4318 hitis.
347 4259 474 4316 Haec
493 4263 640 4316 enim
663 4261 987 4334 praeparatio
1010 4261 1153 4316 bona
1177 4268 1280 4316 est.
1315 4258 1592 4331 Evangelii
1618 4259 1746 4314 dico

153 4355 338 4425 pacis,
372 4353 429 4410 id
449 4363 536 4411 εει
563 4371 659 4426 per
688 4354 836 4426 quod
877 4354 1022 4410 inter
1058 4352 1231 4409 Deum
1257 4362 1311 4409 et
1339 4353 1616 4408 hominem
1643 4366 1750 4421 pax

155 4445 519 4507 rciormatur.
553 4446 794 4503 Calceati
839 4446 1006 4518 pedes
1047 4460 1145 4502 vos
1202 4445 1358 4512 dico,
1393 4453 1652 4498 sumentes
1691 4443 1749 4497 in

153 4536 408 4593 omnibus
443 4538 948 4612 impugnationibus
970 4545 1178 4593 scutum
1201 4537 1350 4607 ﬁdei,
1367 4536 1422 4592 id
1444 4545 1527 4593 est
1554 4534 1743 4603 ﬁdem,

1842 1979 2106 2035 instantia
2135 1985 2184 2031 et
2213 1976 2270 2029 in
2296 1973 2447 2030 omni
2476 1971 2854 2036 obsecratione,
2889 1967 3030 2024 facta
3052 1986 3146 2039 pro
3181 1968 3423 2022 omnibus

1843 2069 2046 2126 sanctis
2074 2107 2090 2136 ,
2149 2065 2294 2122 facta
2327 2065 2491 2120 etiam
2537 2078 2632 2133 pro
2661 2077 2741 2115 me
2781 2062 2847 2116 ad
2878 2061 2982 2115 hoc
3010 2069 3068 2113 ut
3097 2061 3254 2114 detur
3291 2060 3422 2113 mihi

1843 2178 2014 2218 sermo
2054 2161 2112 2215 in
2142 2159 2410 2230 apertione
2451 2155 2560 2210 oris
2597 2153 2738 2220 mei,
2794 2151 2848 2206 id
2885 2160 2968 2206 est
3005 2159 3066 2205 ut
3111 2159 3297 2219 aperto
3339 2149 3421 2204 ori

1843 2252 2286 2311 accommodetur
2321 2248 2496 2322 gratia
2526 2244 2817 2301 sermonis.
2878 2241 2947 2296 Et
2983 2250 3043 2296 ut
3081 2240 3240 2296 detur
3285 2239 3422 2294 mihi

1845 2363 1964 2402 cum
2006 2344 2208 2416 fiducia
2246 2349 2429 2396 notum
2459 2339 2630 2409 facere
2669 2335 2980 2405 mysterium
3003 2374 3018 2400 ,
3054 2333 3106 2387 id
3133 2341 3215 2387 εει
3239 2344 3422 2386 secre-

1843 2447 1962 2494 tum
2003 2433 2282 2506 Evangelii
2320 2431 2449 2488 mei.
2512 2428 2622 2483 Pro
2668 2443 2770 2498 quo
2819 2425 3080 2497 mysterio
3131 2421 3424 2478 revelaudo

1844 2529 2038 2600 fungar
2074 2525 2334 2596 legatione
2369 2521 2573 2594 positus
2610 2518 2666 2572 in
2701 2525 2908 2570 catena.
2967 2513 3059 2568 Ita
3105 2513 3263 2568 detur
3299 2527 3423 2568 cum

1843 2619 2043 2676 ﬁducia
2077 2626 2135 2672 ut
2173 2615 2398 2670 audeam
2436 2615 2492 2667 in
2529 2612 2644 2681 ipso
2709 2607 3004 2678 Evangelia
3045 2605 3217 2676 loqui,
3267 2611 3424 2674 prout

1824 2711 1927 2767 'me
1965 2717 2206 2781 oportet,
2243 2723 2354 2762 non
2393 2704 2626 2776 amplius
2659 2709 2923 2758 venturus
2961 2697 3026 2752 ad
3070 2712 3189 2750 vos.
3237 2693 3313 2748 De
3339 2693 3426 2748 his

1847 2815 1968 2873 quae
1997 2800 2153 2856 vobis
2183 2797 2390 2870 agenda
2425 2805 2576 2863 sunt,
2610 2793 2690 2852 sic
2717 2807 2818 2848 vos
2845 2788 3026 2845 docui.
3069 2785 3137 2842 Ut
3165 2794 3341 2839 autem
3375 2791 3426 2837 et

1845 2912 1934 2950 vos
1959 2893 2146 2949 sciatis
2171 2888 2572 2955 tribulationes,
2595 2903 2713 2958 quw
2749 2885 2893 2939 circa
2929 2897 3011 2934 me
3037 2887 3196 2943 sunt;
3219 2885 3273 2931 et
3295 2875 3427 2946 quid

1844 3000 1946 3056 ego
1977 2999 2135 3057 agam
2158 2983 2214 3038 in
2243 2981 2372 3037 illis.
2409 2979 2690 3051 Tychicus,
2715 2975 3062 3031 charissimus
3086 2972 3254 3043 frater
3283 2977 3332 3022 et
3356 2967 3426 3038 ﬁ-

1845 3075 1979 3131 delis
2019 3076 2260 3130 minister
2299 3073 2356 3126 in
2393 3071 2642 3135 Domino,
2682 3077 2808 3123 nota
2847 3068 3006 3137 faciet
3043 3063 3186 3118 vobis
3224 3061 3422 3115 omnia.

1851 3165 2018 3232 Quem
2055 3165 2355 3237 Tychicum
2391 3163 2513 3216 misi
2547 3161 2617 3216 ad
2655 3176 2742 3214 cos
2790 3161 2848 3213 in
2898 3158 2993 3211 hoc
3027 3157 3199 3227 ipsum
3239 3161 3296 3206 ut
3338 3166 3428 3204 co-

1850 3257 2115 3327 gnoscatis
2140 3269 2237 3326 per
2256 3268 2382 3309 eum
2406 3268 2522 3322 qua:
2568 3251 2713 3304 circa
2752 3265 2844 3302 nos
2882 3256 3026 3314 sunt,
3062 3254 3112 3301 et
3150 3253 3208 3298 ut
3242 3257 3428 3298 conso-

1847 3347 1988 3402 letur
2022 3346 2185 3401 corda
2221 3353 2395 3399 vestra
2438 3357 2564 3398 cum
2608 3338 2894 3395 audieritis
2945 3352 3032 3391 me
3063 3334 3174 3406 pati
3200 3347 3302 3404 pro
3327 3345 3430 3387 no-

1846 3441 1995 3496 mine
2033 3437 2280 3504 Christi,
2317 3451 2420 3507 pro
2457 3449 2568 3505 quo
2603 3445 2765 3488 omne
2802 3445 2942 3485 onus
2974 3429 3092 3484 leve
3128 3435 3231 3492 est,
3257 3438 3425 3480 omne

1843 3531 2036 3602 jugum
2060 3529 2202 3585 ferre
2228 3542 2395 3584 suave
2415 3534 2501 3582 est
2544 3522 2762 3595 (Matth.
2790 3520 3010 3591 11,50).
3036 3517 3137 3574 Hic
3155 3515 3428 3590 Tychicus

1847 3623 1952 3678 fuit
1989 3638 2086 3692 per
2111 3635 2274 3692 quem
2305 3619 2447 3674 hanc
2472 3615 2772 3687 Epistulam
2811 3612 2979 3678 misit,
3018 3609 3309 3665 intendens
3331 3623 3430 3678 per

1846 3724 2147 3785 utrumque
2174 3727 2270 3768 eos
2321 3709 2620 3766 consolari.
2652 3705 2820 3761 Vobis
2847 3703 3105 3776 fratribus
3142 3701 3212 3756 sit
3239 3715 3346 3769 pax
3377 3707 3426 3752 et

1848 3806 2085 3862 charitas
2119 3818 2239 3857 cum
2283 3801 2420 3871 fide,
2465 3799 2518 3853 id
2555 3805 2642 3853 est
2679 3806 2734 3850 et
2786 3795 2920 3849 ﬁdes
2966 3810 2998 3846 a
3035 3791 3144 3845 Deo
3176 3789 3341 3843 Putre
3376 3795 3427 3840 et

1848 3898 2074 3954 Domino
2109 3894 2240 3949 Jesu
2274 3891 2509 3949 Christo.
2545 3889 2735 3944 Gratia
2781 3887 2852 3942 sit
2903 3900 3021 3940 cum
3067 3879 3305 3936 omnibus
3336 3879 3426 3948 qui

1808 4011 1814 4016 ·
1848 3988 2077 4058 diligunt
2104 3983 2390 4038 Dominum
2415 3989 2652 4035 nostrum
2666 3977 2849 4032 Iesum
2871 3975 3164 4030 Christum.
3187 3969 3429 4058 Diliguut

1848 4057 1972 4132 dico
2005 4074 2063 4127 in
2087 4071 2514 4140 incorruptione,
2555 4069 2609 4123 id
2646 4066 2810 4122 estin
2847 4062 3155 4135 integritate
3181 4057 3427 4115 dilectio-

1847 4167 1954 4224 nis.
1982 4165 2198 4220 Dictum
2221 4169 2307 4218 est
2335 4177 2366 4216 a
2385 4159 2742 4216 similitudine
2769 4171 3002 4226 sponsae,
3033 4166 3155 4223 qure
3183 4165 3240 4206 se
3260 4147 3428 4208 mari-

1850 4269 1966 4316 tum
2006 4257 2233 4329 diligere
2301 4254 2528 4325 probat,
2577 4251 2706 4307 dum
2745 4250 2795 4304 ei
2846 4247 3212 4317 integritatem
3268 4254 3426 4296 suam

1849 4359 2114 4407 reservat.
2157 4346 2254 4402 Vel
2295 4347 2367 4400 ita
2400 4364 2413 4399 :
2456 4343 2642 4399 Gratia
2673 4341 2745 4396 sit
2773 4339 2880 4394 illis
2924 4339 2980 4391 in
3013 4331 3425 4401 incorruptione,

1849 4443 1904 4499 id
1945 4450 2030 4498 est
2065 4441 2121 4496 in
2160 4454 2257 4510 spe
2298 4433 2728 4505 incorruptionis
2751 4473 2766 4499 ,
2819 4429 2872 4484 id
2909 4435 2993 4484 est
3026 4425 3151 4481 vitae
3187 4432 3423 4478 aatcrnaz.

1848 4533 2034 4588 Amen.

2053 4693 2332 4706 ._—_—

161 4675 3410 4734 W-

943 4845 1433 4904 ARGUMENTUM
1470 4845 1539 4901 IN
1576 4843 1970 4902 EPISTOLAM
2007 4843 2101 4899 AD
2138 4837 2650 4898 PIIILIPPENSES.

159 5057 360 5115 stolos.

233 4984 618 5055 Philippenses
647 4993 778 5042 sunt
795 4983 1138 5040 Macedones.
1164 4983 1229 5038 lli
1259 4982 1674 5055 acceptogverbo
1699 4980 1965 5055 veritatis,
1999 4979 2356 5055 perstiterunt
2387 4977 2440 5055 in
2471 4974 2597 5055 title,
2625 4986 2726 5025 nec
2751 4973 3070 5038 receperunt
3090 4963 3256 5018 falsos
3291 4975 3428 5030 apo-

397 5000 420 5054 p
489 5000 618 5040 uses
647 5000 778 5042 sunt
797 5000 1138 5040 macedones.
1165 5000 1229 5038 ιιι
1259 5000 1480 5053 accepto
1505 5000 1674 5038 veroo
1699 5000 1965 5044 vernans,
2000 5000 2356 5054 perStltcrllllt
2387 5000 2440 5030 ιιι
2472 5000 2597 5054 "ue,
2626 5000 2687 5025 uc

397 5000 512 5112 [his
534 5056 806 5112 collaudat
839 5056 1154 5126 Apostolus,
1178 5055 1422 5111 scribens
1449 5053 1530 5109 eis
1551 5069 1582 5107 a
1606 5052 1780 5106 Roma
1802 5051 1871 5106 de
1894 5065 2114 5106 carcere
2136 5065 2232 5120 per
2262 5043 2687 5117 Epaphroditum

165 5197 3414 5254 ___________________________________..

1056 5357 1476 5422 PROLOGUS
1525 5357 1598 5418 B.
1637 5351 2034 5416 BRUNONIS
2076 5350 2160 5411 IN
2202 5345 2572 5410 EAMDEM.

234 5532 474 5603 Philippi
496 5508 693 5588 civitas
717 5540 804 5588 est
821 5531 878 5586 in
899 5503 1216 5587 Macedonia
1246 5546 1260 5583 :
1285 5528 1410 5583 inde
1434 5525 1754 5595 Philippcn-
1785 5527 1830 5583 D
1857 5535 1954 5576 sua
1981 5516 2072 5588 (II
2093 5516 2218 5572 Cor.
2247 5532 2330 5583 ιιι,
2363 5515 2440 5585 5).
2467 5513 2627 5585 Apud
2653 5513 2756 5568 hos
2775 5509 3158 5603 Philippenses
3178 5506 3430 5603 aliquau-

163 5641 277 5683 ses.
313 5624 357 5679 li
384 5633 566 5680 autem
602 5623 671 5680 de
716 5638 947 5678 numero
997 5637 1189 5677 eorum
1239 5620 1483 5685 fuerunt,
1525 5632 1666 5688 quos
1692 5615 1749 5669 in

167 5717 412 5774 secunda
455 5714 701 5786 Epistola
737 5714 803 5770 ad
843 5713 1160 5770 Corinthios
1200 5712 1338 5767 adeo
1382 5707 1752 5780 magniﬁcavit

1857 5611 1949 5666 diu
1980 5617 2335 5665 conversatus
2357 5606 2535 5663 fuerat
2562 5605 2789 5671 Paulus,
2829 5601 3132 5673 pmdicans
3178 5597 3259 5651 eis
3301 5610 3428 5650 ver-

1853 5702 1985 5758 bum
2010 5701 2136 5769 Dei,
2167 5709 2222 5756 et
2260 5715 2357 5772 per
2381 5715 2508 5756 eum
2564 5699 2927 5765 susceperunt
2976 5688 3135 5744 ﬁdem
3190 5684 3429 5752 Christi;

168 5807 400 5888 Paulus,
423 5775 611 5863 dicens
639 5824 652 5863 :
682 5804 906 5878 Seipsos
933 5803 1172 5888 primum
1212 5775 1510 5868 dederunt;
1553 5797 1755 5856 deinde
1853 5795 2055 5866 quibus
2075 5791 2398 5853 conlortatis
2425 5791 2482 5847 in
2519 5784 2794 5846 mandatis
2818 5781 2943 5849 Dei,
2958 5775 3212 5836 discessit
3237 5775 3430 5834 abeis.
3497 5812 3502 5816 -
