3928 6420
569 353 708 412 551‘

1111 355 1169 414 s.
1197 355 1568 438 .nn‘uuorus
1594 355 1876 413 cltum-t1
1887 355 2176 416 SlANOllU

2281 357 2774 420 INSTITUTORIS
2809 362 2960 421 OPP.
3003 362 3188 422 PARS
3224 366 3286 422 ll.
3715 377 3790 436 552

571 466 680 522 Sed
703 481 832 530 cum
857 468 1046 526 Romae
1067 482 1212 548 esset
1235 473 1292 527 in
1315 447 1566 540 vinculis,
1598 480 1819 542 propter
1846 471 2151 530 absentiam
2180 483 2234 552 Α
2257 478 2421 534 modo
2435 485 2496 532 ut
2515 480 2776 550 approbet
2802 495 2898 540 eos
2919 486 3366 552 persecutionem
3395 486 3624 542 libenter
3639 491 3788 550 debere

571 565 628 614 et
655 557 1066 618 tribulationem
1087 565 1353 633 pastoris,
1383 564 1848 626 existimaverunt
1887 579 2149 634 persecu-

575 657 730 709 tores
748 653 976 725 iustitia:
1005 663 1058 709 et
1087 655 1292 724 pseudo
1315 655 1568 733 apostoli,
1598 655 1983 733 depravatores
2013 656 2160 711 veri-

575 743 716 799 tatis
739 786 754 810 ,
802 744 906 800 sibi
943 745 1126 800 datam
1161 761 1282 808 esse
1318 731 1776 815 opportunitatem
1815 731 2162 818 aggrediendi

583 851 728 906 quos
762 834 966 890 Paulus
997 836 1330 890 instruxerat
1361 835 1758 906 Philippenses,
1787 847 1848 894 ut
1871 849 1924 893 et
1948 835 2162 895 facilius

586 925 843 981 cederent
882 925 1244 995 persccutioni
1271 967 1288 993 ,
1327 935 1548 996 propter
1577 926 1924 1004 afﬂictionem
1952 937 2006 983 et
2030 914 2164 1012 cop-

587 1024 852 1086 temptum
893 1017 1168 1087 magistri,
1201 1025 1257 1072 et
1291 1025 1352 1072 ut
1387 1018 1595 1088 pseudo
1635 1019 2002 1089 opportunius
2042 1035 2163 1089 per-

587 1116 861 1162 verterent
883 1108 1042 1164 ﬁdem
1080 1124 1270 1164 eorum
1296 1153 1311 1178 ,
1362 1111 1586 1166 absente
1623 1111 1794 1167 Paulo
1825 1113 1920 1182 qui
1959 1097 2160 1168 contir-

587 1206 763 1256 maret
785 1214 898 1254 eos.
925 1198 1101 1266 Quam
1139 1210 1429 1278 utramque
1454 1219 1693 1276 pugnam
1729 1187 1959 1272 (scilicet
1981 1221 2166 1276 perse—

585 1297 838 1346 cutorum
883 1299 936 1344 et
971 1291 1502 1370 pseudodoctorum)
1545 1295 1774 1364 Paulus
1825 1297 2162 1368 intelligens,

587 1380 804 1454 scripsit
832 1382 913 1438 eis
941 1383 1084 1438 hanc
1121 1373 1451 1454 Epistolam,
1482 1387 1542 1442 in
1570 1403 1678 1459 qua
1717 1371 1828 1459 agit
1852 1389 1918 1446 de
1945 1387 2036 1444 illa
2064 1390 2167 1445 du-

585 1471 715 1544 plici
749 1487 933 1545 pugna
981 1487 1399 1547 persecutorum
1442 1487 1498 1536 et
1542 1477 2060 1552 pseudodoctorum,
2099 1495 2167 1562 eo

611 1635 1155 1661 Μ

2265 571 2378 642 pati
2399 587 2500 642 pro
2517 572 2621 628 [ide
2651 571 2878 646 Christi,
2912 591 3038 630 cum
3069 576 3400 657 Apostolum
3433 595 3590 634 suum
3611 585 3792 652 gauden-

2268 669 2376 716 tem
2407 663 2631 718 audiant
2667 664 2722 718 in
2749 665 3004 733 vinculis,
3039 668 3134 737 qui
3159 665 3366 740 dignus
3399 671 3616 726 habitus
3641 674 3701 728 sit
3725 694 3793 745 pro

2255 754 2487 827 nomine
2508 753 2640 812 Jesu
2669 759 3061 812 contumeliam
3093 761 3238 830 pati;
3281 777 3419 818 cum
3471 763 3628 818 etiam
3667 767 3794 826 sciant

2267 839 2454 908 Jesum
2485 859 2585 914 pro
2607 837 2786 914 'salute
2820 835 3012 918 eerum
3051 864 3296 918 passum.
3341 849 3420 908 lis
3442 863 3498 907 et
3523 853 3638 910 aliis
3663 857 3795 916 causis

2268 933 2586 1004 patientiam
2618 937 3079 1018 cum'humilitate
3107 942 3468 997 commendat
3511 943 3608 998 eis.
3647 943 3795 1004 lterum

2270 1025 2578 1098 doctrinam
2615 1043 2806 1084 eorum
2850 1031 3059 1102 pseudo
3087 1033 3194 1088 illis
3224 1034 3368 1090 adeo
3397 1034 3648 1104 deprimit
3671 1047 3720 1092 ut
3733 1055 3796 1094 vo»

2271 1128 2356 1173 cet
2383 1132 2504 1172 eam
2536 1129 2800 1190 stercora,
2831 1130 2885 1177 et
2911 1124 3114 1182 multas
3141 1128 3235 1179 dat
3253 1125 3532 1194 rationes,
3553 1143 3702 1198 quare
3721 1146 3794 1186 non

2269 1209 2380 1263 sint
2407 1209 2698 1286 audiendi..-
2717 1211 2785 1267 Et
2813 1213 2868 1268 in
2893 1213 3041 1294 hunc
3051 1217 3284 1276 modum
3301 1233 3487 1291 agens
3508 1219 3574 1276 de
3589 1219 3680 1274 hac
3691 1231 3796 1276 utn-

2271 1316 2378 1372 que
2414 1317 2618 1373 pugna,
2656 1304 2893 1362 intendit
2932 1320 3028 1362 eos
3068 1323 3282 1364 armare
3323 1310 3386 1364 in
3419 1311 3528 1365 hoc
3559 1309 3687 1366 bello
3731 1327 3796 1382 per

2259 1387 2414 1444 .hanc
2437 1389 2759 1462 Epistolam,
2783 1409 2852 1450 ne
2873 1395 2956 1452 vel
2981 1397 3180 1456 cedant
3201 1399 3688 1469 persecutioni,vei
3705 1415 3796 1456 con-

2273 1482 2516 1537 sentiant
2547 1485 2742 1565 errori.

1181 1643 3769 1676 mw

1335 1789 1922 1921 EPISTOLA
1987 1825 2141 1914 AD
2211 1826 3116 1968 PHILIPPENSES.

994 2019 1155 2091 255
1184 2019 1415 2075 CAPUT
1449 2018 1746 2076 PRIMUM.

665 2131 687 2166 ι
715 2111 916 2167 Paulus
939 2121 994 2166 et
1025 2109 1366 2177 Timotheus,
1399 2110 1542 2166 servi
1577 2109 1708 2166 Jesu
1731 2109 1957 2178 Christi,
1989 2109 2172 2164 omni-

597 2225 617 2257 ει
656 2206 760 2260 bus
805 2205 1009 2260 sanctis
1059 2203 1114 2258 in
1156 2203 1378 2280 Christo
1402 2200 1552 2270 Jesu,
1603 2203 1698 2272 qui
1738 2211 1867 2258 sunt
1905 2199 2174 2272 Philippis

597 2316 617 2348 ι
653 2310 778 2350 cum
809 2294 1082 2364 episcopis
1111 2301 1167 2348 et
1192 2293 1534 2348 diaconibus.
1578 2292 1764 2377 Gratia
1805 2291 1960 2348 vobis
1988 2300 2043 2347 et
2068 2289 2175 2377 pair

608 2408 626 2442 ε
663 2405 696 2446 a
722 2387 832 2443 Deo
861 2388 1020 2442 Patre
1043 2395 1250 2454 nostro,
1279 2395 1334 2443 et
1355 2387 1587 2444 Domino
1623 2371 1750 2444 Jesu
1779 2387 2019 2444 Christo.
2039 2371 2176 2446 Gra-

607 2498 627 2536 ι
664 2480 768 2535 tias
803 2493 906 2551 ago
928 2477 1039 2534 Deo
1063 2493 1185 2533 meo
1207 2479 1264 2532 in
1292 2479 1440 2533 omni
1469 2479 1732 2534 memoria
1753 2479 1940 2546 vestri,
1963 2471 2176 2549 Semper

600 2593 620 2628 ι
661 2573 718 2630 in
769 2575 984 2628 cunc-‘ls
1029 2573 1371 2630 orationibus
1399 2574 1536 2630 meis
1563 2589 1664 2644 pro
1719 2575 2173 2643 omnibusvobis,

598 2683 619 2718 ι
657 2679 783 2721 cum
815 2679 885 2736 gr
906 2663 1022 2720 idio
1055 2664 1490 2734 deprecationem
1545 2663 1772 2732 faciens,
1825 2681 1990 2738 super
2025 2681 2178 2722 com-

599 2773 623 2811 ι
663 2755 1032 2812 ωυηίοίςιιοηθ
1058 2763 1240 2810 vestra
1265 2754 1321 2808 in
1364 2753 1658 2827 Evangelio
1679 2742 1886 2810 Christi
1927 2771 1960 2810 a
1999 2756 2174 2826 prima

603 2863 626 2898 ι
661 2846 750 2902 die
797 2863 972 2917 usque
1011 2863 1178 2915 nunc,
1230 2847 1509 2904 conlidens
1548 2848 1656 2904 hoc
1685 2848 1888 2918 ipsum,
1917 2847 2045 2918 quia
2079 2847 2174 2918 qui

605 2955 628 2992 ι
662 2939 820 3012 erepit
874 2940 930 2995 in
975 2941 1138 3000 vobis
1182 2956 1320 3013 opus
1364 2941 1593 3007 bonum,
1641 2925 1886 3018 perliciet
1918 2955 2093 3011 usque
2121 2940 2176 2994 in

605 3055 628 3092 ε
664 3034 808 3092 diem
830 3034 1034 3092 Christi
1057 3033 1206 3091 Jesu.
1235 3033 1390 3089 Sicut
1415 3041 1501 3089 est
1529 3033 1664 3088 mihi
1689 3033 1898 3103 justum
1921 3031 2028 3087 hoc
2051 3045 2177 3108 sen-

609 3146 630 3180 α
669 3127 770 3183 tire
793 3142 892 3198 pro
917 3127 1173 3183 omnibus
1201 3126 1379 3193 vobis,
1429 3141 1496 3180 eo
1541 3125 1689 3195 quod
1729 3125 1958 3180 habeam
1999 3137 2098 3178 vos
2120 3121 2177 3175 in

606 3236 626 3269 ι
663 3217 847 3283 corde,
873 3225 927 3272 et
954 3216 1010 3272 in
1043 3217 1278 3272 vinculis
1302 3215 1440 3272 meis
1470 3225 1525 3272 et
1545 3216 1602 3270 in
1627 3214 1944 3271 defensione
1971 3221 2025 3269 et
2046 3228 2178 3270 eon-

603 3331 624 3362 ι
667 3309 972 3364 tirmatione
999 3307 1297 3380 Evangelii,
1322 3308 1504 3364 socios
1527 3306 1710 3379 gaudii
1731 3307 1838 3362 mei
1865 3321 2057 3364 omnes
2075 3305 2176 3363 vos
2204 3355 2246 3380 ,π

605 3417 626 3452 ι
663 3414 784 3455 esse
819 3399 1162 3456 Testisenim
1185 3401 1318 3457 mihi
1344 3409 1429 3458 est
1457 3401 1621 3466 Deus,
1649 3401 1928 3472 quomodo
1955 3400 2174 3471 cupiam

609 3502 628 3542 ε
665 3500 764 3546 vos
795 3488 1052 3546 mnesin
1077 3489 1380 3546 visceribus
1419 3490 1548 3546 Jesu
1571 3490 1794 3545 Christi.
1829 3489 1895 3544 Et
1919 3491 2024 3546 hoc
2055 3506 2173 3557 oro,

609 3601 630 3634 ‹
668 3592 730 3637 ut
787 3582 1016 3639 :baritas
1061 3591 1244 3637 vestra
1293 3582 1470 3652 magis
1515 3597 1580 3636 ac
1621 3581 1796 3652 magis
1837 3581 2075 3636 abundet
2119 3582 2178 3636 in

609 3694 629 3726 ε
667 3673 896 3729 scicntia
921 3674 1052 3729 etin
1088 3674 1237 3728 omni
1261 3688 1448 3739 sensu,
1492 3679 1554 3726 ut
1585 3671 1827 3742 probetis
1864 3671 2096 3741 potiora,
2118 3679 2182 3726 ut

607 3781 628 3814 ι
667 3765 787 3820 sitis
816 3765 1034 3831 sinceri,
1059 3773 1114 3820 et
1141 3765 1258 3820 sine
1283 3763 1490 3819 oll'ensa
1540 3763 1596 3817 in
1651 3763 1793 3818 diem
1824 3755 2048 3829 Christi,
2090 3749 2179 3840 re;-

609 3874 627 3906 ι
667 3855 794 3924 picti
827 3853 1006 3910 fructu
1041 3854 1267 3925 justitite
1294 3869 1390 3924 per
1416 3852 1602 3908 Jesum
1645 3851 1951 3918 Christum,
1977 3850 2032 3906 in
2061 3851 2181 3906 lau—

617 3965 634 3997 ι
672 3947 793 4002 dem
822 3957 876 4002 et
897 3948 1124 4018 gloriam
1152 3945 1268 4002 Dei.
1295 3945 1446 4002 Scire
1467 3955 1647 4000 autem
1663 3960 1762 4000 vos
1783 3945 1931 4011 volo,
1959 3943 2156 4022 fratres

609 4057 628 4088 ι
665 4039 794 4106 quia
817 4055 938 4107 quae
959 4039 1100 4094 circa
1125 4054 1216 4094 me
1233 4047 1382 4100 sunt.
1399 4039 1573 4109 magis
1599 4038 1666 4093 ad
1689 4037 1992 4108 profectum
2012 4053 2177 4094 vene-

607 4145 630 4179 c
670 4137 796 4196 runt
817 4128 1109 4200 Evangelii,
1132 4131 1207 4184 ita
1231 4138 1290 4183 ut
1312 4130 1526 4186 vincula
1538 4144 1656 4184 mea
1685 4129 1972 4205 manifesta
1993 4129 2182 4185 fierent

616 4241 634 4272 ι
671 4221 724 4276 in
766 4219 986 4278 Christo
1013 4223 1068 4275 in
1097 4221 1246 4276 omni
1271 4221 1550 4290 prmtorio,
1577 4229 1631 4274 et
1664 4219 1721 4278 in
1765 4218 1977 4276 caeteris
1999 4219 2182 4274 "omni-

613 4328 635 4364 ι
669 4311 792 4377 bus,
820 4319 874 4366 et
913 4313 1096 4381 plures
1124 4328 1154 4368 e
1179 4311 1440 4380 fratribus
1469 4311 1524 4366 in
1573 4311 1804 4366 Domino
1847 4311 2181 4369 confidentes

611 4420 634 4454 ι
667 4400 724 4456 iu
749 4401 983 4457 vinculis
1002 4402 1540 4466 meis,abundantius
1562 4401 1828 4457 auderent
1849 4401 1964 4456 sine
1987 4401 2184 4457 timore

611 4511 633 4547 ι
667 4494 892 4548 verbum
939 4493 1034 4548 Dei
1087 4494 1256 4564 loqui.
1292 4493 1542 4561 Quidam
1597 4494 1840 4564 quidem,
1870 4503 1925 4550 et
1961 4503 2185 4570 propter

611 4605 631 4638 α
673 4585 929 4640 invidiam
994 4595 1047 4642 et
1111 4587 1552 4654 contentionem,
1611 4589 1835 4660 quidam
1891 4596 2074 4644 autem
2131 4596 2186 4645 et

2143 2011 2147 2016 ’
2198 2021 2248 2083 Β
2279 2039 2301 2074 ‹
2339 2021 2453 2078 sive
2479 2038 2577 2100 per
2597 2022 2766 2078 vitam
2797 2022 2913 2078 sive
2933 2003 3318 2094 per'mortem.
3352 2021 3494 2078 Mihi
3513 2022 3650 2078 enim
3670 2023 3798 2079 vivere

2279 2134 2298 2169 ι
2335 2115 2587 2172 Christus
2610 2124 2713 2183 est,
2743 2126 2798 2171 et
2823 2115 2960 2170 mori
3007 2115 3244 2171 lucrum.
3297 2114 3466 2183 Quod
3511 2117 3556 2172 si
3590 2115 3737 2172 vivere
3759 2117 3794 2170 in

2280 2226 2299 2261 ‹
2331 2223 2518 2276 carne,
2544 2209 2635 2262 hic
2658 2207 2796 2262 mihi
2819 2207 3030 2264 fructus
3053 2208 3232 2279 operis
3277 2216 3393 2277 est,
3417 2218 3475 2264 et
3501 2209 3622 2278 quid
3645 2209 3788 2279 eligam

2261 2317 2299 2376 _¢
2339 2299 2547 2370 ignoro.
2586 2299 2853 2355 Coarctor
2901 2309 3085 2355 autem
3123 2314 3156 2354 e
3201 2299 3430 2356 duobus
3472 2317 3488 2356 :
3527 2299 3792 2354 desiderium

2281 2409 2300 2442 α
2337 2392 2546 2448 habens
2571 2391 2820 2459 dissolvi,
2858 2401 2912 2447 et
2932 2407 3054 2448 esse
3076 2407 3202 2447 cum
3222 2390 3475 2460 Christo,
3499 2391 3658 2445 multo
3676 2389 3797 2458 magis

2259 2500 2301 2562 _¢
2337 2483 2562 2550 melius;
2589 2500 2907 2554 permanere
2943 2492 3126 2562 autem
3181 2485 3238 2540 in
3259 2499 3454 2552 carne,
3493 2481 3793 2539 necessarium

2282 2595 2302 2627 ι
2337 2583 2422 2631 est
2439 2585 2658 2646 propter
2677 2591 2794 2631 vos.
2835 2575 2902 2630 Et
2945 2577 3051 2632 hoc
3094 2575 3380 2632 conlidens
3425 2575 3541 2632 scio
3581 2574 3693 2644 quia
3709 2585 3790 2624 ma-

2281 2687 2302 2722 (
2339 2669 2480 2724 nebo
2516 2675 2572 2724 et
2593 2669 2923 2738 permanebo
2977 2663 3239 2724 Omnibus
3265 2668 3437 2724 vobis
3466 2667 3532 2721 ad
3559 2663 3794 2736 profectum

2282 2770 2602 2828 «vestrum,
2647 2761 2998 2832 et‘gaudium
3042 2761 3188 2828 ﬁdei,
3240 2770 3302 2816 ut
3356 2757 3642 2831 gratulatio
3670 2765 3796 2810 vestra

2281 2871 2302 2904 ί
2337 2853 2577 2908 abundet
2598 2853 2652 2908 in
2678 2851 2902 2908 Christo
2931 2851 3061 2908 Jesu
3086 2853 3142 2907 in
3167 2867 3276 2920 me,
3303 2869 3410 2923 per
3451 2864 3623 2906 meum
3647 2847 3795 2901 adven-

2283 2965 2302 2998 ι
2342 2955 2458 3000 tum
2515 2946 2714 3000 iterum
2758 2945 2827 3000 ad
2863 2960 2983 3000 vos.
3049 2944 3286 3000 Tantum
3340 2945 3507 3015 digne
3563 2935 3792 3008 Evangelio

2283 3057 2302 3090 ι
2337 3036 2544 3092 Christi
2589 3031 3010 3102 conversamiui,
3061 3045 3143 3104 ut,
3201 3036 3320 3090 sive
3376 3050 3506 3090 cum
3559 3043 3726 3086 venero
3761 3031 3796 3080 et

2283 3144 2302 3178 ι
2340 3124 2524 3179 videro
2561 3139 2685 3194 vos,
2731 3124 2846 3178 sive
2890 3125 3093 3180 absens
3147 3123 3378 3179 audiam
3427 3121 3496 3176 de
3522 3117 3681 3184 vobis,
3705 3111 3793 3182 quia

2283 3237 2302 3270 «
2339 3215 2496 3275 statis
2510 3215 2568 3272 in
2598 3229 2706 3274 uno
2735 3214 2936 3285 spiritu
2965 3214 3276 3279 unanimes,
3317 3201 3794 3272 collaboranteslidei

2285 3331 2302 3366 ι
2335 3309 2632 3382 Evangelii,
2663 3317 2718 3364 et
2759 3309 2814 3363 in
2856 3309 3007 3363 nullo
3051 3305 3372 3363 terreamini
3409 3305 3479 3360 ab
3504 3295 3791 3358 adversariis;

2286 3421 2304 3455 ι
2341 3381 2464 3472 quae
2488 3381 2573 3456 est
2593 3399 2700 3454 illis
2724 3414 2891 3454 causa
2912 3398 3255 3468 perditionis,
3299 3396 3464 3451 vobis
3514 3399 3676 3448 autem
3695 3383 3796 3442 salu-

2286 3513 2304 3546 ι
2344 3493 2434 3560 tis,
2467 3491 2654 3546 ethoc
2683 3505 2712 3544 a
2743 3489 2854 3544 Deo
2889 3508 2901 3544 :
2938 3489 3068 3560 quia
3118 3488 3273 3544 vobis
3319 3489 3583 3542 donatum
3623 3487 3692 3534 est
3727 3487 3794 3544 pro
3891 3487 3893 3530 !

2285 3604 2304 3638 ι
2341 3582 2581 3649 Christo,
2609 3597 2718 3636 non
2765 3581 2944 3636 solum
2986 3589 3044 3634 ut
3089 3579 3144 3632 in
3190 3594 3315 3634 eum
3369 3574 3617 3636 credatis,
3650 3567 3724 3624 sed
3757 3569 3797 3614 ιιι

2288 3693 2308 3727 ι
2347 3673 2514 3727 etiam
2569 3686 2669 3741 pro
2717 3670 2809 3726 illo
2854 3669 3138 3740 patiamini
3171 3687 3183 3723 :
3213 3668 3364 3722 idem
3427 3673 3676 3722 certamen
3723 3655 3790 3707 ha-

2287 3784 2304 3816 c
2342 3765 2552 3828 bentes,
2590 3761 2750 3832 quale
2778 3769 2833 3816 et
2883 3760 3098 3817 vidistis
3127 3759 3184 3814 in
3227 3775 3338 3827 me,
3371 3767 3428 3814 ct
3465 3767 3604 3813 nunc
3623 3741 3793 3804 audistis

2287 3831 2623 3907 «demen’
3891 3831 3893 3840 ¹

2917 3929 3219 3996 nitrosum.

2297 4083 2304 4088 .
2351 4033 2580 4100 Paulus,
2607 4021 2712 4088 etc.
2735 4019 2969 4086 Nomina
2993 4031 3274 4102 dignitatis
3315 4032 3413 4086 hic
3462 4045 3568 4086 non
3585 4016 3793 4096 apposuit.

2281 4126 2460 4184 sciens
2477 4124 2860 4196 Philippenses
2880 4139 2992 4180 non
3013 4109 3352 4190 dubitarede
3369 4121 3658 4194 apostolatu
3669 4105 3793 4168 Pauli.

2282 4231 2446 4286 quem
2471 4215 2796 4286 magistrum
2825 4223 2878 4270 et
2905 4213 3226 4285 Apostolum
3256 4229 3421 4271 suum
3448 4207 3790 4282 confitebantur,

2283 4309 2436 4376 dum,
2453 4293 2603 4363 Isicut
2625 4307 2733 4362 illis
2761 4305 3058 4362 tradiderat
3083 4295 3310 4368 Paulus.
3349 4308 3408 4362 in
3435 4305 3536 4360 ﬁde
3561 4292 3794 4368 Operaban-

2287 4407 2404 4466 tur;
2455 4399 2550 4455 sed
2591 4399 2880 4458 intendens
2909 4399 3293 4455 commendare
3341 4399 3428 4455 eis
3485 4385 3790 4450 humilitatem.

2285 4505 2410 4549 cum
2438 4492 2698 4563 patientia
2719 4491 3047 4548 humilitatis
3069 4507 3268 4548 nomen
3302 4495 3385 4564 (se
3413 4499 3618 4548 servum
3639 4469 3790 4564 diocesi

2263 4557 2540 4638 inseruit.
2567 4580 2723 4635 Unde
2752 4581 2834 4636 sic
2883 4581 2961 4635 ait
2999 4599 3012 4635 :
3051 4579 3259 4635 Paulus
3296 4557 3346 4635 et
3398 4573 3687 4633 Timotheus.
3710 4557 3791 4614 Non

611 4699 630 4732 ε
669 4689 887 4752 propter
931 4681 1130 4736 bonam
1175 4683 1512 4737 voluntatem
1550 4654 1830 4736 Christum
1853 4680 2180 4752 prtedicant;
2214 4697 2261 4758 ι)
2288 4674 2410 4730 ideo
2439 4672 2786 4728 Timotheum
2823 4672 3079 4742 δρβοευίι
3111 4672 3413 4744 quodcum
3443 4665 3602 4724 Paulo
3627 4654 3790 4758 Egi“:

611 4789 630 4821 ‹
667 4772 909 4840 quidam,
941 4787 1006 4828 ex
1031 4771 1318 4836 charitate,
1369 4771 1604 4827 scientes
1626 4771 1882 4841 quoniam
1914 4771 1968 4824 in
1991 4769 2182 4826 defen-

611 4878 630 4912 ι
665 4863 816 4918 sione
849 4863 1124 4936 Evangelii
1173 4864 1384 4934 positus
1431 4879 1579 4918 sum.
1628 4861 1862 4928 Quidam
1889 4871 2070 4916 autent
2116 4878 2184 4917 ex

609 4971 632 5003 σ
669 4955 1016 5010 contentione
1059 4954 1337 5010 Christum
1387 4954 1722 5008 annuntiant
1771 4968 1882 5008 non
1933 4954 2181 5020 sincere;

613 5061 633 5093 ο
669 5043 1045 5098 existimantes
1062 5061 1378 5114 pressuram
1409 5060 1467 5100 se
1486 5043 1752 5100 suscitare
1765 5043 2000 5098 vinculis
2024 5043 2180 5099 meis.

609 5155 630 5185 ο
667 5131 808 5197 Quid
833 5133 1161 5188 enim?Dum
1177 5135 1324 5189 omni
1345 5135 1528 5201 modo,
1557 5134 1672 5189 sive
1697 5147 1794 5203 per
1813 5133 2181 5200 occasionem,

609 5240 628 5273 ι
668 5221 784 5276 sive
817 5239 912 5292 per
935 5224 1216 5279 veritatem
1237 5225 1496 5280 Christus
1517 5224 1893 5289 annuntietur,
1917 5232 1970 5278 et
1997 5225 2051 5277 in
2081 5224 2185 5278 hoc

609 5333 628 5364 σ
667 5313 898 5382 gaudeo,
927 5313 1018 5368 sed
1047 5322 1101 5368 ct
1129 5315 1392 5384 gaudebo.
1441 5313 1568 5370 Scio
1595 5314 1742 5370 enim
1770 5313 2028 5389 quiahoc
2049 5313 2184 5369 mihi
2227 5381 2229 5383 _

611 5427 632 5458 ο
663 5405 953 5484 proveniet
997 5406 1064 5460 ad
1119 5407 1350 5464 salutem
1399 5421 1496 5475 per
1533 5415 1772 5462 vestram
1801 5405 2105 5460 orationem
2133 5417 2188 5460 et

609 5513 630 5546 σ
667 5494 1239 5574 subministrationem
1290 5494 1528 5564 Spiritus
1562 5494 1692 5550 Jesu
1717 5493 1946 5562 Christi,
1989 5509 2210 5550 scena--

607 5603 630 5638 σ
663 5586 793 5641 dum
813 5586 1275 5656 exspectationem
1303 5593 1358 5642 et
1382 5600 1532 5655 spem
1564 5599 1762 5650 meam,
1797 5585 1926 5654 quia
1954 5584 2008 5639 in
2033 5585 2184 5640 nullo

607 5695 630 5730 σ
665 5675 989 5744 eonfundar,
1021 5679 1114 5735 sed
1156 5678 1210 5733 in
1255 5676 1406 5732 omni
1433 5675 1654 5742 fiducia,
1689 5675 1832 5730 sicut
1861 5691 2098 5746 semper,
2127 5685 2183 5730 et

604 5791 622 5824 ι
661 5785 808 5828 nunc
849 5771 1286 5845 magnilicabuur
1331 5769 1588 5827 Christus
1637 5769 1696 5826 in
1753 5781 1986 5840 corpore
2033 5783 2176 5837 meo,

2259 5589 2344 5652 :in
2366 5587 2470 5642 lide
2496 5559 2698 5654 Christi
2727 5583 2858 5640 Jesu
2903 5584 3130 5664 sancitis
3157 5593 3212 5640 et
3256 5567 3588 5664 confirmatis.

2284 4765 2395 4820 lam
2425 4764 2724 4834 scripserit,
2755 4737 3010 4834 sed-quia
3051 4764 3108 4816 in
3129 4737 3334 4818 eadem
3375 4761 3637 4817 voluntate
3669 4737 3791 4834 Pii"0

2243 4879 2246 4882 λ
2285 4832 2586 4934 concessit;
2621 4855 2742 4910 ideo
2779 4832 2965 4922 etiam,
3021 4855 3174 4924 quia,
3225 4855 3370 4910 sient
3413 4853 3465 4906 in
3511 4832 3789 4934 sequentibus

2285 4949 2485 5014 innuit,
2521 4929 2798 5002 missurus
2842 4955 2960 5002 erat
2992 4947 3072 5002 eis
3100 4946 3154 5002 in
3196 4947 3446 5016 proximo
3493 4929 3786 5016 Timothei!!!)-

2285 5041 2387 5098 Cui
2410 5050 2473 5095 ut
2503 5041 2560 5094 in
2591 5039 2847 5094 omnibus
2888 5038 3190 5104 obedirent,
3213 5039 3439 5109 dignum
3471 5029 3566 5088 fuit
3600 5023 3786 5109 p390“

2279 5136 2420 5189 abere
2447 5129 2920 5187 commendatione
2967 5129 3142 5184 Pauli.
3184 5107 3386 5184 Paulus
3427 5133 3480 5180 et
3517 5107 3786 5204 Timotheus?

2288 5213 2420 5278 servi
2445 5215 2573 5275 Jesu
2619 5217 2841 5286 Christi,
2889 5215 2967 5275 sic
2987 5229 3043 5274 et
3070 5235 3168 5274 vos
3207 5213 3516 5274 Servitutcm
3545 5199 3784 5290 Christi.“l

2287 5313 2438 5368 omni
2482 5311 2786 5366 humilitate
2837 5309 3106 5379 patientes
3157 5310 3441 5365 custodite.
3495 5293 3688 5390 Paulus,

2287 5421 2475 5476 quam,
2525 5413 2580 5458 et
2619 5401 2940 5457 Timotheus
2983 5402 3232 5457 scribunt
3275 5399 3506 5456 omnibus
3531 5379 3780 5478 sonuit-if:

2287 5461 2408 5550 slum
2431 5495 2734 5564 Philippis.
2775 5493 2992 5548 Sanctis
3010 5493 3133 5550 dico
3162 5495 3218 5548 in
3263 5493 3469 5572 Christo
3498 5465 3708 5612 Ιεειιὶῃίξ

2287 5589 2340 5612 ε..
2367 5587 2469 5612 tu-
2496 5585 2696 5612 plus“:
2736 5583 2856 5612 ιηι...
2904 5584 3128 5612 “nutat-
3159 5593 3206 5612 η.
3259 5573 3587 5612 Anna-morie-
3671 5575 3681 5608 δ

2288 5647 2528 5733 omnibus
2552 5677 2776 5742 sanctis,
2811 5653 3260 5731 communitatem
3307 5649 3547 5730 Ecclesia
3575 5643 3777 5742 illum?"

2287 5769 2342 5826 id
2375 5777 2479 5833 est,
2504 5727 2776 5833 subditos;
2799 5763 3004 5837 quibus
3028 5765 3084 5822 in
3105 5765 3294 5824 eadem
3321 5754 3615 5822 salutatione
3634 5727 3776 5810 lim”
