3928 6410
167 351 298 410 353

772 351 1140 409 EXPOSITIO
1175 350 1244 407 IN
1282 349 1662 408 ΕΡιδτθιΑδ
1698 349 1739 404 Ρ

1829 349 1928 406 lLl.
1968 381 2038 394 -ο
2076 349 2144 407 ΙΝ
2180 351 2399 410 EPIST.
2440 357 2533 410 AD
2567 355 2899 417 PHILIPPJ

3333 365 3438 426 354

157 480 272 528 tos
285 469 788 543 adjungit,dicens:
810 469 974 543 256
995 469 1252 526 Scribunt
1273 469 1513 524 omnibus
1540 467 1762 534 sanctis,
1793 468 1840 525 Α
1864 465 2008 548 diem
2043 483 2204 524 suum
2229 469 2439 538 habuit,
2466 470 2668 528 fa’ciens
2691 474 2896 530 bonum
2915 475 2999 531 vel
3024 479 3250 547 malum,
3287 486 3434 554 quod

157 565 236 621 id
250 573 338 621 est
354 563 590 619 subditis
603 578 722 615 cum
737 562 1015 632 episcOpis,
1039 562 1094 615 id
1108 570 1193 615 est
1208 570 1262 615 et
1273 561 1546 630 episcopis
1567 568 1617 613 et
1637 561 1761 614 dia--

168 658 404 714 mnibus
442 657 496 711 in
523 655 711 710 eadem
741 653 1005 709 Ecclesia.
1043 651 1144 706 Hic
1173 667 1270 722 per
1301 651 1589 722 episcopos
1612 651 1760 706 acci-
1792 730 1794 732 ν

161 749 368 818 pimus
391 745 772 817 presbyteros;
801 759 925 798 cum
956 743 1012 798 in
1039 743 1228 798 eadem
1258 743 1475 798 civitate
1495 758 1603 796 non
1627 743 1758 809 sint,

152 839 481 910 putandum
507 837 691 907 plures
734 849 858 891 esse
901 835 1206 905 episcopos.
1236 833 1333 889 Vel
1362 835 1410 890 si
1439 834 1602 889 etiam
1628 833 1759 888 Phi-

153 929 311 999 lippi
347 926 498 999 regio
520 935 666 982 esset
691 926 937 981 diversas
958 925 1184 980 ‘habe‘ns
1223 923 1491 992 civitates,
1520 922 1759 979 "absurde

154 1018 444 1073 transiret
495 1015 565 1070 ab
619 1015 895 1086 episcopis
953 1015 1022 1070 ad
1076 1015 1365 1081 diacones,
1425 1013 1759 1069 intermissis

153 1106 525 1181 presbyter-is.
558 1103 668 1161 Nec
697 1106 999 1162 absurdum
1021 1114 1126 1171 est,
1142 1104 1207 1160 'si
1235 1105 1546 1160 sacerdotes
1565 1103 1756 1158 dican-

153 1207 263 1252 tur
285 1196 547 1268 episcopi,
572 1212 719 1262 cum,
744 1197 1047 1253 secundum
1093 1195 1481 1267 Augustinum,
1527 1189 1778 1266 quilibet

151 1288 590 1358 paterfamilias,
619 1288 748 1357 quia
789 1303 957 1358 super
978 1289 1209 1343 intendit
1237 1288 1446 1355 domui,
1463 1289 1755 1358 episcopus

149 1382 348 1450 possit
378 1380 508 1442 dici.
545 1378 770 1447 Paulus,
795 1379 1041 1449 inquam,
1069 1387 1123 1435 et
1152 1379 1474 1436 Timotheus
1507 1381 1588 1436 sic
1614 1379 1754 1435 scri~

101 1490 112 1499 ·
161 1473 315 1526 bunt
347 1490 360 1525 :
392 1470 581 1525 Gratia
621 1470 762 1524 vobis
799 1479 850 1525 et
896 1481 1004 1541 pax
1046 1489 1080 1526 a
1119 1471 1228 1527 Deo
1257 1481 1435 1526 nostro
1486 1471 1672 1538 Patre,
1703 1480 1754 1527 et

160 1561 406 1615 Domino
432 1561 559 1616 Iesu
582 1561 812 1617 Christo.
856 1561 1007 1618 Sicut
1033 1579 1173 1632 saape
1193 1565 1500 1634 expositum
1523 1573 1624 1619 est.
1654 1563 1754 1619 llic

150 1651 336 1706 modo
367 1652 422 1706 in
452 1653 646 1721 primis
674 1652 880 1707 mistim
915 1653 981 1707 de
1011 1662 1241 1723 utraque
1263 1669 1442 1725 pugna
1471 1670 1753 1710 commen-

1862 559 2054 614 voluit.
2085 558 2183 614 Vel
2227 561 2274 616 si
2325 562 2560 618 dicimus
2605 565 2748 618 diem
2780 564 3006 635 Christi,
3039 570 3183 626 diem
3219 573 3433 645 judicii,

1860 657 1992 706 tunc
2022 651 2128 722 erit
2155 651 2221 706 ad
2248 654 2646 727 probationem.
2669 653 2747 710 Ita
2770 657 3012 726 perﬁciet
3034 659 3090 713 in
3116 663 3272 718 vobis
3294 681 3435 735 opus

1853 740 2065 797 bonum
2097 749 2292 814 usque,
2320 745 2373 799 id
2401 739 2504 813 est,
2557 747 2792 803 assidue
2821 748 3028 805 faciens
3057 751 3161 807 hoc
3183 752 3240 808 in
3263 754 3432 824 justis

1825 854 1832 859 ο
1857 847 2034 901 usque
2055 834 2110 887 in
2138 834 2283 889 diem
2308 835 2512 891 Christi
2533 835 2685 905 Jesu,
2713 839 2767 894 id
2789 850 2894 908 est,
2917 844 3162 911 quandiu
3186 849 3430 906 mundus

1857 923 2094 979 durabit.
2121 923 2414 982 Cenﬁdens
2437 935 2490 982 et
2515 928 2721 984 faciens
2749 931 3188 1002 deprecationem
3220 946 3429 996 tantam

1855 1014 2330 1086 sicutest‘justum;
2358 1017 2411 1072 id
2441 1028 2545 1085 est,
2571 1013 2679 1075 non
2709 1023 2893 1080 minus
2927 1041 3119 1094 precor
3144 1044 3252 1099 pro
3273 1031 3430 1088 vobis

1825 1103 2020 1174 -quam
2066 1107 2278 1176 justitia
2303 1117 2480 1164 vestra
2502 1118 2558 1165 et
2588 1112 2919 1184 benignitas,
2944 1133 3052 1188 qua
3083 1135 3169 1175 me
3199 1121 3409 1178 honori-

1855 1195 1957 1251 ﬁce
1982 1198 2300 1268 suscepistis
2325 1199 2511 1270 exigit.
2535 1200 2772 1269 Iustum,
2799 1205 3041 1276 inquam,
3074 1219 3152 1262 est
3180 1213 3308 1266 mihi
3332 1222 3426 1284 qui

1854 1287 2058 1343 nullius
2086 1289 2348 1345 beneﬁcio
2378 1288 2622 1361 ingratus
2654 1293 2797 1362 sum,
2837 1297 2930 1352 sed
2954 1299 3184 1370 benigne
3215 1317 3398 1357 recom

1821 1392 2042 1450 ~penso.’
2079 1378 2246 1435 Sicut.
2277 1381 2517 1451 inquam,
2541 1379 2749 1452 justum
2798 1397 2872 1444 est
2908 1389 3038 1442 mihi
3085 1389 3219 1446 non
3247 1393 3427 1448 solum

1853 1470 2153 1539 deprecari,
2197 1473 2291 1527 sed
2321 1474 2486 1528 etiam
2527 1476 2719 1529 sentire
2775 1475 2882 1533 hoc
2920 1495 3014 1548 pro
3050 1482 3222 1545 vobis;
3249 1483 3427 1538 sentio

1825 1559 1997 1617 enim
2025 1564 2429 1619 tribulationem
2465 1565 2701 1622 vestram
2733 1584 2796 1623 ex
2830 1571 2883 1623 vi
2912 1573 3330 1640 compassionis,
3360 1587 3425 1630 ac

1829 1653 1898 1708 -si
1922 1669 2043 1707 eam
2073 1655 2126 1708 in
2170 1671 2336 1710 carne
2383 1669 2502 1711 mea
2549 1658 2896 1713 sustinerem.
2953 1659 3062 1713 Pro
3113 1662 3254 1715 vobis
3298 1661 3422 1717 dico

109 1741 307 1796 -dans
353 1742 837 1798 eishumilitatem
890 1760 1022 1798 cum
1071 1745 1334 1815 patientia
1388 1745 1519 1816 agit,
1574 1762 1749 1816 usque
1783 1744 2125 1816 i-omnibus,
2186 1744 2325 1815 quia
2364 1759 2556 1802 omnes
2605 1748 2827 1816 perfecti
2877 1751 3028 1806 estis.
3081 1750 3285 1805 Sentire
3336 1767 3424 1806 me

109 1852 113 1854 γ
149 1833 298 1888 illud
329 1833 579 1900 inferius,
605 1835 698 1889 ubi
718 1836 835 1890 ait:
869 1834 1018 1890 Scire
1045 1844 1243 1903 autem,
1274 1845 1379 1891 etc.
1403 1815 1572 1903 Quasi
1599 1815 1748 1892 dice-
1777 1815 1830 1874 Β·
1848 1833 1972 1890 dico
2006 1845 2060 1890 et
2107 1838 2305 1901 sentio,
2340 1853 2399 1890 eo
2439 1838 2578 1908 quod
2606 1815 2842 1893 trabeam
2887 1858 2973 1895 vos
3005 1858 3115 1897 non
3145 1842 3200 1896 in
3257 1842 3420 1898 labiis

146 1935 244 1978 ret
272 1942 287 1978 :
318 1925 561 1980 Audiens
589 1926 750 1980 ﬁdem
796 1936 851 1982 et
888 1927 1204 1996 patientiam
1238 1936 1498 1993 vestram,
1542 1929 1745 1998 gratias

145 2028 261 2082 ago
302 2012 414 2065 Deo
454 2029 586 2078 meo,
634 2014 688 2068 id
722 2025 805 2069 est
852 2016 988 2068 mihi
1017 2015 1156 2081 bene
1197 2014 1254 2069 in
1307 2016 1464 2071 vobis
1519 2015 1741 2072 faventi.

109 2135 118 2140 -
143 2101 426 2158 Nostrum
448 2103 682 2160 dicimus
735 2103 922 2170 Deum,
944 2107 1170 2176 quando
1193 2106 1279 2176 pie
1323 2108 1576 2162 concedit
1598 2108 1745 2178 quod

143 2209 469 2264 precamur.
495 2193 756 2262 .Gratias,
795 2196 1037 2266 inquam,
1063 2213 1166 2268 ago
1214 2197 1322 2251 Deo
1366 2213 1488 2253 meo
1522 2199 1577 2252 in
1601 2199 1743 2252 omni

111 2319 123 2326 -
142 2286 417 2339 memoria
447 2287 621 2353 vestri,
655 2286 805 2356 quia,
838 2287 1054 2356 quoties
1086 2287 1250 2342 audio
1271 2287 1479 2358 aliquid
1497 2289 1563 2343 de
1587 2287 1742 2343 vobis

143 2376 313 2447 (quia
342 2376 506 2447 digna
525 2376 628 2432 ﬁde
652 2377 856 2433 Christi
884 2379 1057 2446 sunt),
1085 2379 1290 2449 gratias
1335 2394 1439 2450 ago
1472 2379 1603 2446 Deo,
1629 2390 1742 2436 non

142 2466 208 2521 in
240 2467 504 2537 quadam,
539 2469 635 2525 sed
656 2469 712 2522 in
737 2470 879 2524 omni
915 2470 1169 2523 memoria
1193 2471 1374 2524 vestri.
1403 2469 1462 2525 In
1484 2471 1740 2526 omnibus

139 2556 364 2614 bonum
387 2557 615 2616 audiens
641 2559 706 2615 de
736 2561 915 2626 vobis,
946 2561 1172 2630 gratias,
1212 2559 1462 2630 inquam,
1497 2577 1594 2632 ago
1628 2561 1749 2622 Deo

137 2651 206 2704 in
251 2653 401 2706 omni
450 2653 704 2716 memoria
738 2653 893 2708 vestri
936 2653 1134 2723 faciens
1185 2652 1602 2722 deprecationem
1643 2669 1739 2723 pro

141 2741 300 2798 vobis
332 2743 596 2811 omnibus,
641 2744 770 2814 quia
798 2758 960 2799 nemo
987 2759 1046 2800 se
1071 2743 1356 2814 indignum
1399 2758 1521 2800 mea
1565 2744 1738 2800 inter-

141 2835 410 2892 cessione
435 2834 565 2891 facit
592 2837 610 2890 ἐ
633 2835 714 2890 Et
734 2836 841 2891 hoc
863 2852 982 2890 cum
1011 2835 1227 2906 gaudio.
1249 2833 1308 2889 Si
1327 2843 1616 2904 peccarent
1635 2836 1734 2903 illi,

141 2935 475 2995 precaretur
497 2927 718 2998 quidem
741 2943 842 2997 pro
866 2927 1093 2994 eis,,sed
1126 2927 1181 2981 in
1214 2926 1453 2984 tristitia.

221 3015 373 3083 Quia
411 3032 538 3074 vero
575 3018 796 3089 perfecti
842 3027 992 3086 sunt,
1037 3024 1211 3074 restat
1259 3026 1322 3072 ut
1364 3025 1483 3072 oret
1526 3033 1627 3088 pro
1655 3016 1736 3072 eis

1848 1924 2080 1992 tantum,
2105 1929 2200 1982 sed
2231 1929 2286 1980 in
2316 1928 2437 1998 ipso
2465 1930 2636 1983 corde.
2693 1929 2943 1986 Tribulor
2991 1934 3135 1987 enim
3191 1934 3422 1989 interius

1825 2032 1946 2086 pro
1995 2019 2192 2074 vestris
2245 2020 2709 2075 tribulationibus.
2749 2007 2946 2078 Habeo
2985 2040 3086 2080 vos
3135 2026 3189 2079 in
3233 2029 3421 2096 corde,

1845 2117 1900 2162 et
1938 2108 2070 2162 dum
2110 2125 2230 2164 sum
2280 2111 2338 2163 in
2379 2109 2635 2176 vinculis,
2685 2122 2739 2167 et
2776 2111 2915 2172 dum
2961 2130 3083 2169 sum
3133 2116 3190 2168 in
3239 2117 3421 2186 defen-

1828 2200 2010 2265 sione,
2061 2209 2116 2254 et
2159 2202 2372 2270 positus
2426 2204 2482 2255 in
2537 2204 2937 2274 conﬁrmatione
2992 2205 3288 2277 Evangelii.
3349 2204 3418 2262 In

1821 2290 2067 2344 cinculis
2115 2293 2242 2346 meis
2293 2293 2468 2348 habeo
2514 2309 2604 2347 vos
2643 2295 2697 2348 in
2743 2295 2917 2362 corde,
2957 2312 3271 2353 memorans
3319 2313 3422 2354 vos

1799 2375 2006 2452 1257'
2034 2383 2145 2452 pati
2175 2384 2608 2452 persecutionem
2641 2386 2782 2440 sicut
2822 2395 2876 2441 et
2906 2402 3013 2442 me.
3051 2386 3122 2440 Et
3149 2388 3206 2441 in
3239 2389 3422 2458 defen-

1841 2474 1988 2527 sione
2016 2471 2310 2544 Evangelii,
2352 2475 2408 2530 id
2433 2484 2519 2531 est
2547 2476 2602 2530 in
2629 2491 2742 2547 quo
2769 2477 3002 2533 defendo
3028 2477 3190 2534 ﬁdem
3230 2487 3420 2536 contra

1841 2565 2070 2634 pseudo,
2099 2567 2195 2634 qui
2233 2567 2485 2622 nituntur
2509 2575 2819 2638 pervertere
2845 2585 2990 2624 eam.
3034 2568 3220 2626 Habeo
3244 2580 3331 2624 vos
3361 2570 3420 2624 in

1829 2656 2014 2723 corde,
2045 2673 2255 2712 memor
2283 2659 2428 2730 quod
2451 2671 2551 2716 vos
2575 2673 2699 2714 cum
2726 2661 2933 2730 pseudo
2965 2676 3066 2731 pro
3091 2663 3292 2718 tuenda
3315 2662 3421 2718 ﬁde

1822 2754 2019 2801 vestra
2036 2746 2343 2804 decertatis.
2359 2747 2472 2804 'Per
2491 2750 2710 2806 vincula
2732 2759 2786 2806 et
2797 2751 3169 2808 defensionem
3203 2754 3420 2810 utrius-

1823 2853 1946 2909 'que
2003 2854 2200 2910 pugnae
2250 2855 2441 2896 eorum
2481 2841 2691 2898 faciens
2731 2844 3087 2912 mentionem,
3149 2844 3420 2900 confortat

1836 2945 1932 2986 eos
1955 2931 2010 2986 in
2036 2939 2288 3002 utraque.
2337 2931 2522 2988 Habeo
2550 2935 2715 2988 etiam
2739 2951 2826 2990 ros
2853 2935 2911 2990 in
2934 2937 3110 3003 corde,
3135 2937 3192 2990 in
3223 2938 3419 3006 conﬁr-

1837 3024 2070 3078 matione
2096 3023 2393 3093 Evangelii,
2426 3025 2480 3079 id
2509 3033 2594 3081 est
2647 3025 2867 3096 quando
2895 3026 3234 3096 simplicibus
3258 3026 3420 3081 Chri-

141 3125 274 3162 ειιιη
295 3109 512 3171 condio.
534 3108 782 3169 Faciens.
807 3110 1002 3180 inquit,
1017 3109 1436 3180 deprecationem
1458 3110 1514 3164 in
1534 3109 1735 3164 cunctis
1763 3142 1810 3206 ο
1839 3115 2032 3170 stianis
2060 3114 2323 3170 conﬁrmo
2349 3115 2508 3171 ﬁdem
2531 3131 2690 3171 suam
2715 3131 2811 3186 per
2840 3115 3150 3187 Scripturas
3177 3125 3282 3172 etc.
3305 3115 3418 3172 Me-

123 3201 486 3257 .orationibas
531 3202 682 3256 meis.
707 3200 998 3271 Nunquam
1026 3202 1173 3258 enim
1210 3217 1311 3258 oro
1339 3201 1486 3272 quod
1512 3211 1736 3272 praater-
1774 3200 1809 3206 “
1838 3221 1960 3260 mor
2002 3220 2125 3260 sum
2173 3219 2273 3261 vos
2317 3205 2570 3261 similiter
2617 3205 2778 3261 ﬁdem
2830 3206 3164 3277 simplicium
3215 3206 3426 3262 conﬁr—

141 3293 371 3346 mittam
399 3307 518 3348 vos.
550 3291 902 3348 Orationibus
925 3294 1049 3350 dico
1069 3309 1178 3349 non
1208 3307 1356 3360 raro,
1393 3293 1488 3349 sed
1509 3307 1731 3362 semper,

143 3383 200 3438 id
257 3392 346 3440 est
388 3384 649 3439 continue
689 3385 996 3440 celebratis.
1045 3385 1184 3456 Ago,
1236 3385 1482 3463 inquam,
1527 3385 1732 3454 gratias

139 3488 391 3543 semper,
409 3473 463 3528 id
482 3481 567 3530 est
583 3473 647 3526 de
662 3475 1039 3529 communitate
1054 3483 1220 3528 vestra
1248 3481 1463 3529 ostensa
1491 3474 1544 3527 in
1563 3471 1735 3526 Evan-

138 3564 287 3634 gelia
303 3563 528 3620 Christi.
541 3563 1003 3624 Communicastis
1023 3565 1168 3621 enim
1195 3562 1488 3635 Evangelio
1501 3562 1730 3631 Christi,

137 3656 426 3712 credendo
457 3671 623 3728 quam
649 3656 759 3713 cito
780 3657 1031 3714 audistis.
1062 3655 1335 3712 Faciendo
1363 3657 1529 3712 etiam
1567 3671 1732 3727 opera

141 3749 298 3816 ﬁdei,
323 3759 378 3805 et
405 3749 753 3820 praedicando
787 3750 910 3805 aliis
930 3765 1145 3805 mecum
1190 3749 1350 3804 ﬁdem
1375 3747 1601 3805 Christi.
1637 3747 1734 3803 Vel

125 3842 222 3898 ita
265 3859 279 3896 :
303 3839 646 3913 Gratiasago
677 3859 834 3913 super
860 3841 1330 3897 communicatione
1353 3851 1547 3908 vestra,
1573 3841 1628 3896 id
1649 3850 1734 3897 est

140 3931 213 3988 de
252 3931 361 3987 hoc
379 3930 528 4002 quod
551 3947 641 3988 res
671 3941 883 3989 vestras
903 3945 1224 3989 communes
1255 3930 1586 3988 exhibuistis
1608 3944 1730 3985 om-

140 4024 322 4080 nibus
336 4023 561 4079 sanctis.
604 4023 1093 4080 Communicatione
1120 4024 1244 4079 dico
1272 4021 1415 4078 facta
1458 4021 1515 4076 in
1550 4020 1731 4076 Evan-

141 4113 309 4186 gelia,
363 4113 418 4169 id
454 4114 887 4170 estsecundum
932 4113 1284 4181 Evangelium
1334 4110 1559 4174 Christi,
1601 4111 1732 4183 quia

120 4222 248 4263 tros
277 4209 520 4276 primum
546 4202 678 4273 Deo,
701 4204 901 4260 dehinc
929 4212 1114 4261 vestra
1161 4204 1368 4259 sanctis
1405 4203 1728 4272 tradidistis,

125 4307 216 4356 εθι-
246 4297 305 4354 in
335 4295 757 4370 Evangelio‘per
791 4297 907 4352 habe
940 4304 997 4351 et
1023 4295 1210 4351 omnia
1237 4304 1508 4365 praecepta
1551 4296 1716 4352 adim-

122 4391 368 4462 plendo.
400 4390 896 4447 Communicatione
935 4389 1060 4444 dico
1105 4388 1344 4460 incoepta
1365 4405 1397 4444 a
1416 4391 1591 4459 prima
1643 4389 1730 4444 die

1820 3312 2004 3353 mare.
2553 3337 2558 3342 -

1825 3411 1828 3416 -
1905 3386 1972 3443 Et
2000 3396 2144 3444 sicut
2164 3401 2373 3442 memor
2401 3403 2529 3443 sum
2547 3387 2958 3444 tribulationum
2984 3397 3312 3454 vestrarum,
3335 3386 3416 3444 sic

1819 3487 1890 3536 et
1927 3496 2026 3536 vos
2070 3488 2245 3536 estote
2289 3477 2582 3550 participes
2619 3480 2945 3536 humilitatis
3000 3495 3178 3534 meae."
3203 3477 3415 3533 Inutilis

1817 3571 1980 3627 ‘enim
2015 3581 2098 3627 est
2130 3572 2414 3642 patientia,
2447 3586 2612 3642 quam
2642 3586 2749 3626 non
2787 3571 3078 3627 comitatur
3108 3571 3412 3627 humilitas.

1833 3663 2032 3730 Quales
2057 3664 2232 3720 habeo
2261 3679 2359 3719 vos
2385 3664 2439 3718 in
2474 3663 2676 3720 corde:
2708 3664 2866 3729 tales,
2892 3664 3100 3720 scilicet
3127 3679 3304 3718 omnes
3325 3680 3416 3722 vos

1822 3773 1943 3812 esse
1958 3758 2126 3811 socios
2149 3757 2333 3826 gaudii
2356 3758 2480 3824 mei,
2503 3757 2964 3812 remunerationis
2983 3772 3118 3812 mea:
3132 3757 3188 3810 in
3209 3764 3417 3812 aiterno

1833 3849 2050 3919 gaudio,
2097 3848 2241 3904 sicut
2281 3850 2428 3903 enim
2479 3848 2850 3903 tribulationis
2905 3863 3070 3912 meae,
3117 3849 3415 3918 participes

1821 3939 1987 3995 reritis
2013 3939 2214 4010 gaudii.
2248 3937 2386 3994 Vere
2413 3939 2589 3994 habeo
2628 3953 2727 3994 vos
2755 3939 2810 3994 in
2835 3940 3029 3994 corde.
3066 3933 3234 3993 Testis
3272 3939 3413 3992 enim

1818 4031 1963 4086 'milti
1985 4040 2061 4086 est
2093 4031 2258 4098 Deus,
2295 4029 2575 4103 quomodo,
2620 4029 2673 4086 id
2700 4039 2785 4087 est
2814 4045 2980 4103 quam
3015 4030 3228 4087 inﬁnito
3267 4028 3414 4084 desi—

1822 4123 1984 4180 derio
2009 4137 2110 4196 ego
2155 4123 2366 4194 cupiam
2399 4139 2577 4177 omnes
2619 4137 2721 4178 vos
2749 4121 2900 4191 esse,
2924 4138 3033 4178 non
3095 4121 3150 4176 in
3184 4120 3415 4192 pedibus

1790 4226 1792 4229 '
1829 4216 2057 4284 Christi,
2090 4215 2185 4272 sed
2216 4217 2271 4269 in
2300 4214 2596 4270 visceribus
2624 4215 2828 4270 Christi
2849 4215 2997 4280 Jesa,
3027 4215 3079 4268 id
3105 4221 3191 4268 est
3219 4228 3327 4267 non
3353 4211 3412 4266 in

1832 4307 2216 4374 inferioribus;
2243 4307 2337 4363 sed
2362 4308 2504 4362 inter
2530 4307 2707 4377 magis
2737 4307 2964 4361 dilectos
2994 4303 3090 4359 Dei
3105 4303 3409 4373 quidicun-

1823 4407 1924 4454 tur
1971 4399 2180 4454 viscera
2226 4399 2385 4468 ejus.'
2412 4397 2478 4452 Et
2511 4398 2639 4468 quia
2666 4396 2766 4452 sic
2789 4396 2954 4465 cupio
2979 4395 3047 4450 de
3085 4393 3415 4461 vobis,'idco

128 4482 529 4538 ωηνθτείοιιὶε
573 4491 768 4540 vestra?
793 4499 957 4553 usque
988 4497 1147 4548 nunc.
1197 4481 1249 4537 id
1281 4489 1372 4538 εει
1395 4480 1463 4536 ad
1490 4495 1731 4551 PWD-
1757 4471 1810 4534 D
1835 4509 1926 4547 oro
1949 4492 2046 4546 hoc
2071 4499 2127 4545 ut
2150 4491 2384 4546 cltaritas
2407 4490 2788 4560 vestra-magis,
2812 4489 3145 4559 proﬁciendo
3160 4487 3410 4554 “undet,

143 4581 254 4629 tem
284 4574 448 4629 .liem.
483 4573 596 4645 Ago
641 4575 868 4646 gratias,
920 4575 1121 4644 faciens
1150 4589 1246 4644 pro
1289 4573 1430 4628 vobis
1467 4573 1726 4643 depreca-

133 4667 368 4732 tionem,
395 4675 455 4722 et
473 4667 571 4721 hoc
601 4668 798 4738 ipsum,
842 4667 898 4723 id
923 4677 1006 4723 est
1037 4668 1181 4723 sicut
1210 4666 1430 4736 postulo
1456 4665 1727 4738 integrum

132 4758 416 4826 confidens
445 4773 536 4814 me
561 4758 1012 4830 impetraturum;
1036 4775 1147 4834 non
1198 4767 1379 4814 tamen
1415 4774 1482 4812 ex
1527 4758 1729 4813 virtute

134 4856 352 4914 vestra,
387 4849 484 4904 sed
531 4849 654 4905 ideo
702 4850 987 4920 conﬁdens,
1034 4850 1162 4920 quia
1192 4849 1338 4904 Deus
1364 4849 1455 4920 qui
1489 4849 1642 4918 coepit
1671 4849 1729 4902 in

133 4940 292 4995 nobis
320 4939 516 4994 bonum
545 4955 697 5010 opus,
718 4940 836 5010 ipse
872 4941 1018 4997 idem
1048 4941 1302 5012 perﬁciet.
1327 4939 1454 4995 Ideo
1471 4941 1548 4994 ait
1572 4940 1726 5010 carpit

137 5043 200 5088 et
232 5032 496 5103 perﬁciet,
519 5039 594 5098 et,
622 5041 684 5088 ut
705 5034 982 5104 superius,
1007 5035 1206 5106 gratias
1237 5049 1360 5104 ago,
1390 5041 1452 5087 ut
1476 5033 1728 5088 ostendat

138 5121 482 5193 principium
508 5129 563 5177 et
581 5122 744 5178 ﬁnem
761 5123 989 5194 justitiae
1009 5139 1123 5179 sua:
1149 5131 1320 5178 totum
1345 5137 1414 5176 ex
1435 5122 1607 5193 gratia
1630 5121 1726 5177 Dei

135 5210 454 5268 esseJde‘o
486 5215 658 5269 etiam
679 5212 758 5269 ait
785 5216 1076 5285 confidens,
1121 5214 1253 5285 quia
1305 5214 1352 5270 si
1399 5214 1575 5283 pietas
1628 5212 1724 5269 Dei

135 5300 293 5362 bona
345 5303 514 5372 cepit
561 5304 618 5360 in
651 5305 760 5360 iiiis
792 5305 890 5376 qui
937 5304 1067 5360 mali
1100 5312 1300 5368 erant,
1330 5304 1503 5359 multo
1551 5303 1728 5375 magis

133 5397 486 5469 credendum
507 5407 592 5452 est
613 5406 674 5454 ut
707 5399 764 5453 in
793 5399 866 5453 iis
891 5399 986 5470 qui
1003 5399 1115 5468 jam
1133 5398 1269 5469 justi
1308 5408 1456 5465 sunt,
1483 5401 1730 5470 perﬁciat

136 5487 706 5545 consummationem.
722 5488 966 5559 Perﬁciet
988 5489 1110 5545 dico
1127 5490 1355 5560 usquein
1375 5490 1514 5544 diem
1527 5489 1732 5548 Christi

136 5576 398 5645 -Jaa,in~
414 5588 590 5635 morte
613 5579 905 5651 cujusque,
933 5589 1201 5651 quantum
1229 5581 1296 5637 ad
1319 5597 1448 5636 eum
1483 5583 1578 5653 qui
1605 5599 1728 5639 mo-

149 5669 310 5738 ritur,
331 5670 532 5741 incipit
563 5671 681 5728 dies
721 5671 945 5729 Christi.
976 5671 1060 5726 Ex
1105 5673 1213 5728 hoc
1252 5676 1398 5728 enim
1447 5674 1563 5744 jam
1592 5676 1732 5734 nihil

149 5756 280 5834 facit
303 5769 508 5833 praeter
531 5761 864 5822 voluntatem
898 5761 1125 5830 Christi,
1167 5763 1286 5834 qui,
1343 5763 1486 5841 dum.
1523 5765 1730 5826 viveret

1832 4592 2131 4654 temperata
2184 4578 2244 4636 in
2290 4579 2440 4637 omni
2493 4582 2734 4648 scientia,
2771 4582 2822 4636 id
2864 4580 2953 4636 ἐει
2997 4581 3053 4635 in
3093 4579 3413 4642 omnimoda

1791 4675 2180 4731 -‘discretione.
2215 4671 2340 4727 Ideo
2384 4672 2612 4727 scientia
2648 4673 2956 4728 necessaria
3002 4681 3088 4727 est
3129 4667 3408 4736 charitati,

1820 4767 1982 4837 ~quia,
2021 4767 2068 4820 si
2098 4765 2217 4819 sine
2265 4763 2594 4819 discretione
2624 4764 2807 4829 ﬁxerit,
2837 4765 3158 4834 plerumque
3201 4761 3412 4818 siceob—

1822 4857 2076 4912 horrebit
2107 4856 2312 4925 aliquid
2338 4853 2554 4910 veniale
2583 4855 2636 4908 in
2671 4850 2923 4924 proximo
2960 4863 3023 4908 ut
3049 4854 3410 4923 intemperata

1821 4946 2276 5018 reprehendendo
2321 4945 2548 5000 suscitet
2597 4945 2779 5008 litem,
2822 4944 2907 4999 rei
2961 4943 3168 5013 aliquid
3227 4943 3411 5013 majus

1829 5039 2062 5104 crimen,
2097 5051 2243 5105 cum,
2285 5037 2333 5092 si
2361 5037 2598 5092 discreto
2640 5044 2843 5106 ageret,
2887 5035 3084 5091 melius
3129 5049 3226 5106 per
3264 5035 3408 5090 lenio

1828 5135 1997 5184 tatem
2028 5128 2336 5198 proximum
2367 5125 2702 5198 corrigeret,
2726 5126 2846 5181 ideo
2880 5126 2956 5182 ait
2983 5127 3216 5181 charitas
3246 5127 3409 5182 abuit-

1830 5220 1917 5274 det
1941 5217 2002 5273 in
2019 5219 2167 5274 omni
2193 5221 2434 5274 scientia.
2463 5217 2530 5274 Et
2550 5218 2678 5290 quia
2698 5218 2919 5289 quidam
2947 5219 3206 5273 habentes
3223 5219 3408 5273 scietk

1821 5311 1986 5379 tiam,
2038 5311 2355 5380 plerumque
2397 5319 2587 5366 actum
2617 5311 2742 5382 ejus
2783 5311 3199 5377 obliviscuntur,
3234 5311 3404 5377 addit,

1829 5411 1883 5456 et
1910 5402 1966 5456 in
1997 5403 2140 5456 omni
2163 5419 2339 5469 sensu,
2363 5402 2420 5458 id
2457 5411 2544 5459 est
2566 5403 2624 5458 in
2649 5393 3316 5466 omnianimadversione,
3343 5409 3406 5455 ut

1831 5508 2049 5563 semper
2075 5494 2392 5550 memoriter
2421 5495 2922 5552 animadvertamus
2959 5503 3013 5549 et
3053 5495 3109 5549 in
3149 5499 3404 5563 promptu

1831 5586 2131 5641 habeamus
2186 5587 2492 5642 scientiam.
2546 5587 2792 5640 Abundet
2815 5587 2894 5640 ita
2935 5594 2992 5641 at
3031 5599 3142 5641 non
3191 5590 3410 5636 tantum

1826 5675 1977 5732 bona
2007 5693 2039 5733 a
2069 5678 2229 5734 malis
2249 5720 2263 5746 ,
2294 5679 2392 5735 sed
2424 5680 2590 5735 etiam
2635 5680 2888 5749 probetis,
2935 5678 2986 5732 id
3021 5685 3116 5731 est-
3139 5673 3408 5744 probabi-

1831 5767 1957 5836 liter
1999 5770 2212 5847 eligatis
2253 5772 2482 5842 potiora,
2511 5769 2568 5826 id
2595 5778 2680 5826 est
2702 5771 2776 5831 de
2798 5769 2960 5824 bonis
2989 5766 3236 5829 meliora.
3266 5758 3412 5836 Pro-
