3928 6408
487 343 594 402 555

1018 335 1082 393 S.
1121 331 1468 393 BBUNONIS
1503 325 2147 387 CARTHUSIANORUM
2188 326 2678 386 lNSTlTUTORlS
2715 327 2868 388 OPP.
2906 328 3090 388 PARS
3124 329 3190 386 ll.

488 457 620 513 betis
649 455 726 511 ita
752 461 811 508 ut
843 452 961 507 sitis
984 452 1198 517 sinceri,
1233 449 1286 504 id
1310 457 1396 504 est
1442 449 1565 516 puri
1592 445 1648 500 in
1686 444 1864 512 vobis,
1887 453 1938 499 et
1962 443 2075 498 sine
2101 445 2152 505 Α
2178 443 2457 514 invidiam,
2502 445 2633 517 quia
2671 446 2866 503 volunt
2892 445 3202 507 diminuere
3239 459 3441 502 nomen
3494 443 3680 522 Pauli.
3709 448 3764 503 in

489 547 778 619 offensione
801 544 870 599 ad
897 542 1232 613 proximum,
1258 540 1338 595 sic
1363 537 1545 593 eundo
1586 536 1643 589 in
1671 535 1812 590 diem
1847 533 2071 599 Christi,

492 638 640 710 quod
673 636 810 692 nihil
841 635 898 689 in
930 633 1020 688 die
1042 629 1236 702 judicii
1272 625 1647 682 mundandom
1675 624 1983 708 inveniatur
2017 623 2073 677 in

490 730 666 785 vobis.
697 726 810 782 Vos
848 725 972 781 dico
1009 720 1192 792 repleti
1225 729 1355 774 tunc
1391 717 1447 772 in
1492 717 1581 772 die
1621 714 1825 770 Christi
1873 716 2070 784 fructu,

493 822 550 876 id
578 828 664 875 est
701 813 1141 873 remuneratione
1169 809 1404 879 justitite
1437 815 1631 861 vestrae
1657 821 1822 875 quam
1855 805 1944 859 hic
1977 805 2076 858 ha-

489 910 711 968 buistis.
742 905 952 977 Repleti
990 903 1114 959 dico
1153 917 1245 971 per
1269 899 1452 955 Iesum
1490 897 1780 964 Christum,
1811 896 2074 952 distribu-

494 1011 671 1060 torem
695 999 842 1055 illius
870 995 1100 1050 fructus.
1138 991 1378 1047 Iustitia:
1402 991 1525 1046 dico
1551 989 1746 1044 habitae
1767 989 1824 1042 in
1849 987 2075 1059 gloriam

493 1104 546 1150 et
577 1093 788 1148 laudem
820 1089 940 1154 Dei,
977 1088 1030 1142 id
1053 1094 1138 1142 est
1171 1085 1246 1141 ita
1283 1093 1346 1139 ut
1377 1083 1590 1139 dicatur
1616 1081 1670 1136 in
1692 1080 1850 1136 vobis
1875 1080 2077 1152 glorio-

495 1204 591 1248 sus
615 1194 670 1242 et
694 1182 982 1239 laudabilis
1007 1179 1153 1236 Deus
1181 1180 1236 1233 in
1266 1177 1475 1233 sanctis
1507 1177 1642 1231 suis.
1661 1173 1758 1229 Vel
1792 1173 1886 1228 ita.
1917 1171 2076 1226 Tales

495 1280 616 1337 sitis
647 1279 701 1332 in
735 1277 877 1330 diem
908 1273 1129 1329 Christi.
1169 1270 1279 1325 Vos
1309 1269 1431 1324 dico
1476 1268 1692 1322 interim
1719 1267 1850 1322 dum
1893 1263 2076 1319 vivitis

494 1370 680 1440 repleti
711 1384 820 1423 non
846 1365 1058 1437 iustitia
1087 1364 1231 1435 (qua:
1256 1361 1567 1416 facultatem
1595 1373 1704 1412 non
1734 1358 1930 1412 habeat
1953 1371 2078 1424 ope-

492 1459 672 1528 randi)
712 1457 809 1514 sed
859 1456 1059 1525 fructu,
1111 1452 1164 1506 id
1211 1460 1293 1506 est
1321 1449 1580 1519 operibus
1625 1447 1870 1516 iustitiae,
1922 1453 1984 1499 ut
2022 1451 2079 1498 et

489 1548 704 1620 iustitia
726 1555 781 1602 et
802 1560 969 1616 opera
995 1542 1224 1614 justitia‘,
1253 1541 1308 1594 in
1351 1556 1453 1594 usu
1497 1539 1650 1594 vobis
1696 1537 1825 1591 sint.
1875 1534 2076 1605 Repleti

494 1640 621 1694 dico
655 1653 753 1708 per
788 1635 975 1691 Jesum
1022 1634 1326 1698 Christum,
1372 1647 1438 1686 ex
1476 1645 1586 1700 quo
1625 1629 1809 1684 omnis
1841 1627 2073 1696 justitia.

495 1729 566 1784 Et
590 1729 696 1784 hoc
734 1729 792 1781 in
822 1726 1048 1797 gloriam
1086 1733 1136 1778 et
1178 1723 1389 1777 laudem
1419 1721 1540 1787 Dei,
1568 1720 1622 1775 id
1651 1729 1736 1775 est
1763 1727 1825 1774 ut
1855 1717 1965 1774 Deo
1995 1726 2078 1772 to-

498 1827 613 1875 tum
639 1827 695 1874 et
717 1819 875 1874 vobis
899 1818 1035 1871 nihil
1060 1815 1368 1871 ascribatis.
1398 1813 1583 1870 Gloria
1609 1812 1725 1879 Dei,
1747 1811 1946 1867 dicitur
1966 1811 2078 1866 cla-

503 1912 640 1966 ritas
691 1909 928 1966 deitatis.
986 1907 1225 1962 Laudem
1271 1905 1366 1960 Dei
1421 1904 1721 1973 accipimus
1760 1903 1817 1957 in
1861 1901 1929 1958 iis
1957 1916 2080 1971 quae

495 2003 747 2058 videmus
792 2000 1170 2070 corporalibus
1198 1998 1392 2053 oculis.
1443 1995 1670 2062 Sinceri,
1703 1995 1750 2051 si
1791 1993 2077 2064 componi-
2105 2057 2124 2073 δ

493 2110 619 2148 mus
645 2108 711 2147 ex
758 2093 846 2146 sin
873 2099 926 2146 et
959 2107 1119 2156 ctera,
1171 2089 1487 2160 perducitur
1511 2088 1688 2143 media
1724 2087 1950 2158 syllaba,
1981 2101 2078 2140 no-

494 2185 816 2249 minativus,
868 2182 1165 2254 singularis
1215 2181 1486 2246 sincerus,
1537 2179 1747 2234 habens
1796 2177 1907 2232 duo
1958 2175 2080 2246 plu-

493 2276 630 2330 ralia
653 2274 855 2330 sinceri
882 2281 938 2328 et
966 2274 1228 2338 sinceres,
1265 2279 1328 2326 ut
1351 2271 1618 2325 diaconus
1645 2267 1864 2324 diaconi
1893 2274 1950 2322 et
1969 2267 2084 2321 dia-

496 2381 686 2422 cones.
722 2364 782 2419 Si
815 2364 1115 2420 secundum
1140 2361 1433 2428 lsidorum,
1455 2377 1523 2416 ex
1543 2362 1658 2416 sine
1679 2370 1735 2416 et
1755 2362 1899 2415 carie
1929 2375 2082 2415 com-

496 2457 776 2528 ponimus,
835 2455 1013 2510 media
1073 2453 1282 2525 syllaba
1339 2452 1654 2524 corripitur,
1711 2460 1767 2508 et
1814 2451 2080 2523 singulari

497 2556 671 2604 caret.

570 2636 868 2706 ﬂuensque
927 2635 1136 2692 mistim
1176 2635 1245 2690 de
1289 2642 1522 2706 utraque
1567 2649 1750 2706 pugna
1785 2633 2077 2702 tractavit;

498 2727 590 2782 hic
638 2727 934 2797 separatim
974 2727 1042 2782 de
1085 2739 1267 2797 pugna
1301 2734 1712 2796 persecutorum
1742 2724 1952 2795 incipit,
1996 2725 2082 2782 di-

497 2834 651 2877 cens.
682 2817 926 2874 Audiens
951 2819 1096 2874 bona
1123 2819 1191 2873 de
1213 2817 1390 2885 vobis,
1421 2819 1625 2888 gratias
1658 2833 1778 2888 ago.
1810 2809 2081 2888 Deprecor

497 2929 625 2970 cum
673 2913 873 2984 gaudio
917 2913 1184 2982 confidens
1226 2911 1294 2967 de
1338 2911 1514 2967 vobis.
1547 2909 1662 2983 Ego
1691 2911 1772 2966 sic
1797 2926 1900 2982 ago
1929 2928 1942 2964 :
1978 2909 2080 2966 Vos

487 3015 676 3059 autem
702 3003 818 3058 volo
851 3004 1006 3069 scire,
1031 3003 1245 3072 fratres,
1271 3019 1334 3056 ea
1359 3019 1478 3074 qua:
1505 3003 1650 3056 circa
1671 3018 1754 3057 me
1780 3011 1924 3057 sunt.
1955 3001 2080 3059 Haec

2175 550 2287 606 quo
2307 553 2417 590 non
2439 546 2524 591 est
2556 539 2836 607 alligatum
2869 540 3092 592 verbum
3127 537 3243 592 Dei.
3274 537 3342 592 Et
3367 539 3414 593 si
3433 555 3544 593 non
3568 548 3767 609 putent

2176 640 2235 681 se
2278 640 2440 696 posse
2487 641 2756 697 usurpare
2808 627 2914 682 sibi
2969 627 3187 682 laudem
3234 625 3410 693 Pauli,
3459 627 3768 698 praedicant

2175 717 2337 772 etiam
2362 728 2576 788 propter
2603 720 3007 785 contentionem,
3052 727 3323 775 certantes
3367 735 3424 774 se
3469 718 3768 790 pariﬁcare

2174 807 2346 864 Paulo
2399 810 2456 864 in
2502 810 2664 866 laude
2701 811 3126 881 praedicationis.
3172 809 3404 874 Quidam
3440 818 3627 864 autem
3672 810 3765 880 qui

2135 975 2140 984 ν
2176 900 2304 958 boni
2341 910 2470 957 sunt
2494 902 2789 973 pradicant
2813 901 3116 968 Christum;
3141 909 3197 956 et
3234 902 3281 957 si
3329 917 3440 957 non
3476 902 3767 971 patiantur

2175 994 2583 1051 tribulationem
2631 1003 2844 1065 prapter
2903 997 3095 1053 bonam
3140 994 3460 1054 voluntatem
3513 993 3767 1048 habitam

2176 1086 2244 1141 ad
2265 1101 2477 1153 omnes,
2527 1085 2657 1156 quia
2699 1085 2900 1141 vellent
2940 1084 3126 1140 venire
3165 1099 3356 1139 omnes
3399 1082 3667 1138 homines
3703 1083 3769 1137 ad

2177 1176 2510 1247 agnitionem
2553 1175 2822 1230 veritatis.
2858 1173 3092 1239 Quidam
3137 1173 3304 1228 etiam
3347 1171 3612 1228 similiter
3641 1171 3770 1226 boni

2176 1282 2245 1321 ex
2272 1267 2552 1332 charitate,
2578 1265 2632 1319 id
2657 1273 2742 1320 est
2775 1265 2981 1335 privata
3008 1263 3318 1329 dilectione,
3344 1278 3510 1334 quam
3554 1262 3772 1318 habent

2176 1375 2304 1431 erga
2331 1373 2440 1424 me,
2469 1358 2765 1428 praedicant
2791 1357 3097 1422 Christum,
3119 1358 3340 1410 scientes
3371 1356 3636 1426 quoniam
3671 1370 3770 1427 ego

2177 1453 2380 1521 positus
2402 1468 2519 1508 sum
2543 1452 2599 1506 in
2635 1451 2872 1506 vinculis
2897 1453 2954 1504 in
2983 1450 3304 1520 defensione,
3338 1449 3394 1504 id
3425 1457 3510 1504 est
3536 1458 3772 1519 propter

2177 1540 2553 1597 defensionem
2604 1539 2900 1612 Evangelii.
2936 1538 3032 1595 Vel
3081 1539 3157 1594 ita
3186 1556 3200 1593 :
3227 1536 3460 1593 Scientes
3509 1538 3771 1608 wanin-

2178 1650 2279 1705 ego
2295 1651 2412 1688 sum
2432 1635 2656 1704 positus,
2681 1633 2734 1688 id
2754 1641 2840 1688 est
2859 1632 3146 1688 ordinatus
3164 1647 3196 1686 a
3218 1630 3332 1686 Deo
3354 1631 3410 1684 in
3432 1630 3771 1700 defensione,

2180 1725 2233 1779 id
2263 1733 2346 1778 est
2373 1723 2442 1779 ad
2477 1724 2586 1779 hoc
2628 1731 2690 1778 ut
2722 1721 3011 1778 defendam
3055 1721 3442 1792 Evangelium,
3484 1719 3525 1773 ii
3566 1718 3774 1790 pradi-

2178 1816 2376 1870 cabant
2399 1831 2466 1871 ex
2491 1815 2703 1885 privata
2718 1813 2984 1868 cbaritate
3000 1812 3244 1868 dicentes
3269 1827 3284 1864 :
3309 1809 3548 1866 Dilectus
3577 1817 3774 1864 noster

2176 1905 2381 1962 Paulus
2406 1923 2421 1972 ;
2447 1906 2577 1976 quia
2607 1905 2810 1977 ligatus
2826 1911 2932 1970 est,
2960 1919 3070 1958 non
3093 1908 3274 1973 potest
3299 1901 3463 1956 modo
3490 1899 3777 1955 instruere

2177 1995 2454 2052 Ecclesias
2501 2011 2653 2062 suas,
2699 1995 3054 2065 suppleamus
3096 1992 3275 2048 vicem
3324 1991 3464 2062 ejus,
3510 2005 3584 2046 ne
3637 1989 3777 2044 forte

2177 2089 2325 2158 quod
2377 2088 2684 2154 aediﬁcavit,
2715 2094 2965 2143 evertant
2988 2085 3066 2140 illi
3096 2084 3325 2156 pseudo.
3359 2081 3426 2137 Et
3452 2081 3536 2138 sic
3563 2095 3774 2137 carna-

2178 2178 2248 2233 lis
2273 2179 2493 2234 dilectio
2531 2187 2650 2234 erat
2676 2178 2744 2234 ad
2775 2177 3081 2248 profectum
3106 2175 3408 2248 Evangelii.

2251 2269 2483 2336 Quidam
2508 2280 2684 2325 autem
2707 2270 2969 2341 perversi,
3002 2257 3270 2336 sicut'illi,
3314 2283 3382 2324 ex
3401 2275 3620 2338 privata
3646 2265 3779 2322 cha-

2178 2368 2358 2435 ritate,
2385 2360 2468 2424 sic
2487 2368 2578 2424 isti
2614 2384 2680 2424 ea:
2714 2369 3070 2435 contentione,
3102 2368 3157 2423 id
3185 2376 3270 2423 est
3301 2382 3370 2422 ex
3403 2367 3627 2437 privato
3649 2365 3777 2422 odio

2180 2463 2501 2515 annuntiant
2532 2459 2826 2527 Christum,
2851 2476 2955 2515 non
2977 2460 3197 2527 sincere,
3233 2459 3286 2515 id
3308 2468 3392 2514 est
3423 2458 3625 2513 nonin
3679 2473 3780 2528 pu-

2151 2551 2373 2620 ritate,
2407 2552 2772 2607 existimantes
2812 2568 2866 2606 se
2902 2551 3010 2608 hoc
3046 2550 3210 2607 modo
3254 2551 3513 2606 suscitare
3546 2566 3777 2619 pressu-

2180 2662 2319 2712 ram,
2351 2645 2406 2700 id
2430 2652 2516 2700 est
2539 2643 2980 2715 aggravationem
3013 2643 3237 2698 vinculis
3267 2643 3418 2710 meis,
3442 2641 3497 2697 id
3521 2650 3615 2697 est
3637 2642 3777 2696 mihi

2178 2735 2359 2807 posito
2402 2735 2460 2790 in
2497 2734 2750 2790 vinculis.
2799 2733 2842 2789 li
2886 2734 3034 2790 enim
3073 2734 3317 2804 perversi
3355 2733 3780 2804 disputaverant

2178 2843 2306 2884 cum
2328 2826 2520 2894 Paulo,
2548 2834 2604 2882 et
2635 2825 2838 2882 Paulus
2867 2833 3220 2897 superaverat
3242 2840 3368 2894 eos;
3410 2840 3555 2881 nunc
3576 2835 3779 2882 autem

2179 2918 2328 2990 quod
2352 2917 2641 2973 audierant
2667 2917 2736 2972 ab
2776 2931 2842 2972 eo
2871 2917 3257 2985 praedicabant,
3284 2915 3407 2972 ideo
3429 2926 3486 2972 ut
3511 2932 3652 2972 cum
3699 2916 3781 2972 di-

2180 3018 2399 3065 ceretur
2423 3009 2504 3064 eis
2531 3027 2544 3063 :
2577 3008 2758 3076 Quare
2779 3009 2945 3064 verba
2965 3009 3086 3079 ejus
3108 3009 3318 3064 scilicet
3343 3008 3582 3064 damnati
3615 3007 3778 3062 Pauli

501 3095 624 3151 ideo
665 3095 748 3150 eis
778 3094 1027 3150 notillcat
1072 3101 1134 3149 ut
1157 3094 1407 3164 exemplo
1438 3108 1540 3148 suo
1578 3094 1648 3149 ad
1680 3093 2000 3164 patientiam
2027 3103 2081 3150 et
2107 3115 2153 3178 ο
2182 3099 2522 3170 praedicatis?
2564 3099 2809 3156 dicerent
2855 3100 2981 3166 hoc,
3027 3113 3139 3155 non
3173 3115 3205 3154 a
3236 3099 3414 3166 nobis,
3445 3099 3542 3156 sed
3580 3099 3680 3155 sic
3713 3100 3781 3155 ab

502 3187 866 3242 humilitatem
909 3202 1006 3242 cos
1053 3186 1294 3243 inducat.
1334 3183 1503 3254 Scire,
1547 3187 1794 3258 inquam,
1822 3203 1909 3241 vos
1943 3188 2080 3256 uolo,

501 3276 632 3346 quia
659 3291 724 3330 ea
755 3292 872 3347 qute
914 3278 1059 3330 circa
1106 3293 1185 3330 me
1211 3285 1354 3331 sunt.
1384 3276 1562 3344 Circa,
1597 3277 1718 3332 ideo
1744 3278 1874 3348 quia
1915 3279 2086 3334 unde-

499 3383 608 3438 que
635 3369 1054 3424 circumvallant
1083 3383 1171 3422 me
1217 3368 1383 3423 mala.
1413 3366 1511 3423 Vel
1559 3369 1702 3422 circa
1724 3409 1740 3436 ,
1772 3369 1902 3440 quia
1931 3379 2085 3424 extra

502 3458 558 3514 in
583 3474 814 3529 corpore
841 3459 1071 3530 aﬂligor,
1117 3459 1214 3515 sed
1258 3460 1428 3527 intus,
1469 3460 1525 3514 in
1561 3461 1745 3516 anima
1770 3461 1915 3518 vires
1955 3477 2088 3518 con-

501 3563 688 3621 grego.
717 3547 814 3616 Ea,
846 3549 1092 3619 inquam,
1117 3565 1237 3619 qua
1270 3550 1414 3604 circa
1458 3566 1540 3604 me
1565 3559 1709 3617 sunt,
1732 3560 1980 3606 venerunt
2015 3551 2087 3606 ad

500 3641 798 3712 profectum
843 3639 1120 3712 Evangelii
1170 3642 1340 3711 magis
1383 3657 1547 3712 quam
1577 3643 1646 3697 ad
1675 3642 2085 3710 detrimentum,

499 3732 644 3789 sicut
684 3731 789 3803 ipsi
826 3740 1158 3803 putaverunt
1200 3732 1348 3803 quod
1371 3732 1539 3803 ligato
1568 3731 1761 3800 Paulo,
1807 3733 2088 3805 alligatum

498 3833 646 3882 esset
676 3824 906 3880 verbum
951 3822 1070 3879 Dei.
1109 3820 1388 3880 Venerunt
1431 3824 1497 3880 ad
1546 3823 1874 3895 profectum,
1907 3827 1986 3880 ita
2028 3835 2087 3880 ut

499 3915 715 3972 vincula
762 3932 900 3984 mea,
953 3915 1011 3970 id
1057 3923 1144 3971 est
1188 3915 1399 3972 utilitas
1445 3915 1792 3972 vinculorum
1838 3931 2087 3973 meorum

500 4008 787 4078 manifesta
813 4008 997 4076 ﬁerent
1031 4008 1089 4060 in
1115 4005 1348 4074 Christo,
1376 4007 1430 4063 id
1460 4017 1543 4064 est
1571 4009 1626 4063 in
1649 4009 2088 4080 magniﬁcatione

501 4099 744 4156 nominis
789 4098 1017 4155 Christi.
1064 4097 1355 4169 Manifesta
1383 4099 1508 4156 dico
1544 4101 1601 4155 in
1643 4103 1786 4156 omni
1811 4104 2086 4172 prwtorio,

501 4199 555 4246 et
605 4191 664 4245 in
707 4190 912 4246 caeteris
939 4189 1214 4257 omnibus,
1264 4190 1319 4245 id
1365 4199 1454 4247 est
1503 4193 1647 4261 apud
1693 4194 1990 4264 principes,
2033 4205 2088 4252 et

503 4282 651 4354 apud
697 4281 1007 4338 inferiores.
1055 4279 1124 4337 Et
1172 4281 1220 4337 si
1262 4281 1411 4337 enim
1473 4283 1677 4354 ubique
1723 4299 1834 4338 non
1883 4285 2088 4341 sciatur

383 4383 392 4389 '
504 4374 712 4434 Paulus
735 4390 858 4432 esse
905 4375 964 4431 in
989 4373 1246 4441 vinculis,
1276 4382 1460 4430 tamen
1494 4375 1703 4430 utilitas
1748 4376 2086 4432 vinculorum

2185 3191 2279 3248 illo
2303 3192 2826 3262 accepimus,portet
2849 3191 2940 3246 ille
2967 3206 3187 3262 poenam
3201 3191 3450 3257 istorum,
3473 3199 3530 3246 et
3553 3191 3630 3245 iis
3655 3205 3781 3246 ver-

2184 3283 2272 3340 bis
2307 3283 2552 3339 infideles
2588 3283 2846 3338 concitati
2887 3283 3265 3338 vehementius
3305 3281 3686 3338 desazviebant
3728 3277 3780 3336 in

2185 3373 2436 3430 Paulum.
2467 3374 2741 3444 Objiceret
2766 3373 2967 3444 aliquis
2987 3373 3056 3428 ad
3083 3373 3190 3428 hoc
3208 3375 3355 3444 quod
3382 3373 3645 3442 superius
3668 3374 3780 3428 ait:

2195 3464 2421 3520 Vincula
2462 3481 2578 3520 mea
2619 3473 2867 3520 venerunt
2909 3465 2976 3520 ad
3021 3463 3326 3534 profectum
3366 3463 3676 3536 Evangelii,
3731 3466 3782 3520 in

2183 3554 2346 3611 bouis
2376 3555 2598 3626 quidem
2639 3555 2736 3624 qui
2770 3554 3019 3625 exemplo
3047 3561 3144 3610 tuo
3179 3554 3404 3609 animati
3442 3554 3786 3625 praedicave-

2184 3654 2335 3712 runt,
2364 3643 2689 3715 profuerunt
2717 3642 2968 3714 quidem;
3007 3643 3103 3698 sed
3138 3643 3194 3698 in
3232 3644 3302 3698 iis
3334 3644 3429 3714 qui
3467 3659 3533 3698 ex
3565 3644 3780 3700 invidia

2184 3743 2241 3792 et
2266 3735 2614 3791 contentione
2641 3733 3028 3804 praedicabant,
3057 3733 3278 3789 vincula
3313 3742 3405 3788 tua
3439 3733 3515 3787 nil
3545 3733 3786 3802 profue-

2185 3834 2334 3884 runt.
2357 3827 2441 3882 Ad
2462 3827 2568 3882 hoc
2586 3824 2810 3881 Paulus.
2837 3823 3168 3882 Profuerunt
3189 3826 3378 3896 utique
3403 3814 3654 3881 etiamin
3683 3827 3781 3893 iis;

2184 3917 2312 3988 quid
2339 3919 2478 3971 enim
2505 3925 2666 3972 nocet
2690 3921 2819 3970 dum
2837 3957 2854 3984 ,
2892 3916 2945 3972 id
2980 3924 3064 3972 est
3090 3917 3270 3972 solum
3297 3916 3460 3972 modo
3482 3920 3784 3972 omnie-

2189 4015 2276 4061 tur
2300 4007 2543 4064 Christus
2567 4008 2712 4062 omni
2737 4007 2913 4074 modo,
2943 4007 3150 4064 scilicet
3175 4007 3284 4062 sive
3314 4023 3406 4077 per
3443 4008 3782 4062 occasione.

2187 4099 2487 4156 suscitandi
2515 4098 2650 4153 mihi
2679 4113 3016 4169 pressuram,
3051 4107 3114 4153 ut
3146 4097 3356 4153 faciunt
3401 4097 3637 4168 pseudo,
3672 4101 3783 4152 sine

2179 4208 2278 4262 per
2315 4192 2620 4258 veritatem,
2662 4198 2725 4245 ut
2761 4189 3099 4246 annunciant
3138 4189 3302 4246 boni?
3340 4188 3454 4261 Ego
3488 4205 3598 4245 non
3641 4205 3782 4245 (mm

2185 4283 2497 4354 quicunque
2524 4282 2597 4338 sit
2629 4281 2990 4349 annuntians;
3021 4281 3367 4336 solummodo
3405 4281 3694 4336 auditores
3723 4281 3778 4336 in

2184 4375 2292 4431 ﬁde
2317 4374 2623 4446 proﬁciant.
2656 4372 2872 4428 Gaudeo
2897 4373 2956 4427 in
2981 4373 3078 4426 hoc
3103 4372 3250 4442 quod
3275 4371 3529 4428 Christus
3557 4386 3779 4427 annun-

501 4481 736 4525 suorum
761 4465 964 4536 ubique
981 4455 1324 4530 diﬁ‘unditur,
1355 4463 1486 4520 dum
1534 4464 1668 4520 ﬁdes
1691 4461 1894 4539 Christi
1923 4465 2090 4537 258
2112 4457 2168 4520 D
2190 4468 2358 4524 tiatur
2387 4482 2484 4530 per
2513 4465 2882 4532 occasionem,
2917 4473 2974 4521 et
3012 4464 3068 4519 in
3097 4464 3202 4520 hoc
3237 4464 3469 4536 gaudeo,
3499 4463 3652 4534 quod
3677 4478 3775 4518 su-

499 4575 605 4632 .per
615 4574 742 4615 eum
753 4557 978 4615 dilatata
987 4555 1192 4627 ubique
1206 4554 1552 4628 praedicatur.
1569 4552 1668 4610 Vel
1691 4555 1766 4610 ita
1781 4571 1795 4608 :
1825 4554 2087 4611 Venerunt

504 4651 579 4707 ad
603 4649 919 4722 profectum,
949 4649 1028 4704 ita
1051 4657 1111 4702 ut
1144 4647 1262 4719 ipsa
1282 4647 1472 4705 eadem
1508 4647 1718 4703 uincula
1747 4664 1862 4702 mea
1902 4649 2087 4719 ﬁerent

503 4740 792 4812 manifesta
820 4739 877 4794 in
905 4738 1141 4806 Christo,
1167 4738 1223 4794 id
1249 4746 1336 4794 est
1371 4753 1496 4809 quas
1534 4753 1634 4809 pro
1657 4737 1878 4796 Christo
1916 4740 2088 4811 patie-

503 4832 626 4890 bar.
658 4831 950 4902 Manifesta
973 4830 1098 4888 dico
1137 4831 1197 4886 in
1239 4831 1382 4885 omni
1411 4831 1681 4901 praetorio,
1705 4839 1758 4886 et
1785 4833 1842 4886 in
1879 4833 2085 4888 cceteris

506 4923 746 4978 omnibus
775 4923 932 4980 locis.
969 4920 1206 4994 Ubique.
1235 4921 1384 4977 enim
1413 4921 1667 4977 dicebant
1694 4937 1708 4974 :
1731 4919 1922 4978 Videte
1954 4937 2086 4978 con-

508 5013 790 5069 stantiam.
813 5013 993 5081 Pauli,
1039 5012 1135 5084 qui
1185 5014 1351 5070 etiam
1390 5013 1448 5069 in
1485 5013 1721 5070 vinculis
1771 5029 1882 5069 non
1912 5023 2092 5070 cessat

507 5100 807 5171 praedicare
852 5101 1012 5158 ﬁdem
1057 5101 1284 5158 Christi.
1327 5101 1406 5158 lta
1454 5102 1645 5159 ﬁerent
1671 5103 1980 5170 manifesta,
2029 5112 2090 5158 ut

507 5189 686 5262 plures
723 5207 790 5246 ea:
820 5191 1080 5262 fratribus
1111 5194 1430 5264 confidentes
1472 5195 1531 5249 in
1575 5194 1824 5264 Domino,
1864 5195 2090 5251 vinculis

509 5280 662 5347 meis,
691 5280 747 5336 id
773 5288 860 5336 est
886 5290 1109 5352 propter
1146 5281 1362 5339 vincula
1391 5299 1513 5339 mea
1553 5285 1610 5339 in
1637 5285 1839 5356 quibus
1879 5285 2090 5364 positus

510 5369 770 5427 audacter
793 5370 1177 5442 praedicabam,
1194 5375 1444 5446 exemplo
1463 5390 1588 5432 meo
1609 5375 1803 5433 conﬁsi
1825 5377 2092 5433 auderent

510 5461 883 5542 abundantius
905 5462 1056 5536 loqui
1073 5467 1328 5539 gentibus
1351 5467 1470 5524 sine
1489 5467 1685 5525 timore
1708 5469 1937 5525 verbum
1962 5467 2087 5538 Dei;

508 5553 607 5626 qui
635 5554 790 5626 prius
841 5563 1065 5627 propter
1105 5557 1362 5614 timorem
1405 5573 1516 5614 non
1541 5559 1832 5616 audebant.
1874 5559 1917 5615 li
1961 5568 2094 5616 sunt

502 5645 642 5703 boui
670 5643 889 5716 fratres,
920 5647 1016 5706 sed
1063 5649 1283 5722 quidam
1322 5648 1557 5720 quidem,
1584 5650 1640 5707 id
1681 5659 1769 5708 est
1807 5651 2030 5709 discreti
2057 5667 2090 5708 a

514 5739 700 5814 bonis,
734 5744 865 5818 quia
888 5758 1146 5819 perverse
1180 5745 1770 5824 pradicant-Christum
1809 5758 1860 5806 et
1880 5758 2092 5820 propter

2187 4560 2388 4616 scitant
2420 4559 2555 4615 mihi
2579 4573 2913 4630 pressuram,
2942 4573 3046 4613 nec
3071 4557 3236 4612 modo
3259 4557 3462 4623 solum,
3502 4557 3595 4612 sed
3627 4571 3775 4612 sem-

2185 4667 2282 4723 per
2309 4652 2543 4724 gaudebo
2580 4651 2638 4705 in
2671 4651 2885 4706 eodem.
2921 4647 2983 4704 ln
3023 4648 3134 4706 Deo
3169 4649 3379 4720 gaudeo
3411 4658 3471 4705 et
3501 4649 3770 4720 gaudebo,

2184 4743 2294 4816 scio
2319 4744 2459 4797 enim
2479 4743 2607 4813 quia
2625 4741 2744 4808 hoc,
2777 4739 2833 4796 id
2857 4748 2942 4796 est
2965 4740 3110 4810 quod
3138 4755 3398 4810 pressura
3427 4741 3565 4795 mihi
3593 4741 3770 4796 susci-

2184 4841 2352 4901 tatur,
2387 4834 2651 4904 proveniet
2675 4832 2805 4886 mihi
2834 4832 2890 4886 in
2913 4831 3140 4886 salutem
3165 4847 3264 4902 per
3286 4840 3526 4888 vestram
3566 4832 3768 4888 oratio-

2183 4940 2308 4980 nem
2345 4923 2766 4980 intercedentem
2799 4939 2900 4994 pro
2931 4937 3042 4990 me,
3085 4932 3138 4978 et
3176 4940 3270 4993 per
3311 4923 3767 4978 subministratio—

2183 5031 2321 5081 nem,
2352 5013 2407 5068 id
2437 5021 2524 5069 est
2548 5029 2646 5084 per
2673 5012 3050 5069 fulcimentum
3092 5023 3148 5068 et
3175 5015 3614 5070 sustentaculum
3644 5013 3764 5084 Spi-

2181 5105 2343 5162 ritus.
2375 5105 2526 5161 Sicut
2547 5104 2692 5160 enim
2723 5105 2976 5161 columna
3003 5105 3059 5160 in
3089 5105 3271 5160 medio
3299 5105 3477 5175 posita
3505 5113 3768 5162 sustentat

2182 5199 2428 5264 domum,
2447 5214 2515 5254 ne
2536 5197 2725 5265 cadat;
2753 5198 2834 5254 sic
2851 5196 3089 5268 Spiritus
3108 5195 3264 5252 fulcit
3274 5194 3380 5252 mé.
3397 5194 3634 5267 Spiritus
3645 5195 3764 5251 dico

2181 5290 2312 5346 Iesu
2342 5289 2567 5357 Christi,
2600 5290 2654 5345 id
2680 5299 2766 5346 est
2793 5305 2956 5360 quem
2983 5289 3239 5346 Christus
3267 5289 3380 5355 dat,
3416 5304 3520 5359 pro
3540 5303 3650 5360 quo
3669 5302 3764 5358 pa-

2185 5381 2296 5439 tior
2332 5380 2614 5453 proveniet
2652 5381 2776 5438 dico
2806 5382 2862 5436 in
2908 5381 3138 5437 salutem
3177 5381 3469 5435 secundum
3501 5386 3766 5450 exspecta-

2185 5476 2384 5530 tionem
2411 5482 2460 5530 et
2492 5489 2630 5545 spem
2656 5489 2848 5540 meam,
2882 5472 2936 5528 id
2959 5482 3044 5530 est
3071 5487 3182 5528 non
3210 5472 3396 5528 minus
3418 5472 3614 5529 salutis
3634 5483 3763 5525 con-

2188 5565 2371 5623 ferens
2396 5581 2559 5638 quam
2605 5571 2860 5636 exspecto
2886 5572 2943 5620 et
2969 5579 3149 5636 spero.
3189 5563 3539 5635 Exspectatio
3568 5560 3763 5618 dicitur

2188 5655 2572 5727 longanimitas
2604 5655 2662 5712 in
2697 5653 3040 5722 sustinendo,
3067 5653 3186 5711 sine
3210 5653 3539 5711 eertitudine
3561 5659 3755 5708 um.

2183 5747 2332 5821 .Spcs
2361 5764 2488 5806 vero
2527 5756 2675 5807 certa
2707 5745 3072 5820 praestolatio;
3104 5745 3240 5822 ideo
3275 5745 3562 5804 secundum
3596 5755 3756 5812 εροιιν
