3928 6422
98 324 224 383 357

733 329 1098 389 EXPOSITIO
1135 330 1202 387 ΙΝ
1241 329 1626 387 EPISTOLAS
1662 328 1890 385 PAULI.
1928 359 1999 372 -ο
2036 327 2104 384 IN
2142 327 2362 385 EPIST.
2404 329 2497 384 AD
2533 329 2821 386 PHILIPP.

3283 333 3401 394 ωε,

101 441 244 510 quia
272 456 378 500 non
405 447 722 517 confundar,
754 448 809 502 id
834 457 918 504 est
941 463 1050 502 non
1078 447 1399 503 erubescam
1428 446 1481 500 in
1508 445 1712 516 aliquo,
1744 455 1791 506 Α
1819 443 2036 509 remini,
2064 444 2206 512 ideo,
2228 446 2354 514 quia
2391 444 2533 499 vobis
2557 445 2811 499 donatum
2843 455 2919 499 est
2949 462 3043 516 pro
3073 446 3304 516 Christo,
3335 451 3393 507 id

101 542 176 585 ιιι
205 547 313 610 figo
341 539 591 594 deﬁciam
620 538 674 594 in
707 538 1000 610 Evangelio
1027 539 1231 595 Christi
1261 545 1481 608 propter
1503 537 1714 592 instan-
1809 544 1895 591 est
1917 551 2014 605 pro
2040 535 2235 592 merito
2254 535 2481 602 Christi,
2505 552 2608 590 non
2635 535 2807 589 solum
2828 544 2886 589 ut
2912 552 2998 590 crs
3023 537 3139 591 'atis
3168 539 3224 592 in
3247 556 3389 609 eum,

103 604 681 685 tﬁiribulationem.
714 629 836 684 Non
858 604 1177 700 confundor,
1209 604 1299 683 sed
1327 604 1465 683 sicut
1487 645 1710 698 semper,

105 718 170 772 id
221 727 311 774 est
356 721 423 774 de
463 721 736 790 praeterito
761 720 1142 790 magniﬁcatus
1193 727 1297 787 est,
1353 721 1430 773 ita
1459 727 1510 773 et
1553 734 1711 786 nunc,

109 809 170 864 id
213 821 301 866 est
326 810 382 865 in
420 810 604 866 futuro
636 811 1067 884 magni/imbitur
1097 811 1361 878 Christus,
1395 827 1506 866 non
1535 812 1741 883 solum.

108 902 172 956 in
216 903 403 957 anima
428 944 443 970 ,
495 903 589 958 sed
621 903 786 958 etiam
819 903 873 957 in
923 902 1189 974 fragiliori
1220 913 1394 972 parte,
1448 902 1504 957 id
1534 911 1618 958 est
1658 904 1715 956 in

110 1009 340 1062 corpore
384 1009 515 1048 meo.
561 992 998 1064 Magniﬁcabitur
1043 994 1231 1064 utique
1272 995 1378 1048 sive
1414 1011 1506 1064 per
1547 995 1714 1048 vitam

107 1085 230 1136 sive
287 1101 379 1153 per
435 1092 696 1152 mortem,
756 1083 811 1140 id
867 1092 954 1139 est
1001 1085 1056 1140 in
1112 1084 1225 1139 vita
1280 1085 1529 1156 corporis
1565 1093 1621 1140 et
1659 1084 1713 1139 in

111 1183 322 1228 morte.
393 1173 573 1229 Debeo
639 1174 993 1245 magniﬁcare
1057 1175 1338 1232 Christum
1375 1192 1472 1246 per
1509 1177 1712 1245 vitam,

112 1263 293 1335 259
327 1280 454 1318 nam
487 1264 729 1320 Christus
765 1274 843 1320 est
888 1266 1054 1320 vivere
1093 1266 1244 1334 mihi,
1290 1266 1345 1321 id
1387 1276 1471 1324 est
1508 1282 1609 1338 ego
1647 1267 1716 1322 ad

113 1355 276 1409 aliud
305 1371 416 1410 non
445 1355 587 1422 vivo,
617 1357 725 1411 nisi
765 1365 826 1411 ut
877 1357 1222 1428 magniﬁcem
1267 1356 1570 1414 Christum.
1611 1357 1717 1414 De-

114 1445 226 1500 beo
258 1445 606 1516 magniﬁcare
629 1461 726 1516 per
747 1454 1012 1514 mortem;
1039 1462 1166 1501 nam
1191 1445 1443 1503 Christus
1467 1456 1550 1503 est
1579 1448 1715 1504 mihi

115 1533 337 1589 lucrum
379 1537 532 1604 mori,
579 1537 634 1591 id
675 1546 758 1592 est
810 1537 878 1593 ad
923 1538 1288 1604 moriendum,
1335 1538 1516 1609 ipsum
1568 1539 1714 1594 enim

115 1628 410 1684 Christum
457 1629 730 1700 accipiens
776 1631 981 1696 lucror,
1028 1631 1075 1686 si
1116 1646 1213 1701 pro
1242 1629 1462 1686 Christo
1489 1631 1710 1686 morior.

116 1717 224 1774 Vel
268 1719 343 1774 ita
373 1718 510 1774 :Per
541 1731 773 1775 mortem
800 1719 972 1774 debeo
1016 1719 1367 1790 magniﬁcare
1400 1719 1710 1787 Christum;

1811 624 1902 678 sed
1935 625 2097 678 etiam
2137 633 2194 678 ut
2221 626 2504 695 patiamini
2549 643 2644 696 pro
2687 626 2803 681 illo.
2842 625 2952 682 Vos
2973 627 3118 696 dico,
3146 629 3390 687 habentes

1810 712 1950 767 idem
1976 722 2238 767 certamen
2256 714 2413 785 quale
2431 724 2482 770 et
2511 716 2720 768 vidistis
2754 715 2811 769 in
2839 733 2940 782 me,
2968 731 3093 772 cum
3123 720 3264 788 apud
3293 736 3391 776 vos

1811 817 2012 869 essem,
2047 813 2098 857 et
2130 804 2289 874 quale
2331 821 2468 859 nunc
2515 805 2744 859 audistis
2788 805 2852 860 de
2897 823 2977 860 me
3021 809 3167 877 quod
3215 811 3392 878 patior

1814 892 2018 949 Romae.
2059 893 2170 949 Vos
2204 904 2384 950 autem
2418 895 2707 951 imitamini
2730 897 2877 965 quod
2895 912 2984 951 me
3005 897 3058 952 in
3085 897 3390 956 humilitate

1811 983 1924 1053 pati
1958 982 2172 1052 videtis,
2203 993 2472 1040 sectantes
2512 984 2829 1054 patientiam
2857 993 2911 1040 et
2939 985 3318 1044 humilitatem.

2437 1075 2663 1132 CAPUT
2700 1076 2764 1132 ll.

1893 1185 1913 1219 ι
1956 1165 2013 1221 Si
2045 1182 2153 1237 qua
2190 1181 2319 1238 ergo
2349 1169 2653 1224 consolatio
2679 1169 2734 1223 in
2760 1167 3000 1236 Christo,
3039 1169 3088 1224 si
3126 1171 3273 1240 quod
3295 1185 3389 1227 so-

1823 1275 1841 1309 ι
1885 1258 2078 1313 latium
2105 1259 2409 1326 charitatis,
2443 1260 2490 1314 si
2518 1276 2626 1330 qua
2654 1261 2889 1317 societas
2929 1263 3180 1332 spiritus,
3208 1264 3254 1318 si
3283 1280 3392 1335 qua

1821 1365 1840 1398 ι
1884 1347 2094 1402 viscera
2122 1347 2508 1416 miserationis,
2549 1349 2767 1420 implete
2797 1352 3052 1422 gaudium
3093 1368 3298 1420 meum,
3333 1361 3396 1408 ut

1821 1455 1840 1490 ι
1883 1438 2026 1493 idem
2061 1438 2304 1508 sapiatis,
2326 1440 2573 1494 eamdem
2600 1441 2919 1496 charitatem
2946 1443 3224 1510 habentes,
3251 1456 3406 1501 una-'

1821 1547 1839 1581 ι
1885 1529 2060 1585 nimes
2083 1530 2315 1600 idipsum
2339 1531 2651 1587 sentientes.
2686 1531 2830 1587 Nihil
2851 1548 2947 1603 per
2967 1537 3394 1600 contentionem,
3462 1569 3468 1574 -

1821 1636 1840 1670 ι
1883 1633 2057 1687 neque
2099 1634 2194 1688 per
2237 1618 2454 1674 inanem
2481 1620 2730 1690 gloriam,
2764 1622 2858 1676 sed
2887 1622 2942 1676 in
2964 1622 3268 1678 humilitate
3297 1638 3396 1678 su-

1820 1729 1838 1761 ι
1883 1711 2127 1780 periores
2165 1711 2269 1766 sibi
2314 1712 2547 1768 invicem
2589 1715 2938 1781 arbitrantes,
2993 1731 3104 1770 non
3140 1732 3262 1786 quae
3295 1733 3397 1774 sua

118 1825 256 1866 nam
292 1810 432 1866 mori
454 1818 539 1866 est
570 1811 702 1865 mihi
735 1811 972 1878 lucrum,
996 1811 1050 1866 id
1080 1819 1165 1866 est
1195 1827 1322 1865 nam
1348 1811 1404 1866 in
1432 1820 1607 1866 morte
1629 1811 1714 1866 lu—

1829 1819 1840 1853 ι
1885 1810 2014 1856 sunt
2039 1802 2236 1874 singuli
2261 1803 2694 1872 considerantes,
2746 1806 2842 1860 sed
2888 1821 2951 1862 ea
2992 1822 3115 1876 qua:
3141 1808 3397 1864 aliorum.

116 1916 252 1956 cror
279 1915 401 1972 ego,
435 1901 712 1972 accipiens
740 1903 794 1957 in
830 1903 983 1960 caelis
1024 1902 1432 1958 retributionem
1465 1904 1712 1958 laborum

119 2005 399 2046 meorum.
440 1989 658 2047 Etcum
688 1993 830 2049 mori
865 1993 940 2049 sit
973 1993 1109 2048 mihi
1156 1994 1396 2061 lucrum,
1441 2003 1613 2050 restat
1654 2003 1715 2050 ut

119 2079 329 2152 eligam
367 2090 618 2138 mortem.

192 2173 442 2228 Adversa
493 2173 781 2242 sententia,
823 2175 920 2230 sed
969 2182 1152 2231 tamen
1192 2175 1319 2232 licet
1352 2176 1491 2232 mori
1522 2177 1595 2234 sit
1628 2178 1716 2233 lu-

119 2280 310 2330 crum,
363 2265 530 2318 vivere
567 2266 624 2319 in
658 2281 816 2320 carne
849 2275 927 2320 est
960 2267 1091 2320 mihi
1135 2267 1340 2337 fructus
1389 2269 1580 2339 operis,
1627 2269 1718 2325 hic

121 2354 338 2408 scilicet
378 2353 525 2424 quod
563 2369 659 2424 per
686 2354 853 2410 vitam
889 2354 1324 2427 magnilicabitur
1343 2356 1613 2415 Christus.
1653 2357 1720 2414 Et
1753 2379 1756 2384 ·

122 2445 252 2514 quia
287 2443 434 2499 mori
477 2445 613 2499 mihi
660 2455 745 2501 est
786 2446 998 2502 lucrum
1045 2455 1209 2503 tanta:
1256 2448 1630 2516 beatitudinis,
1665 2457 1721 2506 et

124 2535 312 2589 vivere
342 2535 399 2589 in
437 2551 602 2592 carne
630 2545 716 2592 est
740 2538 875 2593 mihi
899 2537 1110 2594 fruetus
1134 2539 1521 2610 magnitlcandi
1557 2539 1720 2595 Chri-

126 2634 300 2693 stum,
336 2641 428 2695 en,
460 2626 513 2681 id
565 2637 652 2682 est
682 2643 828 2696 ecce,
859 2629 987 2700 quid
1039 2629 1237 2685 horum
1289 2629 1481 2702 eligam
1514 2631 1718 2702 ignoro,

124 2718 295 2772 vitam
325 2734 398 2772 an
422 2727 674 2786 mortem,
701 2719 820 2774 ideo
842 2719 1034 2790 ignoro
1056 2721 1186 2791 quia
1207 2730 1474 2778 coarctor.
1501 2721 1721 2778 Velnon

126 2810 307 2865 solum
323 2808 533 2880 ignoro,
549 2809 643 2865 sed
668 2810 831 2867 etiam
844 2819 1105 2878 coarctor,
1120 2811 1327 2867 habens
1343 2812 1674 2868 desiderium
1693 2829 1722 2867 e

125 2898 362 2963 duobus,
393 2896 448 2951 id
465 2907 550 2953 est
571 2899 638 2954 de
667 2897 979 2966 dissolvi,et
1009 2899 1077 2955 de
1096 2914 1416 2970 permanere
1443 2900 1498 2954 in
1525 2915 1718 2968 carne;

127 2991 222 3046 sed
250 2989 478 3043 dissolvi
511 2998 561 3045 et
592 3007 710 3043 cum
733 2989 945 3046 Christo
968 3006 1078 3044 esse
1108 2990 1275 3044 multo
1309 2990 1517 3056 melius,
1548 3006 1725 3061 quan-

128 3091 245 3136 tum
275 3081 353 3135 ad
379 3096 483 3136 me.
519 3080 839 3136 Permanere
862 3090 1039 3136 autem
1080 3082 1136 3135 in
1175 3097 1332 3136 carne
1375 3083 1726 3136 necessarium

1820 1917 1838 1952 ι
1881 1897 1998 1954 Hoc
2041 1899 2188 1954 enim
2233 1901 2430 1955 sentite
2469 1900 2526 1954 in
2568 1900 2744 1966 vobis,
2793 1903 2940 1970 quod
2980 1910 3036 1958 et
3075 1903 3132 1958 in
3178 1902 3401 1962 Christo

1820 2011 1838 2046 ι
1878 1990 2027 2048 Jesu.
2071 1991 2328 2058 Quicum
2358 1993 2414 2046 in
2446 1991 2622 2046 forma
2653 1991 2745 2046 Dei
2777 2000 2940 2060 esset,
2990 2010 3100 2048 non
3147 1995 3398 2065 rapinam

1821 2099 1840 2133 ι
1886 2081 2184 2136 arbitratus
2217 2088 2303 2136 est
2327 2096 2451 2136 esse
2487 2096 2546 2137 se
2573 2082 2837 2152 aequalem
2875 2081 3007 2148 Deo,
3050 2083 3145 2138 sed
3193 2092 3396 2140 semet-

1823 2191 1841 2226 ι
1887 2172 2067 2243 ipsum
2096 2172 2416 2240 exinanivit,
2467 2171 2699 2228 formam
2729 2173 2872 2229 servi
2911 2173 3206 2246 accipiens,
3233 2175 3289 2230 in
3325 2175 3403 2230 si-

1823 2282 1842 2316 ι
1883 2263 2248 2319 militudinem
2278 2263 2566 2318 hominum
2605 2261 2804 2330 factus,
2839 2272 2894 2320 et
2930 2265 3118 2320 habitu
3149 2265 3403 2323 inventus

1821 2373 1842 2409 ι
1887 2365 1947 2410 ιιι
1978 2355 2162 2411 homo.
2201 2342 2520 2410 Humiliavit
2537 2355 2913 2425 semetipsum,
2939 2354 3115 2414 factus
3144 2356 3406 2413 obediens

1823 2465 1842 2500 ι
1887 2461 2064 2518 usque
2091 2446 2157 2502 ad
2188 2454 2440 2514 mortem,
2468 2455 2700 2501 mortem
2725 2453 2906 2502 autem
2930 2446 3133 2502 crucis.
3175 2446 3406 2519 Propter

1824 2565 1843 2600 ι
1889 2547 2036 2618 quod
2063 2555 2120 2602 et
2152 2546 2299 2603 Deus
2327 2546 2586 2602 exaltavit
2620 2547 2796 2612 illum,
2843 2554 2898 2602 et
2933 2546 3158 2603 donavit
3187 2547 3268 2603 illi
3299 2563 3404 2604 no—

1825 2656 1843 2691 ι
1885 2654 2010 2694 men
2037 2637 2186 2709 quod
2209 2647 2292 2694 est
2312 2653 2477 2708 super
2500 2653 2664 2693 omne
2710 2652 2912 2694 nomen
2947 2645 3050 2693 :ut
3087 2635 3144 2693 in
3186 2639 3410 2695 nomine

1805 2711 1844 2780 ἰ
1887 2726 2016 2782 Jesu
2045 2741 2208 2782 omne
2231 2743 2370 2798 genu
2395 2726 2664 2793 ﬂectatur,
2691 2726 3018 2794 caelestium,
3045 2727 3406 2793 terrestrium,

1827 2835 1845 2868 ι
1890 2826 1943 2872 et
1972 2815 2335 2874 infernorum.
2385 2815 2453 2871 Et
2477 2818 2660 2873 omnis
2681 2817 2868 2889 lingua
2901 2817 3246 2886 conﬁteatur,
3273 2818 3406 2889 quia

1829 2925 1848 2960 ι
1891 2906 2157 2963 Dominus
2191 2906 2351 2964 Jesus
2391 2906 2644 2964 Christus
2680 2907 2737 2962 in
2769 2907 2944 2980 gloria
2969 2917 3056 2986 est
3077 2907 3173 2964 Dei
3202 2907 3405 2967 Patris.

1829 3017 1847 3051 ι
1887 2997 2094 3069 Itaque,
2120 2997 2432 3054 charissimi
2463 2999 2595 3066 mei,
2652 2997 2820 3070 (sicut
2859 3013 3075 3069 semper
3125 2997 3409 3068 obedistis)

1831 3109 1850 3142 ς
1897 3105 2007 3144 non
2038 3089 2094 3143 in
2119 3089 2412 3160 praesentia
2445 3103 2566 3144 mea
2603 3097 2838 3156 tantum,
2888 3090 2982 3144 sed
3016 3089 3188 3144 multo
3227 3090 3412 3161 magis

129 3181 203 3225 est
243 3181 465 3242 propter
511 3189 632 3239 vos,
663 3180 726 3228 ut
781 3171 1035 3228 Christus
1080 3188 1177 3243 per
1207 3188 1294 3227 me
1347 3172 1722 3245 magniﬁcetur
1747 3163 1794 3226 C
1829 3201 1847 3233 ι
1894 3195 2040 3236 nunc
2072 3181 2128 3234 in
2158 3179 2406 3235 absentia
2437 3180 2600 3252 260
2640 3195 2783 3246 mea,
2827 3195 2953 3235 cum
3006 3188 3155 3236 metu
3196 3188 3252 3236 et
3295 3189 3409 3236 tre-

131 3261 184 3316 in
222 3263 406 3317 vobis.
450 3262 518 3316 Et
550 3263 666 3329 hoc,
703 3262 757 3317 id
789 3274 874 3319 est
913 3263 1057 3334 quod
1086 3263 1430 3320 necessarius
1474 3272 1528 3318 et
1575 3264 1725 3319 utilis

132 3367 225 3406 ero
260 3351 556 3421 conﬁdens.
614 3351 736 3407 Scio
769 3355 1018 3424 quoniam
1059 3353 1278 3407 manebo
1321 3363 1375 3408 et
1416 3354 1580 3408 etiam
1631 3353 1726 3409 diu

132 3442 452 3512 permanebo
487 3443 726 3498 omnibus
767 3444 908 3498 vobis
938 3445 1009 3498 ad
1046 3445 1339 3515 profectum
1385 3460 1633 3512 vestrum,
1675 3455 1726 3501 et

134 3534 204 3588 ad
231 3533 497 3605 gaudium
539 3534 662 3603 ﬁdei
705 3543 909 3602 vestrm,
937 3534 992 3588 id
1029 3544 1111 3590 est
1142 3543 1205 3590 ut
1249 3536 1317 3592 de
1361 3536 1556 3590 merito
1603 3536 1726 3592 ﬁdei

135 3625 443 3696 gaudeatis.
487 3624 645 3682 Tunc
671 3625 833 3681 habet
853 3626 1037 3696 justus
1071 3626 1329 3698 gaudium
1359 3629 1426 3683 de
1452 3628 1573 3696 ﬁde,
1601 3644 1726 3684 cum

135 3713 244 3786 iam
271 3731 390 3770 non
415 3715 569 3770 timet
602 3717 851 3782 adversa,
895 3724 950 3772 et
979 3733 1208 3773 securus
1246 3726 1334 3774 est
1371 3717 1438 3774 de
1479 3718 1723 3789 praemio.

138 3804 481 3862 Permanebo
517 3807 672 3862 vobis
699 3807 767 3862 ad
799 3807 1123 3878 profectum,
1153 3811 1230 3863 ita
1253 3819 1310 3864 ut
1337 3810 1647 3882 gratulatio,
1675 3811 1730 3867 id

138 3907 220 3954 est
249 3899 551 3954 exsultatio
578 3907 781 3967 vestra,
825 3900 909 3956 vel
957 3901 1100 3956 actio
1143 3902 1470 3973 gratiarum,
1512 3911 1728 3958 utrum-

140 4005 244 4059 que
275 3989 430 4046 enim
464 3990 738 4061 signiﬁcat
770 3992 1035 4062 gratulor,
1085 4001 1138 4048 et
1179 3993 1387 4064 gaudeo
1433 4003 1488 4049 et
1527 3995 1729 4066 gratias

141 4095 270 4152 ago,
316 4082 629 4153 gratulatio,
663 4083 907 4152 inquam,
941 4091 1121 4138 vestra
1155 4083 1382 4139 abundet
1414 4086 1469 4139 in
1492 4085 1728 4154 Christo,

125 4173 192 4228 eid
223 4183 317 4229 est
351 4173 406 4227 in
431 4173 648 4228 laudem
674 4172 881 4229 Christi
915 4173 1065 4242 Jesu,
1097 4175 1154 4228 in
1181 4191 1282 4244 me,
1308 4176 1359 4231 id
1389 4185 1473 4232 est
1503 4178 1559 4232 in
1593 4193 1729 4234 con-

141 4267 478 4323 sideratione
508 4267 635 4324 mei.
678 4269 931 4324 Abundet
954 4269 1076 4325 dico
1101 4287 1193 4340 per
1235 4288 1408 4325 meum
1450 4273 1730 4328 adventum

140 4359 340 4413 iterum
390 4357 596 4415 factum
637 4361 707 4415 ad
765 4378 872 4416 vos.
911 4362 1222 4417 Abundabit
1259 4363 1448 4434 utique
1492 4374 1730 4420 tantum-

142 4450 299 4504 modo
346 4451 524 4507 videte
573 4461 631 4506 ut
671 4467 771 4508 vos
820 4454 1192 4507 conversemini
1239 4454 1395 4525 digne
1445 4454 1729 4527 Evangelio

1831 3291 1858 3324 ι
1894 3287 2046 3326 more
2073 3279 2312 3326 vestram
2335 3270 2567 3326 salutem
2603 3271 2927 3342 operamini.
2966 3270 3222 3328 Deusest
3239 3272 3412 3342 enim,

1830 3383 1848 3416 ι
1893 3363 1987 3434 qui
2011 3371 2270 3434 Operatur
2305 3362 2362 3417 in
2395 3362 2550 3418 vobis
2589 3369 2646 3417 et
2688 3362 2846 3429 velle,
2895 3371 2951 3417 et
2991 3362 3269 3432 perﬁcere,
3310 3376 3414 3433 pro

1830 3473 1848 3507 ι
1895 3454 2039 3509 bona
2065 3454 2365 3509 voluntate.
2403 3450 2600 3508 Omnia
2626 3461 2807 3508 autem
2832 3452 2993 3509 facite
3013 3453 3134 3509 sine
3163 3468 3416 3508 murmu-

1831 3565 1849 3600 ι
1895 3546 2200 3602 rationibus
2232 3554 2286 3601 et
2319 3544 2758 3602 haesitationibus
2805 3542 2862 3616 (Ι
2902 3543 3052 3599 Petr.
3103 3561 3178 3612 1v,
3225 3545 3303 3616 9),
3350 3553 3415 3602 ut

1832 3658 1849 3691 ι
1897 3638 2018 3694 silis
2047 3638 2167 3693 sine
2205 3637 2451 3708 querela,
2484 3647 2539 3693 et
2570 3637 2844 3706 simplices
2878 3635 2975 3690 ﬁlii
3009 3634 3128 3702 Dei,
3169 3635 3287 3692 sine
3325 3651 3414 3694 re-

1832 3749 1851 3782 ι
1894 3731 2254 3801 prehensione
2285 3730 2340 3784 in
2369 3729 2553 3784 medio
2579 3727 2818 3783 nationis
2834 3743 3016 3797 pravae
3041 3735 3096 3782 et
3121 3742 3409 3796 perversa);

1806 3892 1808 3894 ν
1833 3839 1851 3873 ι
1895 3821 2034 3878 inter
2057 3836 2197 3891 quos
2218 3819 2412 3875 lucetis
2434 3819 2578 3874 sicut
2599 3817 2889 3872 luminaria
2922 3816 2978 3870 in
3015 3816 3257 3882 mundo;
3286 3831 3413 3870 ver-

1834 3931 1852 3966 ι
1897 3913 2027 3968 bum
2053 3920 2178 3967 vitae
2219 3911 2561 3967 continentes
2604 3909 2673 3964 ad
2718 3907 2946 3979 gloriam
2990 3921 3170 3962 meam
3220 3905 3276 3960 in
3323 3905 3414 3960 die

1834 4022 1853 4056 ι
1897 4003 2122 4070 Christi,
2173 4002 2303 4069 quia
2351 4017 2461 4057 non
2507 4001 2562 4055 in
2605 4015 2840 4056 vacuum
2868 3999 3108 4066 cucurri,
3142 4013 3321 4067 neque
3353 3997 3412 4053 in

1835 4111 1853 4146 ι
1900 4108 2132 4147 vacuum
2165 4090 2429 4146 laboravi.
2467 4089 2570 4144 Sed
2607 4097 2663 4145 et
2693 4087 2740 4144 si
2774 4087 3026 4144 immolor
3049 4101 3214 4157 supra
3242 4085 3414 4142 sacri-

1835 4204 1854 4238 ι
1897 4185 2102 4251 ﬁcium,
2130 4192 2186 4240 et
2209 4184 2532 4254 obsequium
2555 4181 2680 4237 ﬁdei
2702 4189 2917 4247 vestrm,
2943 4180 3172 4252 gaudeo,
3199 4187 3254 4235 et
3279 4194 3414 4235 con-

1809 4261 1856 4327 ἰ
1897 4275 2140 4348 gratulor
2177 4275 2433 4330 omnibus
2477 4273 2654 4328 vobis.
2706 4270 2948 4341 Idipsum
2998 4280 3182 4328 autem
3213 4279 3270 4328 et
3314 4286 3415 4329 vos

1837 4383 1856 4417 ‹
1901 4365 2129 4436 gaudete
2156 4372 2212 4420 et
2243 4362 2701 4434 congratulamini
2732 4361 2889 4416 mihi.
2937 4360 3108 4433 Spsro
3137 4370 3319 4417 autem
3355 4361 3415 4416 in

1838 4473 1857 4507 ι
1898 4454 2130 4509 1)οωίηο
2147 4452 2301 4522 Jesu,
2327 4453 2676 4508 Timotheum
2704 4466 2792 4507 me
2815 4452 2925 4507 cito
2953 4451 3166 4508 mittere
3193 4451 3262 4506 ad
3291 4467 3413 4519 vos,

144 4533 382 4609 Christo,
413 4543 466 4597 id
489 4551 572 4598 est
597 4543 736 4600 sicut
756 4544 910 4600 decet
933 4553 987 4600 et
1006 4544 1161 4600 docet
1182 4521 1552 4616 Evangelium,
1579 4521 1726 4618 quod
1761 4521 1808 4577 θ
1843 4564 1862 4599 ι
1907 4553 2044 4602 utet
2071 4560 2173 4617 ego
2205 4545 2350 4600 bono
2375 4544 2560 4600 animo
2591 4543 2719 4610 sim,
2744 4543 2979 4615 cognitis
3005 4559 3128 4614 quae
3153 4543 3296 4599 circa
3318 4558 3417 4600 vos

142 4633 456 4706 accepistis.
507 4633 586 4689 Ita
621 4635 801 4706 digne,
854 4643 913 4688 ut
955 4636 1061 4689 sive
1097 4651 1214 4688 cum
1245 4651 1425 4689 venero
1469 4645 1519 4690 et
1555 4637 1730 4692 videro

143 4741 249 4792 vos,
281 4725 397 4779 sive
437 4725 622 4780 absens
662 4741 992 4796 quocunque
1020 4725 1183 4781 modo
1211 4724 1386 4793 fuero,
1423 4727 1507 4781 vel
1534 4728 1732 4784 absens

143 4814 223 4868 vel
247 4829 497 4886 praesens
518 4815 736 4870 audiam
762 4814 830 4870 de
849 4816 1005 4872 vobis
1027 4815 1153 4883 hoc,
1193 4815 1320 4886 quia
1361 4816 1515 4870 statis
1550 4817 1607 4870 in
1628 4833 1730 4872 uno

147 4904 358 4977 Spiritu
398 4915 589 4962 sancto
633 4907 965 4978 justiﬁcante
1001 4923 1119 4964 vos.
1157 4905 1224 4961 Et
1267 4906 1394 4977 quia
1435 4907 1491 4962 in
1540 4908 1730 4965 eodem

146 4995 343 5066 spiritu
385 5004 531 5053 stare
569 5007 823 5068 possent;
871 4997 960 5053 hic
987 4997 1043 5052 in
1068 4997 1394 5065 humilitate,
1424 4997 1514 5053 hic
1549 4998 1605 5053 in
1637 5015 1732 5054 ca-

147 5092 367 5156 stitate;
406 5097 590 5144 tamen
633 5105 743 5145 non
782 5090 1046 5146 habentes
1085 5091 1224 5146 inter
1262 5106 1320 5147 se
1363 5091 1730 5160 dilectionem,

150 5178 268 5236 ideo
301 5179 452 5235 addit
476 5181 749 5236 unanimes
795 5180 851 5236 in
893 5181 1203 5248 dilectione,
1250 5189 1304 5237 et
1349 5180 1732 5238 collaborantes

149 5283 242 5338 per
269 5270 590 5340 patientiam
620 5272 1032 5328 tribulationum
1076 5273 1202 5342 ﬁdei
1247 5271 1539 5344 Evangelii,
1572 5272 1624 5328 id
1651 5283 1736 5330 est

151 5369 318 5424 quam
349 5357 510 5414 ﬁdem
539 5359 594 5414 in
623 5358 915 5431 Evangelio
956 5360 1242 5418 didicistis.
1296 5361 1529 5418 Audiam
1565 5363 1730 5418 etiam

133 5447 296 5517 quod
340 5465 440 5505 vos
477 5451 534 5504 in
577 5449 726 5506 nullo
767 5452 1069 5506 terreamini
1123 5452 1188 5507 ab
1231 5452 1569 5521 adversariis,
1613 5469 1732 5525 qua:

153 5550 342 5620 causa,
394 5541 602 5598 scilicet
643 5542 791 5613 quod
844 5543 1035 5599 volunt
1081 5552 1284 5601 terrere
1329 5559 1450 5612 vos,
1496 5536 1573 5600 est
1617 5544 1731 5601 illis

156 5644 317 5685 causa
347 5633 684 5704 perditionis,
726 5633 870 5690 vobis
906 5643 1106 5703 autem,
1149 5635 1245 5708 qui
1283 5635 1515 5692 interriti
1549 5635 1726 5704 statis,

157 5729 432 5780 estcausa
459 5727 671 5785 salutis.
706 5727 776 5785 Et
798 5728 895 5786 hoc
919 5727 1076 5787 vobis
1103 5745 1135 5785 a
1161 5727 1269 5787 Deo
1293 5729 1441 5804 quod
1477 5743 1585 5789 non
1617 5737 1728 5788 ter-

1845 4653 1864 4688 ι
1909 4643 2056 4692 sunt.
2105 4633 2390 4690 Neminem
2427 4634 2574 4688 enim
2608 4633 2785 4689 habeo
2808 4642 2919 4688 tam
2952 4634 3290 4700 unanimem,
3319 4633 3417 4705 qui

1844 4746 1863 4781 ι
1908 4727 2121 4783 sincera
2151 4725 2435 4781 aﬁ‘ectione
2467 4739 2568 4795 pro
2599 4725 2757 4779 vobis
2786 4725 3054 4780 sollicitus
3083 4725 3174 4780 sit.
3214 4723 3417 4780 Omnes

1843 4834 1863 4869 ι
1904 4815 2050 4871 enim
2073 4829 2196 4884 quae
2222 4829 2322 4869 sua
2359 4821 2488 4869 sunt
2511 4821 2800 4884 quarunt,
2831 4828 2940 4868 non
2969 4829 3092 4884 qua:
3129 4821 3258 4870 sunt
3284 4811 3415 4870 Jesu

1843 4922 1864 4960 ‹
1903 4903 2107 4960 Christi
2130 4901 2184 4976 (Ι
2208 4901 2332 4959 Cor.
2368 4918 2488 4970 xm,
2514 4902 2591 4972 5).
2617 4901 3059 4970 Experimentum
3075 4909 3258 4957 autem
3296 4902 3418 4973 ejus

1840 5014 1859 5050 ι
1901 4995 2215 5067 cognoscite
2243 5037 2259 5061 ,
2330 4994 2459 5065 quia
2488 5035 2504 5061 ,
2565 4993 2707 5050 sicut
2774 4993 2916 5064 patri
2965 4993 3151 5064 ﬁlius,
3201 5011 3417 5053 mecum

1841 5107 1861 5142 ι
1906 5087 2127 5145 servivit
2151 5087 2206 5142 in
2235 5085 2549 5157 Evangelio.
2605 5083 2763 5140 Hunc
2787 5085 2954 5156 igitur
2979 5101 3141 5156 spero
3166 5102 3252 5144 me
3285 5088 3416 5144 mit-

1841 5198 1861 5233 ι
1905 5189 2019 5236 tere
2055 5179 2124 5235 ad
2155 5195 2274 5246 vos,
2313 5193 2441 5233 mox
2478 5186 2538 5234 ut
2565 5178 2753 5233 videro
2796 5193 2920 5247 quae
2949 5176 3092 5234 circa
3139 5195 3228 5235 me
3267 5189 3414 5238 sunt.

1841 5290 1860 5324 ε
1900 5271 2127 5327 Conﬁdo
2156 5278 2338 5326 autem
2383 5269 2438 5324 in
2485 5267 2739 5336 Domino,
2782 5268 3042 5339 quoniam
3085 5278 3140 5326 et
3172 5271 3290 5341 ipse
3331 5287 3420 5328 ve-

1841 5383 1860 5417 ι
1901 5363 2050 5418 niam
2076 5363 2144 5418 ad
2167 5377 2263 5418 vos
2289 5360 2417 5418 cito.
2457 5359 2839 5417 Necessarium
2880 5369 3065 5417 autem
3106 5361 3416 5430 existimavi

1842 5474 1860 5507 ι
1902 5453 2332 5525 Epaphroditum
2374 5451 2598 5509 fratrem
2626 5460 2681 5508 et
2709 5460 3134 5523 cooperatorem.
3163 5459 3220 5506 et
3264 5467 3416 5512 com-

1841 5566 1861 5600 ι
1904 5546 2224 5602 millitonem
2254 5561 2459 5613 meum,
2485 5554 2727 5601 vestrum
2771 5553 2953 5600 autem
2989 5542 3318 5614 apostolum,
3360 5551 3417 5598 et

1842 5657 1860 5691 ι
1903 5637 2217 5695 ministrum
2241 5637 2583 5694 necessitatis
2609 5651 2764 5704 mea,
2793 5635 3010 5691 mittere
3034 5632 3104 5688 ad
3135 5647 3255 5700 vos,
3277 5647 3418 5706 quo-

1841 5748 1861 5784 ι
1904 5719 2056 5789 niam
2086 5731 2305 5803 quidem
2340 5745 2531 5790 omnes
2564 5743 2669 5804 vos
2710 5726 3069 5811 desiderabat,
3098 5735 3153 5784 et
3183 5739 3418 5800 moestus
