3928 6430
533 359 640 418 559

1066 353 1126 410 S.
1163 349 1514 412 BRUNONIS
1549 343 2198 407 CARTHUSIANORUM
2235 339 2726 399 lNSTlTUTORlS
2757 339 2910 399 OPP.
2949 341 3134 400 PARS
3169 344 3237 402 ll.

3703 341 3794 398 m

539 493 560 527 α
602 477 722 529 erat
743 477 1030 542 propterea
1066 469 1215 540 quod
1246 467 1540 525 audieratis
1571 465 1722 520 illum
1755 463 2108 518 inﬁrmatum.
2140 463 2190 522 Α
2217 457 2274 514 id
2301 464 2387 512 est
2407 471 2625 528 aequum
2647 456 2891 514 animum
2914 459 3319 529 compassionis
3342 457 3414 514 ad
3439 471 3668 524 omnem
3687 474 3796 530 pru-

541 583 562 619 (
605 562 745 619 Nam
770 573 823 617 et
851 559 1160 629 inﬁrmatus
1186 569 1271 616 est
1289 574 1462 630 usque
1483 559 1550 612 ad
1571 563 1833 626 mortem:
1853 555 1946 610 sed
1971 553 2117 609 Deus

545 676 564 710 ι
605 641 976 714 πιίδθτιυεεει
999 652 1148 722 ejus,
1192 669 1302 708 non
1327 653 1502 707 solum
1533 657 1712 728 autem
1739 647 1876 718 ejus,
1901 661 2119 701 verum-

528 761 566 802 ··‹
611 741 853 804 etiamet
875 745 1003 812 mei,
1028 761 1092 799 ne
1120 745 1390 809 tristitiam
1429 757 1594 812 super
1631 741 1912 796 tristitiam
1948 739 2118 794 hahe-

494 837 568 892 "t
612 853 747 894 rem.
795 835 1163 891 Festinantius
1207 849 1336 904 ergo
1371 819 1498 888 misi
1541 829 1715 898 illum,
1763 840 1822 886 ut
1863 831 1980 885 viso
2031 830 2122 884 illo

549 919 572 982 ἑ
617 929 816 983 iterum
850 925 1147 998 gaudeatis,
1177 933 1230 978 et
1255 939 1354 996 ego
1382 924 1500 979 sine
1535 924 1754 978 tristitia
1797 921 1923 978 sim.
1963 920 2124 975 Exci-

551 1038 571 1072 ι
609 1019 724 1089 pite
763 1019 946 1086 itaque
967 1015 1116 1070 illum
1141 1030 1266 1069 cum
1293 1015 1444 1070 omni
1475 1015 1673 1085 gaudio
1701 1015 1754 1068 in
1788 1012 2042 1078 Domino,
2071 1019 2126 1066 et

549 1127 572 1165 ι
613 1109 879 1182 ejusmodi
901 1123 1022 1163 cum
1045 1108 1254 1162 honore
1283 1107 1536 1161 habetote
1561 1125 1575 1173 ;
1596 1105 1856 1182 quoniam
1907 1111 2126 1174 propter

535 1193 576 1256 ἶ
615 1217 752 1272 opus
779 1199 980 1254 Christi
1011 1197 1293 1269 usquead
1329 1207 1560 1252 mortem
1603 1197 1852 1262 accessit,
1903 1195 2125 1274 tradens

552 1313 574 1346 r
615 1283 851 1347 animam
884 1305 1062 1358 suam,
1095 1300 1156 1344 ut
1179 1290 1427 1360 impleret
1453 1275 1506 1344 id
1538 1289 1684 1359 quod
1716 1302 1780 1344 ex
1826 1285 1982 1342 vobis
2028 1285 2127 1340 de-

550 1405 574 1438 ‹
613 1393 729 1440 erat
747 1399 875 1456 erga
898 1397 1080 1438 meum
1105 1383 1454 1453 obsequium.
1505 1401 1522 1432 ι

531 1479 542 1484 “
565 1493 568 1498 '
653 1493 656 1496 ‘
1169 1489 1490 1540 sxrosnlo.

617 1565 764 1620 Dixit
788 1565 1041 1634 snperius
1074 1582 1086 1619 :
1119 1563 1348 1620 Vincula
1390 1580 1506 1635 qua:
1535 1565 1677 1617 circa
1707 1579 1785 1616 me
1812 1569 1956 1632 sunt,
1979 1578 2131 1616 rene—

533 1659 671 1711 runt
709 1656 780 1708 ad
820 1656 1113 1725 profectum
1157 1654 1461 1727 Evangelii;
1501 1655 1645 1725 quod
1679 1655 1843 1710 "etiam
1873 1653 1974 1708 vos
2003 1651 2136 1722 pati-

535 1745 704 1814 "mini,
731 1747 886 1802 vobis
916 1755 1194 1802 estcausa
1232 1747 1444 1814 salutis,
1493 1757 1548 1802 et
1579 1747 1654 1801 ita
1681 1747 1838 1801 vobis
1881 1745 1992 1816 pati
2034 1744 2134 1799 do—

549 1833 737 1895 natrim
767 1847 851 1895 cst
879 1855 980 1910 pro
1001 1840 1198 1895 merito
1225 1839 1445 1895 Christi.
1485 1839 1565 1893 Ex
1615 1839 1735 1895 istis
1777 1853 1925 1894 nunc
1967 1835 2133 1893 infert

533 1931 736 1986 “dicens
762 1948 776 1985 :
801 1929 942 1997 Quia
977 1938 1032 1986 et
1067 1946 1154 1987 me
1182 1932 1293 2002 pati
1321 1930 1598 2002 profectus
1626 1940 1710 1986 est
1740 1929 2038 2000 Evangelii,
2077 1938 2133 1985 et

539 2025 674 2093 ηυδε
695 2037 795 2094 pro
817 2007 1036 2078 Christo
1076 2023 1325 2078 similiter
1351 2023 1598 2094 patimini
1642 2023 1799 2079 vobis
1841 2031 1925 2078 est
1965 2038 2132 2102 causa

537 2117 774 2182 'salutis;
820 2131 970 2187 ergo,
999 2108 1216 2184 fratres,
1241 2116 1450 2187 implete
1477 2116 1730 2186 gaudium
1763 2131 1957 2182 meum,
1987 2116 2134 2186 quod

533 2209 810 2279 'gaudium
833 2209 946 2277 jam
977 2207 1278 2277 incepistis,
1307 2223 1373 2261 ex
1401 2222 1510 2277 quo
1550 2223 1650 2277 pro
1683 2206 1903 2262 Christo
1944 2216 2138 2280 contu-

543 2297 774 2350 'meliam
791 2297 945 2365 passi
965 2296 1117 2351 estis.
1155 2293 1383 2366 implere
1407 2297 1665 2369 gaudium
1690 2297 1959 2368 intelligit,
1989 2298 2034 2354 si
2061 2299 2136 2354 ita

539 2385 656 2456 “pro
689 2385 912 2442 Christo
949 2387 1227 2456 patiantur
1270 2395 1331 2442 ut
1369 2387 1606 2442 habeant
1635 2389 1999 2444 humilitatem
2037 2406 2123 2461 pa-

535 2475 760 2532 tientia:
789 2481 1002 2547 semper
1031 2478 1380 2533 associatam.
1419 2475 1516 2534 Hic
1555 2481 1701 2534 enim
1733 2481 1978 2552 apertius
2010 2481 2141 2537 hor-

539 2569 764 2624 tabitur
795 2583 912 2636 eos,
947 2579 1007 2625 ut
1045 2583 1169 2626 cum
1195 2563 1458 2641 patientia
1493 2571 1728 2628 habeant
1754 2573 2137 2644 humilitatem,

555 2669 648 2724 ne,
685 2658 732 2714 si
767 2659 1049 2729 patiuntur
1077 2675 1176 2729 pro
1201 2659 1445 2727 Christo,
1483 2661 1604 2716 ideo
1641 2677 1701 2718 se
1731 2664 1891 2734 quasi
1927 2664 2142 2736 dignio-

543 2763 646 2803 res
675 2749 883 2804 caeteris
912 2748 1220 2818 praeferant.
1259 2749 1527 2806 Patientia
1569 2752 1724 2807 enim.
1759 2753 1881 2808 sine
1921 2753 2142 2808 humili-

543 2845 670 2894 “tate
700 2837 907 2894 inutilis
939 2847 1041 2895 est.
1083 2837 1304 2910 lmplete
1325 2841 1581 2911 gaudium
1611 2857 1794 2897 meum
1815 2845 1862 2897 si
1889 2857 1994 2914 qua
2017 2859 2143 2898 con-

556 2928 749 2982 solatio
772 2927 927 2984 vobis
954 2937 1039 2985 est
1069 2929 1126 2983 in
1155 2928 1387 2997 Christo,
1414 2931 1467 2986 id
1493 2939 1574 2988 est
1598 2931 1646 2986 si
1675 2947 1741 2987 ex
1771 2931 1990 2988 Christo
2011 2949 2144 2989 con-

515 3020 878 3076 --solationem
917 3021 1162 3090 quaeritis
1196 3021 1252 3076 in
1299 3021 1503 3092 aliquo.
1559 3019 1658 3078 Vel
1695 3023 1780 3092 (ut
1823 3023 1890 3078 de
1924 3023 2146 3080 Christo

535 3109 772 3180 'sileam)
809 3110 858 3164 si
895 3110 1036 3181 quod
1069 3109 1321 3165 solatium
1357 3109 1658 3179 eharitatis,
1694 3113 1748 3167 id
1784 3119 1872 3168 est
1891 3111 2144 3169 fraternas

541 3199 870 3256 dilectionis
925 3200 1128 3256 habere
1182 3201 1370 3268 vultis,
1425 3209 1557 3258 tunc
1609 3203 1830 3274 implete
1881 3203 2142 3274 gaudium

541 3305 764 3347 .meum.
803 3291 900 3347 Vel
933 3291 1008 3347 ita
1033 3311 1048 3348 :
1073 3291 1134 3348 Si
1167 3309 1274 3365 qua
1309 3294 1613 3350 consolatio
1649 3295 1785 3350 mihi
1818 3296 1982 3354 datur
2002 3295 2148 3369 apud

541 3395 660 3436 ~vos
699 3382 752 3435 in
788 3381 1030 3449 Christo,
1071 3383 1124 3438 id
1158 3391 1244 3438 est
1279 3391 1498 3456 propter
1533 3399 1776 3442 amorem
1826 3387 2051 3457 Christi,
2092 3397 2149 3446 et

562 3470 610 3526 si
644 3471 790 3541 quod
826 3471 1080 3526 solatium
1127 3472 1432 3541 charitatis,
1483 3474 1537 3530 id
1581 3483 1666 3530 est
1710 3473 1966 3533 fraternae
2012 3480 2146 3536 dile-

547 3563 940 3620 ctionis-mihi
977 3571 1063 3619 est
1108 3565 1250 3634 apud
1291 3580 1392 3621 vos
1434 3566 1582 3636 quod
1625 3581 1714 3621 me
1759 3583 1862 3637 pro
1909 3567 2150 3626 fraterna

541 3653 834 3710 'charitate
873 3655 1147 3710 consolari
1187 3655 1398 3723 velitis,
1451 3663 1595 3712 tunc.
1623 3658 1845 3728 implete
1890 3661 2148 3731 gaudium

549 3752 775 3813 meum;
813 3754 886 3812 et,
925 3746 972 3800 si
1009 3754 1096 3802 est
1130 3746 1287 3803 vobis
1320 3763 1456 3819 qua,
1495 3747 1551 3802 id
1588 3757 1674 3804 est
1708 3749 1890 3820 aliqua
1927 3753 2149 3808 societas

562 3838 804 3909 spiritus,
843 3837 900 3892 id
939 3847 1024 3894 est
1057 3838 1106 3894 si
1140 3838 1198 3894 in
1237 3837 1443 3912 Spiritu
1482 3849 1673 3896 sancto
1711 3843 2024 3898 societatem
2051 3843 2151 3899 ha-

543 3930 705 3987 Ebetis
737 3945 863 3985 cum
898 3929 1022 3987 aliis
1043 3929 1332 4000 Ecclesiis;
1373 3941 1426 3988 et
1461 3933 1509 3988 si
1545 3943 1674 3990 sunt
1702 3935 1758 3989 in
1783 3936 1943 3992 vobis
1967 3936 2151 4008 aliqua

549 4023 786 4088 miseere,
816 4020 870 4076 id
891 4029 977 4077 est
1005 4021 1174 4092 aliqui
1214 4022 1290 4094 pii
1319 4022 1546 4080 affectus
1575 4026 1953 4094 miserationis,
1985 4027 2039 4083 id
2067 4037 2153 4085 est

545 4107 916 4167 'exhibitionis
958 4112 1367 4180 misericordiae,
1414 4107 1624 4185 implete
1664 4117 1919 4187 gaudium
1955 4135 2147 4174 meum.

549 4201 790 4258 'Viseera
826 4203 918 4259 hic
951 4213 1231 4275 ponuntur
1262 4207 1422 4277 quasi
1459 4209 1872 4278 misericordia;
1905 4201 2029 4281 pius
2054 4228 2152 4267 au-

553 4302 678 4349 tem
716 4295 941 4350 affectus
971 4295 1156 4366 (etiam
1185 4295 1233 4352 si
1273 4297 1410 4351 nihil
1456 4285 1731 4370 Operetur)
1779 4301 2152 4358 misericordia

553 4386 784 4442 dicitur.
826 4385 1284 4443 Ell'eCtus'autem
1323 4389 1714 4448 misericordiae
1737 4391 2019 4448 miseratio
2053 4409 2154 4449 vo-

2216 549 2428 604 ximum
2451 548 2734 604 habentes.
2759 547 2871 603 Vos
2899 549 3098 604 iterum
3131 541 3266 604 nihil
3292 551 3560 620 facientes
3585 565 3680 618 per
3697 567 3798 602 con-

2221 639 2531 706 tentionem,
2576 647 2637 694 ut
2683 639 2820 694 alter
2854 641 2951 710 qui
2985 641 3167 711 magis
3194 641 3400 711 patitur
3429 640 3730 695 contendat
3751 656 3800 694 se

2211 719 2470 803 praeferre
2491 731 2645 786 alteri
2665 732 2849 789 minus
2872 733 3121 803 patienti.
3145 733 3272 800 Vel,
3297 734 3434 788 nihil
3457 733 3798 804 diSponentes

2221 825 2288 880 de
2316 825 2482 880 rebus
2511 825 2897 882 ecclesiasticis
2923 843 3022 898 per
3049 828 3458 886 contentionem
3475 870 3492 894 ,
3527 845 3692 900 neque
3727 827 3798 882 fa-

2223 917 2429 973 cientes
2450 917 2654 987 aliquid
2676 934 2768 987 per
2794 919 3029 986 inanem,
3063 919 3114 974 id
3136 929 3219 975 est
3231 931 3456 992 propter
3477 920 3798 976 mundanam

2211 1000 2482 1081 gloriam,
2512 1009 2604 1063 sed
2625 1011 2808 1082 estote|
2829 1012 3156 1088 arbitrantes.
3178 1012 3316 1067 alios
3339 1013 3648 1083 superiores
3677 1013 3799 1065 nobis

2209 1091 2474 1167 ’invicem;
2498 1097 2644 1171 quod
2673 1102 2812 1156 alter
2849 1111 3062 1173 reputet
3091 1104 3321 1158 alterum
3351 1119 3413 1158 se
3441 1103 3798 1174 superiorem;

2226 1207 2330 1248 nec
2352 1193 2457 1248 hoc
2486 1193 2612 1248 ﬁcta
2647 1194 2925 1263 superbia,
2951 1197 3048 1250 sed
3083 1197 3153 1255 in
3177 1196 3516 1261 humilitate,
3565 1205 3648 1260 ut,
3679 1196 3800 1250 sicut

2229 1285 2364 1338 alter
2386 1285 2648 1354 praeponit
2675 1286 2777 1340 sibi
2806 1271 3058 1358 alterum,
3081 1287 3420 1357 sicfeamdem
3454 1287 3798 1342 humilitatem

2229 1375 2495 1452 habeatin
2510 1377 2672 1431 corde
2683 1385 2883 1446 putans
2894 1393 3042 1444 eum,
3075 1395 3236 1449 quem
3254 1379 3558 1449 praeponit,
3587 1379 3804 1448 superio-

2233 1483 2348 1522 rem
2377 1483 2454 1523 se.
2488 1467 2556 1523 Et
2577 1470 2853 1538 quomodo
2887 1471 3023 1526 alter
3048 1471 3282 1526 alterum
3325 1471 3434 1526 sibi
3479 1471 3800 1540 superiorem

2235 1557 2560 1625 arbitretur,
2583 1559 2876 1614 consilium
2910 1560 3095 1630 ponit,
3123 1560 3314 1616 dicens
3339 1578 3353 1614 :
3381 1557 3456 1614 Ut
3479 1559 3802 1614 arbitremini

2218 1647 2370 1702 alter
2399 1648 2633 1702 alterum
2655 1648 2994 1718 superiorem
3034 1648 3171 1716 sibi,
3197 1665 3300 1702 non
3333 1648 3459 1702 sitis
3483 1648 3804 1701 consideras-

2238 1749 2311 1796 tes
2340 1738 2536 1808 singuli
2563 1739 2734 1806 bona,
2766 1741 2884 1810 qua:
2913 1749 3190 1808 suasum;
3220 1739 3310 1796 sed
3337 1757 3398 1794 ea
3423 1747 3648 1794 tantum
3683 1739 3804 1792 bona

2219 1830 2576 1888 considerate
2595 1845 2712 1900 quae
2752 1839 2874 1884 sunt
2914 1829 3166 1884 aliorum.
3199 1829 3258 1884 Si
3284 1830 3434 1884 enim
3480 1829 3804 1899 (postpositis

2225 1909 2452 1994 vestris)
2483 1922 2716 1978 virtutes
2760 1923 2993 1978 aliorum
3046 1923 3356 1989 attenditis,
3403 1922 3490 1978 sic
3540 1937 3642 1976 eos
3674 1921 3804 1976 vobis

2227 2014 2544 2085 superiores
2586 2013 3006 2068 arbitrabimini.
3045 2011 3116 2069 Ut
3145 2022 3444 2084 utrumque
3483 2013 3804 2072 commendet

2235 2107 2315 2170 eis
2334 2147 2348 2172 ,
2377 2103 2740 2170 humilitatem
2768 2112 2824 2160 et
2849 2105 3166 2175 patientiam
3183 2146 3198 2172 ,
3229 2105 3461 2174 exponit
3485 2114 3692 2176 quanta
3717 2104 3804 2158 fue-

2221 2197 2310 2253 ‘rit
2335 2197 2616 2252 humilitas
2645 2203 2700 2251 et
2720 2197 2981 2266 patientia
3008 2195 3250 2264 Christi,
3276 2197 3470 2252 dicens
3501 2216 3514 2252 :
3547 2196 3690 2252 Bene
3703 2197 3804 2252 dico

2237 2289 2295 2344 in
2316 2287 2649 2354 humilitate;
2679 2303 2806 2343 nam
2829 2291 2936 2344 hoc
2957 2287 3169 2345 debetis
3195 2289 3396 2346 habere
3421 2290 3479 2344 in
3503 2289 3668 2346 vobis
3685 2289 3804 2360 quod

2239 2393 2348 2435 non
2377 2379 2555 2435 solum
2586 2379 2641 2433 in
2671 2395 2789 2448 me,
2823 2380 2916 2436 sed
2947 2381 3113 2436 etiam
3153 2382 3209 2436 in
3235 2381 3452 2436 Christo
3477 2381 3616 2437 Iesu
3643 2383 3804 2452 praeei-

2239 2477 2346 2540 pue
2378 2471 2592 2527 videtis.
2621 2469 2734 2527 Nec
2763 2471 2942 2528 solum
2986 2472 3182 2528 habete
3215 2472 3340 2540 hoc,
3380 2473 3480 2528 sed
3509 2475 3678 2529 etiam
3709 2490 3806 2527 sen-

2243 2562 2462 2630 tite,°id
2490 2571 2575 2619 est
2623 2578 2722 2636 per
2762 2564 3155 2636 experientiam
3197 2566 3276 2622 rei
3319 2567 3576 2636 probate.
3607 2565 3724 2621 ldeo
3747 2565 3808 2620 ait

2241 2653 2448 2708 sentite.
2501 2651 2656 2708 Multi
2683 2653 2831 2708 enim
2881 2653 3012 2710 sunt
3058 2655 3155 2726 qui
3179 2643 3503 2714 existimant
3548 2673 3612 2714 se
3649 2656 3804 2712 omnia

2221 2755 2404 2826 posse
2434 2742 2547 2814 pati
2600 2758 2702 2815 pro
2729 2742 2980 2813 Christo,
3033 2746 3158 2816 qui,
3207 2746 3254 2801 si
3293 2745 3435 2802 forte
3471 2747 3716 2803 venirent
3752 2747 3806 2802 ad

2229 2834 2709 2910 experimentum,
2745 2834 3056 2890 deficerent.
3086 2833 3286 2898 Sentite
3305 2877 3320 2902 ,
3351 2836 3582 2906 inquam
3603 2879 3620 2904 ,
3661 2838 3714 2890 in
3737 2853 3806 2890 ro-

2244 2924 2324 2979 bis
2353 2925 2748 2994 humilitatem,
2777 2925 3128 2996 patientiam;
3151 2926 3300 2997 quod.
3323 2925 3378 2981 in
3409 2943 3500 2982 me
3519 2937 3573 2982 et
3596 2929 3652 2982 in
3679 2927 3807 2983 Clui-

2229 3007 2326 3071 ‘sto
2359 3015 2488 3071 Iesu
2520 3017 2777 3087 precipue
2805 3011 3029 3085 videtis;
3079 3019 3170 3088 qui
3214 3015 3472 3073 Christus
3504 3015 3664 3074 Jesus
3707 3033 3806 3072 cura

2244 3119 2378 3163 esset
2417 3107 2476 3161 in
2504 3107 2706 3177 forma,
2755 3107 2812 3162 id
2838 3116 2924 3163 est
2947 3107 3004 3162 in
3037 3106 3348 3178 aequalitate
3387 3106 3490 3162 Dei
3525 3109 3721 3179 patris,
3747 3108 3808 3162 ita

2249 3197 2570 3267 invisibilis,
2601 3205 2940 3266 coaeternus,
2971 3205 3028 3252 et
3049 3195 3540 3254 consubstantialis
3569 3199 3646 3254 illi
3677 3199 3808 3255 scivit

2247 3305 2455 3351 messe
2474 3290 2741 3361 aequalem
2771 3288 2903 3345 Deo.
2935 3287 3004 3343 Et
3043 3291 3098 3344 in
3130 3289 3236 3345 hoc
3257 3291 3403 3360 quod
3428 3291 3612 3358 scivit,
3655 3290 3806 3360 major

2249 3383 2553 3440 humilitas.
2589 3381 2647 3439 Si
2676 3381 2825 3440 enim
2873 3381 3121 3452 ignorata
3165 3382 3455 3438 altitudine
3499 3397 3629 3448 sua,
3657 3382 3726 3437 ita
3761 3395 3808 3436 se

2250 3475 2565 3530 humiliaret
2583 3517 2597 3542 ,
2627 3472 2906 3531 humilitas
2932 3471 3052 3546 eius
3077 3481 3301 3544 propter
3330 3474 3694 3544 ignorantiam
3719 3485 3808 3526 non

2250 3568 2386 3623 adeo
2431 3567 2882 3624 commendabilis
2928 3577 3093 3624 esset.
3139 3568 3334 3626 Sciens
3385 3565 3577 3636 utique
3613 3581 3670 3620 se
3709 3577 3810 3618 esse

2249 3660 2515 3730 aequalem
2537 3657 2681 3726 Deo,
2725 3675 2828 3713 non
2855 3661 3148 3718 arbitratus
3182 3671 3261 3717 est
3307 3665 3560 3734 rapinam
3581 3705 3598 3732 ,
3639 3669 3692 3719 πο
3719 3655 3806 3720 sibi

2251 3759 2544 3820 usurparet
2564 3765 2680 3806 rem
2704 3751 2960 3807 alienam.
2988 3752 3084 3809 Vel
3109 3753 3192 3810 sic
3221 3753 3276 3808 in
3302 3755 3496 3810 eadem
3527 3755 3804 3812 sententia:

2229 3841 2566 3927 _Arbitratus
2593 3857 2648 3896 se
2679 3857 2792 3896 esse
2813 3843 3072 3914 aequalem
3095 3844 3207 3901 Deo
3227 3887 3244 3914 ,
3274 3862 3384 3902 non
3415 3847 3662 3904 faciendo
3684 3846 3808 3916 rapi-

2251 3949 2379 3988 nam
2401 3973 2416 4002 ,
2449 3931 2593 3988 sicut
2635 3933 2910 4004 malignus
2936 3936 3192 4007 angelus,
3238 3939 3389 4008 quod
3413 3939 3600 3996 dicens
3627 3958 3642 3992 :
3673 3957 3692 3989 c
3719 3935 3808 3990 Po-

2252 4041 2380 4080 nam
2408 4025 2591 4082 sedem
2618 4040 2795 4080 meam
2828 4026 2896 4082 ad
2939 4027 3252 4098 aquilonem
3269 4070 3286 4096 ,
3319 4041 3374 4084 et
3401 4045 3502 4086 ero
3521 4031 3706 4086 similis
3721 4027 3808 4082 Al-

2253 4116 2468 4172 tissimo
2497 4106 2636 4188 (Isa.
2668 4132 2758 4170 xiv
2777 4158 2792 4183 ,
2833 4117 2954 4187 15);
2995 4135 3012 4168 ε
3039 4126 3094 4172 et
3122 4119 3290 4174 homo
3312 4120 3400 4174 cui
3431 4136 3652 4191 serpens
3669 4117 3804 4176 dixit.

2260 4205 2467 4282 rEritis
2501 4205 2645 4261 sicut
2665 4205 2741 4260 dii
2777 4205 2930 4276 (Gen.
2953 4223 3042 4272 ιιι,
3071 4208 3179 4278 5).»
3207 4207 3306 4263 Hic
3325 4218 3558 4280 uterque
3592 4209 3808 4280 rapinam

2255 4295 2384 4351 fecit
2400 4337 2416 4364 ,
2446 4297 2576 4352 dum
2604 4297 2752 4368 quod
2773 4295 2870 4351 Dei
2894 4297 3177 4367 proprium
3199 4307 3347 4365 erat,
3375 4301 3522 4356 male
3547 4302 3650 4358 sibi
3677 4313 3808 4354 usurb

2253 4403 2386 4458 pare
2413 4387 2606 4444 voluit.
2640 4387 2893 4444 Christus
2916 4398 3098 4445 autem
3129 4406 3240 4446 non
3263 4393 3514 4462 rapinam
3536 4434 3552 4460 ,
3593 4393 3710 4463 quia
3731 4405 3804 4444 ar-

555 4489 744 4548 catur,
769 4479 895 4552 ideo
935 4489 1045 4536 tam
1076 4481 1274 4537 obnixe
1300 4482 1604 4538 obtestatur
1641 4499 1737 4539 eos
1767 4484 1896 4558 quia
1921 4486 2036 4540 vult
2057 4501 2154 4542 eos
2179 4482 2232 4558 ι)
2255 4478 2489 4534 bitratus
2513 4487 2597 4536 est
2623 4495 2739 4534 rem
2764 4483 3066 4552 propriam.

567 4581 754 4627 tenere
783 4571 1166 4640 humilitatem,
1193 4573 1312 4630 sine
1343 4589 1452 4644 qua
1481 4574 1795 4645 patientiam
1829 4591 2020 4632 eorum
2065 4577 2153 4632 in-

567 4663 758 4736 telligit
787 4663 1019 4719 irritam.
1065 4663 1288 4734 Implete
1319 4665 1444 4720 dico
1469 4667 1746 4738 gaudium,
1777 4669 1851 4722 ita
1883 4677 1941 4722 ut
1974 4670 2155 4740 sapia-
2188 4735 2190 4737 S

549 4756 638 4810 'tis
675 4756 836 4822 idem,
866 4755 920 4810 id
949 4765 1032 4811 est
1061 4763 1120 4811 ut
1148 4757 1538 4826 prosperitates
1577 4759 1813 4829 preximi
1857 4768 1968 4815 tam
2017 4763 2155 4817 bene

565 4845 780 4915 sapiant
812 4845 868 4899 in
899 4846 1056 4902 vobis
1101 4861 1167 4900 ac
1214 4846 1262 4902 si
1302 4855 1498 4903 vestra:
1540 4849 1670 4903 sint.
1727 4848 1961 4920 Sapiatis
2007 4851 2152 4920 dico,

550 4937 812 4992 ‘habentes
835 4938 1072 4993 eamdem
1095 4939 1431 5006 charitatem,
1455 4940 1510 4995 id
1529 4949 1614 4996 est
1635 4939 1702 4996 ad
1723 4957 1941 4998 omnem
1965 4945 2153 5014 proxi-

555 5041 720 5082 mum
769 5041 982 5096 aequam
1029 5015 1396 5084 dilectionem.
1442 5028 1592 5086 Licet
1637 5031 1784 5087 enim
1827 5034 2156 5105 Quandoque

557 5109 820 5190 ’oporteat
846 5119 1048 5174 habere
1088 5121 1352 5189 majorem
1400 5119 1830 5179 familiaritatem
1876 5124 1945 5179 ad
1987 5141 2156 5197 quos-

559 5201 714 5276 ‘dam,
755 5205 897 5283 sicut
924 5211 1176 5267 Christus
1199 5213 1390 5267 habuit
1416 5215 1484 5268 ad
1519 5213 1806 5284 Joannem,
1833 5217 1948 5272 haec
1973 5227 2154 5274 tamen

555 5291 694 5357 'non'
729 5309 815 5357 est
859 5302 1089 5358 dicenda
1142 5301 1404 5366 charitas,
1439 5305 1533 5360 sed
1565 5306 1740 5377 major
1788 5305 2154 5378 familiaritas,

567 5408 690 5463 qua:
711 5379 942 5470 habetur
971 5393 1268 5449 secundum
1305 5397 1450 5468 quod
1479 5399 1700 5468 quidam
1732 5409 1861 5456 sunt
1887 5411 2154 5473 opportu-

527 5557 530 5559 λ
560 5488 752 5546 'niores
780 5489 845 5544 ad
879 5489 1035 5562 261
1075 5491 1346 5560 quaedam,
1381 5491 1474 5546 alii
1509 5493 1711 5548 minus.

639 5582 773 5637 Sitis
794 5583 960 5639 etiam
987 5583 1265 5638 sentientes
1293 5583 1524 5652 idipsum
1550 5584 1604 5639 in
1633 5583 1877 5642 adversis
1897 5585 2155 5656 proximi,

560 5671 629 5730 'ut
657 5677 968 5751 angustiam
1005 5675 1125 5746 ejus
1154 5691 1264 5732 non
1305 5675 1484 5730 solum
1533 5675 1588 5730 in
1637 5677 1822 5732 animo
1870 5678 2156 5745 sentiatis,

563 5755 664 5824 sed
707 5769 788 5826 sic
815 5777 1022 5839 pungat
1067 5783 1162 5822 vos
1191 5767 1518 5844 ut'propria.
1553 5759 1664 5824 Vos
1691 5769 1816 5824 dico
1843 5770 2122 5824 unanimes
2143 5811 2157 5836 ,

2325 4569 2392 4624 Et
2419 4570 2546 4624 licet
2593 4569 2849 4626 Christus
2879 4580 3024 4626 esset
3053 4571 3108 4626 in
3136 4569 3314 4627 forma
3344 4571 3470 4638 Det,
3509 4583 3684 4628 tamen
3719 4571 3808 4624 eai-

2255 4661 2486 4728 nanivit,
2533 4661 2588 4717 id
2635 4671 2719 4718 est
2743 4665 3030 4720 evacuavit
3053 4661 3360 4719 claritatem
3406 4665 3662 4731 deitatis,
3701 4664 3808 4718 dum

2254 4769 2376 4810 eam
2400 4755 2503 4810 sub
2532 4753 2710 4810 forma
2737 4757 2882 4811 servi
2907 4757 3110 4827 posuit.
3146 4755 3466 4812 Exinanivit
3488 4758 3614 4813 dico
3639 4763 3778 4812 semet
3795 4793 3808 4818 ,

2254 4845 2310 4901 id
2336 4854 2420 4905 est
2445 4849 2617 4917 ipsam
2639 4841 2917 4916 deitatem,
2941 4851 3136 4919 ipsum,
3159 4849 3211 4904 id
3234 4857 3320 4906 est
3339 4850 3396 4904 in
3419 4851 3636 4918 eodem,
3661 4859 3810 4904 tamen

2255 4956 2381 4996 cum
2405 4939 2566 4995 Patre
2595 4949 3006 5012 permanentem
3033 4959 3048 5010 ;
3089 4942 3168 4997 sic
3191 4942 3338 4998 enim
3372 4943 3676 5012 assumpsit
3693 4937 3812 5012 quod

2257 5047 2367 5088 non
2408 5041 2556 5101 erat,
2587 5041 2650 5087 ut
2671 5043 2918 5090 maneret
2959 5033 3107 5105 quod
3147 5043 3298 5102 erat,
3345 5043 3400 5089 et
3443 5035 3500 5088 in
3529 5035 3636 5090 hoc
3669 5031 3812 5086 multa

2257 5123 2561 5180 humilitas.
2597 5123 2655 5179 Si
2692 5124 2840 5181 enim
2875 5125 3107 5196 quilibet
3143 5109 3242 5181 rei
3278 5125 3487 5181 amisso
3527 5126 3652 5192 jure
3687 5119 3812 5196 regni

2257 5215 2483 5272 humilis
2536 5216 2635 5282 sit,
2686 5231 2794 5271 non
2843 5217 3077 5272 multum
3129 5225 3252 5285 est;
3294 5217 3388 5273 sed
3421 5217 3472 5273 si
3514 5217 3714 5272 habens
3737 5213 3811 5282 jus

2255 5307 2406 5378 regni
2434 5349 2449 5374 ,
2475 5308 2544 5362 ab
2570 5321 2636 5361 eo
2665 5321 2724 5362 se
2751 5307 2810 5360 in
2836 5306 3144 5362 humilitate
3170 5323 3404 5363 manens
3425 5307 3658 5372 alienat,
3690 5315 3811 5358 eom-

2245 5397 2582 5470 mendabilis
2608 5407 2691 5454 est
2717 5397 2844 5469 ejus.
2863 5399 3165 5455 humilitas.
3195 5397 3544 5465 Exinaniuit,
3569 5397 3717 5458 dico.
3741 5406 3812 5446 οι-

2267 5491 2455 5560 tipiens
2492 5493 2720 5560 formam
2740 5487 2897 5544 sei'vi.
2930 5489 3386 5560 lncomparabilis
3403 5499 3492 5546 est
3516 5487 3778 5545 humilitas
3793 5519 3806 5544 ι

2261 5581 2354 5638 ubi
2395 5579 2670 5650 Dominus
2721 5579 2902 5652 elegit.
2935 5595 3056 5636 esse
3089 5595 3304 5636 servus.
3357 5579 3564 5655 lterum
3607 5573 3805 5634 formal!

2264 5673 2405 5728 servi
2442 5679 2626 5744 posset
2653 5671 2900 5741 accipere
2921 5671 3042 5728 sine
3075 5673 3458 5742 corruptione,
3489 5679 3554 5728 ut
3581 5683 3684 5724 non
3709 5675 3805 5720 sen-

2263 5767 2392 5820 tiret
2413 5762 2664 5818 miserias
2687 5762 2889 5816 carnis.
2924 5761 3050 5818 ldeo
3105 5762 3282 5831 addit,
3314 5762 3527 5832 factus,
3563 5759 3618 5817 id
3641 5763 3714 5816 est
3735 5749 3798 5806 fa-
