3928 6414
563 273 688 386 ‘Ttii';
1118 331 1176 386 S.
1217 327 1562 386 BRUNONIS
1591 322 2234 382 CAR'I'HUSIANORL‘M
2277 323 2767 396 lNSTlTUTORlS
2803 325 2956 382 OPP.
3001 325 3181 386 PARS
3221 323 3286 382 ιι.
3721 331 3822 386 εδει

553 453 778 506 ‘mittere
802 452 870 504 ad
897 465 1004 514 vos,
1035 461 1160 501 utor
1179 457 1236 500 ut
1264 445 1440 500 ridere
1467 443 1628 498 finem
1658 457 1846 497 eorum
1871 455 1988 512 qua
2011 439 2156 492 circa
2185 451 2232 507 Α
2269 457 2286 488 ε
2332 438 2610 494 trimenta.
2647 437 3034 496 Verumtamen
3049 439 3304 495 existimo
3333 453 3522 494 omnia
3551 437 3824 522 detrimen-

571 548 820 596 mesuat.
865 537 990 594 Ideo
1021 537 1098 594 sic
1123 537 1218 592 ait.
1265 533 1406 590 Nero
1429 533 1576 588 enim
1625 532 1972 600 disposuerat
2011 529 2154 585 sein
2235 547 2282 586 ,ι
2325 537 2442 584 tum
2491 543 2647 598 esse,
2699 537 2920 600 propter
2975 529 3306 594 eminentem
3363 527 3656 584 scientiam
3715 529 3822 586 Jcsu

555 632 826 702 .prosimo
849 630 1102 686 datumm
1129 628 1196 684 de
1219 643 1284 682 eo
1320 623 1663 690 sententiam,
1704 637 1773 677 an
1795 637 1922 678 eum
1943 621 2156 678 occide—
2261 637 2281 670 ι
2321 617 2528 675 Christi
2567 617 2786 676 Domini
2815 620 2942 685 mei,
2981 627 3210 688 propter
3245 635 3412 689 quem
3459 619 3648 674 omnia
3681 619 3824 676 detri-

549 734 678 790 -ret,
707 739 790 778 van
834 731 1154 778 reservaret.
1185 718 1465 789 Sperabat
1501 723 1694 770 autem
1745 730 1804 770 se
1837 727 2154 779 erasurum,
2262 731 2280 762 ι
2325 720 2567 766 mentum
2601 709 2728 778 feci,
2754 718 2812 766 et
2839 710 3076 766 arbitror
3100 720 3158 766 ut
3187 718 3454 776 stercora,
3487 719 3548 764 ut
3567 709 3826 768 Christum

573 815 704 884 quia
745 813 928 883 plures
954 812 1022 866 de
1049 809 1211 865 domo
1249 806 1485 861 Cmsaris
1512 805 1846 860 instruxerat
1871 803 1940 858 ad
1969 803 2153 868 tidem,
2261 822 2280 856 ι
2327 801 2688 868 lncrifaciam,
2711 809 2767 857 et
2790 801 3038 856 inveniar
3067 801 3122 856 in
3156 801 3250 856 illo
3279 815 3388 854 non
3415 800 3630 855 habens
3669 817 3822 858 meam

549 906 672 976 -ιιιιί
699 905 766 960 de
794 919 892 960 sua
923 899 1242 958 liberatione
1271 895 1609 954 laborabant.
1641 895 1932 966 Propterea
1963 894 2154 951 subdi-
2261 915 2280 948 ί
2319 895 2612 966 justitiam,
2638 909 2762 966 quae
2785 910 2853 950 ex
2893 894 3010 964 lege
3035 903 3141 958 est,
3161 893 3264 948 sed
3298 893 3446 948 illam
3471 909 3608 963 quae
3633 908 3702 948 ex
3739 893 3824 948 ﬁde

551 996 700 1050 ~dit:
742 993 962 1064 Conﬁdo
989 999 1166 1046 autem
1217 990 1274 1043 in
1321 988 1570 1056 Domino,
1607 989 1857 1058 quoniam
1903 989 2015 1057 ipse
2057 1001 2157 1058 ego
2261 1006 2281 1040 ι
2325 996 2410 1044 est
2441 986 2649 1042 Christi
2683 985 2836 1054 Jesu,
2887 1001 3012 1056 qua:
3031 1001 3100 1040 ex
3133 984 3246 1040 Deo
3271 994 3356 1040 est
3373 985 3600 1056 justiti:
3647 983 3700 1038 in
3743 986 3826 1040 tida

551 1089 682 1142 rcito
706 1089 906 1142 uernam
929 1083 1000 1139 ad
1027 1099 1133 1140 vos.
1155 1080 1232 1136 Et
1260 1079 1388 1138 licet
1415 1096 1504 1136 me
1537 1089 1824 1135 venturum
1856 1077 2060 1146 dicam,
2103 1085 2159 1133 et
2262 1097 2282 1130 ι
2327 1078 2396 1134 ad
2429 1078 2874 1150 cognoscendum
2901 1077 3080 1144 illum,
3107 1085 3162 1132 et
3182 1077 3442 1132 virtutem
3489 1077 3824 1132 resurrectio-

577 1179 923 1236 Timotheum
969 1175 1243 1232 missurus
1269 1173 1396 1242 sim,
1435 1180 1618 1227 tamen
1661 1170 1880 1226 interim
1915 1185 2156 1224 necessa-
2263 1193 2284 1226 ι
2324 1173 2412 1230 nis
2439 1173 2582 1244 ejus,
2630 1181 2688 1229 ct
2723 1173 3042 1230 societatem
3084 1173 3360 1244 passionis
3395 1172 3571 1240 illius,
3605 1173 3824 1244 conﬁgu-

548 1272 715 1325 'rium
735 1268 1036 1324 existimaui
1061 1267 1270 1322 mittere
1293 1265 1364 1319 ad
1389 1280 1476 1318 vos
1499 1261 1921 1334 Epaphroditum
1938 1251 2158 1330 fratrem
2263 1283 2282 1318 ι
2327 1273 2482 1322 ratus
2501 1265 2668 1320 morti
2695 1265 2837 1338 ejus,
2865 1265 2914 1322 si
2945 1267 3222 1336 quomodo
3249 1281 3542 1322 occurram
3571 1266 3644 1322 ad
3673 1281 3826 1324 mur.

569 1375 744 1416 meum
763 1369 816 1415 et
835 1365 1228 1430 cooperator-em
1251 1357 1305 1412 in
1330 1355 1732 1427 praedicatione,
1755 1362 1810 1408 et
1831 1351 2160 1409 commilito-
2265 1377 2286 1411 ι
2331 1357 2630 1414 rectionem
2659 1373 2783 1430 quae
2809 1366 2985 1414 estex
3007 1357 3274 1426 mortuis;
3305 1373 3419 1413 non
3442 1356 3598 1430 quod
3623 1357 3728 1428 ja
3747 1375 3820 1414 ac—

570 1453 775 1510 nemin
800 1450 1430 1508 tribuiationeui'estrnm
1457 1459 1640 1503 autem
1653 1448 1972 1519 apostolum,
2001 1445 2160 1504 idest
2265 1467 2285 1502 ι
2329 1447 2588 1518 ceperim,
2613 1456 2710 1504 aut
2723 1447 2838 1518 jam
2863 1446 3136 1520 perfectus
3165 1447 3292 1504 sim.
3329 1445 3548 1518 Sequor
3583 1448 3824 1512 autem,si

559 1545 660 1606 evel
687 1545 947 1616 legatum,
1000 1544 1130 1615 quia
1165 1545 1312 1598 hunc
1339 1543 1651 1614 legaverant
1677 1540 1746 1596 ad
1779 1541 2032 1606 Paulum,
2073 1539 2160 1595 vel
2257 1560 2284 1592 Δι
2329 1553 2442 1610 quo
2465 1539 2629 1598 modo
2662 1539 3144 1610 comprehendam,
3169 1539 3370 1609 inquo
3397 1549 3454 1594 et
3487 1540 3822 1610 comprehen-

573 1639 908 1710 apostolum,
937 1638 994 1694 id
1022 1645 1108 1695 est
1143 1636 1557 1708 praedicatorem
1586 1651 1798 1702 eorum,
1815 1636 1919 1690 ~vel
1943 1635 2160 1705 episco-
2268 1651 2286 1684 ι
2331 1647 2426 1702 sus
2448 1646 2570 1688 sum
2591 1646 2630 1686 a
2659 1629 2883 1686 Christo
2916 1627 3069 1686 Jesu.
3111 1628 3352 1698 Fratres,
3379 1643 3484 1700 ego
3507 1644 3602 1684 me
3623 1645 3727 1684 non
3753 1644 3824 1684 ar-

572 1745 706 1802 pum
731 1745 947 1799 eorum,
997 1739 1050 1785 et
1081 1731 1386 1800 ministrum
1429 1729 1756 1783 necessitatis
1799 1745 1946 1796 mete,
1971 1729 2033 1783 id
2079 1735 2165 1783 est
2198 1799 2210 1802 _
2269 1738 2288 1774 ι
2333 1720 2508 1776 bitror
2523 1719 3026 1791 comprehendisse.
3053 1717 3233 1776 Unum
3258 1728 3616 1790 autem,qute
3639 1719 3824 1790 quidem

541 1799 674 1893 ἠμί
718 1838 844 1894 qua;
887 1821 1119 1879 misistis
1188 1799 1324 1876 mihi
1350 1862 1367 1888 ,
1413 1820 1746 1876 ministravit
1808 1820 1864 1874 in
1913 1829 2160 1890 tempore
2193 1799 2236 1860 Β
2260 1829 2288 1863 ι
2327 1818 2475 1866 retro
2507 1819 2638 1868 sunt
2663 1809 3014 1877 obliviscens,
3039 1810 3190 1865 adea
3215 1824 3346 1864 vero
3367 1825 3496 1880 quae
3518 1820 3654 1866 sunt
3673 1809 3822 1879 priora

543 1921 558 1954 ‘-
573 1913 937 1970 necessitatis.
955 1911 1082 1970 Ideo
1103 1911 1414 1968 existimavi
1439 1913 1588 1968 hunc
1603 1913 1926 1968 mittendum
1947 1913 2014 1967 ad
2035 1927 2156 1980 vos,

2267 1920 2288 1954 ι
2330 1901 2632 1958 extendens
2657 1902 2950 1972 meipsum,
2975 1902 3050 1956 ad
3075 1901 3412 1956 destinatum
3443 1901 3822 1972 persequor,ad

547 2003 678 2060 etsi
703 2003 1216 2076 necessariusesset
1239 2001 1398 2070 mihi,
1425 2003 1678 2074 quoniam
1709 2003 1921 2074 quidem
1952 2002 2159 2056 deside-
2268 2012 2287 2046 ι
2332 1994 2584 2050 brevium
2607 2009 2861 2065 supernae
2893 1993 3198 2050 vocationis
3229 1991 3324 2048 Dei
3355 1994 3411 2048 in
3443 1993 3674 2048 Christo
3700 1993 3846 2048 Iesu.-

554 2095 734 2150 -rabat
759 2097 937 2150 omnes
963 2112 1072 2164 eos,
1101 2105 1152 2150 et
1190 2103 1304 2150 erat
1338 2105 1577 2162 incestus,
1609 2110 1720 2150 non
1763 2111 1862 2165 pro
1883 2111 1943 2152 se
1967 2095 2164 2150 verbe-
2268 2105 2286 2138 ι
2333 2084 2660 2157 Quicunque
2681 2101 2814 2158 0’80
2840 2084 3066 2156 Ρθτῖεειί
3087 2100 3281 2140 sum“
3307 2085 3414 2140 hoc
3437 2085 3766 2150 sentiamus;
3783 2093 3824 2138 ξι

547 2195 714 2254 mata,
739 2187 1180 2260 -se_d-propterea
1219 2186 1359 2260 quod
1393 2188 1688 2242 audierutis
1723 2187 1880 2242 illum
1911 2188 2158 2260 inﬁrma-
2261 2199 2286 2232 Α
2328 2179 2376 2236 si
2418 2179 2550 2250 quid
2573 2177 2736 2233 aliter
2781 2177 2998 2248 sapitis,
3025 2184 3082 2232 et
3111 2175 3218 2232 hoc
3243 2176 3402 2232 vobis
3447 2175 3602 2232 Dens
3654 2175 3823 2230 reveh-

553 2287 715 2344 'tum,
743 2287 798 2332 et
811 2257 1052 2333 'nolebat‘
1065 2293 1163 2333 vos
1183 2257 1500 2333 contristari
1523 2293 1624 2348 pro
1643 2294 1728 2334 eo.
1759 2278 1860 2334 llic
1881 2257 2162 2349 Epaphro-
2269 2290 2288 2324 ι
2331 2267 2770 2342 vit.[revelabit].
2803 2267 3192 2326 Verumtamen
3219 2267 3286 2322 ad
3311 2266 3458 2337 quod
3477 2267 3822 2336 pervenimus,

2269 2384 2288 2416 ι
2331 2372 2393 2420 ιιι
2421 2363 2565 2420 idem
2591 2361 2900 2432 sapiamus,
2927 2369 2983 2418 et
3012 2361 3067 2416 in
3094 2360 3284 2416 eadem
3310 2375 3732 2430 permaneamus
3759 2374 3822 2412 re-

2269 2473 2287 2507 ι
2333 2452 2814 2526 gula.-lmitatores
2855 2452 2964 2508 mei
2985 2460 3182 2520 estote,
3216 2450 3434 2516 fratres,
3479 2460 3535 2506 et
3571 2451 3824 2506 observate

2267 2565 2288 2598 ι
2333 2561 2428 2602 eos
2453 2545 2548 2616 qui
2575 2545 2878 2608 ambulant.
2909 2543 3052 2600 sicut
3072 2544 3284 2600 habetis
3309 2541 3546 2598 formam
3583 2553 3818 2598 nostram.

2269 2657 2288 2690 ‹
2329 2637 2482 2692 Multi
2535 2637 2684 2692 enim
2729 2637 3016 2692 ambulant
3039 2651 3180 2706 quos
3215 2651 3358 2706 saepe
3407 2635 3662 2692 dicebam
3697 2636 3824 2688 vobis

2263 2749 2306 2780 (ο
2335 2729 2509 2802 (Rom.
2536 2745 2647 2796 xw,
2677 2729 2790 2801 l7),
2818 2745 2964 2784 nunc
2989 2737 3172 2784 autem
3193 2739 3250 2784 et
3275 2729 3412 2784 ilens
3432 2729 3584 2796 dico,
3603 2729 3822 2784 iuimims

2267 2842 2288 2875 ς
2333 2823 2516 2878 crucis
2567 2821 2795 2890 Christi,
2847 2836 3086 2894 quorum
3133 2821 3262 2878 linis
3301 2815 3580 2890 interitus,
3617 2835 3822 2894 quorum

2269 2934 2290 2968 ι
2332 2914 2478 2971 Deus
2503 2923 2700 2970 venter
2725 2923 2830 2982 est,
2855 2923 2914 2970 et
2951 2914 3120 2986 gloria
3151 2914 3208 2970 in
3235 2913 3564 2971 confusione
3588 2915 3822 2986 ipsama,

573 2367 743 2436 ditus,
779 2365 910 2422 dum
937 2367 1110 2424 Paulo
1135 2369 1496 2437 ministraret,
1535 2369 1872 2440 interceptus
1893 2385 1935 2426 -a
1969 2380 2160 2426 custo-

573 2453 758 2523 dibus,
791 2455 1148 2513 vehementer
1176 2457 1488 2512 afﬂixerant
1512 2472 1639 2514 eum
1683 2459 2021 2516 verberibus.
2069 2459 2160 2515 ln-

559 2545 853 2602 ﬁrmatum
881 2547 1004 2604 dico
1029 2549 1184 2617 ideo;
1213 2565 1338 2603 nam
1361 2549 1552 2620 utique
1571 2551 1878 2620 inﬁrmatus
1900 2561 1978 2606 est
1991 2569 2162 2624 usque

557 2636 646 2689 -ad
679 2646 916 2705 mortem,
947 2639 1038 2693 sed
1069 2638 1208 2696 Deus
1239 2641 1486 2695 misertus
1507 2641 1643 2711 ejus,
1669 2657 1774 2696 non
1794 2641 1967 2696 solum
1987 2652 2163 2698 autem

543 2728 708 2797 *ejus,
741 2731 1082 2784 verumetiam
1107 2731 1162 2784 in
1193 2745 1262 2786 eo
1284 2729 1530 2806 misertus
1558 2743 1634 2786 est
1671 2732 1790 2787 mei.
1818 2731 1885 2788 Et
1913 2733 2044 2804 quia
2063 2749 2162 2791 vos

569 2821 840 2878 dolebatis
859 2823 927 2878 de
952 2838 1039 2890 eo,
1067 2840 1192 2895 ergo
1218 2825 1561 2894 festinantius
1583 2841 1746 2896 quam
1779 2825 2013 2882 facerem
2039 2825 2162 2898 (ne-

545 2913 846 2971 -cessarius
885 2915 1037 2971 enim
1081 2916 1216 2971 mihi
1257 2917 1398 2987 erat)
1429 2919 1552 2972 misi
1583 2918 1758 2986 illum,
1797 2919 1920 2974 ideo
1945 2929 2004 2973 ut
2053 2921 2162 2976 viso

551 3018 652 3068 eo,
681 3003 960 3073 gaudeatis
987 3004 1203 3060 iterum.
1231 3001 1373 3062 Olim
1403 3005 1549 3062 enim
1573 3022 1698 3062 cum
1729 3008 1872 3078 apud
1896 2993 1995 3064 vos
2022 3017 2160 3078 erat,
2270 3026 2289 3060 ι
2334 3007 2430 3079 qui
2461 3015 2678 3064 terrena
2701 3007 2942 3078 sapiunt.
2987 3005 3186 3064 Nostra
3207 3016 3402 3070 autem
3427 3009 3762 3064 conversatio
3781 3008 3820 3058 in

551 3094 910 3165 .gaudebatis.
947 3093 1018 3150 Et
1047 3094 1168 3151 ideo
1210 3097 1336 3152 misi
1380 3105 1440 3152 ut
1481 3114 1574 3169 ego
1607 3099 1712 3154 sim
1759 3101 1874 3155 sine
1913 3101 2159 3170 tristitia,
2199 3163 2234 3170 _
2269 3116 2290 3150 ι
2335 3097 2489 3154 ctelis
2536 3105 2640 3154 est.
2681 3095 2838 3152 Unde
2875 3097 3042 3152 etiam
3093 3097 3420 3154 salvatorem
3469 3105 3821 3168 exspectamus

567 3163 703 3256 quia
725 3186 794 3242 de
819 3186 980 3243 vobis
1015 3189 1356 3245 contristatis
1387 3204 1486 3260 pro
1510 3163 1593 3246 ⁷(ιο
1641 3191 1920 3247 tristitiam
1964 3163 2158 3248 habeo,
2187 3163 2236 3227 δ
2272 3207 2290 3241 ι
2331 3187 2624 3243 Domimun
2654 3197 2902 3242 nostrum
2927 3186 3112 3244 Jcsum
3141 3185 3446 3252 Christum,
3469 3163 3816 3257 qui—reforma-

559 3279 640 3336 -Ει
661 3281 792 3351 quia
819 3281 956 3336 adeo
996 3281 1172 3354 diligit
1209 3298 1327 3350 vos,
1359 3291 1416 3340 et
1460 3299 1558 3340 vos
1598 3299 1747 3354 eum,
1775 3285 2048 3342 mittimus
2089 3285 2161 3342 ad
2272 3301 2290 3334 ι
2335 3282 2414 3337 bit
2446 3295 2648 3351 corpus
2675 3279 3002 3336 humilitatis
3031 3288 3254 3344 nostras,
3291 3277 3692 3349 conﬁguratum
3715 3291 3820 3330 cor-

497 3403 506 3442 ;
567 3387 692 3427 avos.
729 3371 916 3442 Itaque
961 3373 1190 3444 excipite
1230 3391 1347 3430 eum
1387 3391 1509 3430 cum
1538 3377 1682 3431 omni
1710 3377 1928 3448 gaudio,
1961 3392 2084 3432 ιιοιι-
2107 3377 2159 3432 in

2271 3393 2290 3426 ‹
2335 3373 2456 3444 pori
2492 3372 2762 3428 claritatis
2789 3387 2948 3437 suae,
2987 3371 3289 3428 secundum
3331 3370 3700 3441 operationem
3727 3368 3820 3420 .vir-

497 3448 506 3512 Ῐ
559 3463 886 3519 citharis-et
929 3464 1100 3532 tibiis,
1150 3466 1246 3521 sed
1279 3467 1479 3538 gaudio
1516 3468 1706 3524 habito
1747 3469 1803 3522 in
1837 3468 2085 3534 Domino,
2109 3477 2163 3524 et
2272 3486 2290 3518 ι
2337 3465 2470 3521 tutis
2491 3480 2626 3530 suae,
2651 3479 2760 3534 qua
2795 3463 2974 3536 possit
2991 3463 3156 3518 etiam
3181 3462 3454 3533 subjicere
3485 3460 3814 3518 simulatis.»

566 3555 856 3610 hominem
885 3555 1156 3625 ejusmodi
1186 3559 1281 3627 qui
1312 3567 1461 3614 tanta
1493 3574 1689 3630 passus
1719 3567 1804 3615 est
1844 3575 1944 3630 pro
1986 3561 2158 3628 vobis,
2435 3577 2439 3582 ·
2901 3572 3204 3614 sxrosmo.

561 3655 624 3700 «et
647 3645 782 3710 adeo
803 3661 900 3702 vos
929 3645 1136 3718 diligit,
1168 3647 1410 3704 habetote
1432 3667 1551 3704 cum
1573 3649 1724 3705 omni
1753 3649 1965 3718 honore,
1990 3660 2045 3707 et
2067 3652 2160 3722 ju-

533 3759 538 3762 ·
561 3745 718 3792 stum
741 3745 844 3805 est,
867 3739 1122 3809 quoniam
1143 3740 1259 3810 ipse
1275 3742 1494 3795 accessit
1515 3757 1675 3812 usque
1701 3743 1772 3796 ad
1795 3752 2014 3796 mortem
2034 3759 2161 3813 pro-

2334 3652 2630 3722 Postquam
2651 3667 2747 3708 eos
2771 3649 3104 3706 sufficienter
3132 3651 3395 3706 instruxit
3437 3651 3492 3706 in
3519 3665 3692 3720 pugna
3715 3661 3816 3717 per-

2265 3750 2598 3808 secutorum,
2623 3741 3056 3798 commendando
3079 3757 3293 3813 semper
3313 3757 3438 3797 cum
3461 3742 3714 3813 patientia
3733 3739 3816 3792 hu-

571 3841 690 3902 pter
715 3848 846 3903 opus
875 3831 1099 3900 Christi,
1137 3832 1284 3906 quod
1315 3833 1645 3918 operabatur
1694 3834 1748 3889 in
1794 3843 1903 3902 me,
1947 3836 2161 3890 tradens

485 3964 502 3988 κ
535 3923 808 3978 -ιαηὶιηαιη
835 3941 1006 3991 suam,
1037 3931 1091 3980 et
1117 3931 1176 3977 ut
1206 3909 1596 3995 impleret'erga
1642 3941 1814 3980 meum
1857 3924 2160 3996 obsequium

421 4007 428 4012 ’
565 4013 632 4069 id
664 4014 806 4085 quod
836 4015 1018 4069 deerat
1043 4029 1108 4070 ea:
1131 4015 1306 4080 vobis;
1332 4031 1430 4071 vos
1459 4016 1680 4086 quidem
1715 4017 2001 4086 pecuniam
2035 4017 2160 4072 mit-

571 4104 790 4161 tebatis.
817 4105 914 4160 sed
943 4113 1140 4176 praeter
1161 4121 1289 4160 eum
1315 4121 1478 4161 nemo
1504 4115 1626 4163 erat
1651 4107 1746 4177 qui
1789 4107 2019 4164 auderet
2057 4109 2162 4164 mi-

533 4213 536 4216 λ
575 4202 810 4250 mstrare
833 4196 987 4250 mihi.
1015 4195 1122 4250 Per
1148 4197 1296 4252 hunc
1327 4195 1764 4267 Epaphroditum
1791 4197 1998 4254 Paulus
2020 4199 2162 4255 hanc

575 4285 684 4339 illis
713 4285 1011 4356 Epistolam
1037 4287 1207 4345 misit.
1331 4285 1334 4289 ’

697 4383 702 4390 ’
1191 4377 1420 4436 CAPUT
1459 4379 1524 4434 ιιι

2265 3833 2571 3902 militatem,
2603 3834 2828 3890 instruit
2857 3849 2954 3890 eos
2979 3835 3036 3889 in
3061 3835 3169 3890 alia
3199 3849 3402 3906 pugna,
3433 3851 3602 3906 quam
3643 3831 3816 3888 infere-

2265 3924 2398 3978 bant
2429 3923 2546 3980 illis
2581 3924 3070 3994 pseudodoctores,
3099 3923 3455 3996 deprimendu
3471 3924 3562 3980 eis
3603 3923 3818 3994 legemet

2263 4017 2572 4072 extollendo
2620 4015 2800 4072 fidem.
2835 4015 3007 4084 Quasi
3051 4017 3258 4072 diceret
3291 4035 3306 4071 :
3343 4013 3502 4072 Sicut
3521 4031 3619 4072 vos
3655 4013 3814 4078 docui,

2263 4106 2533 4176 patientes
2559 4115 2616 4162 et
2641 4105 2878 4162 humiles
2919 4115 3094 4162 estote
3115 4106 3182 4160 ad
3211 4115 3610 4178 persecutores;
3633 4105 3692 4158 ἀι·
3727 4118 3814 4156 ce:-

2265 4207 2396 4264 tero,
2429 4197 2480 4252 id
2505 4206 2590 4253 est
2613 4198 2681 4254 de
2703 4198 2810 4252 alia
2835 4213 3016 4269 pugna
3039 4213 3205 4269 quam
3230 4197 3385 4254 vobis
3413 4197 3656 4252 inferunt
3675 4209 3816 4266 pseu-

2263 4289 2358 4356 do,
2385 4291 2460 4345 ita
2495 4305 2592 4346 vos
2619 4291 2854 4357 instruo,
2890 4289 3088 4346 fratres
3113 4289 3239 4356 mei,
3265 4289 3490 4360 gaudete
3519 4289 3576 4342 in
3599 4287 3814 4346 Domino,

2215 4419 2220 4430 .
2266 4379 2320 4435 id
2367 4387 2456 4434 est
2503 4393 2574 4434 ne
2620 4379 2880 4450 quaeratis
2917 4379 3175 4450 gaudium
3207 4377 3359 4446 alibi,
3403 4379 3550 4434 sicut
3593 4377 3669 4432 illi
3701 4375 3818 4430 male

649 4489 670 4522 ι
693 4469 776 4562 θεέ¹
801 4481 1020 4541 οωιειιο,
1041 4471 1246 4530 fratres
1269 4474 1396 4542 mei,
1425 4475 1654 4545 gaudete
1680 4475 1734 4528 in
1763 4461 2020 4531 Domino.
2057 4475 2162 4531 Ea-
2187 4507 2238 4570 υ
2263 4470 2462 4570 docent
2493 4469 2552 4570 in
2577 4469 2912 4570 carnalibus:
2959 4469 3066 4524 Sed
3097 4484 3259 4570 omne
3297 4469 3816 4570 gaudi-unrvestrunt

531 4585 534 4588 ⁴
577 4579 598 4614 ι
643 4557 776 4628 dem
796 4563 952 4620 vobis
981 4564 1218 4622 scribere
1245 4565 1378 4620 mihi
1411 4565 1630 4636 quidem
1663 4579 1770 4622 non
1799 4567 2037 4638 pigrum,
2060 4585 2156 4624 vo-

527 4677 534 4683 -
577 4673 597 4706 s
638 4655 723 4712 bis
751 4665 932 4712 autem
961 4658 1352 4714 necessarium.
1383 4657 1573 4714 Videte
1601 4675 1787 4727 canes,
1829 4660 2006 4716 videte
2038 4675 2155 4716 ma-

577 4765 596 4798 I
643 4746 725 4803 los
769 4748 1072 4818 operarios,
1107 4741 1284 4806 videte
1306 4751 1702 4806 concisionem.
1735 4749 1846 4808 Nos
1867 4751 2013 4806 enim
2059 4768 2156 4808 su-

575 4853 596 4887 i
641 4851 765 4893 mus
803 4837 1170 4907 circumcisio,
1225 4840 1319 4911 qui
1359 4841 1555 4910 spiritu
1607 4839 1878 4896 servimus
1914 4840 2056 4908 Deo,
2097 4850 2154 4898 et

525 4973 530 4976 .
575 4945 596 4978 ι
642 4927 939 4998 gloriamur
972 4931 1030 4987 in
1052 4930 1274 4988 Christo
1304 4929 1454 4999 Jesu,
1485 4941 1539 4987 et
1573 4948 1680 4987 non
1715 4932 1772 4986 in
1807 4947 1972 4988 carne
2013 4934 2152 4988 fidu-

525 5043 530 5046 -
575 5033 596 5068 i
642 5017 780 5072 ciam
815 5021 1097 5089 habentes,
1121 5021 1434 5094 quanquam
1483 5033 1538 5079 et
1566 5039 1669 5095 ego
1705 5023 1933 5080 habeam
1979 5024 2154 5079 conii-

525 5133 535 5144 ι
573 5125 598 5159 ε
638 5109 879 5165 dentiam
911 5113 962 5167 in
995 5127 1180 5170 carne.
1215 5115 1274 5171 Si
1301 5117 1426 5186 quis
1453 5116 1594 5171 alius
1642 5116 1853 5172 videtur
1882 5115 2155 5173 conﬁdere

496 5210 518 5318 ἦ
575 5217 596 5249 1
639 5197 692 5253 in
721 5215 906 5268 carne,
930 5220 994 5274 eg
1017 5223 1029 5256 ι
1051 5207 1226 5276 magis
1255 5207 1613 5263 circumcisus
1633 5217 1826 5263 octavo
1855 5207 1942 5262 die
1973 5226 2036 5263 ex
2063 5225 2154 5278 ge-

578 5311 596 5318 Α
641 5293 956 5318 ιΑΑ-.-“¹.--Α-Ι
1026 5297 1081 5318 ,l-
1117 5300 1213 5318 1,,SL
1245 5317 1253 5318 κ
1303 5299 1363 5318 l'l,
1417 5301 1449 5318 ',
1529 5301 1542 5314 ο
1639 5301 1680 5318 II
1721 5303 1733 5318 ι
2052 5301 2090 5318 Il

503 5293 518 5368 ξ
577 5311 596 5344 ι
631 5293 980 5362 ncre'lsrael,
1019 5297 1086 5353 de
1117 5300 1257 5354 tribu
1301 5299 1607 5370 Bcnjamin,
1639 5301 1898 5357 llebrznus
1939 5319 2006 5357 ex
2029 5301 2154 5358 .llc-

502 5383 512 5468 ς
576 5411 594 5436 ι
639 5386 821 5453 bracis,
853 5389 1152 5446 secundum
1181 5390 1352 5460 legem
1381 5391 1690 5448 Pharismus
1719 5393 1858 5464 (Act.
1893 5410 2050 5461 mn,
2073 5393 2151 5464 6),

521 5503 526 5508 -
575 5481 942 5538 «secundum
1003 5483 1405 5538 aemulationem
1456 5499 1812 5556 persequens
1853 5485 2152 5542 Ecclesium

511 5631 518 5638 ,
575 5594 592 5623 ι
641 5573 757 5640 Dei,
789 5575 1088 5630 secundum
1116 5573 1386 5645 justitiam
1411 5591 1534 5646 quae
1579 5576 1633 5630 in
1667 5577 1782 5648 lege
1809 5587 1894 5633 est
1920 5593 2152 5634 convcr-

575 5685 593 5714 ι
636 5675 786 5720 satus
830 5663 1144 5738 sinegsﬁ.
1169 5665 1409 5736 querela.
1449 5667 1552 5724 Sed
1595 5683 1720 5738 qua!
1763 5669 1898 5726 mihi
1931 5669 2154 5724 fuerunt

575 5771 594 5805 ι
640 5753 811 5822 lucra,
841 5757 952 5812 hac
982 5758 1278 5812 arbitratus
1324 5773 1444 5814 sum
1485 5769 1701 5831 propter
1743 5759 2026 5818 Christum
2058 5751 2164 5818 de-I

2265 4561 2450 4633 ponite
2495 4561 2554 4616 in
2594 4559 2846 4617 Domino.
2885 4559 3004 4632 ipse
3059 4561 3208 4616 enim
3255 4561 3408 4618 solus
3457 4560 3736 4644 justiiicat,
3775 4565 3818 4612 et

2215 4659 2220 4704 ῖ
2259 4654 2404 4767 nihil
2436 4667 2630 4710 eorum
2655 4654 2726 4709 ad
2743 4654 2850 4760 hoc
2871 4653 3093 4767 prodest
3119 4669 3242 4726 quae
3279 4654 3582 4767 praedicant
3619 4651 3814 4767 pseudo.

2263 4746 2556 4822 Propterea
2605 4763 2716 4806 non
2757 4747 2815 4802 in
2855 4747 3191 4812 carnalibus,
3243 4749 3336 4802 sed
3375 4749 3608 4820 gaudete
3641 4747 3692 4802 in
3733 4744 3818 4796 Do-

2219 4879 2222 4882 -
2263 4841 2435 4896 mino.
2465 4839 2530 4896 Et
2551 4849 2612 4896 ut
2634 4840 2870 4912 gaudere
2899 4839 3086 4896 sciatis
3119 4840 3172 4894 in
3201 4839 3454 4905 Domino,
3481 4841 3610 4895 mihi
3637 4837 3816 4910 quidem

2215 4967 2218 4970 -
2261 4931 2357 5003 qui
2387 4940 2674 5003 promptus
2711 4946 2834 4987 sum
2869 4939 2925 4988 et
2954 4931 3186 5002 diligens
3225 4931 3292 4986 ad
3325 4932 3732 4987 instructionem
3763 4927 3814 4980 ti-

2258 5023 2483 5090 iiorum,
2508 5039 2612 5078 non
2635 5031 2722 5078 est
2744 5023 2990 5094 pigrum;
3017 5024 3162 5093 quod
3211 5022 3466 5078 fortassis
3487 5033 3722 5094 repetere
3745 5018 3812 5087 pi-

2259 5124 2411 5186 geret
2436 5114 2574 5171 alios
2599 5129 2708 5170 non
2748 5113 2922 5185 loqui,
2969 5113 3144 5170 Verba
3177 5115 3324 5170 enim
3357 5115 3470 5172 cito
3507 5131 3540 5171 ιι
3583 5109 3812 5170 memoria

2257 5203 2630 5274 elaberentur;
2657 5207 2753 5262 sed
2779 5205 3006 5262 scribere
3029 5207 3194 5274 nobis,
3215 5217 3274 5262 ut
3297 5217 3554 5264 manente
3575 5207 3812 5276 scriptura

2255 5299 2514 5369 perduret
2545 5299 2602 5354 in
2648 5299 2806 5355 vobis
2861 5298 3216 5354 traditionum
3273 5315 3521 5354 mearum
3559 5297 3810 5358 memoria,

2257 5388 2394 5445 mihi
2421 5405 2532 5445 non
2561 5389 2796 5460 pigrum.
2841 5387 2996 5444 Vobis
3031 5399 3208 5445 autem
3235 5399 3356 5444 erat
3381 5392 3722 5446 necessarium
3743 5399 3812 5442 me

2258 5497 2368 5539 non
2403 5483 2604 5556 pigere,
2653 5485 2750 5540 sed
2796 5483 3059 5540 scribere.
3107 5482 3178 5538 Ut
3225 5493 3408 5538 autem
3457 5482 3728 5556 gaudeatis
3767 5477 3808 5532 iu

2259 5575 2508 5642 Domino,
2541 5576 2706 5630 uidete
2732 5591 2908 5643 canes,
2940 5574 2994 5629 id
3033 5584 3120 5630 est
3157 5576 3436 5646 providete
3463 5577 3618 5631 vobis
3643 5569 3808 5630 abillis

2247 5666 2486 5736 pseudo,
2515 5684 2567 5736 (ιε
2595 5667 2608 5719 i
2641 5681 2884 5736 congrue
2911 5681 3076 5722 canes
3109 5667 3388 5722 dicuntur.
3431 5666 3570 5733 Quia
3597 5665 3726 5720 sicut
3739 5673 3808 5714 ca-

2263 5758 2344 5812 uis
2367 5759 2436 5826 ei,
2461 5771 2622 5831 quem
2649 5759 2832 5814 videre
2853 5760 3160 5828 consuevit,
3186 5760 3462 5833 applaudit
3493 5759 3654 5816 etiam
3679 5751 3804 5810 siille

3349 5881 3526 5910 .ι,,,
3631 5895 3642 5901 -
