3928 6420
93 381 212 441 565

668 332 1034 434 EXPCSITIO
1068 371 1136 429 IN
1174 368 1555 428 EPISTULAS
1594 367 1818 422 PAULI.
1859 398 1926 406 -
1962 365 2030 422 IN
2069 364 2287 422 EPIST.
2328 365 2420 420 AD
2456 365 2732 421 PIIILIPP.

3270 368 3376 423 306

86 503 293 566 veniat
313 493 383 554 ad
407 491 838 550 destructionem
881 491 1102 555 domus,
1130 488 1218 542 vel
1245 484 1314 542 ad
1349 482 1686 540 interfectro-
1719 495 1762 542 Α
1789 488 2066 552 parentem
2097 479 2164 535 de
2198 478 2382 546 Israel,
2417 480 2720 536 secundum
2764 477 2995 535 altérum
3029 480 3098 536 de
3121 484 3376 552 gentibus

87 602 228 642 nem
261 585 386 652 sui;
416 585 525 640 illis
567 590 750 640 autem
795 596 937 653 quos
982 595 1093 636 non
1120 577 1407 635 consuevit
1431 576 1686 641 oblatrat,

84 678 271 734 etiam
296 677 344 733 si
381 676 461 732 illi
487 675 712 731 veniant
741 684 802 730 ut
825 681 1057 745 pascant
1083 686 1234 738 eum,
1264 670 1347 742 vel
1376 669 1445 724 ad
1481 668 1684 723 utilita-

85 779 204 826 tem
236 769 441 826 domus
458 786 478 822 :
497 767 578 824 sic
603 765 694 822 isti
718 765 926 837 pseudo
947 763 1258 820 carnalibus
1286 775 1426 832 quos
1454 774 1689 816 consue-

83 867 315 925 verunt,
363 857 720 929 applaudunt,
756 856 882 911 licet
904 854 976 910 sit
1004 854 1059 920 in
1087 854 1194 909 hoc
1221 864 1276 908 et
1313 866 1465 907 mors
1492 865 1683 906 eorum

85 959 142 1006 et
165 949 478 1006 destructio
499 948 720 1014 domus,
744 946 796 1003 id
813 955 897 1002 est
916 944 1210 1012 Ecclesiae;
1233 941 1685 1014 praedicatoribus

85 1051 281 1098 autem
327 1041 577 1098 veritatis
623 1040 919 1105 oblatrant,
976 1035 1345 1102 solummodo,
1399 1033 1528 1105 quia
1575 1049 1684 1089 non

86 1140 504 1192 consueverunt
536 1133 592 1187 in
632 1131 754 1188 istis
785 1131 882 1202 qui
929 1138 1110 1185 tamen
1145 1127 1374 1184 veniunt
1413 1126 1482 1182 ad
1509 1125 1687 1182 viviﬁ-

88 1227 336 1292 candum
365 1241 481 1292 eos,
507 1232 564 1281 et
583 1224 652 1280 ad
673 1222 1088 1280 aediﬁcationem
1123 1221 1322 1278 domus
1343 1217 1462 1276 Dei.
1509 1217 1580 1274 Et
1619 1219 1686 1275 de

88 1317 415 1390 hujusmodi
453 1315 664 1388 pseudo
694 1313 772 1368 ait
804 1333 817 1368 :
847 1311 1038 1368 Videte
1079 1326 1247 1368 canes
1295 1309 1686 1381 applaudentes

89 1418 377 1466 consuetae
403 1406 735 1468 carnalitati.
767 1405 1102 1462 oblatrantes
1128 1403 1362 1461 insolita:
1386 1399 1686 1473 spirituali-

88 1502 226 1559 tati:
268 1501 471 1572 quibus
517 1514 628 1555 non
672 1497 869 1554 suﬁicit
900 1496 1277 1572 contradicere
1320 1493 1558 1561 veritati,
1591 1494 1685 1550 sed

91 1595 262 1650 etiam
297 1602 430 1650 sunt
458 1592 590 1648 mali
620 1590 856 1662 operarii
902 1588 1406 1660 superseminantes
1451 1586 1684 1653 zizania,

89 1693 144 1738 et
172 1684 279 1738 hos
309 1683 482 1737 malos
510 1682 783 1752 operarios
813 1681 1004 1747 videte,
1035 1695 1104 1736 ne
1133 1678 1270 1735 falsa
1303 1679 1553 1734 doctrina
1596 1693 1685 1734 sc-

91 1773 298 1828 ducant
323 1787 444 1828 vos.
485 1770 669 1826 Videte
702 1770 867 1826 etiam
909 1784 1011 1826 vos
1053 1770 1275 1826 eosdem
1313 1769 1684 1835 concisionem,

1791 583 1850 628 ut
1873 573 2060 639 David,
2097 573 2189 643 qui
2221 572 2522 628 secundum
2563 573 2792 628 alteram
2821 581 3032 644 partem
3057 573 3162 628 fuit
3186 575 3254 630 de
3278 592 3375 646 ge-

1787 682 1918 722 nere
1944 665 2108 720 Ruth.
2142 664 2374 720 Gentilis
2399 664 2520 720 ideo
2543 665 2694 720 addit
2729 673 2891 720 natus
2921 665 2986 719 de
3011 665 3151 719 tribu
3171 665 3375 737 Benja-

1788 754 2102 824 mini;quia
2147 754 2343 810 iterum
2397 752 2623 825 quidam
2681 753 2751 809 de
2795 753 3079 824 Benjamin
3125 755 3194 810 ad
3228 755 3373 812 idola

1787 847 1926 917 lapsi
1944 855 2094 914 sunt,
2111 845 2366 917 apposuit
2395 845 2649 902 Hebrteus
2676 853 2840 902 natus
2864 861 2988 903 sum
3015 863 3081 902 ea:
3110 846 3375 904 Hebrmis.

1786 935 1887 992 Fui
1909 937 2073 994 etiam
2101 936 2431 1005 Pharisreus,
2449 937 2504 993 id
2514 946 2600 994 est
2612 937 2863 1010 egregius
2883 938 3171 994 secundum
3186 938 3376 1012 legem,

1785 1037 1842 1084 et
1865 1044 1963 1100 per
1995 1028 2352 1096 intellectum,
2384 1037 2438 1085 et
2463 1044 2561 1100 per
2586 1029 3005 1100 completionem
3034 1030 3190 1103 legis.
3224 1031 3375 1088 Pha-

1753 1137 1876 1178 .res
1902 1121 2136 1187 divisio;
2189 1121 2314 1177 inde
2359 1121 2674 1178 Pharisteus
2709 1123 2944 1194 divisus,
2988 1123 3118 1193 quia
3141 1125 3376 1195 separati

1785 1220 1944 1268 erant
1962 1227 1993 1267 a
2015 1211 2238 1283 populo,
2265 1213 2469 1284 egregii
2499 1213 2555 1267 in
2588 1213 2723 1283 lege,
2752 1213 3027 1270 intellectu
3056 1223 3110 1270 et
3129 1224 3378 1272 contem-

1785 1303 2043 1374 platione.
2067 1303 2168 1359 Fui
2193 1303 2357 1358 etiam
2387 1321 2695 1376 persequens
2723 1304 3019 1361 Ecclesium
3052 1305 3154 1363 Dei
3187 1324 3376 1362 secun-

1786 1395 1914 1449 dum
1947 1395 2362 1463 cumulationem,
2398 1396 2451 1450 id
2485 1405 2570 1450 est
2591 1405 2811 1467 propter
2859 1398 3034 1453 zelum
3057 1407 3114 1456 et
3131 1399 3381 1456 dilectio-

1788 1502 1913 1543 nem
1935 1485 2288 1543 defendendas
2309 1487 2463 1558 legis.
2490 1485 2563 1541 Ut
2589 1487 2846 1542 omnibus
2874 1487 2983 1544 illis
3020 1489 3078 1544 in
3098 1489 3215 1562 lege
3241 1505 3367 1561 prac-

1757 1627 1762 1631 .
1787 1579 1934 1635 latus
1967 1594 2091 1635 esse
2113 1579 2321 1646 videar,
2348 1589 2685 1634 conversatus
2720 1595 2842 1635 sum
2871 1581 2928 1634 in
2976 1579 3091 1651 lege
3112 1582 3225 1636 sine
3249 1599 3380 1653 que-

1755 1719 1762 1722 _
1789 1670 1934 1735 rela;
1961 1670 2042 1726 sic
2070 1670 2216 1726 enim
2253 1685 2341 1726 me
2379 1672 2590 1727 servavi
2621 1673 2768 1743 quod
2801 1687 2965 1730 nemo
2989 1673 3059 1729 de
3093 1688 3182 1728 me
3204 1675 3384 1745 potuit

1789 1766 2072 1838 conqueri.
2099 1765 2226 1822 Sine
2255 1766 2466 1838 querela
2484 1767 2610 1822 dico
2631 1768 2920 1822 secundum
2945 1767 3242 1838 justitiam,
3267 1783 3382 1823 non

92 1863 187 1934 qui
223 1863 372 1919 sicut
415 1861 640 1919 concisa
666 1860 919 1932 pellicula
963 1875 1169 1916 caesum
1217 1859 1421 1916 habent
1459 1873 1681 1929 corpus,
1715 1842 1760 1904 Β
1786 1875 1909 1930 quae
1931 1874 2060 1915 vera
2082 1867 2188 1926 est,
2221 1859 2315 1914 sed
2344 1875 2464 1912 eam
2487 1875 2606 1930 quin
2645 1869 2723 1913 est
2760 1861 2818 1914 in
2851 1860 2993 1930 lege,
3022 1875 3188 1932 quam
3217 1861 3385 1916 homo

95 1955 174 2008 sic
198 1967 425 2008 omnem
456 1951 791 2007 intellectum
831 1965 1034 2005 cassum
1066 1957 1123 2005 et
1148 1956 1458 2020 separatum
1483 1947 1687 2002 habent

49 2038 65 2056 °
93 2060 124 2100 a
149 2047 316 2102 bono.
346 2044 451 2112 Qui
474 2059 585 2100 non
614 2044 790 2100 solum
827 2042 1038 2099 concisi
1073 2050 1223 2108 sunt,
1250 2040 1345 2097 sed
1369 2039 1533 2097 etiam
1558 2048 1688 2095 sunt

95 2138 346 2195 concisio
376 2139 609 2194 aliorum
639 2151 781 2207 quos
817 2136 1103 2192 seducunt.
1150 2133 1290 2190 Vere
1317 2128 1397 2188 illi
1436 2132 1687 2189 carnales

95 2242 223 2288 sunt
251 2231 520 2298 concisio,
565 2247 690 2284 nam
735 2241 828 2284 nos
871 2227 1185 2300 spirituales
1206 2226 1312 2283 soli
1354 2243 1538 2282 sumus
1578 2226 1688 2280 cir-

95 2325 370 2392 cumcisio,
396 2324 450 2380 id
469 2331 575 2391 est,
605 2321 916 2394 puriﬁcatio
946 2319 1130 2392 265,
1163 2319 1216 2375 id
1238 2328 1345 2386 est,
1369 2333 1483 2374 non
1503 2317 1688 2374 solum

95 2416 390 2486 puriﬁcati,
441 2415 539 2472 sed
588 2415 753 2470 etiam
802 2412 1052 2469 doctrina
1097 2419 1154 2468 et
1193 2409 1443 2482 exemplo
1493 2425 1687 2466 sumus

102 2509 334 2563 aliorum
363 2505 692 2578 puriﬁcatio.
740 2504 992 2562 Abscisio
1027 2503 1177 2560 enim
1209 2502 1358 2559 illius
1397 2501 1689 2573 superﬂua:

99 2595 365 2666 pellicula
411 2596 632 2668 signum
677 2604 796 2650 erat
823 2593 1010 2649 omnia
1059 2591 1337 2663 superﬂua
1389 2591 1683 2648 circumci-

99 2686 271 2743 denda
300 2702 425 2744 esse
457 2703 489 2742 a
518 2686 702 2742 corde.
733 2684 814 2740 llli
845 2700 978 2742 vero
1018 2686 1244 2742 concisa
1281 2685 1536 2756 pellicula
1589 2699 1688 2741 cor

101 2778 298 2835 habent
329 2777 816 2834 incircumcisum:
861 2791 964 2832 nos
993 2790 1124 2834 vero
1156 2791 1274 2832 rem
1315 2783 1586 2842 tenentes,
1631 2775 1686 2832 id

101 2879 180 2925 est
205 2868 689 2927 circumcisionem
732 2867 935 2936 cordis,
984 2867 1239 2924 umbram
1287 2882 1482 2925 eorum
1509 2867 1686 2941 negli-

104 2960 301 3030 gimus.

168 3049 307 3120 Nos,
331 3049 576 3122 inquam,
599 3065 780 3104 sumus
794 3048 1152 3117 circumcisio,
1175 3050 1266 3121 qui
1285 3050 1539 3104 servimus
1555 3048 1684 3118 Deo,

106 3143 286 3199 nonin
316 3158 482 3200 carne
495 3157 621 3214 qua:
645 3142 752 3199 vile
774 3142 908 3214 quid
927 3151 1012 3199 est
1027 3184 1042 3211 ,
1065 3143 1160 3200 sed
1176 3142 1230 3197 in
1257 3141 1493 3214 digniori
1507 3151 1682 3212 parte,

107 3235 305 3291 scilicet
351 3235 408 3290 in
448 3235 686 3305 spiritu;
714 3241 982 3305 quantum
1012 3233 1160 3290 enim
1199 3232 1520 3304 spiritalitas
1550 3248 1686 3303 pra:-

107 3327 300 3382 eminet
343 3325 676 3393 carnalitati,
725 3334 938 3381 tantum
985 3325 1220 3382 servitus
1264 3333 1451 3380 nostra
1494 3339 1686 3381 eorum

108 3417 382 3474 servituti:
416 3417 689 3474 servimus
726 3416 840 3474 Deo
869 3417 924 3472 in
961 3417 1178 3487 spiritu,
1221 3425 1272 3472 et
1307 3415 1603 3488 gloriamur
1631 3416 1687 3470 in

110 3506 315 3564 Christo
336 3507 488 3576 Iesu,
513 3508 567 3564 id
589 3515 697 3577 est,
719 3507 980 3564 Christus
1003 3506 1166 3563 Jesus
1192 3516 1278 3562 est
1306 3506 1688 3577 gloria'nostra

108 3609 155 3654 et
173 3601 431 3672 gaudium
453 3609 728 3668 nostrum,
754 3608 810 3656 et
830 3599 981 3655 nulla
1001 3597 1174 3671 gloria
1196 3598 1354 3653 nobis
1380 3598 1434 3652 in
1463 3598 1591 3654 alio.
1609 3597 1687 3654 Ita

110 3691 402 3761 gloriamur
429 3692 485 3748 in
514 3690 736 3750 Christo
784 3689 940 3759 Jesu,
987 3705 1098 3746 non
1144 3689 1325 3746 dicam
1347 3695 1411 3744 ut
1438 3703 1550 3744 non
1571 3688 1688 3759 glo-

111 3784 307 3840 riemur
340 3785 396 3840 in
423 3799 612 3852 carne,
665 3782 762 3841 sed
795 3783 962 3840 etiam
994 3798 1098 3838 non
1128 3781 1373 3838 habentes
1400 3780 1488 3836 vel
1518 3780 1687 3836 mini-

112 3891 244 3932 mam
262 3878 522 3948 ﬁduciam
541 3878 599 3932 in
619 3893 796 3944 carne,
824 3875 880 3932 id
902 3883 989 3931 est
1009 3874 1066 3930 in
1092 3874 1409 3938 carnalibus
1425 3889 1549 3944 qua:
1560 3889 1690 3930 sua-

114 3966 250 4024 dent.
275 3969 532 4025 Dicerent
553 3969 665 4024 illi:
689 3967 968 4025 Fortassis
991 3981 1094 4024 nec
1107 3967 1204 4022 tibi
1225 3976 1371 4024 esset
1395 3981 1539 4022 unoe
1557 3981 1692 4023 con-

112 4057 295 4116 lideres
337 4061 394 4116 in
445 4077 649 4116 carne:
689 4058 827 4116 Nam
867 4075 949 4128 se,
989 4068 1094 4117 etc.
1140 4058 1222 4116 Ad
1268 4059 1386 4116 haec
1414 4059 1536 4115 ille:
1566 4056 1689 4115 Non

112 4152 361 4208 erubesco
383 4153 468 4208 vel
489 4152 703 4209 conﬁdo
731 4152 788 4207 in
807 4166 993 4218 carne,
1019 4167 1321 4222 quanquam
1334 4167 1426 4222 ego
1443 4151 1688 4220 habeam,

114 4242 160 4296 id
186 4253 269 4300 est
301 4244 504 4300 habere
535 4243 1173 4315 possem,con/identiam
1215 4243 1264 4297 si
1310 4257 1418 4313 qua
1458 4250 1606 4298 esset
1632 4243 1689 4297 in

115 4351 276 4392 carne.
305 4335 420 4409 Ego
441 4337 632 4407 utique
654 4336 910 4392 haberem
930 4335 1332 4403 conﬁdentiam,
1346 4335 1393 4392 si
1415 4350 1523 4406 qua
1545 4345 1690 4392 esset

116 4427 163 4482 in
185 4445 382 4496 carne;
433 4445 561 4485 nam
590 4429 638 4484 si
683 4429 802 4500 quis
840 4427 1048 4484 ridetur
1097 4427 1357 4497 conﬁdere
1399 4429 1457 4482 in
1486 4442 1687 4482 carne:

1759 1990 1762 1994 η
1787 1951 1922 2006 satis
1947 1957 2125 2020 potest
2148 1950 2362 2020 operari
2385 1965 2480 2020 per
2501 1966 2582 2006 se.
2613 1949 2947 2018 Abscindcre
2971 1953 3119 2006 enim
3150 1951 3346 2021 pellicu
3363 1981 3382 1990 ι

1755 2043 1895 2098 .lam
1939 2042 2110 2110 illam,
2163 2050 2405 2097 mactare
2448 2042 2684 2110 hircum,
2737 2052 2792 2097 et
2848 2043 3186 2112 huiusmodi,
3224 2042 3384 2096 facile

1786 2134 2015 2205 quilibet
2034 2141 2213 2204 potest
2240 2133 2478 2203 operari.
2509 2132 2576 2188 Et
2609 2133 2736 2204 quia
2768 2142 2952 2189 tantus
2980 2133 3042 2188 in.
3060 2134 3177 2204 lege
3204 2132 3301 2199 lui,
3332 2134 3380 2187 si

1753 2241 1898 2296 -qua
1926 2225 1982 2280 in
2018 2240 2184 2281 carne
2213 2223 2384 2296 gloria
2423 2233 2588 2288 esset,
2622 2224 2757 2280 nulli
2797 2224 2976 2294 major
3007 2227 3188 2294 "quam
3222 2223 3380 2287 mihi,

1753 2359 1758 2363 -
1787 2325 1899 2373 tam
1933 2316 2295 2388 praeminens
2321 2316 2375 2370 in
2411 2316 2529 2387 lege
2559 2315 2675 2384 fui;
2704 2316 2794 2370 sed
2823 2324 3007 2370 tamen
3037 2330 3101 2370 ea
3127 2331 3244 2386 qua:
3257 2321 3385 2369 ante

1785 2411 2016 2482 gratiam
2051 2409 2266 2480 fuerunt
2291 2408 2420 2462 mihi
2447 2408 2599 2462 lucra
2627 2424 2646 2474 ,'
2677 2408 2890 2464 lucrum
2919 2407 3068 2462 enim
3099 2415 3219 2462 erat
3245 2421 3382 2478 ope~

1784 2501 1897 2557 rari
1927 2501 2154 2573 ﬁguras,
2178 2501 2310 2556 dum
2347 2500 2529 2556 adhuc
2553 2509 2962 2571 exspectaretur
2984 2499 3209 2554 veritas.

1859 2594 1990 2651 [hac
2019 2595 2210 2667 utique
2233 2597 2386 2667 prius
2417 2595 2592 2662 lucra,
2627 2595 2790 2653 modo
2827 2595 3122 2649 arbitratus
3148 2611 3266 2648 sum
3292 2594 3386 2648 de—

1787 2690 2059 2756 trimenta,
2094 2689 2149 2745 id
2188 2698 2272 2744 est
2300 2703 2492 2744 verum
2540 2688 2741 2744 bonum
2784 2685 3122 2744 destruentia
3168 2696 3384 2758 propter

1787 2778 2061 2837 Christum
2100 2779 2546 2852 amplexandum.
2605 2777 2860 2845 Quandiu
2903 2779 3054 2834 enim
3095 2779 3151 2832 in
3187 2780 3382 2834 umbra

1784 2887 1984 2937 essem,
2019 2886 2244 2942 corpus,
2289 2871 2344 2926 id
2367 2879 2454 2926 est
2481 2869 2787 2937 Christum,
2813 2884 2925 2925 non
2954 2868 3384 2938 comprehende-

1784 2977 1921 3016 rem.
1953 2960 2062 3018 Sed
2092 2961 2220 3017 lieet
2256 2960 2438 3018 dicam
2485 2968 2708 3031 propter
2742 2958 3023 3016 Christum
3054 2959 3172 3014 haec
3193 2967 3378 3014 vetera

1785 3066 1874 3106 me
1919 3051 2219 3120 dimisisse,
2263 3061 2623 3106 verumtamen
2659 3051 2897 3122 ut;banc
2916 3064 3163 3116 causam,
3206 3049 3261 3106 id
3297 3060 3384 3106 est

1785 3143 2089 3211 Christum,
2115 3143 2325 3210 sileam,
2367 3143 2616 3198 existimo
2643 3157 2745 3216 ego
2783 3142 2963 3197 omnia
3000 3157 3112 3197 esse
3131 3142 3382 3198 decentia

1711 3204 1758 3283 C.
1788 3251 1978 3291 verum
2002 3235 2210 3291 bonum
2241 3236 2586 3292 solummodo
2628 3245 2843 3307 propter
2869 3235 3182 3290 eminentem
3211 3235 3382 3290 scien-

1749 3361 1751 3364 ι
1786 3327 1918 3381 tiam
1943 3342 2111 3398 quam
2137 3327 2302 3384 modo
2323 3327 2379 3383 in
2409 3325 2706 3398 Scripturis
2727 3333 3013 3383 aesecutus
3038 3341 3182 3382 sum.
3220 3325 3280 3380 Pi
3295 3325 3383 3382 ius

1785 3418 1933 3474 enim
1961 3419 2093 3476 dum
2127 3435 2276 3475 eram
2329 3418 2391 3474 in'
2421 3419 2557 3489 lege,
2599 3417 2824 3474 videbar
2856 3417 3059 3474 habere
3093 3418 3383 3474 scientiam

1785 3509 1943 3582 legis,
1975 3525 2142 3580 quam
2183 3509 2239 3564 in
2287 3509 2518 3566 veritate
2563 3523 2672 3564 non
2695 3508 3004 3574 habebam;
3037 3509 3132 3564 sed
3152 3509 3382 3563 veniens

1787 3603 1855 3658 ad
1884 3602 2188 3671 Christum,
2225 3611 2359 3659 tunc
2402 3603 2639 3674 primum
2671 3602 2838 3657 habui
2879 3617 3062 3658 veram
3093 3602 3379 3658 scientiam

1756 3753 1760 3756 .
1790 3694 2198 3766 Scripturarum
2237 3695 2398 3768 longe
2438 3696 2770 3752 eminentem
2807 3695 2885 3750 illi
2914 3710 3081 3766 quam
3103 3695 3380 3765 prius,ha-

1787 3786 1916 3844 bere
1937 3785 2189 3856 putabat.
2239 3783 2535 3841 Scientiam
2571 3786 2696 3842 dico
2739 3785 2869 3840 Jesu
2913 3784 3114 3841 Christi
3165 3783 3380 3840 Domini

1759 3879 1912 3945 ,rnei,
1940 3877 1994 3933 id
2030 3885 2116 3934 est
2144 3892 2310 3948 quam
2355 3875 2517 3934 Jesus
2547 3876 2803 3934 Christus
2846 3876 3192 3931 venientibus
3222 3876 3291 3930 ad
3317 3892 3378 3931 se

1785 3968 2086 4026 distribuit.
2111 3968 2423 4025 Secundum
2444 3968 2818 4035 Ambrosium,
2845 3982 3034 4022 amore
3055 3975 3241 4023 motus
3269 3966 3351 4024 Do
3373 3998 3380 4007 -

1788 4063 2002 4119 minum
2033 4077 2192 4120 suum
2220 4061 2375 4118 dixit.
2405 4061 2632 4133 Propter
2648 4078 2803 4133 quem
2821 4060 3104 4117 Christum
3130 4077 3379 4133 compre-

1790 4154 2136 4212 hendendum
2153 4168 2261 4210 non
2286 4153 2464 4211 solum
2481 4153 2778 4209 arbitratus
2800 4168 2946 4219 sum,
2968 4150 3063 4208 sed
3089 4152 3254 4206 etiam
3276 4152 3380 4222 feci

1789 4248 1962 4305 videri
1984 4247 2129 4316 aliis,
2159 4247 2276 4304 haec
2310 4246 2489 4302 omnia
2509 4245 2752 4303 carnalia
2783 4246 3176 4301 detrimentum.
3215 4245 3382 4316 ω

1761 4339 1899 4398 .Nec
1929 4342 2107 4398 solum
2153 4355 2220 4397 ea
2251 4340 2484 4395 arbitror
2526 4339 2935 4405 detrimentum,
2978 4338 3074 4394 sed
3109 4337 3272 4392 etiam
3320 4345 3380 4391 ut

1789 4440 2044 4487 stercora.
2092 4429 2323 4488 Omnem
2382 4432 2532 4488 enim
2560 4431 2929 4489 adhaerentem
2971 4430 3078 4487 sibi
3122 4430 3379 4500 coinqui-

117 4519 213 4611 (_hic
247 4521 371 4576 dico
421 4521 584 4588 alius.
635 4520 689 4576 id
723 4529 808 4577 est
836 4520 997 4591 longe
1037 4518 1287 4576 diversus
1310 4534 1342 4574 a
1371 4534 1480 4587 me,
1507 4519 1602 4590 qui
1632 4518 1687 4573 in
1719 4555 1766 4611 ι)
1793 4535 1945 4593 nant,
1967 4525 2086 4581 haec
2111 4523 2234 4580 ideo
2280 4523 2520 4580 arbitror
2561 4534 2824 4593 stercora,
2877 4533 2938 4578 ut
2981 4523 3064 4580 sic
3102 4521 3380 4578 Christum

115 4609 320 4668 Christo
341 4621 555 4668 tantum
575 4612 812 4684 conﬁdo)
827 4629 920 4683 ego
930 4611 1120 4682 utique
1137 4611 1306 4682 magis
1331 4611 1424 4666 illo
1444 4611 1498 4665 in
1521 4626 1685 4666 carne

118 4715 318 4769 possem
345 4704 637 4760 conﬁdere.
669 4703 844 4775 Magis
879 4704 1022 4770 ideo,
1059 4703 1187 4774 quia
1209 4719 1302 4773 ego
1339 4702 1682 4762 circumcisus

119 4804 286 4850 octaua
311 4798 396 4850 die
416 4795 702 4850 secundum
727 4795 924 4868 legem;
948 4795 1036 4850 ille
1057 4793 1309 4850 fortassis
1331 4794 1445 4864 jam
1467 4793 1685 4849 adultus

120 4889 376 4945 transiens
410 4889 478 4944 ad
506 4888 873 4956 Judaismum,
904 4888 1006 4942 fuit
1026 4885 1408 4943 circumcisus.
1436 4884 1685 4942 Circum-

120 4977 238 5036 cisio
267 4997 391 5052 qua:
440 4981 604 5036 ﬁebat
641 4989 832 5035 octava
876 4980 985 5045 die,
1022 4978 1364 5050 signiﬁcabat
1403 4977 1548 5049 quod
1591 4993 1686 5047 per

119 5067 369 5136 justitiam
413 5073 573 5143 cujus
623 5071 798 5128 forma
836 5080 955 5126 erat
996 5069 1366 5136 circumcisio,
1417 5070 1688 5126 reversuri

121 5176 320 5221 eramus
361 5165 430 5221 ad
475 5165 623 5220 illam
656 5174 927 5230 octavam,
975 5179 1142 5234 quam
1179 5178 1276 5234 per
1299 5162 1522 5233 culpam
1559 5162 1688 5217 Atla:

123 5257 457 5322 perdidimus.
485 5255 544 5312 In
582 5242 800 5329 signum
847 5256 1006 5326 cujus
1039 5264 1243 5311 octava:
1268 5255 1412 5312 diem
1439 5253 1686 5310 Domini-

105 5359 226 5407 .cam
246 5350 605 5406 celebramus.
640 5347 742 5405 Hie
774 5349 920 5404 enim
953 5349 1191 5404 mundus
1221 5364 1314 5419 per
1335 5358 1541 5420 septem
1567 5347 1686 5404 dies

123 5439 365 5516 volvitur;
403 5443 558 5500 ﬁnito
586 5452 773 5506 autem.
817 5441 1044 5507 mundo,
1086 5441 1306 5512 incipiet
1346 5442 1463 5499 lucc
1490 5451 1679 5498 octava

123 5545 218 5588 non
237 5535 491 5591 habitura
530 5535 694 5591 ﬁnem
730 5534 786 5588 in
825 5542 1112 5588 :eternum.
1145 5532 1283 5600 Quia
1319 5533 1679 5590 circumcide-

121 5621 302 5682 bantur
320 5636 513 5685 octava
544 5627 632 5682 die
667 5627 832 5682 etiam
867 5625 962 5696 qui
987 5641 1094 5679 non
1115 5635 1271 5680 erant
1306 5627 1373 5682 de
1413 5625 1596 5691 Israel,
1622 5635 1683 5682 ut

122 5714 204 5770 lilii
248 5721 686 5792 proselytorum;
730 5717 854 5773 ideo
897 5717 1087 5772 addit:
1129 5716 1241 5788 Ego
1268 5719 1431 5773 etiam
1463 5734 1584 5773 sum
1617 5718 1682 5771 de

123 5823 280 5875 genere
303 5811 495 5879 Israel,
517 5812 645 5883 quia
670 5809 866 5868 iterum
882 5810 1102 5882 quidam
1131 5812 1428 5866 secundum
1449 5811 1678 5886 alterum

1790 4617 1990 4688 faciam
2012 4616 2219 4671 lucrum
2235 4631 2440 4682 meum,
2461 4617 2590 4688 quia
2612 4614 2871 4674 deserens
2893 4616 3007 4683 illa,
3032 4616 3215 4672 lucror
3239 4615 3376 4670 mihi

1789 4707 2070 4764 Christum
2099 4708 2155 4763 in
2203 4707 2390 4763 futuro
2427 4709 2640 4778 plenius
2679 4707 3026 4774 habendum;
3059 4707 3181 4761 ideo
3207 4705 3372 4759 etiam

1791 4800 1871 4856 sic
1895 4800 2129 4854 arbitror
2149 4808 2210 4854 ut
2244 4799 2460 4854 interim
2487 4799 2618 4854 dum
2667 4799 2912 4856 nondum
2955 4797 3114 4868 plene
3166 4795 3376 4865 accipio

1791 4890 2094 4958 Christum,
2133 4891 2373 4946 inveniar
2401 4891 2706 4946 membrum
2733 4893 2788 4945 in
2818 4890 2937 4956 illo,
2965 4889 3029 4944 id'
3048 4897 3134 4943 est
3176 4887 3230 4942 in
3255 4903 3378 4943 cor—

1791 4998 1924 5054 pore
1944 4983 2085 5055 ejus.
2113 4981 2228 5056 Ego
2252 4983 2378 5040 dico
2390 4982 2504 5053 jam
2539 5000 2642 5037 non
2663 4983 2857 5038 habens
2882 4998 3054 5038 meam
3069 4982 3377 5054 justitiam;

1786 5090 1966 5130 meam
2007 5075 2215 5146 utique,
2258 5074 2392 5145 quia
2434 5091 2553 5145 qua:
2576 5075 2788 5144 justitia
2835 5085 2914 5130 est
2951 5092 3016 5131 ea:
3037 5074 3166 5147 lege.
3199 5073 3378 5146 Opera

1783 5175 1968 5223 autem
1998 5167 2134 5238 legis
2157 5167 2390 5237 quilibet
2418 5176 2599 5237 potest
2637 5167 2873 5238 operari,
2907 5168 3114 5224 scilicet
3167 5168 3380 5223 habens

1785 5259 1932 5314 illam
1959 5259 2233 5331 justitiam
2271 5275 2391 5330 qua?
2437 5269 2513 5314 est
2554 5274 2620 5313 ea:
2661 5260 2768 5330 ﬁde
2798 5259 2928 5316 Iesu
2963 5259 3187 5327 Christi,
3219 5260 3270 5314 id
3292 5271 3379 5316 est

1755 5366 1949 5422 quam
1998 5350 2264 5406 habemus
2301 5365 2400 5420 per
2448 5351 2554 5406 hoc
2599 5351 2748 5421 quod
2774 5351 2830 5405 in
2873 5342 3152 5407 Christum
3185 5349 3376 5406 Iesum

1789 5443 2084 5500 credimus.
2128 5442 2343 5499 Diceret
2384 5443 2506 5498 ille:
2554 5441 3010 5515 Justitiamilegis
3062 5444 3201 5499 dieis
3252 5459 3376 5501 esse

1762 5577 1766 5579 .
1790 5542 1976 5602 tuam;
2006 5535 2152 5590 illam
2173 5547 2356 5591 autem
2385 5551 2509 5606 qua:
2529 5545 2704 5592 estex
2742 5535 2848 5592 ﬁde
2872 5535 3100 5600 Christi,
3142 5548 3376 5602 opponis

1789 5627 1947 5696 quasi
1973 5637 2065 5682 tua
2092 5642 2202 5682 non
2239 5627 2330 5684 sit.
2357 5627 2436 5684 Ita
2470 5628 2548 5682 ait
2580 5627 2821 5684 Paulus:
2857 5625 2972 5682 Mea
3003 5640 3111 5680 non
3133 5632 3238 5678 est.
3276 5624 3397 5700 sed.

1787 5736 1905 5790 quia
1930 5719 2150 5789 justitia
2184 5729 2262 5775 est
2302 5736 2367 5775 ea:
2401 5720 2531 5775 Deo.
2581 5719 2802 5775 Iustitia
2826 5717 2953 5772 dico
2978 5717 3120 5771 sicut
3141 5715 3376 5769 habetur

1791 5825 1885 5880 per
1929 5811 2087 5893 ﬁdem
2135 5813 2209 5866 ita
2254 5811 2558 5886 perdurans
2592 5811 2647 5866 in
2691 5809 2812 5863 ﬁde.
2870 5806 3012 5874 Quia
3043 5803 3374 5875 opinaretur
