3928 6408
622 367 722 426 57!

1160 369 1216 425 S.
1257 368 1608 432 BRUNONIS
1641 373 2286 436 CARTHUSIANORUM
2321 331 2811 447 ISSTITUTORIS
2847 391 2998 449 OPP.
3034 383 3216 454 PARS
3253 375 3320 454 li.
3747 406 3822 463 37!

621 483 940 553 exorabilis,
966 483 1235 556 deprecor,
1264 503 1446 558 sapere
1471 497 1730 559 utrasque
1757 489 2010 562 idipsum,
2043 492 2098 549 id
2124 501 2210 551 est
2237 501 2282 561 Α
2311 495 2483 554 Deum
2513 499 2808 560 innoteseit
2833 505 3043 575 petitio,
3067 507 3114 563 si
3137 507 3230 579 qui
3259 509 3394 580 petit
3416 509 3600 581 justus
3615 522 3706 580 est,
3725 525 3766 570 et
3789 521 3822 572 si

619 577 888 632 unitatem
915 575 1060 634 ﬁdei.
1089 577 1328 649 ldipsum
1352 578 1474 634 dico
1503 580 1693 635 nonin
1717 581 1854 654 lege,
1884 583 1978 640 sed
2007 586 2062 638 in
2095 585 2228 640 Do-'

634 669 798 723 mino.
823 667 918 724 lia:
953 669 1078 725 dua:
1105 679 1368 726 matrona:
1392 681 1568 739 erant,
1603 686 1727 742 quae
1763 675 2209 734 ministraverant

628 763 892 832 Apostolo
910 771 964 818 et
990 761 1272 833 discipulis
1300 763 1354 817 in
1382 763 1800 836 praedicatione;
1831 767 1926 824 sed
1959 785 2057 840 per
2082 777 2224 828 mu-‘

621 855 846 911 liebrem
874 856 1143 911 levitatem
1170 855 1314 926 quod
1343 854 1585 912 fecerant
1621 857 1904 930 Apostolo,
1941 861 2084 918 idem
2123 862 2205 919 fa-

619 945 834 1030 ciebant
856 943 962 1000 illis
987 944 1215 1014 pseudo,
1237 953 1493 1014 putantes
1515 961 1576 1003 se
1600 947 1739 1004 bene
1762 965 1940 1021 agere,
1965 960 2020 1008 et
2039 968 2206 1024 super

622 1036 728 1090 hoc
751 1037 1150 1106 redarguuntur
1169 1050 1200 1090 a
1223 1034 1414 1092 Paulo.
1439 1037 1578 1108 Rogo
1599 1040 1760 1094 etiam
1782 1050 1851 1110 te,
1873 1057 1908 1096 ο
1925 1041 2200 1111 Germane,

619 1128 716 1197 qui
741 1127 874 1181 milii
903 1141 1118 1195 compar
1143 1140 1206 1182 es
1239 1126 1296 1181 in
1339 1128 1724 1198 praedicatione
1755 1129 2054 1202 Evangelii,
2097 1134 2228 1188 ad-*

613 1216 739 1285 jura
765 1215 889 1270 illas
914 1215 1182 1285 docendo,
1211 1233 1281 1274 ne
1305 1219 1387 1276 sic
1409 1229 1594 1276 errent
1613 1221 1862 1290 ulterius,
1887 1223 2232 1296 (etdignum‘

615 1305 744 1374 est,)
773 1304 902 1374 quia
929 1323 1048 1378 quae
1087 1307 1462 1364 laboraverunt
1495 1327 1698 1366 mecum
1724 1313 1782 1366 in
1804 1311 2112 1384 Evangelia,
2135 1315 2222 1370 de‘

613 1394 730 1448 suis
753 1395 886 1450 mihi
911 1397 1312 1466 ministrando;
1337 1415 1460 1469 quae
1481 1401 1646 1456 etiam
1669 1402 2056 1459 laboraverunt
2081 1421 2202 1460 cum

613 1483 878 1541 Clemente
915 1497 963 1542 et
987 1489 1196 1543 ctetcris
1223 1491 1558 1560 adjutoribus
1589 1494 1742 1561 meis,
1767 1495 2018 1552 similiter
2046 1496 2204 1552 mini-

613 1578 858 1632 strando.
891 1578 1147 1646 Nomina,
1163 1581 1215 1636 id
1237 1592 1322 1637 est
1345 1584 1559 1652 merita,
1577 1602 1820 1656 quorum,
1846 1603 1943 1658 per
1965 1603 2087 1659 qua:
2107 1603 2201 1644 co-

617 1684 730 1722 ram
765 1669 878 1724 Deo
909 1672 1272 1729 nominabiles
1313 1683 1462 1744 sunt,
1500 1677 1745 1745 nomina,
1788 1678 2034 1749 inquam,
2076 1689 2200 1735 sunt

609 1758 666 1810 in
692 1757 830 1812 libro
858 1759 1000 1815 vitm.
1028 1759 1190 1816 Liber
1215 1762 1342 1820 vita:
1367 1780 1526 1821 mens
1554 1766 1736 1822 divina
1761 1767 1983 1834 dicitur,
2009 1768 2065 1825 in
2089 1785 2194 1841 qua

611 1848 740 1902 boni
765 1849 835 1902 ab
859 1858 1066 1905 aeterno
1088 1853 1408 1909 memoriter
1436 1855 1625 1926 scripti
1658 1867 1805 1913 sunt.
1845 1857 1944 1914 Hic
1965 1859 2195 1916 Germa-

612 1953 717 1992 nus
747 1946 865 1993 erat
892 1940 1177 2010 coadjutor
1202 1941 1356 1996 Pauli
1385 1943 1439 1998 in
1481 1945 1886 2015 praedicatione.
1922 1947 2033 2004 Has
2067 1965 2194 2021 per-

611 2043 778 2083 sonas
809 2044 879 2083 ex
901 2031 1122 2088 nomine
1153 2032 1236 2090 sic
1277 2034 1570 2102 admoneo,
1609 2036 1666 2091 in
1693 2053 1986 2096 commune
2013 2049 2197 2098 autem
2227 2053 2230 2062 '

610 2119 716 2175 hoc
737 2121 1036 2192 praecipio:
1064 2122 1302 2182 Gaudete
1323 2141 1433 2182 non
1475 2128 1532 2182 in
1559 2129 1699 2200 lege,
1721 2145 1833 2186 non
1868 2130 1925 2210 in
1957 2134 2195 2190 carnali-
2229 2143 2232 2148 '

607 2209 855 2280 bus_,’sed
897 2214 955 2266 in
983 2213 1212 2269 Domino
1239 2217 1257 2288 (
1271 2216 1415 2272 sicut
1438 2219 1696 2275 admonui
1742 2221 1799 2276 in
1847 2209 2193 2298 principio);
2229 2235 2232 2240 '

611 2315 713 2354 nec
747 2302 815 2356 ad
859 2302 1075 2371 horam,
1117 2306 1210 2361 sed
1254 2323 1456 2378 semper
1497 2311 1719 2380 gaudete
1756 2314 1814 2366 in
1860 2313 2108 2383 Domino,
2143 2326 2230 2372 ει·

607 2391 802 2446 iterum
829 2394 970 2449 idem
991 2396 1110 2450 dico
1135 2413 1158 2451 :
1185 2397 1420 2454 Gaudete
1450 2401 1506 2455 in
1539 2401 1791 2460 Domino.
1823 2404 1879 2460 Si
1909 2408 2076 2464 semel
2106 2409 2194 2464 di-
2229 2425 2234 2428 '

611 2491 760 2536 ceret
789 2483 1042 2560 gaudete,
1082 2502 1192 2541 non
1221 2488 1500 2545 videretur
1529 2491 1634 2548 hoc
1663 2494 1796 2550 velle
1821 2509 1989 2566 quam
2015 2497 2192 2566 aliud;
2231 2515 2234 2518 ‘

612 2569 708 2624 sed
735 2573 864 2641 quia
891 2573 998 2630 hoc
1039 2577 1214 2648 magis
1243 2579 1474 2636 suadere
1507 2581 1760 2653 intendit,
1794 2601 2077 2660 nunquam
2105 2589 2195 2645 ni-

611 2660 718 2716 mis
748 2663 884 2718 dicit
919 2666 1069 2736 quod
1101 2683 1386 2739 nunquam
1429 2671 1596 2729 nimis
1624 2674 1704 2730 ﬁt.
1729 2675 1806 2732 lta
1837 2689 2018 2736 autem
2060 2695 2195 2751 gau-

609 2753 734 2810 dete
757 2755 812 2810 in
841 2755 1074 2814 Domino
1097 2769 1159 2815 ut
1181 2761 1444 2818 modestia
1479 2775 1652 2823 uestra
1687 2780 1815 2824 nota
1851 2773 1926 2826 sit
1952 2773 2194 2830 omnibus

615 2845 935 2916 hominibus;
959 2851 1026 2906 ad
1047 2853 1355 2924 exemplum
1374 2856 1523 2912 boni.
1543 2856 1864 2917 Modestiam
1883 2863 2016 2920 dicit
2036 2867 2196 2936 quasi
2233 2881 2236 2884 '

613 2959 951 3014 mensuram,
975 2957 1038 3003 ut
1059 2949 1139 3004 sic
1157 2952 1460 3006 mensurati
1491 2951 1623 3020 sint,
1647 2971 1716 3010 ne
1739 2956 1881 3012 ultra
1902 2957 2192 3016 Dominum

607 3033 865 3103 gaudium
905 3047 1176 3106 quierant,
1223 3055 1325 3095 nec
1365 3039 1508 3096 inira
1553 3045 1789 3114 gaudere
1837 3061 2190 3116 praesumant.
2225 3067 2234 3074 '

609 3122 761 3180 Ultra
791 3125 1086 3182 Dominum
1115 3129 1376 3200 gaudium
1412 3133 1629 3203 quaerit,
1657 3136 1752 3206 qui
1789 3137 1912 3193 fidei
1947 3139 2195 3212 adjungit
2225 3161 2230 3168 ·

601 3217 864 3342 qarnalia.
891 3215 1036 3274 Infra
1061 3221 1330 3291 subsistit,
1358 3223 1454 3295 qui
1471 3225 1533 3280 in
1559 3229 1797 3300 propriis
1819 3231 2028 3288 viribus
2055 3249 2189 3304 gau-
2216 3225 2262 3288 C
2658 3215 3410 3342 ξῶηἷξῗὲῖῖεεωιὲἒῖέξξξ
3437 3215 3668 3336 “um”:
3687 3215 3800 3320 ἐιίσιι

605 3323 622 3342 ι
645 3309 756 3342 'mm
779 3308 974 3342 mum-ir
2227 3335 2232 3342 ’

605 3307 756 3362 dium
777 3308 995 3378 quaerit.

680 3437 931 3495 Dicerent
957 3439 1034 3496 illi
1065 3460 1078 3496 :
1117 3441 1326 3500 Bonum
1367 3457 1515 3504 esset
1544 3449 1612 3506 ad
1647 3452 1854 3506 cultum
1891 3452 1984 3510 Dei
2015 3454 2189 3528 legem
2225 3510 2230 3520 ,

604 3529 901 3602 adjungcre
922 3531 1066 3588 ﬁdei.
1091 3533 1173 3598 Ad
1203 3536 1308 3592 hoc
1332 3535 1537 3596 Paulus
1564 3561 1578 3596 :
1607 3540 1700 3599 Sic
1732 3553 1907 3601 estote
1933 3547 2186 3618 modesti,
2225 3617 2230 3620 _

600 3621 727 3693 quia
765 3621 1026 3679 Dominus
1057 3641 1218 3698 prope
1253 3638 1352 3697 est,
1381 3629 1435 3685 id
1474 3641 1560 3688 est
1599 3643 1825 3705 paratus
1863 3651 2078 3710 semper
2106 3655 2190 3702 εει
2225 3689 2230 3696 .

493 3765 508 3774 ,
600 3713 856 3768 auxiliari
885 3716 1169 3776 modestis.
1202 3717 1404 3776 lterum
1435 3722 1516 3778 illi
1546 3743 1559 3780 :
1589 3724 1648 3782 Si
1675 3735 1987 3786 teneremus
2018 3730 2187 3786 disci-

597 3807 803 3878 plinam
841 3811 996 3882 legis,
1037 3811 1106 3869 ad
1133 3814 1516 3888 corrigendum
1546 3819 1822 3891 inquietos
1841 3832 1987 3879 esset
2015 3823 2183 3881 utilis.
2229 3881 2232 3884 .

601 3899 684 3954 Ad
713 3901 817 3956 hoc
841 3903 1270 3976 iterumlPaulus.
1293 3926 1308 3962 :
1335 3907 1489 3964 Nihil
1515 3911 1633 3966 sitis
1661 3911 1906 3981 solliciti,
1931 3913 1986 3970 id
2013 3923 2098 3970 est
2119 3931 2188 3972 ne

597 3992 720 4048 sitis
745 3991 899 4048 dubii
941 3996 1009 4051 de
1047 3998 1254 4053 auxilio
1287 3997 1404 4068 Dei,
1437 4002 1584 4072 quod
1605 4003 1760 4060 vobis
1801 4006 2071 4062 accelerat
2097 4007 2184 4062 di-

597 4084 791 4138 missio
827 4086 984 4157 legis.
1033 4086 1131 4143 Vel
1171 4089 1338 4145 latius
1375 4093 1710 4164 accipiamus
1751 4096 1858 4152 hoc
1897 4097 1970 4152 ita
2018 4108 2080 4154 ut
2117 4099 2186 4154 ad
2225 4147 2234 4164 ._

592 4183 884 4246 utramque
929 4193 1167 4249 pugnam
1211 4183 1579 4251 respondeant
1621 4186 1740 4242 haec
1786 4188 1972 4244 verba.
2016 4187 2185 4256 Quasi
2229 4241 2234 4244 .

593 4261 799 4318 diceret
825 4282 838 4318 :
877 4263 988 4320 Vos
1017 4267 1274 4339 utrinque
1301 4271 1722 4342 impugnamini,
1751 4277 1846 4332 sed
1868 4279 2098 4348 gaudete
2127 4280 2182 4335 in

595 4353 826 4410 Domino
852 4361 1221 4430 semper,quia
1239 4361 1388 4434 digni
1425 4365 1559 4420 estis
1583 4383 1614 4421 a
1639 4370 2106 4438 persecutoribus,
2129 4382 2182 4428 et

592 4461 624 4500 ιι
659 4447 867 4516 pseudo
889 4464 988 4519 pro
1025 4452 1244 4508 nomine
1281 4454 1402 4524 ejus
1433 4457 1565 4526 pati.
1611 4457 1810 4514 lterum
1836 4459 1997 4516 dico:
2031 4461 2170 4517 Gau-

2307 585 2455 662 quod
2475 595 2630 664 petit,
2655 595 2910 653 idoneum
2947 609 3050 656 est.
3079 597 3376 658 Petitiones
3411 603 3660 658 dicuntur
3681 605 3738 662 de
3763 624 3822 663 re-

2305 683 2409 739 bus
2427 700 2551 756 qua:
2578 687 2741 744 modo
2773 700 3091 761 opportuna:
3120 703 3268 762 sunt,
3305 695 3472 750 modo
3495 704 3764 763 transeunt,
3783 711 3822 756 ut

2304 775 2487 847 pluvia
2514 777 2570 832 in
2601 779 2864 849 siccitate,
2897 791 3065 840 aestus
3098 783 3156 839 in
3199 801 3394 842 messe.
3431 785 3596 854 Quod
3626 803 3685 844 ex
3709 792 3822 847 vobis

2303 869 2554 938 potestis,
2583 869 2764 940 facite,
2798 881 2854 928 et
2885 873 2943 928 in
2972 891 3084 946 quo
3113 891 3215 934 vos
3239 877 3473 934 deﬁcitis
3501 877 3641 935 Deus
3663 896 3721 935 ex
3741 884 3822 952 pie-

2305 967 2415 1016 tate
2452 963 2720 1034 suppleat.
2761 962 2918 1030 Quod
2959 967 3042 1022 sic
3078 968 3194 1022 ait:
3227 967 3349 1022 Pax
3383 969 3506 1037 Dei,
3537 969 3590 1024 id
3615 980 3692 1026 est
3719 969 3822 1029 Deis

2303 1051 2477 1122 pacis,
2505 1063 2560 1110 et
2586 1069 2830 1126 congrue
2855 1057 3019 1129 27o
3053 1059 3211 1130 (quia
3237 1075 3478 1132 pugnam
3506 1061 3820 1131 patiebantur)

2303 1143 2551 1200 nominat
2571 1145 2662 1202 hic
2688 1146 2858 1202 Deum
2883 1149 3034 1218 pacis
3061 1166 3221 1220 ερατ,
3247 1150 3497 1222 inquam,
3525 1149 3620 1206 Dei
3642 1169 3740 1222 qua
3755 1171 3820 1207 e1-

2304 1247 2518 1306 superat
2566 1254 2771 1294 omnem
2819 1229 3076 1295 sensum:
3103 1241 3410 1298 intellectus
3455 1243 3602 1298 enim
3641 1243 3821 1298 hominis

2301 1343 2424 1384 eam
2452 1341 2646 1400 capere
2671 1347 2779 1388 non
2804 1332 3028 1400 suliicit;
3051 1348 3179 1404 pax,
3211 1334 3461 1405 inquam,
3483 1334 3598 1391 haec
3616 1336 3820 1389 custodiat

2303 1421 2485 1488 corda,
2515 1421 2569 1477 id
2594 1431 2678 1478 est
2705 1423 3013 1480 voluntates
3039 1432 3273 1491 vestras,
3303 1433 3357 1479 et
3381 1423 3738 1494 intelligentia:
3761 1440 3820 1479 u-

2302 1520 2442 1565 stras
2471 1513 2530 1566 in
2572 1510 2786 1568 Christo
2813 1512 2965 1582 Jesu,
3007 1515 3103 1586 qui
3136 1515 3306 1571 totius
3340 1515 3476 1571 boni
3503 1513 3816 1571 custodiaest.

2303 1599 2536 1666 Quidam
2558 1602 2702 1658 idem
2727 1603 3056 1675 intelligunt,
3083 1605 3180 1662 sed
3207 1621 3319 1662 non
3340 1604 3489 1661 idem
3513 1605 3707 1660 volunt.
3729 1603 3820 1671 Qui.

2302 1691 2428 1747 dam
2455 1693 2600 1749 idem
2633 1695 2845 1765 volunt,
2875 1696 2971 1766 qui
3007 1703 3190 1752 tamen
3221 1697 3366 1753 idem
3403 1711 3518 1753 non
3553 1696 3815 1767 intelligunt.

2371 1799 2448 1859 De
2475 1804 2761 1874 praeteritis
2785 1806 2867 1863 sic
2890 1823 2989 1864 vos
3015 1809 3275 1877 instruxi;
3301 1809 3366 1864 de
3390 1807 3672 1876 canem-id
3694 1807 3818 1863 estde

2227 1875 2272 1930 Β
2297 1892 2503 1967 futuro,
2537 1897 2753 1966 fratres,
2785 1900 3014 1970 cogitate
3046 1875 3367 1972 quwcunque
3401 1910 3528 1956 sunt
3553 1875 3680 1967 vero,
3715 1917 3814 1970 quc-

2297 2001 2498 2058 cunque
2525 1987 2738 2058 pudica.
2771 1987 2899 2046 Haec
2922 1989 3053 2058 duo,
3081 2007 3203 2046 vena
3226 2000 3282 2047 et
3305 1992 3526 2062 pudica,
3552 1992 3684 2046 circa
3701 1989 3814 2044 ﬁdem

2296 2079 2661 2150 accipiuntur,
2698 2097 2937 2154 quorum
2981 2084 3216 2140 alterum
3263 2085 3384 2142 sine
3427 2085 3597 2140 altero
3623 2083 3811 2139 licetne-

2295 2179 2460 2239 queat
2486 2185 2607 2227 esse
2635 2171 2690 2226 in
2726 2172 2851 2228 fide.
2879 2171 2938 2228 Si
2959 2174 3104 2230 enim
3133 2174 3337 2231 veritas
3362 2183 3453 2230 est
3481 2175 3537 2230 in
3565 2171 3662 2230 ﬁde
3679 2181 3724 2227 et
3743 2187 3812 2241 pu-

2295 2259 2502 2332 dicitia,
2530 2263 2658 2334 quia
2705 2264 2753 2319 si
2781 2264 2920 2321 falsa
2954 2265 3088 2322 tides
3125 2275 3230 2332 est,
3271 2275 3358 2321 est
3394 2265 3562 2322 etiam
3600 2262 3808 2326 adultera,

2299 2343 2481 2409 tamen
2509 2369 2619 2411 non
2662 2363 2791 2410 sunt
2815 2355 3110 2427 superﬂua,
3140 2356 3268 2427 quia
3295 2372 3491 2413 verum
3523 2363 3575 2412 et
3594 2351 3808 2426 pudicum.

2295 2443 2542 2501 diversas
2566 2444 2756 2502 laudes
2777 2445 2997 2518 signapt
3017 2447 3070 2501 in
3101 2446 3226 2503 lide.
3257 2446 3503 2520 Cogitate
3522 2446 3690 2511 etiam,
3711 2455 3810 2514 quc-

2296 2553 2498 2608 cunque
2517 2537 2670 2608 justa
2692 2538 2762 2594 ad
2782 2538 3118 2610 proximum,
3144 2556 3469 2612 quacunque
3493 2535 3730 2594 sanctain
3745 2548 3808 2588 vo-

2295 2617 2400 2698 bis,
2436 2646 2756 2702 quacunque
2787 2632 2953 2687 etiam
2981 2641 3110 2689 sunt
3131 2617 3412 2702 amabilia:
3437 2631 3494 2686 id
3519 2639 3594 2687 est
3623 2642 3706 2700 pro
3725 2625 3808 2696 qui-

2293 2721 2616 2791 buscunque
2639 2730 2856 2777 amatur
2873 2721 3066 2794 religio
3089 2733 3293 2791 vestra,
3322 2732 3382 2780 et
3408 2734 3703 2795 quiscunque
3719 2723 3806 2772 sunt

2295 2810 2442 2866 bonte
2470 2811 2649 2880 fama,
2673 2811 2728 2866 id
2753 2811 2924 2868 estde
2951 2812 3376 2883 quibuscunque
3409 2813 3554 2870 bona
3577 2812 3806 2882 loquuntur

2294 2900 2564 2956 homines.
2589 2899 2667 2956 ita
2688 2911 2872 2956 tamen
2895 2901 3020 2958 dico
3047 2903 3204 2959 bonas
3227 2902 3390 2960 fama:
3409 2904 3458 2958 si
3477 2920 3578 2975 qua
3602 2902 3804 2956 sirtssest

2295 2992 2350 3046 in
2371 2993 2470 3048 eis.
2495 2991 2591 3047 Vel
2611 2993 2658 3048 si
2679 3008 2790 3048 non
2812 3001 2896 3050 est
2917 3002 3067 3050 tanta
3079 2995 3280 3063 virtus,
3305 2995 3379 3052 sit
3395 2995 3470 3052 ibi
3487 2994 3664 3052 saltem
3675 2989 3804 3060 aliqu

2293 3084 2413 3138 laus
2439 3085 2768 3156 disciplinas;
2797 3085 2993 3142 suiiicit
3032 3087 3180 3143 enim
3205 3087 3554 3145 solummodo
3583 3081 3802 3154 disciplina

2293 3174 2625 3244 Christiana,
2673 3185 2735 3232 ut
2782 3188 3041 3250 appareat
3095 3179 3410 3238 laudabilis.
3471 3179 3710 3252 Cogitate,
3741 3171 3802 3226 in-

2291 3360 2566 3430 accepistis
2591 3375 2624 3416 a
2647 3374 2763 3428 me;
2795 3369 2851 3416 et
2881 3369 3038 3432 turpe
3066 3370 3151 3418 est
3189 3371 3251 3418 ut
3275 3361 3543 3418 deseratis
3575 3370 3680 3429 qua?
3705 3353 3800 3408 1³⁸³1⁸

2289 3451 2612 3524 incepistis,
2641 3468 2760 3524 qua:
2796 3453 2960 3508 etiam
2991 3453 3222 3508 audistis
3277 3470 3392 3508 esse
3434 3455 3491 3508 in
3529 3466 3624 3517 me,
3649 3455 3690 3500 et
3711 3453 3798 3498 cum

2288 3545 2433 3615 apud
2455 3559 2552 3601 vos
2577 3559 2758 3600 essem
2787 3544 2996 3600 vidistis
3034 3545 3090 3600 in
3117 3561 3215 3600 me.
3246 3543 3380 3600 Ηωο
3413 3559 3523 3600 non
3559 3539 3708 3597 solum
3735 3545 3799 3586 c0-

2289 3638 2474 3710 gitate,
2514 3639 2607 3694 sed
2633 3639 2799 3694 etiam
2841 3639 3002 3709 agite,
3029 3647 3080 3692 et
3125 3647 3256 3693 tunc
3283 3637 3430 3694 Deus
3465 3635 3602 3708 pacis
3623 3629 3704 3686 erit
3733 3638 3797 3680 oo-

2288 3730 2565 3800 operando
2599 3732 2886 3784 vobiscum.
2931 3729 3024 3785 Sic
3045 3744 3143 3784 vos
3167 3729 3234 3785 de
3256 3729 3460 3786 futuris
3487 3728 3734 3820 aquneo.‘
3752 3713 3799 3768 de

2286 3821 2573 3893 praeteritis
2595 3830 2778 3876 autem
2809 3822 3018 3892 gavisus
3043 3837 3158 3874 sum
3185 3821 3512 3876 uehementer
3534 3819 3584 3873 in
3607 3813 3795 3868 Domino.

2287 3910 2514 3976 scilicet,
2560 3911 2708 3980 quod
2743 3910 2957 3964 tandem
2998 3909 3173 3966 multo
3216 3917 3466 3980 tempore
3495 3900 3797 3992 praeterita-el

2286 4009 2416 4056 tunc
2436 4000 2747 4072 aliquando,
2772 3999 2826 4056 id
2839 4007 2924 4056 est
2946 4000 3114 4055 semel
3133 4014 3242 4055 non
3269 4000 3508 4070 amplius
3529 3989 3793 4086 reflat-sistit-

2283 4089 2422 4148 Cum
2442 4092 2588 4147 enim
2627 4090 2772 4162 apud
2797 4105 2898 4148 vos
2921 4105 3094 4160 eram,
3125 4100 3256 4148 tunc
3283 4092 3432 4148 circa
3473 4105 3556 4147 me
3575 4080 3794 4142 ﬂoruistis.

2281 4197 2431 4238 nunc
2471 4191 2654 4238 autem
2691 4181 3018 4240 reﬂoruistis
3051 4199 3164 4240 non
3201 4184 3384 4240 solum
3415 4163 3794 4240 ministraret!!!

2281 4274 2448 4328 etiam
2477 4275 2670 4328 sentire
2689 4291 2783 4345 pro
2807 4291 2908 4330 me.
2939 4273 3032 4330 Sic
3057 4275 3207 4330 enim
3231 4276 3416 4347 gravis
3441 4274 3543 4331 fuit
3561 4266 3791 4364 vobis

2280 4375 2516 4436 egestas,
2549 4382 2614 4422 ac
2650 4366 2698 4422 si
2723 4381 2820 4422 vcs
2849 4366 3054 4424 eisdem
3085 4366 3427 4440 indigeretis.
3469 4361 3661 4452 Sentire
3681 4355 3790 4452 flio?-

2279 4458 2417 4512 sicut
2451 4457 2581 4512 olim
2622 4473 2750 4513 cum
2777 4459 2923 4528 apud
2946 4473 3045 4514 vos
3076 4473 3253 4526 eram,
3279 4474 3380 4530 pro
3421 4474 3508 4514 me
3531 4447 3788 4511 sentiebatis.

590 4539 730 4594 dcte.
765 4539 974 4612 Duplex
999 4553 1085 4598 est
1115 4561 1318 4617 pugna,
1348 4548 1550 4620 duplex
1592 4538 1926 4609 exhortatio.
1961 4553 2052 4610 Sic
2076 4573 2178 4612 au-
2285 4549 2626 4608 Reﬂoruislis
2667 4553 3055 4608 convenienter
3093 4551 3188 4606 ait.
3236 4551 3392 4609 Sicut
3426 4551 3568 4609 enim
3591 4544 3650 4600 de
3677 4537 3788 4631 φνεν

589 4639 697 4685 tem
725 4631 974 4701 gaudete,
991 4643 1050 4688 ut
1065 4635 1356 4704 modestia,
1379 4638 1432 4693 id
1451 4649 1534 4695 est
1559 4643 1944 4711 temperantia,
1967 4644 2179 4714 patien—
2211 4626 2244 4631 v
2280 4643 2356 4700 ita
2383 4642 2593 4699 fructus
2615 4653 2961 4714 exspectatur
2980 4643 3048 4700 de
3068 4645 3172 4700 hac
3195 4639 3660 4700 administratione.
3677 4626 3790 4682 Nm

587 4722 677 4777 tiae
719 4733 912 4778 vestrae
943 4733 1070 4779 nota
1103 4725 1175 4780 sit
1215 4727 1474 4782 omnibus
1506 4729 1842 4786 hominibus.
1891 4731 1958 4787 Ut
1993 4744 2174 4789 autem

586 4815 822 4870 modesti
864 4816 1009 4883 sitis,
1043 4817 1240 4874 scitote
1273 4819 1402 4890 quia
1435 4819 1702 4877 Dominus
1727 4837 1896 4892 prope
1941 4833 2046 4892 est,
2080 4825 2178 4895 qui

2281 4735 2498 4792 tandem
2521 4733 2870 4805 reﬂoruistis,
2891 4734 2990 4792 sed
3009 4735 3164 4806 prius
3183 4737 3427 4806 occupati
3453 4730 3626 4795 eratis,
3645 4729 3688 4778 et
3703 4714 3789 4772 ίάθο

2278 4827 2624 4884 excusabiles
2646 4826 2800 4896 estis,
2831 4827 2880 4885 si
2917 4827 3136 4884 aliunde
3173 4827 3420 4898 impediti
3435 4838 3546 4882 non
3569 4811 3784 4876 ministras

587 4921 698 4958 non
735 4904 941 4960 deserit
967 4917 1248 4976 sperantes
1272 4907 1324 4962 in
1359 4925 1434 4963 se.
1467 4909 1534 4964 Et
1559 4910 1689 4991 quia
1719 4927 1886 4982 prope
1905 4921 2008 4980 est,
2039 4915 2175 4972 nihil
2274 4919 2398 4980 stis.
2434 4918 2657 4974 Gavisus
2683 4936 2801 4974 sum
2829 4919 3039 4990 utique,
3065 4928 3120 4976 et
3147 4936 3252 4974 non
3277 4920 3382 4976 hoc
3409 4921 3526 4973 dico
3548 4904 3682 4983 quaﬁi
3699 4911 3786 4993 Ρξῗ·

586 5009 717 5062 ergo
743 4995 964 5050 solliciti
993 4997 1134 5061 sitis,
1172 4997 1224 5052 id
1268 5007 1354 5054 est
1383 5014 1450 5054 ne
1482 5009 1862 5080 persecutores
1885 5001 2172 5070 dubitetis,

587 5082 666 5137 Ne
694 5084 813 5140 sitis
847 5086 1018 5154 dubii,
1051 5089 1142 5142 sed
1172 5090 1337 5158 petite
1373 5092 1429 5144 in
1469 5095 1610 5147 omni
1645 5077 1906 5162 oratione,
1943 5105 1993 5150 et
2029 5097 2164 5152 abse-

587 5172 844 5238 cratione,
888 5185 939 5228 et
967 5192 1083 5230 cum
1127 5181 1426 5249 gratiarum
1450 5183 1676 5238 actione.
1717 5183 1908 5240 Oratio
1947 5186 2171 5254 dicitur,

585 5263 812 5332 quando
847 5280 934 5321 res
967 5266 1322 5338 impetrabilis
1353 5273 1554 5341 petitur
1587 5285 1641 5329 et
1672 5275 2033 5347 deprecative.
2063 5276 2174 5332 Ob-

587 5356 822 5411 secratio
844 5357 1062 5426 dicitur,
1091 5364 1312 5432 quando
1335 5378 1431 5432 per
1453 5366 1828 5435 adjuramenta
1859 5379 1912 5424 et
1938 5372 2083 5440 quod
2107 5372 2174 5426 ad

587 5447 994 5518 impetrandum
1023 5453 1238 5510 diilicile
1272 5453 1485 5508 videtur
1509 5459 1876 5526 postulamus.
1918 5460 2170 5518 Redditio

583 5539 750 5594 etiam
797 5543 1096 5611 gratiarum
1140 5545 1209 5600 ad
1254 5546 1598 5616 impetranda
1643 5549 1828 5607 futura
1870 5553 2020 5610 utilis
2064 5563 2167 5620 est,

583 5631 730 5688 sicut
761 5631 1038 5706 ingratum
1075 5653 1197 5695 esse
1241 5653 1480 5694 noenum
1510 5649 1613 5696 est.
1660 5641 1754 5699 Sic
1793 5653 1972 5700 autem
2004 5646 2170 5716 petite

583 5731 641 5776 ut
673 5725 952 5793 petitiones
995 5741 1180 5786 vestrm
1215 5733 1550 5786 innotescunt
1591 5735 1734 5804 apud
1773 5734 1964 5804 Deum,
2005 5736 2058 5802 id
2085 5745 2170 5792 est

585 5817 817 5880 cognita:
847 5829 900 5875 et
935 5825 1241 5893 approbata:
1275 5825 1384 5881 sint
1425 5826 1567 5896 apud
1592 5825 1786 5882 Deum.
1832 5825 1986 5884 Tunc
2020 5829 2164 5900 apud

2269 5016 2391 5077 pter
2409 5009 2704 5077 penuriam,
2731 5023 2854 5078 qua:
2881 4985 3226 5080 mibi-gravis
3265 5017 3440 5074 esset;
3469 5020 3556 5078 ego

2274 5097 2382 5150 dici
2403 5113 2513 5152 esse
2535 5097 2796 5167 sit/ﬁciens
2831 5099 2888 5152 in
2913 5078 3306 5170 quibuscunque
3334 5116 3470 5154 sum.
3495 5093 3604 5152 Scio
3620 5078 3782 5141 enim“

2273 5187 2572 5255 humiliari,
2609 5189 2661 5244 id
2699 5199 2783 5244 est
2828 5190 3136 5260 panperari.
3192 5189 3312 5245 Scio
3351 5192 3508 5245 etiam
3549 5171 3772 5262 attulitlath

2272 5279 2365 5334 Ille
2395 5281 2496 5335 scit
2533 5281 2833 5348 humiliari,
2869 5283 2963 5353 qui
3003 5299 3111 5336 non
3139 5281 3411 5352 irangitur
3445 5279 3674 5350 egestam
3705 5261 3778 5310 sm

2275 5372 2572 5440 abundare,
2601 5373 2648 5428 si
2691 5389 2816 5428 cum
2856 5375 3181 5430 auctoritate
3223 5375 3375 5430 novit
3415 5357 3774 5458 subditi-suited:

2279 5479 2422 5530 rare,
2449 5479 2558 5518 non
2587 5471 2766 5519 tamen
2797 5463 2900 5520 sibi
2937 5465 3004 5519 ad
3045 5465 3292 5536 gloriam,
3319 5465 3411 5520 sed
3454 5462 3516 5517 ad
3551 5447 3770 5510 utilium“

2275 5553 2551 5611 Ecclesiae.
2582 5553 2704 5610 Scio
2726 5555 3004 5610 Immiliari
3027 5565 3078 5612 et
3103 5557 3402 5621 abundare;
3425 5567 3518 5626 θεο
3543 5539 3768 5639 eni‘f‘f'ff'

2273 5647 2571 5716 institutus,
2591 5647 2742 5716 idest
2760 5655 3012 5704 assuetus
3035 5647 3257 5717 ubique,
3283 5646 3334 5701 id
3355 5625 3506 5702 estin
3525 5627 3650 5730 οηυξξ
3665 5625 3765 5730 lg?

2273 5739 2388 5794 sive
2400 5738 2508 5794 sint
2520 5738 2592 5794 ibi
2605 5739 2760 5809 pauci
2771 5754 2888 5805 ,seu
2902 5739 3207 5809 plures,seu
3221 5751 3501 5808 pauperes,
3511 5741 3592 5785 seu
3603 5719 3762 5806 divites.

2273 5829 2340 5887 Et
2361 5833 2416 5886 in
2443 5829 2683 5886 Omnibus
2709 5832 2875 5887 rebus
2896 5845 3018 5887 sum
3045 5845 3148 5902 ego
3179 5829 3482 5896 institutus,
3503 5829 3548 5878 et
3567 5811 3760 5873 satura".
