3928 6410
1606 330 1637 366 3

130 402 262 459 5'53

784 365 1199 463 “measure
1233 405 1303 462 1N
1337 402 1721 469 EPISTOLAS
1757 411 1985 469 PAULI.
2026 446 2097 455 -
2128 414 2201 469 1N
2241 412 2458 475 EPlST.
2503 415 2762 480 AD‘COI'

3323 432 3448 490 ὅτε

130 525 189 571 κ
230 532 479 617 esurire;
596 516 1106 617 tut-latiusdteam)
1132 523 1243 617 scio
1280 522 1551 581 abundare
1573 534 1625 611 et
1653 543 1744 597 ρε-
1774 533 1821 588 A
1848 528 1978 585 Deo.
2008 530 2112 587 Per
2133 532 2417 589 incensum
2445 538 2559 607 (qui
2583 538 2785 593 dicitur
2812 539 2950 596 odor
2976 544 3161 600 suavis
3188 544 3322 617 Deo)
3348 549 3446 604 εἰη

129 610 378 664 auriam
418 612 554 681 pati.
596 610 663 666 Et
688 611 814 669 licet
855 613 1033 670 dicam
1068 616 1179 670 scio
1220 618 1370 687 pati,
1407 626 1536 683 etc.,
1561 605 1742 674 tamen

129 700 273 757 hac
318 703 499 757 omnia
530 720 765 773 possum,
793 720 902 761 non
942 706 999 761 in
1028 707 1241 764 viribus
1274 711 1432 777 meis,
1466 711 1559 766 sed
1588 711 1643 765 in
1683 726 1745 765 eo

131 795 457 865 adiuvante
484 798 575 868 qui
602 814 681 852 me
715 814 813 868 per
847 800 1076 871 gratiam
1119 816 1279 857 suam
1309 804 1647 874 confortarit.
1678 803 1745 860 Et

131 884 285 942 licet
334 885 565 942 dixerim
613 903 702 944 me
752 900 859 943 non
906 898 1128 960 propter
1172 892 1458 962 penuriam
1493 892 1742 963 gavisum

130 993 301 1051 esse,
331 989 692 1036 venustam
723 995 834 1036 non
881 997 1005 1038 sum
1035 982 1280 1054 ingratus
1316 983 1616 1050 beneﬁciis,
1647 976 1742 1041 sed

130 1064 281 1122 bene
313 1054 520 1137 [delatis
546 1070 993 1129 communicantes
1023 1073 1360 1129 tribulationi
1390 1090 1538 1142 metu,
1570 1076 1623 1131 id
1659 1066 1748 1134 est

133 1157 303 1213 mihi
316 1158 594 1215 tribulam.
617 1158 758 1217 'Dico
777 1161 889 1216 scio
921 1163 1192 1219 abundare
1214 1174 1266 1219 et
1298 1167 1575 1235 penuriam
1594 1170 1710 1238 poti
1720 1186 1755 1234 ;ν

132 1265 233 1304 eos
272 1258 487 1319 autem,
527 1267 562 1307 o
589 1251 979 1325 Philippenses,
1008 1256 1128 1313 huic
1163 1257 1337 1324 scitis,
1368 1258 1496 1329 quia
1529 1260 1742 1331 quando

132 1347 425 1413 proiectus
456 1361 575 1400 sum
610 1362 644 1400 a
674 1345 1009 1417 Macedonia,
1045 1350 1100 1405 in
1129 1351 1401 1423 principio
1439 1346 1739 1426 Evangelii,

130 1435 320 1491 nulla
338 1435 584 1492 Ecclesia
613 1441 1019 1496 communicauit
1056 1443 1200 1498 mihi
1223 1445 1280 1498 in
1314 1447 1556 1514 ratione,
1576 1445 1633 1502 id
1656 1455 1743 1503 est.

133 1526 195 1582 in
217 1528 675 1585 consideratione
693 1530 886 1587 datiict
914 1530 1137 1604 accepti;
1168 1543 1228 1590 ut
1255 1536 1627 1593 consideraret
1651 1553 1740 1594 me

131 1617 282 1675 dare
309 1620 420 1677 sibi
460 1619 787 1691 spiritualia,
820 1633 875 1679 et
901 1640 993 1682 me
1033 1626 1234 1682 debere
1266 1627 1336 1684 ab
1367 1628 1450 1685 eis
1491 1630 1740 1704 accipere

132 1711 416 1768 carnalia.
447 1710 544 1768 Vel
577 1728 876 1771 econverso
903 1716 1050 1786 quod
1081 1717 1353 1788 acciperet
1383 1735 1429 1774 α-
1455 1735 1541 1775 me
1575 1720 1737 1791 spiri-

134 1803 339 1870 tualia,
378 1812 444 1860 et;
458 1804 833 1864 deberetdare
861 1809 1202 1879 temporalia.

210 1893 423 1963 Nulla,
448 1895 695 1966 hiquam,
740 1901 1169 1969 communicavit,
1206 1902 1311 1956 nisi
1349 1919 1437 1957 vos
1480 1904 1604 1971 soli,
1646 1907 1738 1976 qui

132 1986 379 2041 misistis
404 1986 537 2041 mihi
565 1985 997 2055 Thessalonicam
1028 2001 1078 2046 ct
1103 1991 1263 2046 semel
1303 2002 1353 2048 et
1381 1993 1483 2060 bis,
1514 2010 1626 2050 non
1653 2004 1738 2050 ta-

132 2093 267 2133 men
300 2077 365 2135 in
406 2079 849 2151 congregant-lum
892 2080 1237 2151 thesaurum,
1263 2083 1360 2140 sed
1386 2085 1446 2138 in
1470 2102 1645 2154 usum,
1682 2086 1738 2142 id

130 2177 219 2225 est
240 2169 405 2240 quod
427 2170 555 2226 usui
590 2186 716 2239 meo
736 2170 1027 2229 sulﬁceret.
1055 2171 1310 2230 Dicerem
1328 2174 1405 2231 illi
1430 2195 1444 2231 :
1479 2175 1605 2233 ideo
1633 2191 1736 2234 nos

132 2261 357 2329 laudat,
385 2271 449 2318 ut
480 2261 561 2319 sic
593 2278 697 2320 nos
721 2263 790 2319 ad
823 2264 1067 2321 dandum
1094 2260 1340 2323 inducat.
1364 2266 1448 2323 Ad
1472 2268 1577 2323 hoc
1599 2267 1738 2324 Pau-

134 2352 220 2406 lus
242 2372 259 2408 :
286 2351 423 2407 Non
444 2353 895 2422 ideososlaudo,
913 2356 1041 2426 quia
1059 2370 1239 2427 qurero
1261 2356 1469 2424 datum,
1494 2357 1548 2411 id
1566 2369 1652 2413 est
1675 2366 1738 2414 ut

131 2442 283 2499 detis
297 2443 461 2510 mihi,
478 2442 568 2498 sed
587 2445 796 2515 requiro
816 2445 1175 2501 abundantem
1186 2446 1423 2517 ﬂuctum
1437 2448 1493 2502 in
1508 2449 1734 2516 ratione,

135 2537 191 2592 id
240 2547 338 2594 est
377 2538 433 2593 in
478 2538 955 2596 administratione
992 2549 1167 2595 vestra
1207 2536 1277 2597 ex
1318 2541 1534 2597 ratione
1568 2542 1731 2598 facta.

133 2629 315 2696 Quasi
356 2630 565 2687 diceret
590 2674 603 2686 .
620 2629 761 2686 “Non
790 2646 979 2688 amore
1016 2633 1336 2704 accipiendi-
1362 2649 1552 2705 quaero
1574 2650 1605 2689 a
1639 2650 1738 2690 vo-

135 2721 244 2787 bis,
271 2721 381 2779 sed
401 2729 463 2776 ut
481 2723 768 2778 exhibeam
800 2737 889 2778 me
929 2739 1186 2795 capacem
1215 2725 1504 2780 materiam
1540 2736 1738 2783 vestrae

134 2810 301 2881 271
332 2810 680 2882 benignitati,
703 2821 769 2868 ut
783 2813 866 2870 sic
887 2812 1219 2870 fructiﬁcare
1239 2814 1433 2886 possit.
1458 2813 1586 2870 Ideo
1627 2831 1737 2872 non

136 2916 333 2971 qum
364 2900 576 2970 datum,
597 2904 727 2974 quia
740 2919 844 2976 ego
867 2904 1030 2960 habeo
1050 2906 1255 2974 omnia,
1287 2914 1662 2978 quae-oportet,
1683 2915 1735 2961 et

136 2992 428 3049 abundoiu
442 2993 569 3049 illis.
584 2994 818 3051 Abundo
835 2996 1045 3067 utique,
1059 2997 1190 3069 quia
1214 2996 1443 3067 repletus
1454 3013 1574 3053 sunt
1596 3004 1761 3052 acce-'

136 3084 243 3154 ptis
264 3085 342 3139 ab
368 3082 732 3156 Epaphrodito
749 3103 869 3158 quae
891 3089 1113 3144 misistis
1141 3090 1199 3145 in
1219 3088 1433 3145 odorem
1452 3090 1735 3144 suavitatis

153 3214 1938 3249 Μ

1845 619 2134 692 gniﬁcatur
2161 623 2358 679 oratio.
2384 623 2508 681 Haec
2530 636 2711 682 autem
2734 629 3075 703 elwmosyna
3106 648 3217 688 non
3242 635 3449 694 minus.

1846 721 2003 784 grata
2030 712 2133 769 fuit
2173 714 2282 770 Deo
2307 733 2470 788 quam
2501 719 2692 774 devota
2731 722 2927 776 oratio.
2961 721 3187 780 Misistis
3207 733 3262 781 et
3282 726 3441 786 hanc:

1845 808 2091 863 eamdem
2109 807 2337 862 hostiam
2351 820 2617 881 acceptant
2643 812 2773 880 Deo,
2797 829 2896 869 nec
2922 817 3311 887 quoquomodo
3341 834 3447 876 ac-.

1844 906 2079 969 ceptam,
2102 899 2197 955 sed
2237 899 2376 956 bene
2404 902 2696 973 placentem
2732 904 2859 961 Deo.
2882 905 3069 963 Hostia
3106 910 3425 980 vocabatur,

1843 991 1991 1063 quod
2024 1007 2124 1067 pro
2177 991 2404 1049 devictis
2438 995 2521 1066 vel
2568 996 2917 1054 devinciendis
2952 998 3203 1057 hostibus
3232 1001 3453 1058 oll‘ere—.

1844 1082 2026 1138 batur.
2074 1081 2140 1139 lli
2183 1093 2388 1153 autem,
2431 1086 2478 1141 si
2513 1103 2573 1143 se
2611 1088 2696 1144 vel
2725 1090 3064 1158 verberibus,
3092 1093 3177 1147 vel
3199 1092 3447 1163 jejuniis.

1845 1187 2174 1247 mactarunt,
2204 1187 2265 1235 ut
2304 1181 2594 1238 invisibilis
2631 1183 2807 1239 hostis
2832 1185 3159 1242 tcntati‘ones
3199 1202 3425 1257 supera-

1843 1276 1987 1336 rent,
2023 1283 2134 1324 non
2171 1267 2347 1340 magis
2379 1270 2655 1340 placerent
2694 1270 2803 1328 Deo
2832 1288 2998 1344 quam
3027 1274 3144 1330 haec
3183 1274 3423 1330 admini-

1843 1359 2055 1416 stratio.
2110 1359 2369 1430 Repletus
2417 1377 2539 1417 sum
2568 1378 2604 1417 a
2640 1361 2816 1429 vobis,
2868 1363 3009 1419 Deus
3052 1372 3230 1420 autem
3278 1382 3422 1420 meus

1840 1451 2060 1523 impleat
2111 1468 2262 1507 omne
2301 1453 2621 1529 desiderium
2665 1463 2915 1509 vestrum.
2956 1452 3077 1511 Non
3122 1456 3444 1514 secundum

1840 1543 1949 1599 hoc
1968 1543 2116 1614 quod
2136 1544 2440 1613 meruistis,
2472 1545 2567 1601 sed
2589 1546 2875 1601 secundum
2891 1546 3108 1609 divitias
3135 1564 3278 1603 suas.
3310 1547 3423 1603 lm-

1839 1634 2137 1705 pleatdlco
2153 1637 2210 1691 in
2239 1636 2413 1708 gloria
2435 1647 2490 1693 et
2519 1638 2626 1693 hoc
2650 1639 2706 1693 in
2735 1638 2948 1696 Christo
2967 1636 3119 1706 Jcsu,
3156 1638 3423 1695 distribu-

1837 1735 1957 1782 tore
1983 1727 2188 1799 gloriae.
2237 1727 2378 1796 Quia
2408 1744 2496 1784 me
2529 1729 2837 1801 replevistis
2866 1730 2947 1786 sic
2981 1744 3083 1786 oro
3116 1744 3217 1801 pro
3240 1730 3425 1797 vobis;

1840 1816 1952 1874 Deo
1994 1830 2173 1874 autem
2197 1828 2248 1875 et
2291 1819 2452 1875 Patri
2479 1830 2657 1875 nostro
2705 1836 2805 1892 pro
2831 1821 2920 1877 his
2946 1830 3000 1877 et
3019 1835 3120 1892 pro
3162 1819 3459 1897 omnibus.

1840 1927 1964 1980 quae
2009 1910 2150 1967 bene
2180 1911 2441 1984 gerimus,
2472 1912 2544 1968 sit
2566 1912 2740 1983 gloria
2763 1914 2818 1967 in
2851 1911 3053 1968 stecula
3074 1912 3271 1968 horum
3320 1927 3426 1966 ste-

1840 2002 2083 2056 culorum
2112 2003 2483 2059 consecutiva.
2538 2003 2725 2058 Amen.
2774 2002 3020 2058 Salutate
3066 2019 3271 2057 omnem
3295 2019 3426 2058 sau-

1839 2102 1984 2147 ctum
2007 2095 2064 2148 in
2091 2093 2305 2149 Christo
2334 2094 2485 2150 Iesu.
2533 2093 2649 2150 Hoc
2687 2095 2763 2149 ait
2786 2094 2857 2167 de
2876 2094 3162 2164 discipulis
3205 2093 3343 2161 suis,
3374 2094 3447 2150 si‘

1837 2183 1980 2243 forte
2030 2178 2478 2257 pertranscuntes
2528 2187 2778 2243 viderent
2827 2185 2971 2243 illos.
3024 2184 3275 2242 Salutant
3332 2203 3423 2242 vos
3450 2234 3469 2245 ,.

1839 2275 2034 2346 fratres
2068 2277 2160 2348 qui
2199 2292 2401 2332 mecum
2425 2285 2569 2332 sunt.
2614 2275 2731 2332 Hoc
2783 2276 2981 2331 iterum
3022 2275 3092 2331 de
3136 2274 3449 2346 discipulis

1838 2368 1955 2426 suis
1985 2368 2078 2439 qui
2100 2384 2288 2425 secum
2314 2377 2473 2424 erant
2494 2369 2590 2423 ait.
2624 2366 2876 2423 Salutant
2902 2382 2991 2421 vos
3014 2382 3191 2420 omnes
3216 2367 3419 2434 sancti;

1841 2459 1955 2517 haec
1995 2460 2074 2515 ait
2106 2460 2174 2516 de
2216 2461 2519 2517 conversis.
2572 2459 2814 2515 Maxime
2837 2467 3016 2512 autem
3056 2458 3300 2514 salutant
3323 2471 3426 2512 vos

1840 2550 1898 2604 hi
1923 2550 2014 2619 qui
2043 2558 2168 2602 sunt
2190 2549 2257 2602 de
2289 2548 2447 2603 domo
2496 2547 2746 2605 Caesaris.
2777 2546 2966 2603 Voluit
2991 2547 3300 2617 signiﬁcare
3317 2546 3433 2613 eis,

1837 2640 1905 2696 de
1955 2630 2161 2694 familia
2215 2637 2450 2694 Neronis
2494 2639 2761 2709 quosdam
2810 2653 2909 2709 per
2948 2650 3427 2693 eum'conversos

1837 2746 1983 2796 esse,
2004 2726 2242 2801 quorum
2280 2744 2385 2800 ope
2422 2729 2774 2785 existimabat
2803 2744 2863 2784 se
2887 2741 3179 2791 evasurum
3206 2733 3269 2782 ut
3296 2724 3428 2781 visi-

1841 2831 1980 2878 taret
2001 2837 2123 2878 eos.
2166 2820 2396 2892 Signum
2431 2819 2946 2891 EpistolaCratia
2990 2818 3206 2872 Domini
3255 2816 3427 2871 nostri

1836 2912 1966 2968 Iesu
1995 2912 2198 2969 Christi
2224 2928 2347 2967 cum
2370 2913 2565 2983 spiritu
2588 2920 2756 2966 vestro
2789 2910 2882 2976 sit,
2904 2917 2967 2964 ut
2988 2908 3044 2963 in
3082 2906 3425 2979 spiritalibus

1839 3001 1951 3065 Deo
1980 3000 2253 3069 serviatis,
2280 3001 2336 3055 in
2357 3009 2547 3071 quoet
2572 2998 3077 3072 sempergaudetis.
3122 2996 3310 3051 Amen.

1940 3212 3418 3252 Msa

793 3319 1288 3377 ABGUMENTUM
1328 3320 1398 3376 IN
1438 3321 1833 3379 EPISTOLAM
1869 3321 2075 3377 PAULI
2115 3321 2205 3377 AD
2243 3316 2755 3376 COLOSSENSES.

202 3432 610 3507 Colossenses.
628 3432 848 3507 sicutet
872 3433 1420 3507 Laodiceqsegthsunt
1441 3434 1651 3502 Asiani;
1685 3434 2160 3507 etipsiprzeventi
2185 3441 2341 3507 erant
2369 3450 2401 3489 a
2427 3432 2917 3507 pseudoapostolis.
2938 3430 3058 3507 _Ncc
3094 3431 3290 3507 a_d_hos
3308 3446 3416 3507 ,θει-

137 3504 311 3581 cessit
342 3502 662 3584 Apostplus,
691 3503 862 3584 sedet
882 3505 1105 3584 hosper
1124 3500 1424 3584 Epistolam
1457 3500 1703 3584 corrigit.
1725 3500 2001 3584 Audierat
2027 3506 2171 3560 enim
2198 3500 2515 3584 verbum—ah
2535 3500 2828 3584 Archippo,
2860 3502 2952 3572 qui
2975 3512 3029 3557 et
3052 3500 3431 3584 ministerium

138 3571 193 3625 in
215 3571 578 3649 e_os_ac'cepit.
605 3573 747 3643 Ergo
770 3571 1067 3645 Apostolus
1084 3571 1201 3646 jam
1225 3574 1447 3647 ligatus,
1473 3571 1665 3632 scribit
1691 3576 1772 3634 eis
1801 3578 1871 3633 ab
1902 3575 2148 3649 Epheso,
2190 3590 2287 3644 per
2325 3572 2624 3646 Tychicum
2663 3571 2979 3639 diaconum,
3013 3580 3067 3627 et
3100 3571 3449 3630 Onesimum.

138 3643 489 3714 acolythum.

147 3756 3411 3794 Μ

1118 3840 1495 3899 PROLOGUS
1529 3841 1592 3897 Β.
1633 3839 1984 3897 BRUNONIS
2022 3838 2090 3894 IN
2130 3837 2444 3893 EAMDEM.

209 3951 273 4008 lii
322 3951 688 4010 Colossenses
717 3968 888 4010 nsran
929 3965 1106 4025 erant,
1152 3954 1340 4011 amnes
1382 3954 1735 4011 Laodicensi-
1761 3958 1804 4018 C
1837 3952 2142 4011 secundum
2189 3951 2495 4008 doctrinam
2527 3948 2787 4020 Archippi
2834 3956 2890 4003 et
2926 3946 3212 4017 Epaphrm,
3239 3959 3443 4015 super-Ar
3496 3938 3507 3953 '

145 4045 269 4114 bus,
303 4045 517 4116 quibus
539 4045 596 4100 in
618 4045 945 4118 Apocalypsi
988 4045 1227 4102 JOannes
1256 4046 1459 4102 scribit
1475 4063 1601 4102 cum
1639 4062 1738 4102 cae-

147 4137 277 4194 teris
317 4136 608 4204 Ecclesiis,
655 4136 858 4208 quibus
892 4137 1145 4194 similiter
1180 4138 1385 4194 Paulus
1436 4137 1736 4210 Epistolam

145 4228 394 4302 scripsit,
427 4230 558 4301 quia
581 4230 931 4286 tentabantur
953 4229 1206 4295 similiter
1235 4230 1266 4286 a
1300 4231 1736 4306 pseudoaposto—

145 4323 231 4392 ris,
252 4331 311 4379 et
332 4322 593 4394 praecepit
612 4331 671 4378 ut
690 4320 933 4393 Epistola
952 4322 1365 4379 Colossensium
1386 4322 1657 4391 legeretur
1678 4322 1736 4378 in

152 4414 399 4472 Ecclesia
418 4407 867 4482 Laodicensium;
889 4424 945 4471 et
958 4430 990 4470 e
1012 4430 1300 4471 converso.
1314 4413 1412 4471 llis
1433 4423 1616 4472 autem
1629 4415 1737 4471 Co-

148 4506 492 4569 lossensibus
534 4523 642 4565 non
695 4508 1088 4582 prmdicavcrat
1121 4504 1346 4573 Paulus,
1399 4522 1502 4565 nec
1528 4506 1605 4562 ad
1639 4520 1737 4563 eos

148 4605 395 4663 venerat,
434 4597 527 4653 sed
568 4597 879 4668 Archippus
912 4595 1218 4667 discipulus
1241 4594 1417 4661 Pauli,
1449 4594 1594 4651 illius
1625 4593 1737 4649 for-

150 4676 295 4745 tasse
342 4687 708 4754 Philemonis,
753 4688 847 4743 cui
888 4687 1094 4743 Paulus
1134 4704 1233 4758 pro
1263 4687 1524 4742 Onesimo
1548 4700 1738 4742 recon-
1772 4700 1775 4701 '

150 4780 391 4837 ciiiando
416 4780 632 4847 scribit,
667 4780 1063 4852 praedicaverat
1099 4780 1226 4847 illis,
1268 4787 1325 4834 et
1344 4778 1413 4833 ad
1449 4778 1609 4833 [idem
1642 4790 1738 4832 eos

150 4880 520 4930 converterat.
551 4872 764 4940 Quibus
791 4872 910 4943 jam
938 4871 1019 4928 sic
1058 4871 1112 4926 in
1140 4871 1243 4927 tide
1266 4869 1556 4947 promotis,
1593 4867 1738 4940 Epa-

151 4963 316 5033 phras
342 4964 592 5035 quidam,
624 4980 689 5018 ex
735 4963 927 5020 eodem
969 4963 1170 5034 populo
1205 4970 1389 5028 natus,
1436 4961 1739 5016 instructus

150 5057 217 5111 eti
256 5072 312 5110 in
350 5073 384 5112 a
418 5055 587 5111 Paulo
632 5058 685 5115 in
725 5057 851 5123 title,
906 5054 1241 5127 supervenit,
1269 5053 1547 5109 atllrmans
1592 5052 1739 5124 quod

154 5146 464 5221 Archippus
504 5146 1048 5221 praedi‘careratillis.
1074 5146 1248 5214 Quem
1280 5138 1523 5204 libenter
1552 5143 1740 5201 audie-

154 5252 275 5295 runt
293 5239 553 5297 concives
573 5239 684 5307 sui,
709 5248 763 5295 et
793 5253 888 5310 per
925 5254 1051 5294 eum
1090 5237 1486 5294 incrementum
1517 5250 1741 5306 accepe-

1839 4055 2110 4110 venerunt
2160 4044 2391 4117 pseudo,
2426 4041 2786 4117 praﬂicantes
2818 4039 2927 4095 illis
2950 4038 3147 4110 legem.
3177 4033 3449 4107 Populus.

1836 4152 2020 4200 autem
2051 4139 2231 4196 adhuc
2272 4134 2449 4203 rudis,
2475 4126 2799 4195 existimans
2835 4146 2933 4188 eos
2971 4144 3096 4187 esse
3121 4126 3423 4183 audiendos

1838 4249 1949 4292 non
1980 4231 2169 4288 minus
2194 4242 2360 4300 quam
2397 4225 2521 4281 illOs
2552 4221 2930 4296 priores,_lere
2957 4218 3254 4290 incipiebat
3290 4229 3427 4273 con-

1837 4325 2043 4384 sentire
2057 4323 2159 4381 eis.
2183 4320 2292 4378 Sed
2320 4317 2628 4392 Epaphras,
2652 4315 2881 4372 audiens
2900 4310 3224 4384 Apostolum
3253 4323 3429 4381 prope

1834 4432 1958 4475 esse
1978 4413 2202 4487 Ephesi,
2232 4409 2552 4484 pertransiit
2574 4408 2643 4464 ad
2672 4407 2849 4474 illum,
2889 4403 3151 4460 nuntians
3176 4400 3253 4456 illi
3277 4398 3426 4456 ordi-

1832 4525 1963 4568 nem
1987 4506 2091 4575 rei,
2115 4514 2176 4562 οι
2190 4501 2576 4576 postulansab
2595 4514 2662 4556 eo
2684 4507 2747 4556 ut
2766 4488 3210 4570 praedicationem
3240 4505 3425 4559 suam,

1835 4602 2000 4673 272
2035 4607 2092 4656 et
2127 4594 2397 4669 Archippi
2442 4592 2796 4650 conﬁrmaret
2841 4603 2939 4660 per
2978 4583 3283 4673 Epistolam
3313 4580 3433 4637 illis

1835 4671 2089 4757 missam,
2133 4703 2326 4744 eorum
2380 4699 2515 4740 vero
2552 4689 2764 4753 partem
2805 4678 2901 4750 qui
2956 4671 3421 4738 contradicebant,

1838 4781 2191 4852 improbaret.
2239 4776 2357 4833 Hac
2396 4774 2687 4830 occasione
2714 4770 2921 4825 Paulus
2946 4765 3135 4823 scribit
3171 4762 3255 4846 eis
3277 4761 3424 4816 hanc
3522 4766 3563 4852 it

1837 4869 2158 4943 Epistolam,
2182 4868 2237 4922 in
2264 4882 2371 4939 qua
2414 4863 2701 4921 materiam
2742 4859 2905 4915 habet
2942 4855 3221 4913 Christum
3262 4860 3320 4908 et
3341 4852 3422 4943 le-
3524 4852 3565 4926 ξ’

1837 4941 1991 5033 gétn;
2025 4960 2080 5015 bi
2112 4960 2258 5015 enim
2283 4957 2587 5019 Christum,
2617 4953 2695 5007 illi
2730 4952 2903 5022 legem
2931 4945 3319 5020 praedicabant.
3345 4941 3423 5001 De

1773 5045 1779 5053 ’
1839 5053 1928 5109 his
1950 5053 2031 5108 sic
2053 5051 2165 5124 agit
2183 5047 2538 5121 approbando
2566 5045 2727 5100 ﬁdem
2761 5041 2991 5105 Christi,
3023 5037 3213 5094 multis
3233 5044 3287 5093 et
3305 5036 3420 5092 evi-

1837 5142 2093 5201 dentibus
2113 5142 2329 5208 causis,
2347 5149 2399 5196 et
2428 5136 2789 5229 improbando
2814 5134 2989 5206 legem
3012 5145 3121 5187 non
3145 5130 3289 5186 ultra
3305 5126 3421 5229 iam

1841 5250 1963 5294 esse
1990 5232 2301 5292 tenendam.
2341 5231 2416 5286 Ea
2452 5220 2852 5289 intentione'de
2871 5234 3103 5296 utroque
3131 5222 3213 5285 sic
3234 5220 3346 5293 agit
3366 5228 3427 5276 ut

155 5342 277 5387 runt
325 5331 478 5388 ﬁdei.
506 5330 642 5387 Dum
674 5340 856 5387 autem
890 5326 1148 5386 ﬂorerent
1185 5330 1239 5385 in
1270 5329 1375 5385 llde
1399 5328 1742 5390 ambulantes
1772 5318 1821 5380 ι)
1845 5328 2132 5386 conﬁrmet
2165 5340 2263 5381 eos
2287 5324 2341 5378 in
2374 5323 2609 5394 puritate
2633 5320 2755 5376 ﬁdei
2783 5320 2878 5391 qui
2908 5326 2990 5373 est
3018 5315 3291 5370 Christus.
3468 5398 3473 5413 ξ

169 5475 1740 5516 W

1843 5447 3422 5491 ..Μ-Μ
3603 5472 3609 5485 ι

919 5587 1503 5713 EPISTULA
1574 5590 1736 5675 AD
1784 5576 2603 5713 eotosseuses
3466 5566 3521 5681 ξ’

620 5756 625 5767 ξ
669 5740 897 5798 CAPUT
924 5708 1227 5797 primum.
1660 5772 1675 5777 ρ

236 5851 256 5888 ι
306 5831 512 5891 Paulus
550 5833 835 5906 apostolus
868 5829 999 5890 Jesu
1029 5830 1236 5891 Christi
1276 5846 1373 5904 per
1400 5830 1737 5888 voluntatem

1858 5754 1876 5789 ι
1921 5734 2039 5801 Dei,
2063 5741 2120 5791 et
2163 5732 2484 5790 Timotheus
2522 5727 2954 5796 fratcr,.hisqgi
2992 5733 3119 5780 sunt
3156 5720 3423 5785 Colossis.
3466 5768 3475 5779 .

1855 5846 1875 5883 ι
1915 5825 2161 5960 ἕρπω,
2199 5835 2255 5884 et
2294 5823 2548 5884 ﬁdelibus
2599 5820 2863 5882 fratribus
2909 5815 3230 5892 in'Christo
3269 5811 3426 5872 Iesu.
