3988 6396
197 369 327 424 5.77

787 370 1222 432 ..ZEXPOSITIO
1245 369 2127 432 ,ΙΝΕΡῑδΤοΙιΑεέΡἈυιλῐίιέ
2159 371 2484 430 lNEPlST.
2525 375 2618 430 AD
2655 375 2806 433 θοι.
2841 425 2845 428 .
2935 385 2940 388 “

3375 383 3486 442 87!

195 485 364 550 lium
397 485 800 557 (pertransiens
824 485 942 556 jam
982 495 1181 558 inuitas
1229 485 1527 555 Ecclesias)
1569 486 1705 544 venit
1737 485 1808 548 ad
1836 489 1882 550 Α
1910 483 2038 544 dico
2066 485 2147 544 sic
2189 484 2570 551 fructiﬁcando
2612 500 2896 547 crescentes
2940 491 2994 547 in.
3015 491 3240 553 scientia
3272 492 3392 562 Dei,
3425 497 3486 556 id

198 594 334 632 vos-
371 577 526 644 Quod
555 587 739 643 autem
775 578 956 643 omnis
998 576 1458 644 Ecclesia,tenet,
1502 593 1693 638 vosne
1715 591 1805 634 ree

194 669 420 747 pdlere
446 669 651 726 vultis?
689 668 890 725 lterum
919 669 997 724 illi
1028 687 1042 722 :
1071 667 1324 734 Pervenit
1352 669 1541 740 utique
1567 669 1635 724 ad
1663 685 1804 737 nos,

197 760 312 822 sed
348 776 458 818 non
487 761 568 818 sic
595 762 865 833 integrum
894 770 954 828 ut
983 762 1049 816 ad
1079 761 1350 826 alios.,Ad
1383 763 1486 818 hoc
1513 763 1590 817 ait
1626 780 1639 816 :
1677 762 1807 823 Per-1

196 852 370 906 venit
424 852 611 922 utique
663 852 731 908 ad
778 868 898 920 vos,
932 853 1070 906 sicut
1115 853 1463 922 pervenitnin
1505 854 1804 918 universum

196 943 494 998 mundum.
521 943 582 1000 ln
608 929 708 999 hac
735 945 881 1002 enim
907 945 1100 1006 eadem
1135 945 1242 1007 ﬁde
1266 961 1431 1015 quam
1467 945 1804 1004 tradiderunt

193 1034 392 1102 vobis,
431 1044 580 1092 totus
621 1035 860 1092 mundus
904 1043 1030 1106 post
1066 1036 1342 1098 Christum
1373 1036 1505 1098 abit.
1553 1035 1801 1094 Peruenit

193 1123 338 1180 dico
363 1133 416 1177 et
445 1133 545 1190 est,
579 1125 629 1179 id
654 1134 736 1180 est
764 1125 845 1182 sic
885 1135 1166 1195 permanet
1193 1127 1249 1181 in
1285 1127 1542 1182 universo
1571 1127 1802 1195 mundo,-

189 1225 247 1270 et
290 1217 592 1286 fructi/ient
623 1217 761 1272 bene
794 1218 1098 1287 operando,
1125 1227 1175 1272 et
1202 1220 1391 1299 crescit
1429 1229 1542 1275 tam
1568 1233 1802 1277 numero

191 1322 372 1387 quam
399 1307 709 1378 cognitione
739 1309 855 1363 Dei.
881 1308 1000 1364 Non
1033 1325 1128 1380 per
1162 1312 1309 1366 aliud
1336 1329 1504 1382 quam
1536 1314 1801 1384 traditum.

189 1407 283 1454 est
314 1399 498 1465 vobis,
523 1399 618 1454 sed
647 1401 784 1454 sicut
813 1401 904 1456 isti
938 1412 1237 1472 posuerunt
1269 1405 1325 1458 in
1349 1405 1512 1460 vobis.
1544 1405 1802 1462 Dicerem.

188 1488 277 1549 illi
312 1511 327 1546 :
356 1490 569 1547 Crescit
599 1493 819 1562 quidem
849 1494 906 1550 in
940 1495 1118 1559 nobis,
1142 1511 1211 1550 ex
1251 1512 1363 1566 quo
1397 1497 1664 1568 ccepimus
1687 1513 1791 1553 au-

187 1581 319 1646 dire
344 1582 452 1637 hos
470 1583 566 1652 qui
584 1584 796 1640 noviter
821 1585 1180 1640 intraverunt.
1204 1584 1445 1653 Minime,
1467 1588 1543 1644 ait
1563 1586 1786 1654 Paulus,

187 1675 293 1731 sed
321 1674 525 1731 crescit
543 1691 608 1729 ex
635 1691 698 1729 ea
719 1676 804 1730 die
825 1693 944 1747 quae
974 1678 1204 1736 audistis
1230 1679 1390 1748 ﬁdem
1415 1679 1480 1733 ab
1501 1679 1805 1750 Ατεὴίρρον

183 1774 240 1824 et
262 1766 590 1836 cognovistis
614 1782 710 1836 per
729 1769 1037 1832 testimonia
1069 1768 1494 1841 Scripturarum,
1517 1773 1799 1842 approba-3

1903 578 2074 640 estin
2113 579 2421 649 cognitione
2445 579 2650 636 divina:
2677 582 2951 648 essentia,
2980 598 3146 652 quam
3189 589 3482 644 nemoha-s.
3525 625 3535 647 ι

1905 668 2032 742 bere
2075 679 2252 738 potest
2280 670 2387 726 nisi
2411 671 2565 741 prius
2589 681 2845 741 operetur
2885 687 3008 742 quae
3035 683 3164 729 sunt
3195 674 3320 742 Dei;
3349 692 3486 746 more

1903 755 2182 828 enimper
2195 759 2561 830 cognitionem
2591 761 2657 816 ad
2675 776 2875 830 opera,
2907 761 3000 818 sed
3031 779 3128 833 per
3157 777 3321 834 opera
3347 781 3485 836 praei

1901 849 2073 915 missa
2106 849 2175 904 ad
2196 849 2562 914 cognitionem
2603 853 2942 917 ascenditur.
2965 853 3091 910 Haec
3117 856 3346 911 scientia
3381 856 3480 917 Dei

1881 949 1956 1009 'et
1975 940 2178 1012 agnitio
2218 941 2517 1005 voluntatis
2546 943 2667 1013 ejus
2695 959 2859 1013 quam
2881 947 3145 1014 praemisit
3171 947 3330 1018 longe
3347 964 3390 1012 a,
3409 965 3488 1008 .se‘

1898 1031 2197 1088 dili‘erunt:
2240 1033 2314 1088 ibi
2345 1033 2490 1088 enim
2536 1035 2635 1101 ait,
2680 1035 2811 1104 quid
2838 1037 2966 1100 velit
2991 1036 3156 1105 Deus.
3203 1040 3332 1109 quid
3363 1055 3476 1098 non

1896 1124 2026 1190 velit
2043 1142 2068 1190 ;_
2085 1124 2232 1195 quod
2284 1123 2442 1186 facile
2485 1135 2639 1195 patet
2665 1128 2996 1196 quibuslibet
3026 1149 3038 1183 :
3065 1131 3154 1185 hic
3182 1140 3362 1188 autem
3407 1133 3477 1188 de

1895 1216 2205 1287 cognitione
2229 1216 2428 1274 divina
2452 1218 2736 1286 essentia,
2756 1222 2920 1288 quam
2952 1222 3126 1290 aperit
3148 1223 3363 1290 ,puritas
3387 1224 3476 1280 vi-

1894 1315 1984 1375 tm,
2007 1309 2394 1374 convenienter
2440 1309 2711 1373 ascendit.
2744 1309 2905 1366 Prius
2950 1311 3488 1383 enimintelligenda.

1890 1411 1977 1458 est
1993 1402 2247 1462 voluntas
2272 1403 2393 1470 Dei;
2424 1419 2542 1475 qua,
2558 1403 2848 1470 intellecta,
2877 1406 3265 1462 ambulandum
3293 1415 3377 1461 est
3417 1408 3473 1460 in

1889 1508 1977 1560 ea,
2009 1509 2112 1550 nec
2133 1494 2208 1549 ibi
2237 1495 2666 1561 subsistendum,
2708 1495 2805 1552 sed
2831 1497 2885 1550 in
2921 1498 3115 1553 melius
3147 1498 3475 1554 fructiﬁcan-

1890 1583 2041 1640 dum.
2087 1582 2226 1638 Tum
2266 1585 2483 1648 demum
2513 1594 2660 1654 patet
2699 1586 2963 1650 introitus,
3003 1588 3076 1656 ad
3108 1588 3471 1658 cognitionem

1888 1676 2086 1746 divinae
2127 1677 2396 1733 essentiae.
2441 1676 2561 1744 Quo
2585 1686 2874 1748 postquam
2899 1678 3142 1744 venitur,
3181 1687 3353 1733 restat
3377 1693 3492 1734 so»

1889 1769 2167 1835 lummodo
2200 1784 2568 1839 perseverare.
2599 1767 2754 1830 Unde
2781 1770 2859 1824 ait
2893 1788 2914 1823 :-
2945 1769 3243 1840 Postquam
3289 1768 3475 1829 fructi.—

184 1864 310 1912 tam
336 1833 502 1914 vobis
522 1833 762 1927 gratiam.
786 1859 883 1922 Dei
912 1877 1035 1931 qua:
1071 1871 1155 1918 est
1180 1833 1236 1918 in
1267 1862 1389 1919 ﬁde.
1421 1833 1610 1920 Gratia
1638 1837 1802 1930 enim.
1819 1833 1862 1890 Β
1888 1833 2179 1927 iicaveritis
2200 1833 2256 1918 et
2275 1833 2556 1919 creveritis
2583 1862 2637 1926 in
2660 1862 2888 1917 scientia
2921 1861 3038 1928 Dei,
3060 1833 3235 1922 estote
3263 1862 3476 1931 confor-

185 1948 334 2018 legis
365 1949 428 2002 in
447 1963 612 2004 manu
651 1951 1021 2010 abscindentis
1047 1954 1356 2023 pelliculam
1379 1956 1574 2012 vetulas
1601 1957 1802 2013 censi-1

184 2045 306 2098 ειὶι.
401 2074 404 2077 ι
931 2069 934 2072 ‹

258 2137 515 2193 Gratiam
550 2111 648 2194 Dei
687 2136 810 2196 dico
837 2137 896 2191 in
927 2099 1167 2203 seri-tate.
1213 2138 1418 2196 credite
1453 2139 1609 2205 mihi,
1655 2099 1802 2209 quiai

183 2229 308 2285 haec
336 2237 430 2286 est
458 2243 585 2285 vera
619 2228 796 2300 gratia
841 2227 958 2292 Dei.
995 2227 1182 2284 Gratia
1232 2229 1368 2300 legis
1411 2230 1803 2285 umbra_erat.:

181 2320 444 2374 Audistis
470 2320 614 2386 dico,-
640 2328 694 2377 et
721 2321 866 2377 sicut
885 2335 985 2378 vos
1007 2321 1297 2389 didicistis,
1320 2331 1380 2377 et
1411 2321 1600 2392 utique
1631 2330 1804 2392 turpe,

181 2419 272 2468 est
313 2411 602 2480 didicisse,
626 2413 774 2484 quod
809 2413 1281 2484 derelinqueretis,
1320 2421 1383 2469 .et
1404 2429 1436 2469 e
1475 2429 1742 2472 converso
1766 2433 1785 2470 :

181 2501 482 2558 Didicistis
503 2504 626 2560 dico
652 2504 718 2558 ab
745 2503 998 2575 Epaphra
1015 2504 1332 2570 charissima
1353 2512 1552 2570 nostra,
1577 2505 1684 2574 qui
1710 2505 1807 2560 ita,

1857 2019 1864 2026 _
1889 1953 2010 2018 tati,
2035 1952 2086 2007 id
2106 1963 2189 2006 est
2212 1953 2450 2020 roborati
2478 1961 2533 2006 et
2550 1962 2980 2023 perseverantes,
3011 1955 3066 2008 in
3088 1956 3231 2016 omni
3260 1955 3493 2019 virtute...

1795 2081 1805 2102 ,
1887 2043 1939 2099 id
1969 2043 2403 2112 estliumilitate,
2437 2044 2795 2114 temperantia
2817 2051 2870 2098 et
2889 2060 3228 2114 quaecunque
3253 2053 3421 2102 sunt.-
3491 2095 3495 2098 λ

1954 2131 2254 2186 Confortati
2277 2132 2400 2188 dico
2419 2133 2708 2187 secundum
2730 2133 3021 2203 potentiam
3045 2134 3180 2202 ejus,
3206 2133 3256 2208 id
3285 2141 3370 2198 est
3399 2133 3473 2187 ita

1883 2223 2178 2294 confortati
2216 2225 2361 2280 sicut
2385 2225 2500 2294 ipse
2525 2233 2720 2294 potens
2753 2233 2839 2280 est
2866 2239 2966 2280 vos
3007 2224 3335 2288 confortare.
3361 2223 3475 2283 Po-

1883 2315 2108 2380 tentiam
2132 2317 2256 2372 dico
2287 2316 2556 2372 claritatis
2581 2315 2716 2385 ejus,
2747 2316 2801 2371 id
2821 2325 2908 2372 est
2935 2332 3056 2387 quae
3082 2316 3468 2376 vos-clariﬁca-

1883 2407 1980 2477 vit.
2012 2407 2116 2474 Qui
2144 2408 2290 2463 enim
2335 2423 2464 2464 cum
2497 2407 2694 2464 essetis
2735 2407 2792 2463 in
2832 2408 3072 2464 tenebris
3096 2417 3495 2481 peccatorum,

1882 2515 1981 2557 vos
2001 2500 2319 2557 clariﬁcavit
2336 2499 2690 2572 justiﬁcatos,
2719 2499 2934 2557 facilius
2986 2500 3270 2570 poterit-et
3305 2499 3496 2558 debet.

1881 2608 2264 2674 consummare
2280 2593 2394 2663 jam
2404 2591 2606 2663 justus.
2619 2591 2678 2650 in
2701 2593 2852 2649 omni
2874 2592 3074 2649 virtute
3092 2591 3238 2659 dico,
3254 2590 3496 2654 scilicet:

1881 2685 1938 2764 in
1977 2686 2120 2740 omni
2166 2686 2430 2754 patientia,
2470 2694 2522 2740 et
2569 2683 2973 2756 longanimitate
3015 2683 3307 2742 confortati
3349 2699 3499 2741 cum.

1881 2777 2103 2848 gaudio.
2136 2775 2274 2844 Quia
2313 2777 2414 2832 has
2438 2776 2575 2833 duas
2597 2776 2826 2832 virtutes
2847 2775 2984 2830 vidit
3012 2775 3193 2846 magis;
3209 2789 3477 2832 necessas.

181 2596 366 2656 εεηῆ
408 2595 631 2652 Christo
670 2598 725 2652 in
771 2597 1078 2670 Evangelia
1101 2605 1170 2652 ut
1195 2595 1393 2654 Petrus
1423 2599 1505 2654 vel
1539 2613 1660 2668 ego.
1702 2597 1803 2656 Ne:

181 2702 324 2758 ergo
351 2689 556 2745 minus
585 2690 821 2747 audiatis
847 2707 992 2747 eum.
1018 2690 1276 2747 Dicereut
1296 2692 1380 2746 .llli
1414 2711 1426 2746 :
1457 2691 1806 2749 Vocaseum:

183 2793 556 2847 conservum;
589 2782 681 2837 sed
706 2783 812 2838 alia
837 2782 1170 2839 ministravit
1195 2784 1377 2853 nobis,
1397 2800 1566 2856 qutea
1585 2793 1645 2841 te
1669 2800 1779 2841 non
1797 2806 1805 2814 ··

188 2870 411 2935 didicit.
469 2870 633 2943 274
683 2871 927 2940 Minime,
964 2874 1042 2929 ait
1097 2873 1323 2942 Paulus,
1360 2879 1506 2946 quia
1562 2877 1652 2947 qui
1699 2887 1778 2932 est

1884 2868 1993 2924 rias
2017 2868 2092 2945 ad.
2121 2868 2608 2938 perseverandum,
2641 2867 2762 2923 ideo
2791 2867 3074 2938 subjungit
3091 2867 3169 2930 id
3194 2866 3336 2936 omni
3365 2882 3466 2934 pa-
3490 2911 3503 2929 ,

182 2959 374 3029 ﬁdelis
423 2961 708 3029 minister,
743 2963 822 3018 nil
871 2964 1096 3032 addens,
1148 2965 1224 3020 nil
1273 2967 1606 3024 diminuens.
1678 2967 1781 3022 Mi-

1884 2961 2092 3040 tientia,
2124 2961 2176 3015 id
2202 2969 2287 3016 est
2312 2968 2372 3014 ut
2395 2960 2540 3015 sicut
2579 2959 2938 3022 acerbitatem
2983 2960 3277 3024 malorum,
3305 2958 3385 3014 sic
3411 2966 3478 3016 et.

182 3050 371 3116 nister
413 3051 538 3109 dico
600 3051 802 3108 Christi
855 3053 1020 3122 Iesu,
1078 3057 1131 3112 id
1185 3066 1269 3113 est
1316 3059 1400 3114 vel
1441 3059 1570 3128 quia
1617 3057 1804 3114 Chri—.
1877 3053 2168 3122 opprobria
2210 3051 2633 3122 patiamur..Qui
2681 3052 2827 3106 enim
2878 3051 2989 3122 pati
3037 3067 3148 3114 non
3191 3051 3308 3106 vult
3331 3065 3502 3110 con-.

181 3152 332 3200 stum
386 3144 682 3213 ministrat,
707 3147 792 3203 vel
827 3147 954 3218 quia
982 3146 1236 3204 Christus
1263 3149 1500 3206 instituit
1525 3165 1650 3206 eum
1676 3151 1775 3206 mi-
1799 3168 1848 3228 ς,
1876 3144 2084 3209 tendit.
2141 3143 2437 3213 reperculit
2461 3184 2493 3210 ,η
2527 3151 2581 3198 el
2629 3143 2712 3198 sic
2748 3143 2967 3198 dilectio
2997 3143 3181 3213 perit.
3225 3141 3497 3206 Addidit:

183 3236 454 3303 uistrum,
483 3239 570 3294 vel
595 3239 846 3295 minister
868 3242 1242 3296 ad-honorem
1275 3242 1501 3297 Christi.
1529 3242 1593 3298 Et
1629 3244 1773 3312 quod
1875 3239 2040 3304 etiam
2085 3237 2163 3318 "in
2230 3235 2657 3306 longanimitate.
2735 3234 2840 3302 Qui
2917 3233 3064 3290 enim
3135 3234 3464 3304 longanimis

181 3325 442 3382 minister
467 3337 573 3395 est,
600 3327 705 3389 hoc
729 3338 876 3386 certe
913 3346 1008 3400 pro
1059 3331 1224 3397 vobis,
1253 3331 1350 3402 qui
1391 3332 1628 3402 populus
1655 3333 1776 3402 ejus
1877 3328 1931 3398 in
1973 3326 2302 3394 sustinendo
2351 3342 2460 3382 non
2499 3335 2616 3392 est,
2661 3327 2712 3382 si
2759 3325 3015 3386 diﬁ‘ertur,
3051 3326 3460 3398 remuneratio,

179 3415 340 3482 estis,
366 3417 498 3488 quia
526 3419 632 3486 nisi
658 3428 756 3490 pro
775 3420 1066 3479 dilectione
1087 3433 1268 3480 vestra
1295 3432 1461 3490 esset,
1481 3405 1805 3490 credoan
1874 3417 2098 3488 pl'OiiCil
2139 3432 2281 3496 οηυε
2300 3415 2441 3484 _.Dei.
2476 3425 2532 3472 ει
2574 3416 2655 3472 Sic
2703 3416 2887 3472 omnis
2922 3414 3322 3496 \tiﬂusihriilo
3363 3432 3463 3487 Pe“-
3492 3477 3496 3491 ι

179 3506 546 3568 ministraret.
571 3510 681 3577 Qui
710 3513 874 3567 etiam
904 3515 1263 3585 manifestam
1283 3517 1440 3570 nobis
1455 3532 1564 3574 non
1580 3516 1804 3572 odium:
1875 3507 1964 3577 rit.
2020 3495 2241 3564 lterum.
2265 3509 2533 3578 patientes
2585 3516 2640 3563 et
2681 3507 3024 3579 longanimcs
3066 3495 3192 3566 esse
3253 3509 3500 3570 malum.

178 3607 453 3666 vestrum,
482 3615 592 3656 non
625 3601 1048 3672 dissensiOnem,
1067 3605 1162 3673 sed
1183 3606 1518 3673 dilectionem
1547 3615 1802 3661 vestrum:
1872 3609 1976 3666 est,
2008 3600 2114 3657 nisi
2138 3617 2206 3657 ex
2229 3602 2532 3668 voluntate,
2558 3609 2614 3658 et
2643 3601 2764 3658 ideo
2803 3600 2950 3666 addit
2979 3616 3116 3668 cunt
3132 3602 3360 3672 gaudia,
3397 3611 3463 3658 ut
3493 3645 3495 3652 .

179 3685 302 3748 esse
331 3691 398 3747 in
422 3694 640 3762 spiritu,
669 3695 724 3751 id
765 3703 851 3752 est
874 3699 1519 3766 contemnere'carnalia,
1550 3700 1802 3771 diligere.

211 3895 216 3902 '
247 3876 498 3936 Ostenso
518 3881 662 3938 unde
696 3883 898 3953 gratias
942 3891 1069 3954 agat
1097 3895 1223 3939 cum
1261 3884 1651 3955 approbatione
1679 3901 1802 3943 ac-'

179 3977 350 4041 cepte
391 3967 543 4037 ﬁdei,
567 3971 750 4028 subdit
791 3973 938 4042 quod
962 3981 1108 4029 oret'
1119 3989 1219 4043 pro
1244 3973 1326 4029 eis
1347 3973 1635 4029 inserendo
1668 3974 1774 4028 im-

179 4059 564 4132 probatiouem
591 4063 748 4134 legis,
772 4064 960 4120 dicens
985 4083 999 4119 :
1032 4063 1098 4119 Et
1115 4064 1242 4134 quia
1271 4064 1640 4126 manilestavit
1670 4079 1772 4121 no-

182 4151 266 4208 bis
287 4154 644 4220 dilectionem
677 4165 916 4211 vestram
949 4155 1004 4210 in
1043 4156 1269 4226 spiritu,
1285 4157 1402 4210 ideo
1441 4173 1654 4210 oramus
1674 4173 1769 4226 pro
1795 4201 1799 4207 .

1874 3709 1983 3760 non
2009 3693 2323 3759 tristentur;
2351 3693 2447 3748 sed
2471 3692 2744 3764 gaudeant
2776 3693 2886 3762 pati
2905 3701 2981 3758 et_
2999 3692 3092 3748 diu
3105 3700 3458 3773 exspectare.
3477 3717 3500 3748 -,

1873 3785 2003 3842 Vult
2025 3787 2132 3842 illis
2158 3787 2320 3847 modo
2344 3785 2655 3857 improbare
2679 3784 2874 3855 legem,
2917 3784 3106 3847 dicens
3137 3800 3206 3850 se
3231 3792 3287 3859 et
3320 3783 3469 3846 alios.

1871 3876 2152 3947 apostolos
2177 3875 2272 3946 qui
2298 3877 2354 3930 in
2380 3875 2502 3948 lege
2523 3873 2639 3930 nati
2679 3873 2924 3942 fuerunt,
2961 3875 3090 3946 quia
3124 3875 3458 3942 intenebris
3493 3929 3496 3932 .

1871 3976 2003 4024 tunc
2034 3973 2212 4034 erant,
2244 3967 2415 4036 legem
2445 3966 2780 4034 deseruisse,
2817 3974 2872 4022 et
2897 3966 3105 4042 gratias
3133 3980 3296 4037 agere
3320 3964 3465 4035 Deo,

1869 4074 1937 4115 ex
1969 4073 2036 4115 eo
2062 4059 2209 4130 quod
2232 4059 2299 4115 ad
2321 4058 2482 4114 ﬁdem
2510 4059 2726 4115 vocavit
2747 4073 2844 4116 eos
2868 4077 2883 4127 ;
2908 4067 2963 4116 et
2989 4060 3039 4116 si
3067 4059 3348 4130 naturales
3376 4059 3469 4116 le-..

1870 4150 1974 4222 gis,
2005 4149 2097 4205 illa
2133 4151 2404 4222 neglecta,
2439 4151 2722 4207 adhaerent
2767 4150 2913 4207 ﬁdei.
2959 4150 3198 4214 Stultum
3233 4159 3321 4216 est
3353 4167 3457 4208 eos
3492 4189 3498 4198 .

1868 4241 1965 4318 qui
1989 4257 2267 4313 nunquam
2294 4241 2348 4297 in
2381 4242 2501 4315 lege
2541 4241 2782 4311 luerunt,
2814 4251 2869 4299 et
2903 4243 3068 4300 ﬁdem
3105 4255 3497 4320 acceperunt”

1869 4332 2204 4409 confundere
2226 4335 2520 4405 puritatem
2564 4335 2691 4391 ﬁdei
2722 4335 3052 4394 admistione
3094 4335 3268 4408 legis-
3299 4333 3457 4392 Unde

179 4243 322 4302 vobis
344 4253 401 4298 et
421 4250 527 4298 non
546 4261 810 4299 cessamus
845 4255 1073 4312 orantes,
1114 4263 1180 4300 ea:
1212 4263 1274 4301 ea
1300 4247 1388 4300 die
1415 4264 1521 4318 qua
1556 4247 1769 4302 audivi-
1797 4309 1801 4314 ι

180 4345 293 4389 nas
315 4335 484 4405 ﬁdem
505 4335 918 4394 “dilectionem
938 4347 1184 4391 vestram.
1215 4337 1441 4392 Orontes
1460 4338 1586 4395 dico
1611 4346 1663 4394 et
1681 4356 1770 4410 po-
1789 4385 1803 4393 .

180 4428 464 4494 stalantes,
487 4427 543 4482 id
570 4437 654 4484 est
681 4429 842 4499 quasi
869 4445 984 4485 rem
1009 4429 1236 4500 iustitia:
1275 4431 1766 4498 vestrtedebitam,
1791 4455 1801 4484 .-
1869 4425 1951 4481 sic
1974 4426 2050 4482 ait
2074 4442 2087 4478 :
2115 4425 2244 4482 Non
2267 4443 2554 4484 cessamus
2579 4436 2807 4486 orantes
2829 4444 2931 4498 pro
2954 4429 3132 4497 vobis,
3159 4437 3213 4484 et
3245 4419 3501 4500 gratias?

179 4532 301 4572 cum
332 4516 536 4572 ﬁducia
576 4525 823 4586 petentes
851 4526 908 4572 ut
943 4518 1269 4591 impleamini
1290 4520 1557 4590 agnitione
1583 4519 1767 4575 uolun-
1794 4504 1846 4577 Ι)
1865 4526 2078 4589 agentes
2124 4517 2235 4574 Deo
2264 4518 2464 4587 Patri,
2500 4520 2592 4590 qui
2635 4536 2730 4574 nos
2770 4520 2896 4590 fecit
2931 4521 3116 4592 dignos
3149 4522 3461 4591 inportant
3487 4555 3498 4580 I

180 4610 302 4672 tatis
324 4609 470 4678 ejus,
514 4608 567 4663 id
597 4617 682 4664 est
708 4609 1034 4680 ut‘plenarie
1062 4611 1407 4681 cognoscatis
1429 4612 1763 4680 voluntatem
1869 4610 2050 4676 sortis,
2073 4609 2129 4672 id
2149 4618 2236 4666 est
2255 4610 2726 4682 participationem
2756 4613 3086 4684 haereditatis
3116 4622 3494 4688 sanctorum“

178 4697 290 4763 Dei.
319 4699 664 4770 impleamini
705 4701 834 4760 dico
859 4703 915 4754 in
938 4703 1081 4756 omni
1112 4704 1398 4773 sapientia.
1427 4701 1764 4774 Sapientiam
1797 4752 1804 4761 .
1869 4699 1924 4756 id
1948 4709 2053 4767 est.
2082 4716 2249 4771 quam
2280 4702 2522 4759 habituri
2566 4711 2696 4758 sunt
2720 4705 2916 4770 sancti.
2951 4704 3066 4774 N03
3091 4705 3215 4766 dico
3242 4705 3465 4772 positos
3486 4749 3498 4766 ,

179 4788 266 4843 hic
290 4790 449 4858 ponit
481 4791 640 4859 quasi
671 4791 979 4857 scientiam,
1014 4801 1070 4847 et
1110 4794 1257 4862 quod
1291 4792 1372 4848 ait
1399 4791 1454 4847 in
1492 4795 1643 4849 omni
1670 4811 1764 4852 sa-
1797 4839 1802 4850 .
1867 4791 1925 4845 in
1947 4792 2167 4860 lumine,
2186 4793 2239 4849 id
2263 4803 2350 4850 est
2369 4794 2426 4849 in
2445 4809 2574 4856 vera
2597 4795 2930 4866 cognitione.
2958 4796 3052 4853 Vel
3074 4799 3130 4860 il!
3151 4796 3372 4863 ιαπιίηεν
3395 4798 3461 4863 id
3487 4849 3490 4852 ι

177 4881 381 4960 pientia
414 4881 558 4938 idem
607 4883 752 4940 valet
776 4885 928 4954 quod
957 4884 1013 4939 in
1047 4885 1198 4942 omni
1231 4886 1545 4956 cognitione
1571 4888 1760 4944 activa:
1797 4941 1802 4944 ,
1865 4881 2036 4953 275
2055 4884 2215 4940 estin
2240 4884 2462 4940 Christo
2484 4885 2826 4946 illuminante
2848 4901 2971 4942 nos.
3000 4886 3211 4953 Patrem
3247 4887 3338 4942 ait-
3357 4903 3448 4946 se-
3489 4943 3494 4949 _

175 4971 314 5028 Viue.
351 4970 693 5042 lmpleamini
734 4974 897 5028 etiam
929 4975 987 5029 in
1029 4977 1171 5028 onmi
1209 4977 1448 5046 spiritali
1466 4978 1755 5048 intellectu,
1793 5001 1803 5034 ι
1861 4976 2101 5036 cundum
2126 4975 2751 5047 diversospossessoi‘eS.
2766 4992 2872 5041 non
2893 4979 3021 5048 quia
3041 4978 3114 5033 ibi
3135 4979 3246 5034 sint
3261 4994 3492 5050 secreu-

175 5068 254 5126 ut,
271 5061 426 5116 sicut
451 5061 514 5114 in.
541 5063 940 5131 corporalibus,
972 5063 1052 5120 sic
1071 5065 1410 5122 voluntatem
1432 5065 1527 5124 Dei
1554 5069 1756 5129 intellie
1788 5115 1794 5120 .
1857 5075 1996 5140 satae
2027 5077 2230 5137 partes.
2257 5068 2387 5138 quia
2415 5067 2674 5124 omnibus
2715 5085 2824 5124 una
2873 5069 3169 5138 beatitudo.
3203 5070 3447 5128 lbet-edi.-
3487 5121 3494 5132 .

177 5151 765 5221 gatisinspiritalibus.
799 5151 866 5208 Ut
886 5153 1248 5225 intelligentes
1275 5157 1758 5232 voluntatemejus
1793 5171 1802 5218 ἱ
1856 5168 2022 5220 talen
2049 5171 2366 5216 sanctorum
2395 5168 2555 5216 vocat
2593 5169 2821 5227 sortem,
2848 5160 2978 5231 quia
3011 5176 3126 5226 non
3149 5177 3252 5231 per.
3279 5164 3463 5228 met-iw
3488 5223 3490 5226 τ

179 5244 464 5312 ambuletis
480 5261 573 5314 per
593 5246 795 5314 omnia,
825 5246 882 5314 id
896 5256 982 5302 est
1010 5249 1148 5304 bene
1165 5249 1488 5318 operemini.
1514 5250 1758 5308 Ambula-
1785 5279 1802 5310 ί
1855 5259 1973 5308 tum
2002 5251 2243 5308 hominis
2261 5252 2441 5318 datur,
2465 5253 2559 5308 sed
2581 5261 2750 5319 sorte,
2778 5253 2832 5308 id
2851 5262 2938 5309 est
2957 5252 3144 5320 divina
3157 5254 3440 5311 electione.
3487 5288 3491 5302 ε

181 5333 243 5389 tis
262 5334 408 5401 dim,
425 5337 581 5407 digne
603 5337 735 5405 Deo,
756 5338 812 5393 id
837 5347 923 5394 est
939 5347 1000 5394 ut
1022 5339 1142 5395 sitis
1163 5340 1313 5412 digni
1334 5340 1537 5397 habere
1556 5340 1751 5401 Deum.
1794 5393 1801 5400 .
1856 5341 2143 5410 Quomodo
2175 5343 2374 5414 dignos
2401 5344 2506 5400 hac
2544 5353 2695 5400 sorte
2736 5344 2928 5401 fecerit
2971 5347 3174 5413 subdit,
3211 5346 3401 5402 dicens
3423 5367 3441 5404 ξ

179 5420 271 5478 \‘el
311 5427 474 5497 digne
502 5428 614 5484 Deo
655 5438 717 5485 ut
746 5431 891 5485 Deus
919 5432 1143 5501 dignum
1178 5433 1386 5502 judicet
1415 5435 1660 5493 habitare
1696 5438 1752 5493 in
1851 5433 2062 5501 Posuit,
2094 5434 2340 5506 inquam,
2373 5437 2428 5490 in
2454 5434 2676 5503 lumine,
2715 5438 2806 5508 qui
2837 5437 3073 5506 psimum
3118 5437 3316 5506 eripuit
3334 5452 3438 5490 .nos

178 5516 649 5576 vobis...Vos.dico
673 5521 756 5576 sic
773 5522 1104 5592 ambulando
1132 5524 1417 5595 placentes.
1444 5527 1541 5585 Vel
1567 5530 1758 5586 ambu-
1850 5529 1914 5584 de
1955 5539 2212 5601 potestate
2255 5532 2610 5600 tenebrarum,
2660 5535 2714 5589 id
2758 5543 2864 5594 est,
2885 5535 2968 5589 vel
3009 5536 3319 5589 daemonum
3359 5533 3444 5588 vel

180 5603 297 5700 lctis
327 5613 601 5700 placentes
643 5627 743 5682 per.
772 5612 978 5680 omnia,
1011 5617 1156 5684 quod
1179 5617 1322 5672 idem
1354 5619 1516 5675 valet.
1555 5619 1669 5677 Nec
1694 5620 1797 5676 in;
1851 5633 2220 5692 peccatorum,
2261 5625 2344 5680 vel
2377 5624 2712 5695 ignominiae.
2751 5625 3086 5700 Potestatem
3128 5624 3250 5678 ideo
3287 5623 3440 5688 dicit,
3483 5661 3486 5665 .

1851 5715 1982 5785 quia
2023 5717 2108 5772 vis
2149 5718 2389 5775 humana
2433 5733 2529 5786 per
2579 5735 2639 5773 se
2683 5733 2813 5774 non-
2843 5724 3062 5785 poterat
3081 5715 3328 5774 evadere.
3372 5714 3452 5770 Et.

1860 5823 1960 5865 nos
1989 5808 2552 5882 ‘ereptosztranstulit'.
2589 5809 2650 5867 id
2681 5816 2767 5864 est
2804 5805 3234 5877 transfermaﬁt,
3273 5807 3328 5862 in
3353 5821 3452 5861 rem
3479 5830 3486 5856 ~.

183 5696 507 5754 ambulando
519 5702 824 5770 subsistere
841 5705 1164 5771 velitis,'.sed
1193 5709 1251 5792 in
1273 5711 1416 5766 omni
1443 5727 1594 5782 opere
1619 5712 1751 5766 bono

181 5790 578 5864 δηιτιέῇεωὶιεε,
628 5793 682 5850 id
733 5790 1253 5858 estimcrementum
1309 5802 1592 5860 habentes.
1645 5802 1794 5862 Vos.
