3988 6398
539 367 646 426 379

1080 365 1138 424 s.
1179 367 1525 426 canamus
1562 325 2210 444 csa-rnustsnonun
2249 363 2736 430 ms'nrv'roms
2771 369 2924 429 ore.
2959 369 3244 432 passu.

3693 383 3786 442 πει

537 502 698 558 gnum
712 483 868 552 Filii,
905 485 958 540 id
983 495 1066 540 est
1095 494 1156 540 ut
1191 485 1364 542 Filius
1393 501 1526 542 suus
1561 493 1816 556 regnaret
1845 485 1900 540 in
1935 485 2113 540 nobis.
2149 489 2192 546 Α
2223 485 2342 541 ideo
2391 467 2682 556 primatum
2719 497 2942 559 tenens,
2986 495 3114 563 quia
3129 493 3478 566 [complacuit
3515 495 3622 552 Deo
3657 497 3786 556 Patri

539 577 672 632 Filii
699 577 824 632 dico
851 577 1152 632 dilectionis
1173 595 1302 632 suae.
1335 575 1536 632 Omnes
1557 577 1708 632 enim
1733 586 1930 647 praeter
1951 579 2120 633 istum

537 668 632 722 lilii
660 668 882 723 fuerunt
911 670 1024 724 irae.
1057 668 1261 724 Omnes
1299 669 1444 724 enim
1489 669 1548 722 in
1587 675 1812 739 peccato
1854 669 1968 724 nati
1991 687 2004 736 ;
2027 671 2124 726 sed

537 761 628 816 hic
657 762 808 816 solus
831 760 1004 818 Filius
1027 762 1354 826 dilectionis,
1379 762 1510 831 quia
1533 777 1565 815 a
1587 769 1810 830 peccato
1838 761 2118 820 immunis.

537 851 613 908 De
655 869 767 923 quo
807 853 968 909 Pater
1006 855 1084 908 ait
1127 873 1142 908 :
1187 873 1204 905 ι
1261 852 1360 908 llic
1401 861 1486 908 est
1533 852 1706 910 Filius
1753 870 1912 910 meus
1957 856 2125 912 dilec-

537 953 644 1010 tus,
666 965 684 996 ι
713 955 816 1002 etc.
833 945 1050 1016 (Matth.
1065 961 1146 1011 Ill,
1166 945 1242 1012 7.)
1265 945 1484 1000 Modum
1497 947 1791 1017 ereptionis
1805 948 1988 1004 subdit
2011 967 2024 1004 :
2054 947 2120 1004 In

534 1053 636 1108 quo
664 1037 802 1093 Filio
826 1039 1074 1092 habemus
1091 1037 1531 1108 redemptionem;
1565 1039 1798 1108 pretium
1823 1041 1968 1096 enim
1995 1057 2122 1097 san-

533 1129 714 1199 guinis
740 1129 796 1183 in
831 1143 990 1183 cruce
1033 1127 1222 1182 datum
1259 1137 1344 1184 est
1368 1129 1626 1185 omnibus
1671 1129 1966 1186 subiciens.
2017 1129 2121 1186 Per

533 1235 694 1289 quem
740 1219 902 1274 etiam
953 1218 1219 1274 habemus
1269 1221 1628 1274 remissionem
1675 1231 2010 1291 peccatorum
2063 1223 2118 1277 in

529 1310 823 1380 baptismo;
855 1312 946 1382 qui
977 1309 1147 1366 Filius
1174 1311 1476 1366 secundum
1499 1313 1738 1368 divinam
1761 1325 2014 1368 naturam
2042 1325 2121 1369 est

528 1399 704 1469 imago
731 1399 830 1454 Dei
857 1400 1164 1468 invisibilis,
1197 1402 1250 1457 id
1279 1411 1366 1457 est
1391 1403 1550 1473 plena
1579 1405 1988 1474 repraesentatio
2015 1405 2120 1461 Pa-

528 1489 646 1556 tris,
677 1493 804 1561 quia
827 1493 1094 1564 quidquid
1123 1495 1176 1549 in
1205 1495 1386 1563 Patre,
1415 1505 1589 1552 totum
1615 1507 1700 1553 est
1737 1499 1792 1553 in
1823 1498 1980 1566 Filio,
2005 1517 2116 1555 non

525 1588 710 1636 tamen
745 1585 920 1655 imago
942 1627 956 1652 ,
999 1587 1146 1656 quod
1189 1587 1336 1642 aliud
1373 1589 1464 1654 sit,
1501 1589 1614 1644 nisi
1635 1601 1900 1660 quantum
1932 1592 2002 1646 ad
2028 1593 2116 1647 di-

525 1674 878 1730 stinctionem
931 1691 1330 1746 personarum,
1400 1681 1492 1738 sed
1543 1683 1702 1751 plena
1749 1685 2002 1742 identitas
2059 1685 2116 1741 in

525 1763 854 1820 substantia.
891 1766 1194 1824 Possumus
1229 1779 1581 1840 construere,
1615 1774 1896 1829 invisibilis
1937 1777 2114 1847 imago

2223 579 2466 636 habitare
2499 583 2557 636 in
2591 583 2707 653 ipso
2751 583 2891 640 Filio
2933 586 3314 656 plenitudinem
3357 591 3592 646 omnium
3627 593 3786 650 bono-

2221 687 2368 740 rum,
2399 673 2796 732 sicutJoannes
2823 677 2900 733 ait
2928 697 2942 733 :
2973 687 2998 730 ε’
3025 677 3102 734 De
3118 681 3458 750 plenitudine
3473 683 3592 754 ejus
3615 699 3788 742 omnes

2222 765 2534 834 accepimus
2547 765 2728 836 (Joan.
2743 785 2783 834 ι,
2803 768 2913 838 16).
2933 769 3002 822 Et
3017 771 3220 840 placuit
3235 772 3347 830 Deo
3359 787 3456 844 per
3467 790 3592 830 eum
3611 773 3786 833 Filium

2221 856 2564 912 reconciliare
2604 859 2708 914 sibi
2747 861 2948 929 omnia,
2981 869 3092 916 tam
3125 864 3354 934 gentiles
3382 880 3547 936 quam
3569 865 3784 924 Iudaeos.

2291 944 2486 1004 Omnia
2514 957 2698 1006 tamen
2723 949 2848 1009 dico
2881 957 3157 1012 manentia
3189 959 3245 1012 in
3273 959 3406 1029 ipso.
3444 961 3550 1027 Qui
3569 961 3716 1016 enim
3741 965 3788 1019 in

2221 1035 2342 1107 ipso
2371 1053 2479 1092 non
2509 1041 2794 1110 manserit,
2816 1059 3012 1115 expers
3037 1047 3142 1101 erit
3166 1049 3650 1106 reconciliationis.
3679 1050 3788 1107 Pla-

2195 1131 2334 1200 _euit
2371 1133 2728 1188 reconciliare
2773 1137 3062 1206 paciﬁcans
3105 1141 3361 1194 mundum
3400 1141 3544 1210 sibi,
3587 1143 3670 1198 vel
3707 1141 3788 1198 J'u-

2219 1219 2368 1275 daaos
2393 1230 2448 1276 et
2479 1223 2708 1293 gentiles
2737 1224 2880 1280 inter
2905 1241 2966 1282 se
2993 1243 3090 1298 per
3115 1231 3440 1301 sanguinem
3481 1247 3592 1286 non
3623 1231 3788 1290 lusum

2219 1311 2414 1382 aliquo
2438 1329 2636 1384 genere
2673 1315 2918 1373 honesta:
2953 1309 3173 1388 mortis;
3219 1322 3312 1377 sed
3359 1339 3456 1392 per
3497 1325 3788 1394 sanguinem

2218 1405 2395 1457 crucis
2415 1404 2568 1473 ejus;
2595 1407 2740 1476 quod
2769 1423 2942 1478 genus
2963 1412 3157 1467 mortis
3181 1415 3786 1484 contemptibilissimu

2218 1495 2384 1566 2⁸16
2407 1504 2546 1562 erat.
2579 1497 2880 1555 Paciﬁcans
2919 1501 3045 1556 dico
3080 1501 3214 1569 Deo,
3251 1505 3360 1558 sive
3401 1521 3524 1576 qua:
3569 1507 3627 1560 in
3661 1509 3792 1563 cali:

2217 1595 2360 1652 sunt,
2389 1586 2442 1641 id
2469 1595 2556 1642 est
2583 1597 2803 1646 sanctos
2826 1605 3063 1661 quorum
3097 1593 3294 1649 anima:
3329 1595 3444 1664 jam
3487 1611 3716 1668 regnant
3741 1599 3787 1653 in

2217 1678 2392 1744 oculis,
2419 1680 2526 1734 sive
2552 1695 2670 1752 qua
2705 1682 2764 1734 in
2797 1683 2952 1736 terris
2980 1692 3130 1749 sunt,
3167 1683 3222 1740 id
3251 1695 3336 1739 est
3365 1677 3462 1740 'éos
3505 1687 3606 1758 qui
3633 1688 3794 1744 adhuc

2217 1771 2639 1841 peregrinantur
2667 1772 2724 1828 in
2761 1783 2924 1828 terra.
2975 1773 3073 1830 Vel
3111 1775 3186 1830 ita
3215 1795 3228 1830 :
3257 1775 3378 1832 Sive
3411 1793 3533 1848 qua
3565 1779 3626 1832 in
3664 1780 3794 1834 catis

526 1853 646 1922 Dei,
677 1858 763 1914 vel
791 1859 968 1929 imago
998 1859 1097 1915 Dei
1123 1861 1426 1918 invisibilis.
1471 1863 1538 1919 Et
1576 1881 1642 1920 ex
1671 1866 1758 1922 his
1785 1867 1968 1924 verbis
2011 1867 2114 1924 ha-
2146 1849 2190 1906 Β
2214 1869 2338 1914 δίεπε
2355 1901 2371 1928 ,
2409 1861 2464 1917 id
2491 1871 2576 1918 88!
2602 1863 2844 1934 angelos,
2873 1866 2982 1919 sive
3003 1881 3123 1937 qua!
3163 1867 3220 1920 ίη
3252 1868 3410 1922 terris
3443 1877 3596 1934 sunt,
3645 1869 3695 1924 id
3719 1879 3793 1926 est

524 1947 718 2004 bemus
745 1949 942 2005 Filium
969 1954 1486 2012 consubstantialem
1531 1957 1702 2026 Patri,
1737 1960 1887 2030 quia,
1918 1960 1966 2015 si
1995 1975 2114 2016 om-

523 2039 614 2094 nia
649 2041 716 2096 de
743 2043 1050 2099 substantia
1081 2044 1202 2100 Filii
1230 2063 1352 2118 quae
1377 2048 1445 2102 de
1473 2049 1781 2106 substantia
1807 2050 1988 2108 Patris
2029 2053 2114 2108 di-

520 2143 740 2200 cuntur,
776 2135 1022 2204 profecto
1057 2139 1543 2197 consubstantialis
1577 2149 1660 2197 est
1688 2143 1757 2198 ei.

591 2221 764 2280 Filius
807 2227 932 2281 dico
971 2229 1352 2299 primogenitus
1395 2235 1566 2286 omnis
1609 2241 1887 2302 creaturae,
1932 2235 1986 2290 id
2029 2243 2114 2292 est

519 2323 646 2368 ante
671 2331 891 2371 omnem
915 2327 1224 2374 creaturam
1252 2322 1468 2392 genitus
1496 2339 1562 2377 ex
1590 2323 1778 2391 Patre;
1813 2324 1928 2396 ipse
1960 2327 2112 2382 solus

519 2406 758 2476 genitus,
804 2419 998 2466 caetera
1027 2421 1212 2466 creata
1243 2428 1352 2467 non
1382 2415 1546 2470 modo
1575 2416 1722 2472 illius
1753 2419 1963 2488 genita;
2011 2435 2112 2475 nec

519 2495 638 2567 ipse
658 2509 894 2568 creatus,
919 2511 975 2560 et
1007 2502 1064 2556 in
1094 2503 1180 2559 his
1203 2505 1382 2562 verbis
1423 2505 1690 2564 habemus
1722 2523 1848 2564 eum
1881 2519 2100 2566 coaeter-

517 2603 652 2643 num
675 2589 844 2646 Patri.
873 2591 1014 2648 Vere
1037 2594 1256 2664 genitus
1279 2603 1364 2652 est
1381 2605 1508 2652 ante
1531 2613 1750 2654 omnem
1775 2609 2108 2670 creaturam,

517 2680 650 2750 quia
673 2682 918 2738 universa
945 2697 1068 2738 sunt
1098 2687 1312 2740 condita
1341 2687 1396 2740 in
1425 2689 1560 2758 ipso,
1589 2690 1642 2745 id
1669 2699 1748 2745 est
1783 2707 1878 2761 per
1906 2693 2109 2763 ipsum,

510 2771 670 2845 juxta
709 2775 842 2832 illud
891 2795 904 2832 :
959 2796 980 2829 ε
1029 2777 1225 2834 Omnia
1265 2779 1320 2834 in
1365 2781 1630 2850 sapientia
1687 2781 1863 2838 fecisti
1911 2785 2106 2857 (Psal.

515 2879 634 2932 cm,
680 2867 812 2934 24),
847 2869 1022 2925 "hoc
1059 2877 1147 2926 est
1187 2871 1240 2925 in
1283 2871 1441 2926 Filio.
1485 2865 1750 2929 U'niversa
1785 2875 1936 2941 dico,
1979 2877 2134 2947 quia

514 2955 751 3014 olsibilia
779 2968 828 3014 et
859 2961 1150 3016 invisibilia
1178 2964 1234 3017 in
1263 2964 1428 3030 caelis,
1457 2973 1516 3018 ut
1540 2965 1738 3036 angeli,
1770 2967 1927 3023 solet
1955 2969 2106 3036 luna,
2131 2989 2134 2994 ’

513 3056 570 3104 et
597 3049 832 3106 visibilis
861 3060 920 3109 et
941 3052 1234 3110 invisibilia
1263 3055 1318 3109 in
1347 3063 1512 3122 terra,
1547 3063 1606 3110 ut
1637 3057 1866 3126 spiritus
1892 3059 2107 3114 anima-

515 3139 671 3208 lium,
702 3149 757 3196 et
783 3143 968 3200 omnia
1004 3153 1449 3215 terrae-corpora.
1487 3145 1554 3201 In
1589 3148 1734 3203 caelis
1759 3149 1918 3228 hicne
1961 3151 2104 3218 dico,

514 3233 643 3303 quia
673 3235 781 3288 sive
811 3236 1006 3302 throni,
1043 3239 1149 3292 sive
1176 3239 1584 3306 dominationes,
1625 3241 1732 3296 sive
1751 3223 2106 3312 principatus,

513 3324 622 3378 sive
648 3337 952 3394 potestates,
998 3345 1176 3382 omnia
1213 3339 1393 3384 creata
1433 3340 1556 3384 sunt
1589 3349 1682 3402 per
1713 3334 1904 3402 ipsum,
1940 3343 1996 3389 et
2031 3335 2107 3391 ita

513 3429 614 3484 per
653 3415 832 3485 ipsum
875 3417 1028 3488 quod
1061 3429 1246 3476 creata
1278 3423 1664 3478 contineantur
1687 3425 1744 3477 in
1771 3426 1905 3494 ipso,
1943 3426 1996 3481 id
2025 3437 2110 3483 est

515 3505 659 3561 intra
692 3508 1106 3578 amplitudinem
1137 3511 1292 3581 eius;
1331 3512 1449 3582 ipse
1487 3515 1634 3568 enim
1677 3515 1734 3568 in
1773 3517 2030 3572 omnibus
2053 3525 2110 3572 et

509 3595 628 3667 jam
655 3607 829 3654 extra.
873 3598 942 3655 Et
983 3601 1096 3671 ipse
1133 3609 1210 3656 est
1252 3612 1374 3657 ante
1408 3619 1586 3658 omnes
1615 3606 1877 3677 dignitate
1911 3623 2110 3662 secun-

513 3688 646 3742 dum
697 3697 992 3762 utramque
1033 3701 1308 3760 naturam,
1341 3701 1396 3750 et
1423 3695 1607 3748 omnia
1643 3703 1823 3750 creata
1857 3705 2110 3752 constant

513 3781 570 3834 in
625 3781 770 3852 ipso,
825 3783 882 3840 id
915 3791 1002 3841 est
1040 3785 1277 3842 existere
1327 3785 1528 3842 habent
1571 3803 1664 3856 per
1705 3788 1897 3858 ipsum.
1954 3787 2109 3844 Sicut

513 3875 660 3930 enim
681 3891 817 3935 esse
857 3893 970 3934 non
1011 3887 1302 3949 poterant,
1349 3879 1454 3935 nisi
1495 3895 1590 3949 per
1637 3879 1838 3950 ipsum,
1887 3879 1968 3935 sic
2009 3895 2108 3936 nec

513 3973 698 4023 creata
731 3969 1052 4037 consistere,
1089 3971 1196 4026 nisi
1237 3985 1336 4041 per
1377 3971 1578 4041 ipsum,
1621 3979 1675 4026 et
1715 3972 1824 4041 ipse
1852 3969 2107 4028 Christus

512 4067 589 4111 est
629 4069 806 4126 caput,
851 4059 908 4115 id
951 4061 1404 4132 estprincipium
1448 4071 1502 4117 et
1541 4065 1782 4132 regimen
1831 4063 2102 4118 Ecclesim.

513 4147 672 4214 Quod
709 4150 784 4204 ita
823 4150 1140 4220 ait:Caput
1185 4153 1417 4222 corporis
1463 4151 1752 4218 Ecclesiae,
1793 4154 1920 4222 quia
1964 4155 2108 4210 sicut

515 4255 716 4310 corpus
742 4241 984 4298 hominis
1011 4259 1203 4300 omnes
1239 4259 1436 4299 sensus
1481 4244 1642 4299 habet
1680 4245 1734 4298 in
1783 4245 1978 4314 capite,
2028 4246 2108 4301 sic

514 4332 760 4406 Ecclesia
793 4349 985 4391 omnes
1013 4335 1158 4392 vires
1187 4351 1319 4392 suas
1349 4335 1511 4390 habet
1543 4336 1600 4390 in
1625 4335 1868 4402 Christo,
1907 4337 2103 4406 capite,

513 4403 784 4496 principio
811 4441 913 4482 suo
938 4434 992 4481 et
1012 4433 1244 4482 rectore.
1277 4424 1587 4497 Opponeret
1607 4425 1697 4480 ille
1725 4445 1738 4480 :
1765 4425 1946 4493 Quare
1965 4403 2104 4482 dicis

2216 1953 2486 2008 homines.
2522 1955 2660 2009 Ante
2687 1953 2968 2012 Christum
2999 1958 3144 2014 inter
3181 1959 3404 2031 angelos
3451 1969 3508 2016 et
3549 1961 3786 2018 homines

2214 2043 2501 2100 dissidium
2531 2055 2648 2101 erat
2677 2065 2690 2100 :
2719 2046 2812 2102 sed
2838 2047 3172 2116 iustiﬁcatus
3205 2049 3393 2116 homo,
3437 2066 3566 2106 mox
3619 2067 3786 2123 pacem

2214 2135 2406 2192 habuit
2431 2153 2556 2193 cum
2586 2139 2798 2209 angelo.
2828 2137 2986 2197 Nunc
3009 2141 3230 2198 tandem
3265 2141 3548 2199 descendit
3575 2145 3649 2200 ad
3674 2145 3786 2200 illud

2213 2227 2362 2296 quod
2390 2227 2704 2283 intendebat
2728 2245 2796 2283 ex
2819 2230 3143 2299 praemissis,
3174 2231 3364 2289 dicens
3390 2251 3404 2288 :
3433 2231 3546 2290 Nos
3585 2233 3794 2290 Iudaeos-

2213 2315 2548 2388 pacilicavit,
2591 2327 2646 2374 et
2689 2335 2789 2374 vos
2831 2321 3064 2392 gentiles
3103 2321 3358 2378 similiter
3401 2325 3782 2380 reconciliavit.

2225 2405 2326 2462 Vos
2355 2407 2502 2475 dico,
2527 2425 2668 2474 cum,
2693 2409 2748 2464 id
2775 2419 2860 2464 est
2887 2412 3160 2480 quamvis,
3199 2414 3382 2468 essetis
3403 2413 3712 2485 aliquando,
3741 2415 3796 2470 id

2211 2507 2298 2554 est
2325 2507 2570 2571 tempore
2597 2499 2951 2568 inﬁdelitatis,
2985 2502 3206 2557 alienati
3230 2517 3262 2557 a
3292 2501 3406 2558 Deo
3435 2517 3522 2574 pel
3555 2503 3786 2576 ignoran-

2211 2591 2346 2646 tiam
2371 2610 2385 2646 :
2408 2601 2460 2646 et
2493 2593 2688 2649 essetis
2721 2594 2952 2661 inimici,
2998 2595 3054 2650 id
3089 2603 3174 2650 est
3209 2595 3638 2652 inimicaremini
3673 2595 3784 2663 Deo,

2211 2699 2388 2750 sensu,
2419 2683 2472 2739 id
2495 2693 2582 2740 est
2609 2699 2674 2740 ex
2703 2685 3005 2741 voluntate.
3033 2684 3248 2741 Inimici
3273 2687 3440 2742 etiam
3469 2689 3526 2742 in
3557 2689 3782 2758 operibus

2211 2777 2390 2832 malis.
2409 2776 2525 2844 Vel,
2555 2778 2806 2849 quamvis
2833 2782 3030 2834 essetis
3059 2777 3264 2834 inimici
3293 2791 3482 2846 sensu,
3511 2788 3693 2836 tamen
3713 2795 3792 2836 ro-

2211 2873 2522 2929 conciliavit
2545 2887 2664 2941 vos,
2697 2889 2834 2926 nunc
2871 2883 3050 2929 autem
3093 2873 3454 2929 reconciliavit
3485 2875 3542 2930 in
3565 2891 3780 2946 corpore,

2211 2965 2454 3020 nondum
2497 2965 2812 3032 immortali,
2855 2963 2954 3020 sed
2993 2981 3224 3037 corpore
3257 2968 3438 3022 carnis
3466 2967 3604 3039 ejus,
3643 2969 3693 3024 id
3715 2977 3794 3023 est

2211 3055 2390 3110 adhuc
2420 3055 2688 3112 mortalis.
2723 3053 2790 3109 Et
2817 3055 2864 3111 si
2895 3055 2950 3110 in
2979 3071 3208 3126 corpore
3243 3057 3464 3112 mortali
3505 3058 3616 3114 hoc
3653 3056 3782 3120 fecit,

2209 3147 2342 3217 quid
2373 3146 2535 3202 faciet
2561 3147 2616 3202 in
2649 3147 2978 3206 immortali?
3017 3146 3202 3219 Longe
3233 3149 3489 3218 amplius.
3539 3147 3784 3204 Reconci-

2209 3235 2362 3290 liavit
2387 3235 2443 3290 in
2471 3251 2698 3306 corpore
2723 3253 2816 3306 per
2849 3246 3106 3302 mortem;
3145 3248 3206 3292 ut
3239 3238 3385 3294 enim
3431 3253 3532 3294 vos
3559 3237 3782 3294 reconci-

2209 3327 2385 3392 liaret,
2407 3328 2520 3397 pati
2547 3327 2720 3382 voluit
2745 3337 2996 3396 mortem,
3023 3329 3078 3382 id
3097 3337 3182 3384 est
3207 3337 3268 3384 ut
3293 3328 3552 3384 exhibeat
3575 3345 3664 3384 vos
3683 3345 3784 3382 us-

2209 3427 2319 3471 ctos
2365 3418 2636 3488 positione
2675 3419 2963 3486 virtutum,
3001 3429 3052 3473 et
3081 3419 3473 3488 immaculatos,
3503 3421 3794 3478 remotione-

2209 3507 2504 3575 malorum,
2533 3519 2586 3564 et
2609 3510 3090 3580 irrepreltensibiles
3117 3527 3298 3564 coram
3326 3511 3442 3580 ipso
3471 3509 3603 3567 Deo.
3641 3509 3776 3577 Quod

2210 3613 2312 3654 nec
2339 3599 2618 3655 subtilitas
2645 3599 2767 3670 ejus
2801 3600 2992 3671 (cujus
3019 3601 3194 3656 oculis
3227 3601 3410 3656 omnia
3451 3601 3598 3658 nuda
3633 3610 3750 3658 sunt
3761 3599 3790 3668 )a

2211 3690 2450 3746 inveniat
2493 3691 2550 3746 in
2592 3692 2674 3747 eis
2715 3692 2848 3762 quid
2891 3691 3272 3762 reprehendat.
3321 3691 3400 3748 ita
3447 3701 3630 3750 tamen
3671 3693 3784 3749 dico

2209 3784 2484 3851 exhibeat,
2514 3785 2560 3838 si
2593 3800 2693 3840 vos
2718 3785 3036 3855 permanetis
3065 3785 3278 3855 fundati
3305 3795 3356 3840 et
3391 3787 3536 3841 llrmi
3575 3787 3634 3856 in
3665 3787 3772 3856 ﬁde.

2208 3874 2286 3930 Et-
2305 3875 2352 3932 si
2381 3876 2712 3945 permanetis
2742 3875 2958 3930 stabiles
2985 3885 3252 3946 quantum
3281 3892 3349 3931 ex
3379 3877 3537 3934 vobis
3575 3886 3678 3932 est.
3717 3874 3776 3930 Et

2209 3965 2502 4020 immobiles
2547 3965 2594 4021 si
2637 3965 2920 4020 immineat
2961 3974 3278 4035 persecutor.
3317 3983 3352 4019 α
3391 3982 3512 4036 spe,
3553 3965 3608 4020 id
3643 3973 3722 4022 est
3749 3978 3780 4017 ι

2209 4067 2426 4128 sperata
2457 4073 2536 4113 re.
2569 4056 2672 4127 Spe
2699 4057 2824 4114 dico
2855 4055 3152 4128 Evangelii,
3185 4057 3238 4112 id
3279 4065 3366 4114 est
3395 4073 3563 4130 quam
3605 4071 3774 4128 spera-

2211 4159 2318 4205 tam
2348 4149 2736 4204 beatitudinem
2765 4149 3032 4218 promittit
3053 4148 3432 4220 Evangelium;
3461 4152 3600 4221 quod
3621 4148 3777 4202 Evan-

2207 4242 2406 4312 gelium
2437 4241 2666 4296 audistis
2688 4256 2718 4295 a
2745 4237 3030 4310 di's‘dipulis
3057 4242 3278 4296 nostris.
3309 4240 3420 4297 Nec
3435 4241 3642 4298 debetis
3663 4239 3776 4294 illusi

2207 4330 2474 4398 refellere,
2507 4329 2642 4401 quia
2667 4330 2748 4386 sic
2775 4329 3052 4399 accipiunt
3077 4345 3272 4386 omnes
3295 4329 3453 4399 justi.
3491 4329 3558 4385 Et
3585 4329 3686 4385 hoc
3711 4327 3774 4382 ita

2209 4421 2288 4478 ait
2305 4441 2318 4477 :
2335 4421 2488 4488 Quod
2511 4421 2866 4492 Evangelium
2891 4421 3242 4492 pradieatum
3263 4429 3340 4476 est
3368 4421 3624 4500 univegsa:
3645 4435 3776 4473 crea-

511 4516 795 4573 Christum
831 4527 998 4590 caput
1021 4517 1310 4586 Ecclesiae,
1347 4533 1474 4573 cum
1515 4519 1648 4573 Abel
1677 4527 1732 4573 et
1773 4519 1928 4572 multi
1967 4518 2100 4588 justi
2135 4525 2179 4579 D
2205 4526 2362 4581 tum,
2395 4523 2450 4568 et
2477 4521 2758 4583 permanet
2783 4513 2864 4568 sic
2895 4513 2950 4568 in
2981 4513 3236 4568 universa
3263 4509 3774 4568 creaturuﬁﬁreatu-

513 4609 716 4667 fuerint
743 4612 898 4682 prius
929 4611 1051 4680 illo,
1093 4611 1368 4682 tempore?
1409 4609 1524 4665 Hoc
1553 4610 1628 4664 ita
1658 4619 1900 4666 removet
1925 4628 1939 4665 :
1965 4609 2104 4666 Vere

512 4710 678 4773 caput
705 4701 984 4770 Ecclesiae,
1021 4702 1173 4773 quia,
1214 4703 1306 4772 qui
1343 4710 1422 4756 est
1458 4701 1778 4772 principium
1825 4699 2098 4757 Είεὶεείειι.

514 4796 666 4853 Licet
703 4799 850 4854 enim
885 4797 1043 4853 multi
1073 4795 1246 4853 sancti
1287 4809 1506 4851 carnem
1545 4793 1752 4848 Christi
1785 4795 2102 4863 praecessis-

514 4897 638 4942 sent
667 4895 930 4958 tempore,
953 4902 1234 4958 nunquam
1267 4895 1446 4940 tamen
1477 4883 1840 4948 salvarentur,
1875 4884 1981 4938 nisi
2007 4899 2103 4953 per

514 4978 675 5032 ﬁdem
721 4980 964 5034 membra
994 4987 1177 5034 essent
1213 4977 1408 5049 capitis
1449 4974 1675 5032 Christi.
1707 4973 1891 5030 Potuit
1917 4975 2104 5045 itaque

513 5077 680 5140 caput
707 5081 832 5124 esse
858 5067 1134 5136 Ecclesia,
1165 5071 1293 5140 quia
1323 5069 1704 5140 primogenitus
1737 5075 1824 5123 est
1845 5083 1911 5122 ea:
1953 5083 2099 5122 mor-

516 5160 641 5214 tuis.
679 5159 898 5216 Primus
922 5160 1067 5215 enim
1097 5161 1344 5216 omnium
1383 5160 1624 5218 surrexit
1649 5175 1716 5214 ex
1747 5159 2001 5214 mortuis.
2035 5157 2102 5214 Et

513 5250 930 5321 primogenitus,
968 5252 1094 5321 quia
1133 5251 1248 5322 ipse
1275 5253 1436 5307 habet
1477 5267 1694 5308 omnem
1731 5250 2100 5306 baereditatem

517 5342 712 5397 Patris.
747 5341 814 5396 Et
841 5343 1157 5413 quicunque
1185 5343 1311 5398 inde
1341 5344 1546 5414 aliquid
1577 5345 1758 5410 habet,
1799 5351 2014 5414 oportet
2045 5355 2105 5396 ut

515 5438 582 5491 ab
611 5435 702 5491 illo
733 5435 948 5490 habeat.
984 5434 1136 5491 Sicut
1167 5437 1561 5506 primogenitus
1603 5437 1746 5492 ﬁlius
1785 5438 1946 5492 habet
1981 5451 2101 5489 om-

516 5543 638 5580 nem
668 5527 1034 5583 hatreditatem
1065 5527 1254 5598 patris,
1285 5537 1340 5583 et
1367 5545 1528 5584 nemo
1551 5527 1850 5598 quidquam
1889 5527 1994 5582 nisi
2033 5527 2102 5581 ab

512 5633 597 5670 eo.
631 5615 738 5674 Nec
761 5617 1156 5689 primogenitus
1185 5619 1576 5690 repudiandus,
1607 5627 1668 5673 ut
1697 5619 1874 5686 Esau;
1906 5619 2000 5674 sed
2029 5618 2104 5672 ita

515 5709 910 5781 primogenitus
939 5719 996 5764 ut
1026 5711 1134 5780 ipse
1161 5711 1232 5764 sit
1259 5719 1433 5764 tenens
1457 5712 1746 5780 primatum
1773 5711 1830 5764 in
1860 5709 2104 5764 omnibus

517 5802 802 5859 creaturis.
839 5801 1099 5874 Princeps
1135 5803 1281 5859 enim
1317 5802 1654 5860 constitutus
1685 5811 1784 5858 est
1831 5801 2100 5858 omnium.

2206 4624 2324 4664 ram
2347 4615 2506 4662 vocat
2527 4606 2710 4676 justus
2737 4620 2834 4674 per
2857 4605 3256 4671 excellentiam,
3291 4605 3424 4674 quia
3452 4604 3580 4660 licet
3605 4613 3776 4658 omnes

2205 4701 2317 4757 sint
2353 4706 2618 4753 creatura:
2659 4695 2786 4762 Dei,
2831 4695 2968 4766 justi
3009 4705 3192 4750 tamen
3229 4695 3518 4766 privilegio
3557 4693 3772 4765 quodam

2205 4800 2474 4849 creaturae
2505 4788 2764 4844 dicuntur
2803 4787 2858 4842 in
2911 4788 3112 4859 quibus
3147 4787 3298 4856 prior
3337 4785 3620 4858 generatio
3665 4785 3774 4854 qua:

2204 4884 2310 4940 fuit
2341 4881 2398 4936 in
2425 4881 2622 4936 delicto
2661 4879 2846 4934 carnis
2879 4895 2978 4949 per
3007 4878 3346 4947 baptismum
3375 4876 3562 4932 deleta
3599 4883 3692 4940 est,
3727 4877 3774 4926 et

2205 4971 2420 5030 novitas
2449 4969 2572 5025 ﬁdei
2603 4968 2883 5040 generavit
2914 4984 3016 5024 eos
3053 4983 3226 5024 novos
3263 4967 3408 5023 ﬁlios
3451 4965 3510 5022 in
3553 4965 3766 5022 Christo.

2207 5063 2362 5121 Unde
2391 5061 2470 5120 sic
2495 5061 2573 5118 ait
2599 5080 2610 5115 :
2643 5059 2709 5114 In
2739 5061 2984 5115 universa
3013 5069 3288 5125 creatura,
3337 5058 3392 5114 id
3421 5067 3510 5114 est
3533 5058 3590 5113 in
3613 5053 3770 5112 omni-

2205 5157 2310 5214 bus
2333 5157 2498 5229 justis
2529 5155 2586 5209 in
2619 5153 2723 5210 ﬁde
2749 5153 2959 5210 Christi
2987 5168 3127 5209 nova
3155 5160 3406 5207 creatura
3437 5150 3616 5206 lactis.
3653 5145 3766 5202 Uni-

2203 5265 2362 5306 versa
2389 5250 2532 5314 dico,
2572 5261 2682 5302 non
2713 5245 2884 5302 unius
2906 5245 3174 5316 regionis,
3215 5243 3310 5300 sed
3349 5257 3662 5315 quacunque
3685 5235 3766 5292 sub

2206 5341 2334 5394 caelo
2359 5349 2457 5396 est.
2490 5338 2586 5392 Vel
2617 5338 2690 5392 ita
2720 5337 3018 5392 :Creatura
3041 5351 3164 5406 quae
3193 5335 3298 5390 sub
3323 5335 3468 5392 cmlo
3495 5344 3598 5396 est.
3625 5331 3672 5386 id
3695 5335 3766 5380 es!

2203 5449 2325 5503 quae
2355 5432 2534 5486 adhuc
2573 5429 2946 5502 peregrinatur
2977 5429 3030 5483 in
3063 5428 3297 5496 mundo,
3325 5436 3452 5497 post
3495 5425 3762 5480 modicum,

2206 5525 2404 5581 merito
2443 5523 2565 5578 ﬁdei
2611 5505 2986 5576 transferenda
3029 5534 3195 5590 super
3243 5519 3436 5574 oculos.
3479 5517 3546 5573 Et
3589 5517 3638 5570 in
3679 5513 3764 5566 hoc

2207 5613 2372 5670 verbo
2401 5613 2538 5668 satis
2563 5609 2910 5666 commendat
2947 5608 3107 5665 ﬁdem
3145 5608 3274 5664 illis.

2279 5704 2438 5760 Modo
2479 5701 2634 5774 ponit
2671 5702 3050 5758 auctoritatem
3097 5715 3278 5766 suam,
3319 5714 3444 5770 qua:
3481 5687 3764 5754 necessaria

2207 5809 2326 5856 erat
2355 5797 2460 5854 illis
2487 5797 2556 5854 ad
2581 5796 3054 5853 conﬁrmationem
3081 5795 3270 5852 dicens
3289 5813 3302 5851 :
3319 5793 3484 5864 Cujus
3513 5779 3760 5858 Evangelii
