3988 6402
1581 272 1616 289 θ

227 371 332 428 381

871 371 1238 432 EXPOSI'HO
1273 375 1342 432 IN
1379 374 1765 434 EPISTOLAS
1799 377 2026 436 PAULI.
2071 413 2140 422 -—
2178 377 2243 436 IN
2284 382 2502 441 EPIST.
2539 385 2632 440 AD
2669 365 2824 443 COL.

3391 366 3517 448 se:

227 498 324 555 ego
366 482 574 538 Paulus
622 483 819 556 (cujus
862 489 1176 544 auctoritati
1214 491 1486 547 contraire
1523 508 1631 547 non
1662 493 1818 562 licet)
1847 498 1891 556 A
1922 494 2164 565 Petrum,
2200 499 2329 570 quia
2365 501 2655 572 recepisset
2679 502 2929 574 gentilem
2968 501 3299 578 Cornelium,
3351 523 3497 585 non-

227 577 410 644 factus
444 592 563 629 sum
589 592 621 631 a
652 575 780 642 Deo,
821 593 928 632 non
968 579 1158 650 utique
1192 581 1370 648 dator,
1408 583 1503 638 sed
1543 584 1810 648 minister;

227 669 319 736 qui
353 669 520 722 etiam
563 678 622 723 ut
661 671 1002 741 magniﬁcem
1035 671 1418 745 Evangelium,
1465 692 1602 730 nunc
1636 677 1814 747 patior

228 763 444 830 positus
473 763 528 818 in
555 765 808 832 vinculis,
839 775 893 820 et
919 767 975 820 in
999 767 1334 837 passionibus
1368 770 1475 825 illis
1499 771 1699 841 gaudeo
1717 787 1834 841 pro-

227 854 375 908 vobis
424 853 776 911 instruendis.
827 855 884 910 Si
923 859 1070 914 enim
1106 859 1353 915 viderent
1389 859 1618 916 Paulum
1659 861 1812 917 refu-

226 944 468 1014 gientem
509 961 609 1016 pro
655 946 760 1004 ﬁde
799 949 933 1017 pati,
974 951 1348 1020 vituperarent
1387 951 1547 1006 ﬁdem
1589 968 1655 1008 ex
1694 953 1813 1023 ipso

227 1035 404 1090 Paulo
431 1037 524 1106 qui
553 1039 864 1094 ostenderet
907 1040 963 1094 in
997 1057 1058 1097 se
1087 1057 1196 1096 non
1223 1057 1346 1098 esse
1370 1043 1685 1113 patiendum
1714 1060 1813 1114 pro

226 1142 312 1180 ea.
348 1127 592 1192 Gaudeo,
631 1128 876 1198 inquam,
925 1139 974 1184 et
1015 1132 1256 1202 gaudens
1285 1133 1548 1204 adimpleo
1593 1152 1654 1189 ea
1687 1152 1814 1206 pas-

226 1219 449 1273 sionum
475 1219 678 1276 Christi
708 1238 826 1291 quae
857 1223 1035 1278 adhuc
1060 1223 1269 1292 desunt,
1296 1235 1350 1280 et
1376 1226 1649 1297 implenda
1676 1228 1813 1283 mihi

226 1318 459 1364 restant.
493 1309 783 1367 Passioncs
821 1329 951 1370 suas
988 1316 1121 1370 dicit
1153 1331 1278 1372 esse
1319 1316 1558 1386 Christi,
1602 1329 1656 1374 et
1683 1320 1813 1390 quia

226 1399 484 1456 Christus
523 1401 604 1457 sic
631 1404 758 1458 eum
785 1405 897 1474 pati
925 1405 1179 1474 instituit,
1220 1417 1274 1464 et
1307 1408 1436 1478 quia
1473 1409 1679 1479 patitur
1713 1425 1814 1480 pro

227 1491 456 1547 nomine
481 1492 706 1548 Christi.
737 1495 1048 1566 Adimplere
1075 1514 1135 1554 se
1157 1498 1311 1563 dicit,
1337 1500 1465 1570 quia
1488 1500 1557 1555 ad
1579 1508 1813 1556 mortem

225 1581 398 1648 vadit,
430 1583 483 1636 iu
512 1579 619 1653 qua
649 1597 734 1639 est
762 1588 1164 1644 consummatio
1189 1589 1532 1659 passionum.
1565 1588 1665 1646 Vel
1694 1591 1767 1646 ita
1797 1609 1810 1646 :

224 1673 515 1743 Adimpleo
539 1690 602 1729 ea
627 1677 934 1745 passionum
965 1678 1188 1746 Christi,
1233 1696 1355 1751 qua:
1386 1682 1567 1737 adhuc
1592 1681 1811 1738 desunt.

223 1764 487 1822 Christus
512 1768 713 1824 multas
747 1770 1035 1839 passiones
1076 1773 1286 1840 habuit,
1323 1774 1578 1844 patiendo
1615 1791 1815 1846 oppro-

1911 591 2041 646 dum
2086 592 2245 661 plene
2289 603 2683 664 cognoscentes
2712 595 3032 665 mysterium
3078 594 3170 649 Dei
3215 597 3281 651 de
3324 598 3498 654 salute

1912 683 2196 754 gentium;
2235 684 2434 753 quibus
2474 684 2616 739 Deus
2658 686 2829 740 voluit
2884 695 3036 740 notas
3065 687 3236 756 facere
3281 689 3498 744 divitias

1914 773 2123 844 gloriw.
2154 774 2386 829 Divitias
2412 776 2553 843 ideo,
2605 777 2733 846 quia
2770 778 2978 832 inﬁnita
3012 787 3139 833 sunt
3177 779 3317 834 dona
3354 779 3491 848 Dei;

1914 863 2130 932 Glorite,
2158 865 2284 934 quia
2308 865 2477 937 gloria
2509 875 2592 922 est
2612 868 2666 921 in
2692 869 2945 923 omnibus
2968 869 3093 924 illis.
3129 869 3352 925 Divitias
3377 872 3500 929 dico

1911 955 2231 1008 sacramenti
2258 955 2434 1025 hujus,
2468 957 2624 1026 cujus
2649 959 2898 1013 minister
2925 958 3102 1015 factus
3128 977 3270 1016 sum.
3298 960 3499 1017 Sacra-

1914 1045 2076 1098 menti
2111 1045 2233 1100 dico
2283 1047 2340 1098 in
2387 1047 2662 1118 gentibus;
2715 1050 2865 1104 salus
2908 1051 3053 1105 enim
3098 1051 3338 1122 gentium
3387 1052 3502 1108 fere

1913 1136 2170 1192 omnibus
2193 1137 2406 1192 occulta
2431 1148 2567 1200 erat.
2610 1140 2704 1195 sed
2732 1141 2798 1196 de
2821 1142 2996 1197 salute
3036 1141 3348 1199 Judzeornm
3390 1161 3499 1200 non

1913 1225 2113 1281 dicitur
2139 1228 2480 1299 mysterium,
2529 1230 2656 1300 quia
2713 1231 2820 1286 illis
2864 1240 3048 1302 aperte
3076 1231 3331 1289 Christus
3373 1249 3502 1303 pro-

1913 1318 2120 1374 missus
2162 1330 2280 1374 erat
2319 1319 2374 1373 in
2409 1320 2554 1391 lege,
2608 1337 2735 1376 cum
2788 1323 2845 1376 in
2894 1324 3145 1394 gentibus
3195 1340 3304 1378 non
3355 1333 3503 1379 esset

1914 1410 2078 1477 Deus,
2121 1411 2259 1481 quod
2306 1421 2708 1467 sacramentum
2737 1422 2814 1467 est
2843 1413 3106 1480 Christus,
3155 1415 3249 1484 qui
3291 1415 3344 1469 in
3384 1415 3503 1486 lege

1916 1502 2020 1559 sub
2053 1503 2312 1574 mysterio
2336 1502 2442 1557 fuit
2464 1504 2785 1573 promissus.
2820 1503 3061 1560 Christus
3086 1505 3208 1561 dico
3241 1522 3354 1576 spes
3385 1505 3503 1576 glo-

1915 1595 2012 1650 ria:
2036 1595 2093 1648 in
2121 1595 2285 1662 nobis,
2315 1595 2369 1650 id
2389 1595 2550 1650 estin
2579 1610 2690 1665 quo
2717 1595 2875 1650 vobis
2899 1610 3118 1665 sperare
3140 1596 3267 1652 licet
3284 1612 3502 1651 omnem

1916 1685 2142 1757 gloriam
2180 1695 2235 1741 et
2278 1686 2660 1743 remissionem
2721 1686 3091 1758 peccatorum,
3139 1695 3194 1741 et
3235 1688 3505 1756 justitiam

1915 1780 2062 1846 vitae,
2092 1791 2146 1834 et
2177 1778 2418 1834 futuram
2449 1778 2696 1852 gloriam.
2745 1778 2911 1845 Quem
2940 1768 3102 1833 taleiu
3127 1778 3335 1833 scilicet
3354 1793 3506 1847 spem

223 1855 372 1921 bria,
404 1857 740 1925 vexationes,
777 1867 834 1914 et
859 1860 1088 1931 ﬂagella,
1119 1863 1187 1918 ad
1227 1839 1479 1921 ultimum
1500 1908 1515 1933 ,
1553 1839 1808 1922 mortem.
1846 1839 1890 1896 Β
1918 1839 2083 1928 totius
2109 1871 2293 1943 gloria:
2316 1839 2555 1943 (futu‘rze)
2582 1888 2675 1924 nos
2701 1839 3102 1938 an-rmntiamus,
3140 1869 3289 1925 omni
3311 1868 3507 1926 ﬁducia

221 1943 324 2000 Sic
367 1944 572 2004 Paulus
605 1949 916 2019 opprobria,
958 1953 1207 2022 verbera,
1249 1957 1451 2013 multas
1493 1957 1813 2015 aﬁlictiones

221 2051 426 2105 passus
449 2047 586 2107 erat,
615 2047 670 2093 et
694 2040 762 2095 ad
790 2049 1021 2096 mortem
1051 2041 1362 2113 festinabat,
1390 2054 1452 2101 ut
1473 2047 1617 2103 sicut
1654 2047 1816 2102 Chri-

222 2135 350 2183 stus
379 2144 480 2198 pro
503 2144 591 2196 eo,
622 2129 703 2186 sic
730 2131 847 2200 ipse
876 2142 1182 2189 moreretur
1203 2150 1302 2206 pro
1329 2135 1573 2193 Christo.
1619 2137 1814 2194 Adim-

221 2221 354 2290 pleo
392 2223 677 2292 passiones
713 2222 918 2278 Christi
946 2243 958 2278 :
984 2239 1096 2280 non
1138 2224 1194 2280 in
1230 2226 1434 2282 damno
1469 2227 1568 2295 rei,
1610 2243 1721 2283 non
1759 2227 1816 2284 in

220 2314 542 2383 opprobriis
581 2316 789 2382 solum,
836 2315 932 2372 sed
968 2317 1025 2371 in
1065 2334 1224 2372 carne
1265 2335 1400 2374 mea.
1445 2319 1624 2390 Ipsam
1665 2320 1814 2376 enim

109 2399 130 2420 ³
221 2421 455 2461 carnem
479 2408 710 2463 exhibeo
739 2409 807 2464 ad
834 2425 1075 2479 poenam,
1099 2421 1154 2465 et
1182 2410 1286 2466 hoc
1312 2428 1407 2482 pro
1435 2428 1650 2482 corpore
1678 2413 1814 2482 ejus,

221 2497 443 2554 scilicet
473 2496 677 2554 Christi
707 2499 1137 2570 multiplicando.
1164 2497 1286 2554 Non
1313 2515 1540 2571 corpore
1559 2500 1706 2571 quod
1731 2515 1820 2555 re-

222 2598 451 2659 ceptum
481 2599 567 2645 est
611 2605 774 2661 super
800 2591 991 2660 caelos,
1023 2592 1119 2648 sed
1157 2608 1260 2664 pro
1299 2608 1527 2664 corpore
1569 2592 1707 2665 quod
1739 2600 1818 2647 est

223 2675 498 2734 Ecclesia.
531 2678 806 2737 Potuisset
836 2681 1043 2740 dixisse
1067 2683 1388 2755 simpliciter
1411 2699 1512 2754 pro
1537 2683 1814 2753 Ecclesia;

222 2770 324 2825 sed
353 2770 450 2825 ubi
480 2771 593 2826 ait:
622 2771 732 2826 Pro
757 2789 972 2844 corpore
997 2775 1110 2846 ejus
1137 2776 1278 2849 quod
1302 2785 1381 2832 est
1403 2775 1666 2842 Ecclesia,
1696 2777 1835 2847 plu-1

222 2865 439 2919 rimum
490 2865 893 2922 commendavit
934 2869 1096 2924 ﬁdem
1121 2910 1137 2936 ,
1185 2885 1308 2940 qua:
1355 2869 1486 2926 facit
1538 2868 1819 2925 hominem

223 2955 544 3011 membrum
581 2957 746 3028 hujus
788 2958 1035 3029 corporis
1057 3000 1074 3026 ,
1123 2961 1281 3031 cujus
1329 2971 1492 3032 caput
1530 2970 1616 3018 est
1653 2959 1820 3016 Chri-

223 3056 372 3102 stus.
417 3046 583 3117 Cujus
620 3050 816 3107 iterum
858 3049 1116 3108 Ecclesia:
1149 3068 1241 3123 ego
1280 3053 1454 3123 factus
1498 3071 1616 3107 sum
1655 3053 1821 3107 mini-

222 3149 341 3192 ster
378 3140 667 3194 secundum
694 3141 1168 3212 dispensationem,
1203 3144 1333 3214 quia
1363 3143 1480 3200 scio
1503 3144 1820 3214 dispensare

224 3229 536 3302 unicuique
597 3249 698 3303 pro
755 3235 918 3290 modo
974 3251 1119 3303 suo;
1180 3236 1308 3291 huic
1371 3236 1674 3307 majorem,
1742 3237 1819 3292 illi

225 3320 400 3392 277
443 3323 712 3380 minorem
751 3327 1002 3397 gratiam.
1034 3319 1506 3399 Dispensationem
1551 3328 1674 3383 dico
1699 3327 1819 3396 Dei,

226 3411 283 3467 id
313 3422 405 3468 est
434 3416 564 3486 quia
591 3417 673 3470 vel
696 3417 864 3474 Deum
889 3419 1070 3490 ipsum
1096 3421 1373 3491 dispenso,
1400 3420 1485 3476 vel
1517 3420 1646 3490 quia
1677 3418 1823 3476 Deus

227 3520 324 3560 me
350 3505 790 3575 dispensatorem
833 3510 1095 3577 instituit,
1133 3513 1432 3567 secundum
1463 3512 1826 3582 dispensatio-

227 3611 362 3652 nem
391 3614 512 3668 quae
539 3599 669 3652 data
709 3610 786 3654 est
826 3602 956 3656 mihi
983 3604 1038 3656 in
1078 3619 1186 3658 vos.
1220 3602 1446 3658 Videtur
1488 3603 1593 3659 hoc
1634 3618 1825 3674 super-

227 3688 427 3756 fluere,
479 3707 599 3760 qua
653 3692 782 3746 data
837 3703 912 3747 est
962 3695 1092 3748 mihi
1135 3696 1191 3750 in
1242 3711 1350 3761 vos,
1409 3696 1537 3766 quia
1592 3695 1822 3762 dixerat,

227 3782 529 3836 secundum
571 3783 1052 3854 dispensationem;
1099 3787 1194 3843 sed
1239 3787 1566 3857 quibusdam
1629 3789 1824 3845 tradita

228 3881 320 3928 est
360 3873 720 3944 dispensatio,
752 3876 847 3945 qui
886 3884 1069 3932 tamen
1096 3879 1354 3948 praeventi
1383 3879 1663 3950 martyrio,
1711 3895 1823 3935 non

228 3963 556 4020 habuerunt
598 3975 812 4037 tempus
841 3967 1225 4038 dispensandi;
1273 3971 1369 4026 sed
1395 3969 1596 4026 Paulus
1629 3979 1684 4026 et
1711 3972 1828 4027 olli-

229 4057 390 4111 cium
424 4056 847 4128 dispensationis
873 4061 1099 4132 accepit,
1139 4070 1193 4118 et
1236 4062 1366 4118 data
1409 4070 1494 4118 est
1517 4063 1568 4118 ei
1596 4061 1827 4120 facultas

230 4147 618 4218 dispensandi.

306 4238 465 4294 Licet
507 4240 578 4295 ad
619 4241 742 4298 illos
783 4258 894 4297 non
920 4243 1101 4313 fuerit,
1136 4246 1267 4302 dicit
1295 4254 1478 4302 tamen
1512 4246 1617 4303 sibi
1643 4246 1828 4302 datam

233 4346 366 4387 esse
390 4331 856 4402 dispensationem
886 4336 941 4390 in
967 4352 1082 4404 eos,
1121 4338 1248 4408 quia
1271 4339 1339 4395 de
1368 4341 1674 4410 apostolatu
1707 4341 1827 4412 ejus

235 4431 393 4488 stunt,
439 4430 496 4475 et
529 4437 626 4491 per
657 4423 957 4494 discipulos
1001 4426 1120 4497 ejus
1153 4429 1348 4485 edocti.
1390 4428 1524 4485 Data
1566 4438 1653 4486 est
1691 4430 1826 4485 mihi

1915 1964 2256 2034 corripientes
2277 1979 2480 2018 omnem
2505 1963 2766 2016 hominem
2791 1973 2840 2016 et
2864 1962 3127 2028 docentes,
3155 1960 3510 2030 corripientes

1915 2063 2190 2111 errantem
2213 2069 2244 2109 a
2265 2053 2514 2120 veritate,
2539 2053 2625 2108 vel
2650 2052 2772 2108 ﬁdei
2795 2053 3276 2108 eontradieentem.
3304 2051 3512 2105 Docen-

1914 2155 1998 2203 tes
2019 2155 2073 2202 et
2093 2163 2220 2202 eum
2250 2145 2345 2219 qui
2370 2145 2508 2200 nihil
2532 2145 2656 2212 scit,
2688 2143 2772 2200 vel
2792 2143 2978 2202 adhuc,
3002 2141 3319 2212 simpliciter
3343 2141 3506 2210 sapit,

1915 2237 2272 2309 corripientes
2319 2247 2373 2292 et
2416 2236 2676 2292 docentes
2716 2237 2769 2290 in
2813 2235 2954 2290 omni
2997 2233 3282 2304 sapientia,
3332 2231 3384 2286 id
3425 2240 3512 2286 est

1913 2341 2028 2388 tam
2054 2331 2121 2386 de
2146 2329 2426 2400 corporeis
2454 2329 2617 2384 rebus
2651 2344 2816 2398 quam
2859 2327 2925 2382 de
2974 2323 3335 2394 spiritalibus,
3365 2322 3508 2386 ideo,

1916 2429 1975 2474 ut
2039 2419 2375 2474 exltibeamus
2430 2434 2536 2473 non
2595 2416 2842 2472 Juda‘um
2891 2422 3125 2480 tantum,
3183 2412 3278 2468 sed
3309 2417 3512 2465 omnem"

1917 2511 2201 2577 hominem,
2253 2525 2356 2564 nec
2399 2508 2652 2579 gentilem
2680 2507 2883 2572 minus,
2907 2503 3155 2560 Judteum
3183 2501 3508 2574 perfectius;

1917 2601 2012 2658 sed
2037 2616 2256 2656 omnem
2279 2600 2555 2656 hominem
2581 2613 2735 2670 teque
2754 2598 3040 2669 perfectum
3057 2597 3113 2650 in
3134 2591 3510 2658 Christolesu,

1917 2693 2013 2766 qui
2055 2693 2206 2749 solus
2235 2692 2305 2748 ad
2347 2690 2736 2762 perfectionem
2765 2687 2980 2745 sufﬁcit.
3019 2686 3089 2742 In
3110 2702 3233 2758 quo,
3266 2685 3319 2740 id
3347 2692 3431 2740 est
3455 2683 3514 2738 in‘

1918 2801 2027 2856 qua
2072 2801 2153 2852 re,
2201 2792 2261 2838 ut
2292 2799 2511 2838 omnem
2555 2782 2831 2838 hominem
2871 2779 3172 2851 perfectum
3201 2776 3511 2842 exhibeam,

1919 2890 2031 2933 non
2061 2875 2238 2930 solum
2265 2872 2506 2944 corripio
2532 2881 2586 2928 et
2627 2872 2817 2938 doceo,
2850 2870 2946 2926 sed
2973 2870 3136 2924 etiam
3159 2867 3363 2933 laboro,
3399 2881 3513 2918 cei-

1919 2966 2101 3020 tando.
2142 2965 2381 3020 Laborat
2414 2963 2735 3034 jejunaudo,
2755 2960 3050 3032 vigilando,
3080 2967 3135 3014 et
3183 2973 3278 3028 per
3321 2955 3514 3027 hujus-

1921 3056 2070 3112 modi
2096 3065 2270 3112 certat
2314 3065 2502 3112 contra
2545 3062 2923 3125 persecutores
2952 3048 3293 3115 sustinendo,
3321 3055 3512 3102 contra

1895 3149 2129 3221 pseudo
2156 3148 2318 3207 ﬁdem
2345 3147 2740 3204 conﬁrmando.
2784 3144 2998 3200 Laboro
3045 3151 3100 3198 et
3145 3149 3294 3196 certo
3345 3151 3513 3208 agens

1920 3239 2208 3294 secundum
2254 3239 2606 3308 operationem
2637 3236 2751 3305 ejus
2779 3250 2937 3306 quam
2959 3242 3206 3302 operatur
3239 3230 3293 3282 in
3336 3243 3417 3281 me
3456 3227 3512 3280 in

1921 3333 2118 3386 virtute
2161 3329 2572 3396 miraculorum,
2630 3328 2683 3384 id
2731 3335 2836 3394 est,
2861 3325 2942 3382 sic
2989 3323 3135 3378 Deus
3188 3327 3515 3392 cooperatur

1923 3423 2058 3479 mibi
2112 3423 2170 3477 in
2217 3422 2405 3477 labore
2447 3431 2502 3478 et
2547 3421 2866 3487 certamine,
2916 3419 3059 3475 sicut
3109 3416 3164 3471 in
3195 3413 3518 3486 operatione

1882 3514 2338 3592 ‘miraculorum,
2384 3512 2442 3567 in
2484 3527 2596 3583 quo
2630 3512 2797 3567 etiam
2838 3509 3082 3566 infideles
3114 3507 3373 3563 virtutem
3412 3501 3513 3560 Dei

1923 3606 2252 3662 conﬁtentur
2289 3605 2343 3659 in
2370 3618 2460 3659 me
2485 3617 2628 3659 esse.

2547 3692 2778 3750 CAPUT
2817 3691 2881 3747 ll.

2001 3807 2019 3839 α
2063 3786 2197 3842 Volo
2260 3785 2408 3841 enim
2459 3800 2558 3841 vos
2620 3784 2763 3840 scire
2825 3783 3041 3852 qualem
3094 3778 3514 3835 sollicitudinem

1931 3900 1950 3933 ε
1997 3880 2228 3935 habeam
2259 3893 2359 3948 pro
2384 3876 2563 3944 vobis,
2593 3883 2648 3930 et
2675 3889 2777 3946 pro
2815 3872 2902 3929 bis
2927 3872 3024 3943 qui
3053 3879 3182 3928 sunt
3222 3869 3512 3937 Laodicia,

1931 3989 1951 4023 ιι
1995 3980 2050 4026 et
2074 3970 2388 4041 quicunque
2414 3984 2524 4024 non
2546 3967 2802 4023 viderunt
2820 3963 3014 4021 faciem
3046 3978 3223 4018 meam
3247 3962 3303 4017 in
3325 3975 3512 4030 carne,

1933 4081 1951 4115 α
1991 4071 2054 4118 ιιι
2076 4061 2432 4118 consolentur
2470 4059 2636 4116 corda
2667 4058 2935 4130 ipsorum,
2984 4055 3237 4112 instructi
3276 4054 3331 4109 in
3384 4053 3515 4111 cha-

1933 4172 1952 4204 s
1998 4153 2179 4219 ritate,
2203 4160 2258 4207 et
2284 4152 2338 4206 in
2370 4165 2564 4207 omnes
2591 4149 2811 4205 divitias
2834 4147 3189 4220 plenitudinis
3209 4146 3516 4202 intellectus

1934 4263 1953 4296 ι
1998 4244 2056 4299 in
2101 4244 2378 4316 agnitione
2423 4240 2670 4315 mysterii
2712 4239 2808 4295 Dei
2842 4238 3020 4296 Patris
3039 4247 3096 4295 et
3122 4237 3326 4295 Christi
3360 4236 3514 4306 Jesu,

1934 4354 1954 4389 ι
1999 4336 2054 4390 in
2084 4350 2195 4406 quo
2223 4343 2353 4392 sunt
2381 4341 2572 4392 omnes
2592 4331 2837 4389 thesauri
2865 4331 3144 4402 sapientia
3182 4339 3236 4386 et
3275 4328 3517 4386 scientia

1935 4447 1955 4483 ο
1995 4429 2322 4486 absconditi.
2347 4426 2462 4484 Hoc
2500 4435 2682 4483 autem
2712 4425 2858 4492 dico,
2887 4434 2946 4479 ut
2974 4439 3136 4480 nemo
3159 4438 3258 4478 vos
3283 4422 3518 4494 decipiat

236 4511 386 4576 ideo,
415 4520 475 4566 ut
517 4513 765 4583 impleam
804 4516 1013 4570 verbum
1060 4517 1180 4584 Dei,
1231 4521 1374 4590 quod
1417 4528 1473 4576 et
1504 4521 1719 4576 locutus
1761 4521 1828 4577 ab
1852 4529 1905 4592 ι)
1937 4541 1956 4574 ι
1998 4521 2055 4576 in
2109 4519 2442 4578 sublimitate
2492 4534 2829 4576 sermonum.
2885 4514 3024 4571 Nam
3092 4523 3148 4571 et
3193 4514 3242 4570 si
3287 4528 3516 4584 corpore

233 4605 472 4670 aeterno,
505 4613 561 4659 et
583 4606 636 4660 in
669 4614 912 4677 tempore
945 4609 1272 4666 vaticinatus
1300 4620 1384 4666 est
1410 4627 1508 4682 per
1535 4613 1828 4682 prophetas

236 4712 395 4756 suos.
453 4696 660 4768 Magna:
711 4701 1052 4758 auctoritatis
1107 4703 1249 4772 apud
1294 4701 1463 4758 Deum
1525 4703 1729 4760 Paulus
1769 4719 1832 4761 se

236 4789 463 4857 asserit,
507 4805 634 4846 eum
685 4790 832 4848 dicat
876 4808 974 4863 per
1026 4809 1085 4849 se
1123 4795 1382 4864 compleri
1425 4795 1571 4866 quod
1595 4805 1678 4852 tot
1704 4805 1832 4853 ante

238 4893 492 4954 tempora
535 4883 854 4954 praedictum
884 4883 1006 4952 fuit,
1035 4893 1090 4941 et
1133 4887 1308 4942 donec
1353 4887 1421 4942 ad
1461 4888 1640 4958 ipsum
1673 4888 1831 4943 inex-

238 4973 450 5043 pictum
476 4973 760 5039 remansit,
790 4974 996 5029 scilicet
1017 4976 1374 5031 salvationem
1405 4977 1664 5048 gentium.
1695 4976 1832 5033 Ver-

241 5065 374 5119 bum
422 5062 518 5118 Dei
551 5062 693 5130 dico,
725 5065 780 5118 id
819 5074 902 5120 est
931 5067 1236 5136 mysterium
1280 5068 1420 5138 quod
1464 5069 1833 5123 absconditum

241 5156 348 5225 fuit
379 5173 414 5208 a
449 5155 724 5225 prioribus
749 5157 982 5223 saeculis,
1012 5168 1061 5211 et
1096 5159 1168 5213 ita
1194 5176 1223 5212 a
1251 5159 1465 5214 saeculis
1494 5161 1636 5230 quod
1665 5162 1830 5216 etiam

1935 4632 1953 4667 α
1998 4614 2196 4669 absens
2240 4626 2364 4668 sum
2413 4609 2467 4683 (1
2518 4610 2641 4666 Cor.
2673 4627 2727 4678 v,
2751 4611 2829 4681 5),
2861 4608 2956 4664 sed
2989 4607 3184 4678 spiritu
3228 4605 3514 4661 vobiscum

1934 4723 1954 4758 ι
1999 4720 2142 4772 sum,
2191 4702 2432 4775 gaudens
2453 4711 2507 4756 et
2531 4701 2722 4756 videns
2755 4699 3004 4756 ordinem
3029 4705 3292 4761 vestrum,
3327 4701 3382 4748 et
3414 4693 3516 4748 ﬁr-

1936 4814 1956 4848 s
1999 4804 2336 4850 mamentum
2364 4793 2486 4864 ejus
2511 4807 2633 4863 quae
2675 4790 2732 4845 in
2760 4790 2981 4846 Christo
3022 4796 3107 4845 est
3150 4786 3273 4842 ﬁdei
3297 4792 3512 4840 vestrae.

1937 4906 1956 4939 ς
1999 4887 2154 4943 Sicut
2187 4902 2319 4958 ergo
2347 4885 2636 4956 accepistis
2674 4881 2862 4937 Iesum
2909 4881 3187 4937 Christum
3220 4878 3515 4934 Dominum

1938 4997 1957 5030 ι
1989 4987 2267 5044 nostrum,
2302 4979 2357 5032 in
2391 4979 2512 5047 ipso
2542 4973 2836 5040 ambulate,
2861 4972 3084 5028 radicati
3103 4981 3156 5027 et
3183 4969 3518 5044 supermdiﬁ-

1940 5090 1958 5122 ι
2003 5070 2111 5124 cati
2137 5070 2190 5125 in
2223 5069 2346 5136 ﬁde,
2386 5067 2530 5124 sicut
2552 5072 2606 5121 et
2631 5061 3271 5130 didicistis,abundantes
3284 5061 3517 5133 273m

1941 5182 1959 5214 ‹
2003 5161 2095 5216 illo
2143 5163 2198 5216 in
2240 5160 2541 5232 gratiarum
2596 5156 2829 5211 actione.
2887 5154 3078 5210 Videte
3127 5169 3195 5209 ne
3247 5155 3371 5224 quis
3418 5163 3519 5218 vos

244 5266 276 5304 a
335 5250 781 5320 generationibus,
831 5249 884 5303 id
917 5258 1003 5305 est
1037 5251 1182 5320 quod
1209 5252 1521 5323 quicunque
1565 5252 1618 5306 in
1666 5253 1835 5323 priori

245 5341 497 5411 genitura
523 5349 660 5404 erat,
692 5341 798 5393 hoc
840 5352 1110 5396 secretum
1155 5343 1447 5412 ignoraret.
1501 5344 1650 5400 Licet
1675 5345 1836 5416 pauci

246 5441 378 5488 tunc
405 5431 814 5502 cognovissent,
841 5440 895 5487 et
920 5432 973 5487 hi
1000 5432 1285 5503 justiﬁcati
1316 5451 1412 5505 per
1433 5436 1592 5492 fidem
1623 5437 1841 5492 venturi

247 5533 306 5578 ut
335 5524 633 5579 Abraham.
681 5522 824 5580 Olim
876 5523 981 5579 fuit
1029 5525 1432 5595 absconditum,
1475 5529 1568 5584 sed
1609 5545 1744 5582 nunc
1785 5531 1839 5585 in

246 5614 439 5670 diebus
463 5615 673 5687 gratiae,
704 5616 1105 5686 manifestatum
1129 5626 1206 5670 est
1231 5620 1432 5672 sanctis
1455 5619 1589 5689 ejus,
1629 5620 1822 5677 scilicet

1952 5637 1970 5669 c
2016 5615 2294 5687 paraliter,
2338 5621 2394 5668 et
2436 5612 2573 5667 estis
2616 5612 2673 5666 in
2706 5612 2799 5665 illo
2829 5608 3038 5705 repleti,
3089 5607 3184 5676 qui
3231 5610 3529 5705 est.caput

248 5703 602 5772 Christi,nec
630 5709 907 5776 omnibus,
941 5709 1036 5764 sed
1075 5708 1184 5765 illis
1227 5711 1413 5780 quibus
1458 5709 1599 5766 Deus
1646 5713 1822 5767 voluit.

1952 5725 1972 5759 σ
2017 5705 2195 5761 omnis
2223 5704 2560 5776 principatus
2587 5710 2642 5757 et
2669 5700 2972 5770 potestatis.
3001 5697 3058 5750 In
3085 5711 3196 5766 quo
3222 5707 3276 5749 et
3298 5697 3529 5748 circum-

251 5793 323 5850 Ut
363 5797 437 5852 ibi
487 5799 760 5866 apparuit,
809 5799 1032 5868 quando
1077 5798 1332 5871 discipuli
1371 5801 1872 5878 reprehenderunt“
1948 5818 1966 5852 ι
2012 5801 2111 5857 eisi
2158 5800 2310 5868 estis,
2357 5795 2773 5855 circumcisione
2813 5809 2922 5849 non
2972 5790 3281 5848 manufacta
3329 5791 3385 5847 in
3430 5804 3531 5847 ex-

1943 5271 1960 5305 c
2004 5251 2236 5321 decipiat
2269 5267 2366 5320 per
2394 5246 2797 5319 philosophiam
2847 5255 2902 5302 et
2945 5245 3165 5300 inanem
3222 5243 3514 5308 fallaciam,

1945 5363 1962 5394 ‹
2003 5344 2305 5408 secundum
2333 5341 2678 5396 traditionem
2721 5338 3028 5404 hominum,
3067 5336 3364 5392 secundum
3409 5333 3519 5388 ele-

1951 5456 1970 5487 ‹
2017 5446 2194 5490 menta
2222 5434 2428 5500 mundi,
2472 5441 2527 5488 et
2565 5449 2672 5488 non
2715 5431 3014 5488 secundum
3043 5428 3345 5492 Christum,
3395 5424 3524 5495 quia

1953 5545 1971 5577 α
2018 5525 2072 5580 in
2098 5525 2216 5595 ipso
2241 5522 2509 5578 inhabitat
2540 5521 2721 5576 omnis
2748 5519 3027 5590 plenitudo
3069 5515 3367 5572 divinitatis
3398 5527 3523 5567 cor-
