3988 6410
182 424 187 431 η
225 385 345 444 385

864 367 1250 436 nurest’vrto
1290 374 1379 435 ιΝι
1398 373 1785 434 EPISTOLAS
1810 350 2053 429 rium.
2080 381 2166 411 μω
2197 372 2283 429 ιιι·
2305 348 2539 429 Epigr;
2567 367 2660 428 no
2684 370 2853 430 ’COL.

3372 346 3383 393 ιτ
3403 348 3510 434 ass

227 497 464 572 respicit
490 512 641 551 nemo
674 499 768 550 ros
784 492 1038 564 decipiat.
1067 493 1308 567 Decipiat
1337 492 1461 549 dico
1489 508 1581 564 per
1600 490 1832 563 philosa-
1860 500 1905 555 Α
1934 490 2131 545 carnis.
2163 486 2311 545 Nihil
2336 479 2483 549 enim
2513 488 2662 549 aliud
2699 488 2759 544 iit
2802 460 3033 555 ibi,'nisi
3056 489 3205 559 quod
3236 489 3512 547 abscindi-

174 622 177 623 ν
222 592 442 661 phiam.
470 590 614 646 sicut
635 588 715 644 illi
745 594 1018 658 reputant,
1053 598 1103 643 et
1126 603 1298 659 quam
1325 602 1426 658 ego
1453 586 1595 642 dico
1613 586 1827 639 inanem

182 696 186 703 ν
230 680 541 752 fallaciam.
590 679 849 747 Fallacia,
885 680 1012 750 quia
1048 680 1199 733 nulla
1249 677 1451 733 veritas
1486 676 1581 743 ibi,
1621 675 1824 743 inanis,

228 773 291 828 id
318 778 410 827 est
434 772 555 827 sine
591 771 840 827 utilitate.
886 770 1027 826 Sunt
1057 770 1202 825 enim
1235 769 1403 824 multa
1428 766 1734 834 mendacia,
1766 775 1830 821 ut

226 870 527 932 poetarum
548 876 672 932 quas
694 874 824 917 sunt
847 861 1080 917 inutilia.
1120 860 1520 931 Philosophiam
1541 868 1590 914 et
1615 858 1827 913 inanem

182 988 185 993 η
228 952 522 1022 fallaciam
570 952 733 1019 dico,
779 952 1110 1007 existentem;
1154 951 1444 1006 secundum
1488 944 1829 1025 traditionem

226 1046 537 1112 hominum,
562 1046 617 1101 id
636 1053 725 1101 est
746 1045 1081 1101 humaniter
1108 1046 1459 1116 sapientium,
1497 1034 1708 1102 scilicet
1736 1050 1828 1100 se-

218 1138 485 1192 cundum
507 1137 869 1207 legem;*quae
896 1137 983 1192 lex
1011 1146 1138 1193 ante
1159 1130 1445 1193 Christum
1477 1136 1692 1209 quidem
1728 1135 1831 1193 fuit

228 1231 467 1286 traditio
482 1229 597 1285 Dei.
635 1228 745 1285 Sed
762 1229 865 1284 ιιιδί
891 1220 1106 1285 Veritas
1135 1229 1301 1297 venit,
1327 1237 1382 1285 et
1407 1228 1551 1299 Deus
1570 1244 1689 1285 eam
1716 1214 1831 1285 ces-

226 1336 365 1378 sare
390 1322 589 1377 v‘oluit-
609 1322 738 1393 jam‘
761 1334 872 1376 non
888 1319 1015 1389 Dei,
1035 1321 1138 1377 sed
1172 1321 1396 1378 traditio
1430 1308 1715 1376 hominum
1741 1322 1828 1378 lex

227 1408 363 1468 fuit.
388 1411 711 1472 Secundum
736 1408 1098 1468 traditionem
1131 1411 1416 1467 hor’ninum
1466 1421 1517 1466 et
1549 1396 1828 1483 fallaciam

226 1504 385 1571 dico,
429 1512 786 1560 exercitatam
823 1503 1107 1558 secundum
1143 1502 1419 1557 elementa;
1453 1501 1713 1558 Eamdem
1747 1504 1826 1559 le-

226 1598 653 1668 ge'm‘elementa
676 1599 870 1663 vocat,
892 1596 1046 1668 quia,
1077 1596 1220 1653 sicut
1245 1589 1403 1667 pueri
1426 1612 1523 1668 per
1560 1597 1829 1655 elementa

225 1691 395 1762 prius
436 1689 755 1756 addiscunt,
791 1688 853 1744 ut
900 1689 980 1745 sic
1011 1696 1293 1744 transeant
1335 1688 1402 1744 ad
1439 1674 1827 1760 perfectionem

222 1782 573 1849 litterarum,
603 1783 683 1839 sic
703 1781 801 1837 illa
824 1775 1308 1851 legaliaelementa
1334 1781 1483 1837 dicta
1523 1788 1670 1849 sunt,
1698 1779 1829 1853 quia

1896 656 1901 659 ἶ
1928 589 2020 637 tur
2052 572 2288 637 cuticula
2318 582 2520 649 carnis,
2566 580 2657 636 sed
2692 580 2827 665 estis
2864 579 3174 638 circumcisi
3203 583 3259 637 in
3274 585 3512 640 circum-

1890 688 1895 693 '
1927 675 2127 729 cisione
2154 670 2375 742 Christi,
2403 690 2512 745 qua
2544 689 2642 730 vos
2671 672 2924 733 Christus
2953 675 3279 745 puriiicavit.
3315 675 3410 731 Vel
3436 678 3509 733 ita

1888 778 1893 785 ’
1926 772 2315 821 conStruamus
2365 782 2378 820 ε

2429 760 2744 820 Circumcisi
2791 765 2919 820 estis
2961 767 3358 822 circumcisione
3407 764 3510 823 non

1925 857 2256 928 manufacta.
2286 856 2700 912 Circumci‘sione
2720 857 2844 913 dico
2869 858 3014 929 facta
3044 860 3101 913 in
3126 859 3510 930 cxspoliatione

1889 963 1895 967 ‘
1926 944 2191 1020 corporis;
2213 948 2358 1020 quod
2382 964 2582 1020 corpus
2604 952 2722 1011 erat
2742 951 2937 1017 carnis,
2962 950 3017 1006 id
3039 958 3122 1007 est
3147 952 3511 1028 superabatur

1894 1058 1900 1070 ι
1926 1032 1959 1095 a
1985 1041 2359 1097 sensualitate.
2389 1039 2633 1097 Exuistis
2661 1042 2815 1099 enim'
2837 1058 3036 1113 corpus
3063 1044 3364 1100 secundum
3394 1060 3513 1100 car-

1896 1152 1899 1153 '
1925 1132 2226 1201 nalitatem,
2253 1124 2321 1189 ut
2333 1134 2445 1205 jam
2479 1134 2707 1215 obe‘diat
2724 1136 2960 1207 Spiritui,
2985 1139 3383 1193 circumcisione
3405 1138 3510 1194 non

1928 1225 2263 1295 manufact'a,’
2294 1226 2388 1280 sed
2418 1224 2474 1279 in
2504 1226 2921 1307 circumcisione
2949 1226 3176 1305 Christi,
3206 1245 3314 1305 qua
3343 1228 3508 1284 Chri-

1896 1318 1899 1323 ’
1927 1307 2045 1375 suis
2074 1308 2259 1373 omnia
2289 1302 2599 1390 superﬂua;
2618 1302 2688 1375 et
2707 1302 3075 1396 'dependentia
3128 1302 3267 1376 vitia
3289 1338 3317 1375 a
3347 1310 3507 1376 vehis

1896 1400 2263 1480 "amputavit;
2313 1410 2371 1465 in
2416 1410 2521 1465 hac
2573 1411 2876 1487 circumcisi
2930 1420 2986 1480 et
3036 1411 3307 1482 puriﬁcati
3354 1414 3506 1466 estis.

1893 1490 2331 1580 ‘Exspoliamurf
2351 1510 2586 1577 corpore
2631 1502 2814 1557 carnis
2863 1501 2943 1576 in,
2966 1501 3277 1574 baptismo,
3306 1502 3360 1558 in
3399 1500 3511 1573 quo

1897 1578 2146 1664 'peccata
2175 1578 2543 1664 deponuntur,
2595 1600 2649 1649 et
2680 1592 2913 1667 liberum
2953 1591 3239 1652 arbitrium
3266 1591 3512 1652 heminis

1926 1700 2147 1763 accepta
2189 1691 2402 1762 justitia
2453 1690 2821 1762 confortatus,
2864 1701 2923 1749 ut
2946 1694 3083 1764 jam,
3113 1694 3158 1749 si
3190 1693 3338 1760 velit.
3373 1694 3513 1747 bene

1927 1796 2088 1853 agere
2116 1782 2314 1852 possit.
2368 1780 2488 1838 Non
2520 1782 2698 1851 solum
2727 1799 2920 1851 sumus
2944 1784 3258 1840 circumcisi
3287 1782 3513 1854 deposi—

224 1875 481 1946 populus
518 1874 758 1929 carnalis
778 1874 1050 1945 irnpotens
1070 1887 1265 1943 capere
1295 1864 1563 1952 spiritalia
1588 1873 1829 1952 instrue-
1858 1868 1903 1926 Β
1931 1871 2078 1928 tione
2123 1880 2494 1943 peccatorum,
2525 1873 2620 1928 sed
2662 1874 2828 1929 etiam
2870 1870 3163 1947 consepulti
3202 1873 3417 1930 Christo
3457 1873 3515 1935 in

198 1965 527 2037 'hatur‘per
548 1964 811 2031 carnalia,
832 1965 974 2019 utin
1023 1962 1110 2019 bis
1152 1972 1409 2020 assuetus
1448 1964 1503 2019 in
1534 1950 1693 2021 cultu'
1728 1964 1826 2022 Dei

224 2057 522 2125 transiret,
552 2055 1005 2128 postmodum‘ad
1035 2056 1383 2113 serviendum
1437 2056 1492 2111 in
1528 2056 1828 2127 spirituali-

224 2148 373 2204 bu‘s;
391 2147 672 2204 Elementa
692 2147 817 2204 dico
837 2134 1044 2213 mundi,
1068 2146 1195 2218 quia
1221 2155 1275 2202 et
1297 2156 1563 2219 praecepta
1587 2146 1827 2202 carnalia

225 2249 417 2308 erant,
445 2251 503 2297 et
526 2240 777 2298 carnales
809 2240 906 2313 qui
934 2240 1294 2311 accipiebant.
1328 2234 1454 2296 llaec
1478 2239 1828 2318 philosophia

224 2341 321 2390 est
368 2334 675 2390 secundum
716 2334 985 2390 elementa
1023 2331 1249 2401 mundi,
1292 2339 1342 2386 et
1393 2348 1495 2385 non
1542 2330 1828 2385 secundum

226 2425 558 2496 Christum,
604 2440 768 2497 quem
810 2426 1088 2498 accepistis
1122 2434 1177 2481 ct
1221 2424 1510 2479 didicistis.
1558 2422 1699 2479 Vere
1731 2423 1827 2495 qui

224 2518 417 2590 legem
455 2518 707 2585 tradunt,
727 2534 853 2573 non-
876 2527 1005 2573 sunt
1039 2517 1341 2574 secundum
1370 2516 1671 2584 Christum,
1701 2517 1827 2589 quia

226 2610 291 2664 in
330 2611 452 2680 ipso
482 2607 704 2666 Christo
738 2618 821 2666 est
860 2604 1030 2664 omnis
1070 2608 1377 2680 plenitudo;
1406 2608 1552 2680 quod
1592 2609 1668 2663 illi
1716 2610 1828 2663 non

227 2698 598 2770 credunt-qui
619 2707 771 2754 extra
800 2697 1104 2768 Christum,
1136 2699 1344 2755 scilicet
1364 2699 1417 2753 in
1441 2699 1558 2770 lege
1587 2699 1826 2770 aliquam

223 2791 513 2862 justitiam
558 2798 831 2862 quaerunt.
871 2791 931 2846 ln
969 2791 1090 2862 ipso
1137 2790 1360 2848 Christo
1407 2791 1614 2846 habitat
1649 2786 1828 2848 omnis

228 2880 529 2951 plenitudo
548 2880 870 2936 divinitatis.
905 2880 1132 2936 Habitat
1158 2882 1281 2937 bene
1311 2882 1405 2937 ait.
1439 2881 1578 2950 Quia
1616 2870 1696 2938 sic
1745 2884 1830 2939 est

207 2970 506 3028 divinitas
542 2971 605 3027 in
653 2971 874 3029 Christo
910 2978 972 3026 ut
1017 2973 1072 3028 in
1118 2981 1381 3029 :eternum
1411 2982 1727 3044 permaneat
1771 2973 1828 3029 in

226 3061 358 3118 iilo.
378 3062 677 3119 Plenitudo
706 3063 1025 3132 divinitatis,
1049 3062 1102 3120 id
1129 3073 1213 3121 est
1240 3064 1481 3136 plenaria
1510 3073 1564 3120 et
1588 3063 1828 3135 perfecta

226 3153 525 3222 divinitas,
556 3165 680 3229 qum
707 3156 1019 3212 nullatenus
1042 3141 1128 3212 est
1165 3155 1502 3227 imperfecta.
1552 3156 1735 3213 Omnis
1770 3157 1852 3213 in.

210 3245 488 3315 Christo,
524 3249 656 3319 quia
688 3251 880 3304 omnes
903 3249 1096 3320 gratia:
1117 3262 1457 3319 quaecunque
1493 3248 1546 3303 in
1573 3249 1828 3305 omnibus

229 3336 491 3405 ﬁlerunt,
520 3336 585 3393 in
604 3337 828 3395 Christo
849 3347 998 3405 sunt,
1030 3340 1084 3393 et
1107 3337 1473 3394 abundantior
1497 3338 1678 3393 adhuc
1703 3344 1829 3410 gra-

230 3428 340 3494 tia,
367 3427 497 3498 quia
532 3426 591 3482 in
616 3442 684 3483 eo
704 3427 902 3483 dicitur
920 3428 1214 3482 humanata
1246 3427 1525 3493 divinitas,
1549 3426 1700 3498 quia,
1723 3412 1832 3485 sic-

234 3529 301 3574 ut
362 3514 548 3574 anima
593 3519 784 3574 unitur
820 3519 1060 3589 eoi-pori,
1095 3518 1173 3574 sic
1198 3517 1315 3589 ipsa
1354 3515 1611 3575 divinitas
1637 3534 1829 3590 perso-

234 3610 624 3666 naliter‘unita
652 3613 739 3667 est
764 3611 975 3666 homini
1009 3610 1109 3665 illi.
1148 3604 1416 3666 Divinitas
1434 3610 1681 3675 diversis
1711 3627 1832 3667 mo-

232 3705 329 3761 dis
356 3712 447 3760 est
470 3703 693 3773 ubique.
723 3702 822 3760 Est
862 3703 1009 3760 enim
1054 3704 1219 3775 280
1258 3704 1315 3759 in
1357 3705 1509 3760 omni
1556 3712 1829 3772 creatura,

226 3797 552 3854 secundum
581 3796 729 3867 quod
758 3811 859 3853 nec
885 3810 1008 3852 esse
1035 3796 1199 3852 habet
1244 3795 1364 3854 sine
1392 3796 1695 3866 divinitate,
1733 3810 1834 3854 nec

232 3902 589 3959 permanere.
624 3885 738 3943 Hoc
770 3894 827 3943 et
875 3886 983 3943 alio
1026 3880 1191 3967 modo
1220 3899 1304 3943 cst
1334 3874 1389 3943 in
1418 3889 1645 3954 sanctis,
1678 3876 1828 3960 quia,

233 3994 351 4050 per
371 3979 648 4049 gratiam;
697 3986 752 4034 et
779 3978 887 4034 hoc
915 3985 1151 4049 utroque
1178 3978 1345 4035 modo
1373 3977 1476 4033 fuit
1505 3978 1560 4034 in
1586 3970 1830 4055 Christo,

230 4083 293 4130 et
326 4074 512 4131 adhuc
548 4074 928 4131 abundantius
951 4116 968 4142 ,
998 4075 1126 4145 quia
1179 4073 1343 4146 (sicut
1373 4073 1577 4129 dictum
1606 4074 1710 4146 est)
1762 4072 1832 4130 ad

236 4182 412 4238 quem
446 4168 670 4224 modum
705 4170 889 4225 anima
919 4171 975 4225 in
1007 4166 1173 4226 carne
1200 4169 1444 4235 hominis
1475 4170 1830 4236 humanatur,

228 4259 327 4315 sic
350 4258 614 4316 divinitas
642 4258 940 4316 humanata
971 4268 1057 4316 est
1079 4250 1132 4315 in
1154 4248 1399 4315 Christo.
1422 4252 1719 4337 Plenitudo
1748 4257 1833 4314 di-

234 4353 494 4411 ‘vihitatis
542 4356 746 4411 habitat
795 4356 850 4411 in
888 4341 1112 4412 Christd
1140 4338 1503 4426 corporaliter,
1532 4353 1587 4409 id
1614 4362 1698 4409 est
1725 4352 1831 4407 im-

236 4444 467 4518 pletive,
498 4461 612 4502 non
661 4447 806 4518 quod
861 4447 1120 4502 divinitas
1162 4446 1310 4501 facta
1353 4445 1425 4500 sit
1468 4460 1690 4516 corpus,
1736 4440 1831 4518 sed

238 4535 377 4607 quia
409 4534 621 4591 umbra:
671 4524 1102 4607 praecesserant;
1154 4544 1208 4591 et
1252 4534 1307 4591 in
1352 4534 1581 4591 .Christo
1630 4532 1831 4611 veritas

240 4629 576 4685 umbrarum
610 4627 712 4684 fuit
739 4671 755 4697 ,
807 4630 958 4700 quia,
997 4629 1241 4704 impletio
1269 4628 1514 4685 omnium
1541 4642 1662 4701 qua:
1688 4618 1831 4698 prae?

238 4720 394 4776 dicta
426 4719 513 4774 vel
535 4714 883 4791 praeﬁgurata
912 4709 1109 4776 erant.‘
1624 4736 1629 4739 ·

235 4814 247 4841 -‘
312 4802 749 4866 Probatiterum
788 4810 952 4867 idem.
999 4809 1154 4867 Vere’
1185 4810 1460 4865 tradentes
1509 4808 1682 4879 legem
1730 4820 1834 4863 non

238 4910 377 4957 Sunt
402 4900 698 4956 secundum
725 4894 1016 4958 Christum.
1049 4892 1185 4958 Nam
1220 4917 1319 4957 vos
1347 4902 1473 4956 estis
1502 4898 1691 4972 repleti
1715 4916 1836 4956 om-

239 4993 413 5050 nibus
433 4992 594 5071 bonis
610 4993 669 5048 in
695 4993 813 5061 illo,
838 4994 894 5050 id
921 5002 1006 5049 est
1029 5008 1126 5065 per
1149 4992 1454 5061 Christum,
1476 4993 1620 5064 quod
1645 4993 1836 5050 dicunt

240 5099 360 5141 non
388 5099 555 5156 posse
581 5085 698 5143 ﬁeri
727 5087 846 5143 sine
873 5086 1007 5158 lege.
1048 5085 1154 5153 Qui
1179 5085 1434 5142 Christus
1463 5093 1539 5140 est
1565 5094 1743 5158 caput,
1777 5082 1833 5147 id

241 5183 334 5233 est
360 5177 692 5249 principium
722 5188 776 5235 et
804 5179 1046 5251 regimen
1082 5180 1252 5233 omnis
1281 5179 1612 5249 principatus
1653 5187 1701 5234 et
1733 5196 1832 5250 po-

245 5270 481 5325 testatis.
510 5267 613 5325 Per
647 5268 752 5326 hos
778 5270 918 5326 duos
946 5270 1187 5341 reliquos
1224 5267 1444 5325 ordines
1473 5269 1830 5341 accipiamus.

242 5357 307 5418 In
336 5361 429 5418 his
477 5361 661 5418 verbis
712 5362 952 5418 ostendit
1000 5376 1162 5433 posse
1205 5346 1491 5417 Christum
1524 5360 1709 5417 omnia
1740 5378 1834 5439 re:

243 5455 419 5527 plere,
445 5456 596 5528 quia,
624 5455 673 5513 si
699 5455 943 5529 angelos,
971 5455 1116 5511 haud
1146 5454 1231 5511 de‘
1260 5450 1576 5511 hominibus
1606 5448 1836 5543 duliiani

245 5557 350 5604 est.
388 5544 519 5604 Vult
557 5546 843 5604 veritatem
866 5547 1134 5604 “omnium
1185 5562 1307 5617 qua:
1353 5545 1440 5602 lex
1482 5545 1728 5618 praecipit
1762 5534 1833 5601 in

247 5627 471 5696 Christo
499 5640 807 5706 ostendere,
842 5639 1030 5695 dicens
1068 5657 1081 5694 :
1122 5637 1188 5693 In
1219 5655 1320 5711 quo
1348 5638 1706 5695 Christo‘non
1738 5653 1833 5695 so-

247 5731 363 5787 lum
392 5732 603 5804 repleti,
627 5732 724 5788 sed
751 5716 911 5787 etiam
934 5719 1239 5786 circumcisi
1259 5731 1409 5799 estis,
1435 5712 1840 5812 circumcisione

251 5838 359 5877 oon
378 5840 545 5887 manu
571 5825 740 5895 facta,
770 5822 913 5881 sicut
940 5823 997 5879 in
1022 5824 1159 5895 lege,
1190 5824 1251 5878 in
1273 5823 1656 5897 exspoiiationc
1694 5807 1837 5883 culis

1904 1956 2209 2031 ‘baptismo,
2239 1959 2331 2016 ubi
2357 1958 2777 2019 confortandum
2806 1970 2891 2024 est
2921 1963 3205 2020 arbitrium
3238 1973 3511 2024 nostrum.

1902 2051 2242 2124 ‘Consepulti
2273 2053 2476 2125 itaque,
2510 2054 2639 2124 quia
2684 2050 2940 2110 Christus
2973 2056 3217 2125 sepultus
3249 2055 3317 2109 ad
3354 2065 3511 2119 actus

1926 2142 2126 2198 veteris
2150 2143 2390 2200 hominis
2420 2144 2563 2199 ultra
2592 2160 2701 2200 non
2727 2144 2919 2212 rediit;
2954 2145 3034 2201 sic
3058 2157 3181 2212 nos,
3207 2145 3255 2199 si
3279 2143 3513 2213 velimus

1928 2234 2009 2289 uti
2037 2234 2270 2303 ratione,
2301 2234 2594 2301 confortati
2623 2234 2678 2290 in
2707 2233 2980 2307 baptismo
3017 2234 3127 2304 non
3170 2245 3513 2311 revertemur

1908 2320 2070 2381 'ultra
2116 2327 2185 2382 ad
2229 2334 2410 2382 aetum
2455 2312 2746 2384 vetustatis
2802 2320 3032 2399 peccati.
3093 2326 3161 2382 In
3200 2345 3302 2399 quo
3348 2329 3513 2392 etiam

1927 2420 2155 2477 Christo
2195 2421 2559 2477 resurre‘xistis
2586 2413 2918 2494 ,quantum
2962 2424 3031 2478 ad
3065 2412 3513 2503 iustiﬁcationem

1928 2514 2143 2569 animae.
2177 2514 2558 2570 Rcsurrexistis
2587 2515 2712 2570 dico
2743 2531 2836 2587 per
2856 2515 3018 2587 ﬁdem
3048 2502 3370 2586 operationis
3396 2502 3513 2597 _L‘ei,

1912 2605 1981 2661 'id
2009 2613 2093 2661 est
2117 2622 2281 2677 quam
2310 2606 2467 2662 [idem
2490 2604 2637 2663 Deus
2662 2600 2920 2678 operatur
2946 2600 3007 2663 in
3035 2598 3219 2663 vobis.
3249 2606 3515 2665 Rcsurre-

1928 2697 2037 2752 ctio
2079 2696 2285 2753 Clu-isti
2323 2698 2593 2768 duplicem
2640 2698 3100 2767 resurrectionem
3146 2708 3407 2771 operatur
3454 2698 3510 2757 in
3599 2681 3610 2693 ’

1927 2789 2088 2846 nobis
2118 2790 2386 2863 :primam
2419 2807 2585 2862 quam
2611 2790 2725 2862 jam
2758 2791 2939 2863 adepti
2970 2808 3183 2857 sumus,
3210 2784 3511 2853 secundum

1928 2881 2201 2957 animam;
2241 2883 2469 2937 alteram
2497 2899 2659 2953 quam
2689 2897 3070 2954 exspccmmus
3101 2883 3157 2937 in
3189 2869 3516 2947 immortaii:

1928 2980 2038 3029 tate
2071 2973 2320 3049 corporis
2360 2983 2631 3045 reparata.
2676 2973 2742 3029 Et
2769 2975 2925 3045 quod.
2945 2966 3191 3039 futuram
3217 2988 3512 3045 carperent

1922 3049 2387 3121 resurrectionem
2428 3064 2671 3121 habituri
2704 3066 3118 3136 simus,’prohat
3145 3058 3243 3135 per
3268 3080 3517 3145 resurre—

1930 3155 2166 3233 ctionem
2195 3154 2421 3225 Christi,
2450 3172 2573 3227 quae
2599 3165 2652 3212 et
2681 3173 2850 3221 caiisa
2882 3168 2965 3212 est
3011 3164 3081 3227 et
3110 3156 3518 3237 ﬁgurainostru'a

1930 3248 2347 3310 resurrectionis
2372 3290 2388 3316 ,
2438 3249 2627 3305 dicens
2670 3258 2689 3302 :'
2727 3246 2889 3304 Sicut
2914 3238 3297 3311 reSurrexistis
3336 3248 3515 3320 prima

1930 3338 2329 3397 resurrectione
2350 3340 2567 3407 animat,
2598 3341 2677 3397 sic
2702 3331 2867 3407 etiam
2900 3326 3427 3417 rosteonviviiicahit
3457 3341 3515 3419 in

1929 3429 2341 3507 inmortalitate
2374 3446 2688 3504 corporum.
2738 3433 2846 3491 Sed
2890 3424 3073 3505 huius
3104 3434 3185 3491 rei
3226 3426 3510 3509 probatio:

1921 3530 2057 3579 ‘ncm
2098 3524 2396 3599 praemittit,
2427 3524 2616 3581 dicens
2665 3544 2680 3581 :
2730 3525 2834 3594 Qui
2862 3525 3007 3583 Deus
3046 3527 3190 3583 sicut
3238 3529 3516 3583 suscitauit

1931 3614 2209 3674 Christum
2239 3634 2272 3671 α
2307 3616 2552 3684 mortuis,
2586 3616 2659 3673 ita
2687 3602 2737 3687 ct
2764 3636 2872 3687 ros,
2896 3636 3034 3686 cum,
3060 3618 3114 3674 id
3137 3628 3222 3676 est
3244 3620 3518 3699 quamvis,

1930 3709 2113 3764 essetis
2153 3711 2391 3778 mortui,
2443 3710 2519 3765 ita
2550 3719 2611 3766 ut
2653 3710 2862 3767 viribus
2900 3701 3096 3768 chtris
3138 3712 3207 3767 ad
3242 3694 3515 3783 justitiam

1930 3802 2083 3877 nullo
2100 3802 2269 3858 modo
2302 3801 2573 3872 respirare
2603 3802 2859 3872 possetis.
2898 3801 3102 3857 Mortui
3126 3803 3250 3861 dico
3291 3804 3346 3857 in
3383 3802 3519 3863 deli-

1928 3895 2052 3961 ctis,
2088 3894 2143 3950 id
2168 3894 2256 3950 est
2296 3893 2351 3965 in
2376 3892 2823 3964 pmvaricatlone
2860 3894 3129 3961 naturalis
3173 3887 3328 3966 logﬁs.
3373 3893 3520 3949 Deli-

1930 3989 2079 4041 ctum
2103 3982 2250 4041 enim
2268 3982 2495 4049 dicitur,
2523 3983 2742 4056 quando
2762 3984 2909 4056 quod
2931 3983 3180 4051 debetur,
3204 3972 3518 4057 negligitur.

1930 4075 2128 4134 Μαι-ιιιὶ
2153 4070 2317 4146 etiam
2341 4077 2398 4131 in
2416 4074 2677 4150 praeputio
2698 4077 2877 4144 carnis
2900 4087 3106 4145 vestrm,
3136 4077 3190 4140 id
3215 4087 3302 4159 est
3326 4094 3381 4134 ιιι
3406 4094 3520 4135 οισι-

1932 4169 2099 4243 sinali
2131 4179 2376 4242 peccato,
2414 4170 2559 4242 quod
2586 4163 2829 4242 co'nsrue
2854 4187 2952 4243 ρον
2982 4160 3309 4245 Priapum
3330 4171 3520 4242 ίδίεηίτ

1931 4262 2079 4329 iicat,
2092 4261 2267 4332 inquo
2279 4260 2436 4317 sedes
2446 4268 2532 4317 est
2541 4260 2928 4332 generationis.
2943 4259 3055 4316 Hoc
3065 4270 3244 4323 autem
3259 4260 3523 4339 originale

1933 4353 2334 4421 contrahimus,
2369 4352 2498 4425 quia
2540 4353 2597 4409 in
2636 4339 3079 4423 concupiscentia
3108 4361 3399 4424 parentum
3428 4342 3522 4423 ge:

1932 4442 2032 4499 niti
2064 4442 2278 4501 sumus.

1860 4544 1909 4623 'D
1974 4538 1977 4543 “
2007 4533 2157 4591 Licet
2178 4537 2249 4592 ita
2271 4538 2465 4593 essetis
2487 4535 2709 4604 mortui,
2729 4544 2909 4593 tamen
2934 4528 3335 4623 εοιιυὶυἱίξειιυξιΤ
3358 4520 3516 4602 Quod

1933 4620 2176 4680 futurum
2206 4635 2310 4693 est,
2335 4643 2431 4697 per
2454 4627 2786 4697 prasteritum
2811 4622 2963 4692 dicit,
2987 4604 3282 4690 dstendens
3301 4616 3359 4689 se
3379 4622 3521 4689 adeo

1933 4707 2142 4772 certum
2165 4717 2232 4773 de
2257 4718 2361 4773 hoc
2390 4717 2574 4773 futuro
2596 4717 2739 4774 sicut
2759 4717 2826 4773 de
2850 4717 3142 4788 prteterito.
3169 4714 3522 4785 Conciti/ica:-

1916 4810 2005 4864 -vit
2029 4810 2310 4883 ponendos
2334 4829 2453 4866 cum
2476 4811 2572 4865 illo
2595 4810 2650 4865 in
2676 4808 2865 4871 eadem
2891 4799 3152 4881 dignitate
3170 4807 3305 4876 loci;
3333 4817 3521 4878 posset

1933 4901 2082 4957 enim
2095 4903 2302 4963 reddita
2315 4902 2721 4958 immortalitate
2733 4901 3134 4969 conviviticare,
3146 4900 3339 4957 etalibi
3351 4888 3518 4972 quam

1935 5002 2061 5053 eum
2083 4995 2306 5052 Christo
2322 5011 2545 5068 ponere.
2573 4993 2998 5069 Conviviﬁcavit,
3029 4994 3283 5066 inquam,
3313 4982 3520 5050 donans

1934 5087 2078 5143 vobis
2098 5084 2349 5160 gentibus
2367 5089 2547 5143 omnia
2566 5086 2783 5156 delicto,
2802 5097 2857 5144 et
2874 5081 3162 5161 originalia
3180 5095 3235 5144 et
3258 5086 3517 5161 actualia.

1933 5184 2094 5242 Etsie
2109 5201 2211 5243 vos
2234 5185 2302 5240 ah
2313 5176 2565 5258 originali
2576 5200 2673 5256 per
2692 5180 2851 5242 ﬁdem
2864 5177 3153 5263 liberavit;
3184 5184 3332 5245 sicut
3350 5183 3517 5240 etiam

1934 5267 2036 5334 nos
2056 5274 2295 5344 Judteos,
2318 5278 2411 5348 qui
2425 5274 2564 5334 falso
2576 5272 2905 5349 putabamur
2925 5293 3022 5348 per
3039 5274 3520 5335 circumcisionem

1933 5367 2060 5423 inde
2080 5367 2320 5423 liberari.
2351 5365 2509 5437 Quod
2529 5366 2603 5437 ita
2631 5367 2740 5423 ait:
2767 5366 2953 5437 Dolens;
2976 5367 3226 5423 similiter
3244 5368 3523 5437 chirogra-

1937 5457 2097 5528 phum
2116 5456 2336 5526 decreti,
2361 5457 2414 5514 id
2438 5448 2522 5515 est
2535 5456 2691 5531 legis,
2709 5459 2765 5514 in
2789 5440 2896 5531 qua
2918 5457 3060 5514 Deus
3074 5456 3203 5529 quid
3225 5458 3384 5513 vellet
3403 5446 3525 5523 ﬁeri

1941 5549 2102 5621 281
2150 5549 2482 5608 decreverat.
2540 5550 2693 5617 Quod
2710 5538 3302 5625 ochirographutn'erat
3334 5548 3523 5627 adscr:

1940 5642 2058 5697 sum
2087 5658 2179 5698 nos
2211 5641 2445 5700 Judseos.
2478 5642 2913 5718 Chirographum
2934 5631 3134 5710 dicitur
3169 5637 3524 5717 manuscrip-j

1942 5733 2040 5812 tio,
2099 5735 2247 5807 quod
2298 5736 2351 5790 in
2390 5736 2500 5812 duo
2546 5722 2793 5806 partitur
2838 5742 2899 5805 ut
2942 5731 3200 5803 utrinque
3252 5722 3524 5807 memoria

1943 5808 2099 5881 factm
2120 5825 2206 5882 ‘rci
2234 5808 2499 5881 teneatur.
2524 5822 2710 5895 Hujus
2733 5810 2914 5890 autem
2940 5820 3291 5895 chirographi
3307 5818 3526 5893 partem
