3906 6294
470 296 576 352 587

1019 293 1076 348 s.
1117 290 1468 350 BRUNONIS
1503 269 2144 344 canrrwsrsaOnuu
2185 283 2674 350 l-NSTITUTORIS
2711 287 2864 344 ore.
2904 288 3086 354 rans
3123 291 3188 348 ιι.

3633 301 3724 358 388

473 409 714 468 habebat
763 407 1041 473 diabolus,
1123 422 1231 476 qua
1288 403 1504 458 Judreos
1569 397 1864 452 accusabat
1923 395 2066 466 apud
2095 406 2140 461 Α
2171 398 2636 474 quamqetobrare
2681 399 2902 470 signum
2929 411 3048 458 erat
3097 402 3470 468 innovationis
3505 412 3732 480 corporis

477 500 652 555 Deum
683 499 751 556 de
791 497 1229 570 transgressione
1265 494 1428 564 legis;
1465 491 1690 544 alteram
1715 497 1920 562 partem
1961 487 2063 546 ha-

476 592 639 647 bebat
662 589 909 655 Jurlmus,
956 604 1122 660 quem
1179 585 1430 641 similiter
1491 581 1710 652 propria
1765 579 2064 638 accusabat

475 683 836 738 conscientia.
901 679 1054 736 Unde
1100 679 1180 734 sic
1233 677 1357 730 ait:
1395 673 1836 743 Chirographum,
1889 672 1942 726 id
1982 675 2065 730 est

475 775 798 830 memoriam
845 771 1074 844 peccati,
1099 767 1238 840 quod
1265 767 1334 821 de
1368 764 1610 828 decreto,
1640 764 1692 817 id
1725 757 1811 822 est
1842 763 1910 819 de
1947 764 2066 836 lege

483 865 757 930 veniebat,
794 877 846 919 et
873 859 1263 916 adversabatur
1299 853 1480 922 nobis,
1515 854 1646 909 illud
1691 853 1918 918 delevit;
1967 869 2068 910 nec

480 959 660 1014 solum
701 952 1145 1025 chirographum,
1193 947 1287 1004 sed
1325 948 1489 1008 etiam
1539 947 1720 1016 ipsum
1761 947 2064 1014 decretum,

447 1037 534 1102 lid
563 1056 646 1102 est
673 1046 844 1116 ipsam
877 1044 1072 1113 legem,
1103 1055 1226 1110 qua:
1260 1047 1379 1096 erat
1405 1039 1680 1096 contraria
1716 1037 1898 1106 nobis,
1935 1038 2067 1109 quia

477 1149 530 1194 et
553 1139 724 1209 magis
769 1149 868 1188 nos
904 1131 1283 1187 instimulabat
1325 1131 1599 1196 diabolus,
1647 1137 1701 1186 et
1739 1130 1935 1200 majori
1973 1146 2067 1184 ar~

479 1231 613 1286 dore
645 1231 696 1282 in
725 1226 951 1280 vetitum
981 1225 1366 1290 tendebamus,
1396 1231 1452 1279 et
1479 1233 1765 1298 peccatum
1803 1223 2068 1294 pracvari—

482 1319 714 1375 cationis
743 1319 826 1372 lex
874 1317 1226 1388 adjungebat.
1264 1314 1473 1386 Ipsum,
1512 1315 1759 1387 inquam,
1790 1317 2070 1370 decretum

453 1409 595 1466 'tulit
621 1409 684 1462 de
705 1393 894 1474 medio,
929 1407 984 1464 id
1011 1418 1098 1464 est
1126 1407 1194 1463 de
1225 1406 1640 1474 communitate,
1675 1416 1856 1462 utnec
1883 1405 2071 1462 Iudaeo

472 1499 806 1574 relinqueret
841 1493 942 1554 nec
976 1497 1164 1569 gentili
1197 1496 1506 1552 tenendam.
1550 1495 1745 1552 Posset
1779 1496 1926 1550 enim
1967 1510 2068 1550 au—

473 1589 616 1646 ferre
679 1583 975 1664 peccatum
1023 1589 1180 1664 legis,
1233 1599 1288 1644 et
1329 1588 1603 1644 dimittere
1651 1589 1845 1660 legem.
1887 1588 2068 1660 ipsum

475 1682 602 1738 tulit
625 1682 693 1736 de
723 1681 924 1748 medio,
956 1671 1164 1750 afﬁgens
1185 1671 1333 1732 illud
1363 1679 1530 1745 cruci,
1557 1677 1610 1733 id
1645 1687 1729 1733 cst
1769 1679 1950 1748 ipsam
1993 1679 2072 1734 le-

2165 485 2362 552 nostri,
2419 503 2586 564 quam
2647 487 2889 544 futuram
2957 503 3341 562 exspectamus
3397 495 3458 554 in
3499 497 3731 554 inconu-

2164 576 2369 646 ptione.
2399 575 2530 644 Quae
2557 580 2844 638 neomenia
2867 589 2920 636 et
2949 582 3238 654 sabbatum
3253 584 3370 656 jam
3413 575 3522 640 non
3557 589 3734 646 debent

2167 668 2449 734 celebrari,
2494 670 2622 740 quia
2653 679 2777 724 sunt
2811 672 3000 726 umbra
3031 675 3356 746 futurorum,
3397 677 3450 732 id
3479 669 3562 736 eat
3609 696 3732 750 prat-

2167 757 2456 829 ﬁgutantia
2472 759 2711 818 futuram
2725 762 3038 832 veritatem,
3065 765 3209 826 sicut
3230 769 3424 824 umbra
3450 770 3566 824 visa
3589 787 3733 842 prope

2168 867 2369 922 corpus
2405 867 2528 907 esse
2583 853 2854 924 designat.
2915 855 3248 920 Futurorum
3293 861 3394 924 ait,
3455 864 3734 920 secundum

2170 952 2386 1014 tempus
2430 945 2585 1015 legis,
2625 947 2846 1016 quando
2869 963 3112 1018 praesens
3141 960 3262 1014 erat
3311 953 3531 1019 umbra,
3572 953 3734 1012 futura

2168 1036 2390 1090 veritas.
2435 1033 2561 1092 Haec
2599 1047 2729 1094 sunt
2753 1039 2942 1094 umbra
2985 1041 3312 1111 futurorum.
3361 1043 3468 1100 Sed
3513 1045 3732 1102 Christus

2169 1135 2246 1180 est
2273 1143 2483 1197 corpus,
2539 1127 2594 1182 id
2642 1137 2728 1184 est
2776 1130 2979 1185 veritas
3016 1141 3072 1186 et
3107 1131 3352 1202 impletio
3383 1136 3626 1190 omnium
3657 1137 3735 1192 ho-

2169 1235 2330 1286 rum;
2363 1219 2448 1274 vel
2484 1235 2672 1290 corpus
2707 1229 2784 1274 est
2807 1220 3075 1292 Christus,
3123 1224 3182 1280 id
3215 1233 3302 1280 est
3323 1225 3566 1296 impletio
3593 1231 3732 1296 perti-

2171 1317 2264 1364 net
2286 1309 2352 1364 ad
2382 1308 2696 1378 Christum;
2723 1311 2899 1382 ipsius
2925 1313 3076 1368 enim
3101 1323 3188 1370 est
3214 1314 3444 1385 implere
3465 1333 3590 1387 quae
3621 1319 3737 1391 ligu-

2172 1409 2291 1456 rata
2325 1400 2564 1458 fuerant.

2241 1492 2381 1559 Quia
2409 1493 2664 1550 dixerat:
2701 1494 2873 1550 Nemo
2922 1513 3010 1552 vos
3056 1497 3284 1568 judicet,
3328 1500 3516 1556 subdit
3571 1502 3738 1560 modos

2174 1582 2298 1638 illos
2328 1583 2381 1638 in
2404 1585 2605 1655 quibus
2635 1586 2938 1642 timendum
2967 1597 3087 1642 erat
3111 1603 3182 1644 ne
3205 1591 3460 1646 seductos
3484 1592 3610 1646 illus
3625 1609 3738 1648 con-

2173 1675 2499 1732 demnarent
2530 1678 2720 1733 dicens
2762 1697 2775 1733 :
2807 1677 2880 1733 Ut
2924 1687 3109 1735 autem
3155 1695 3266 1736 non
3291 1681 3636 1752 judicemini,
3671 1686 3738 1740 vi-

483 1789 606 1844 gem
633 1772 880 1838 confixit,
911 1745 1146 1826 iit-ultra
1188 1786 1297 1825 non
1330 1777 1627 1835 teneretur,
1659 1745 1882 1840 quando
1915 1771 2068 1840 expi-
2101 1745 2147 1804 Β
2173 1767 2295 1824 dcte
2325 1784 2340 1820 :
2377 1766 2546 1824 Nemo
2577 1785 2665 1823 ros
2700 1771 3102 1844 seducatzsa
3123 1774 3182 1827 in
3207 1745 3513 1830 humilitate
3551 1745 3738 1834 sermo-

478 1879 614 1918 rans
657 1863 774 1918 ait:
841 1883 858 1914 ι
887 1861 1340 1918 Consummatum
1385 1871 1468 1916 est
1508 1859 1688 1930 (Joan.
1729 1877 1843 1928 xix,
1885 1861 2006 1932 50);
2047 1881 2064 1915 ι

483 1954 780 2010 ostendens
806 1954 968 2008 linem
979 1967 1102 2008 esse
1113 1963 1168 2007 et
1179 1951 1598 2022 completionem
1617 1951 1864 2005 omnium
1879 1967 2068 2007 eorum

473 2061 598 2116 quae
621 2047 674 2099 in
701 2046 818 2117 lege
847 2053 1259 2118 praecesserant,
1293 2051 1348 2099 et
1389 2043 1623 2098 ulterius
1665 2045 1916 2098 umbram
1957 2060 2068 2100 non

473 2149 596 2190 esse
625 2136 938 2203 tenendam,
987 2145 1279 2206 postquam
1312 2135 1513 2190 veritas
1555 2143 1677 2190 orta
1711 2146 1814 2190 est.
1849 2136 2070 2206 Aﬁigens

475 2228 595 2281 dico
617 2227 754 2282 illud
787 2229 957 2282 cruci.
987 2227 1047 2280 In
1074 2243 1237 2282 cruce
1257 2227 1403 2282 enim
1431 2227 1598 2299 (sicut
1615 2227 1880 2298 diximus)
1905 2227 2070 2282 linem

479 2317 588 2390 legi
615 2320 822 2388 posuit,
863 2319 1121 2374 omnibus
1159 2319 1577 2388 consummatis,
1611 2321 1765 2392 tsicut
1810 2322 2070 2392 praedicta

481 2406 721 2464 fuerant.

560 2501 912 2574 Opponerent
957 2501 1074 2556 illi:
1107 2499 1397 2568 Quomodo
1438 2503 1576 2562 dicis
1608 2519 1709 2560 nos
1737 2519 1847 2559 non
1887 2519 2068 2574 posse,

367 2639 376 2650 .
479 2596 590 2654 nisi
617 2611 714 2666 per
745 2593 1354 2666 Christumjustiﬁcari,
1378 2611 1504 2651 eum
1519 2596 1793 2650 Abraham
1817 2604 1870 2650 et
1889 2595 2068 2650 creteri

477 2687 654 2744 sancti
697 2687 794 2758 qui
839 2695 1267 2758 praecesserunt,
1317 2686 1436 2742 sine
1491 2702 1556 2742 eo
1597 2686 1884 2758 justificati
1925 2685 2071 2742 sint?

475 2779 682 2835 Probat
711 2777 916 2836 Paulus
946 2777 1170 2834 eosdem
1196 2778 1447 2834 similiter
1481 2779 1742 2835 liberatos
1773 2795 1868 2850 per
1903 2779 2068 2834 Chri-

479 2881 646 2938 stum,
703 2871 892 2928 dicens
924 2890 938 2926 :
976 2869 1130 2927 Sicut
1178 2887 1282 2926 nos
1320 2879 1809 2942 contemporancos
1849 2870 1952 2926 sibi
2005 2871 2069 2925 li-

483 2963 696 3019 beravit
724 2980 756 3019 a
783 2964 900 3035 lege
919 2971 974 3018 et
996 2981 1027 3018 a
1056 2972 1282 3034 peccato
1307 2963 1462 3034 legis,
1489 2963 1569 3018 sic
1607 2963 1722 3033 ipse
1765 2961 2068 3032 exspolians

477 3053 811 3123 principatus
850 3061 902 3106 et
949 3061 1234 3124 potestates
1279 3052 1424 3122 apud
1475 3050 1699 3106 inferos.
1746 3049 1865 3106 Non
1899 3052 1974 3105 ait
1999 3051 2066 3105 dc
2093 3088 2138 3150 Ο

467 3144 687 3214 ‘quibus
754 3143 1100 3214 exspoliavit,
1141 3143 1236 3198 sed
1285 3159 1380 3213 per
1436 3141 1738 3213 exspolians
1793 3141 2068 3212 significat

477 3233 759 3292 Christum
813 3236 986 3306 spolia
1043 3251 1142 3291 sua
1190 3235 1260 3290 ab
1291 3233 1480 3290 inferis
1518 3235 1816 3290 revexisse.
1857 3233 2066 3306 Exspa-

477 3325 641 3394 liam,
671 3327 920 3398 inquam,
954 3327 1218 3395 traduxit,
1243 3343 1344 3382 ceu
1368 3327 1546 3382 victor
1564 3327 1801 3397 praedam
1827 3343 1924 3398 per
1945 3343 2065 3382 me-

479 3419 603 3476 dios
625 3427 895 3490 raptores,
923 3419 1038 3492 ipse
1063 3421 1186 3476 dico
1217 3420 1546 3492 triumphans
1585 3421 1706 3474 illos
1729 3421 2068 3492 principatus

477 3511 784 3568 inferorum
809 3513 1152 3583 conﬁ..’enler,
1183 3512 1234 3568 id
1266 3521 1352 3568 est
1386 3528 1496 3567 non
1530 3513 1732 3568 dubius
1770 3513 1838 3568 de
1873 3514 2068 3568 trium—

477 3604 609 3672 pho.
643 3603 1016 3675 Triumphans
1059 3605 1202 3673 dico,
1245 3607 1302 3660 in
1330 3607 1629 3676 semetipso,
1675 3622 1783 3660 non
1829 3621 1926 3676 per
1967 3622 2068 3660 an-

479 3695 680 3766 gelum,
707 3697 792 3752 vel
826 3697 1126 3768 quemlibet
1147 3698 1483 3766 ministrum,
1530 3697 1624 3754 sed
1659 3714 1756 3769 per
1800 3698 2062 3768 seipsum.

473 3785 634 3856 Quod
665 3790 810 3861 (eum
845 3789 1054 3846 scilicet
1100 3789 1492 3862 triumphasse)
1516 3790 1698 3861 palam
1734 3797 1818 3846 est
1857 3791 2067 3862 angelis

479 3887 534 3935 et
565 3881 898 3939 hominibus.
931 3881 1070 3948 Quia
1097 3880 1354 3937 Christus
1381 3880 1608 3936 donavit
1636 3880 1820 3935 omnia
1847 3880 2064 3936 delicta.

477 3972 771 4028 Peccatum
801 3973 935 4044 legis
959 3981 1015 4028 et
1037 3959 1210 4044 legem
1239 3973 1364 4028 tulit
1384 3973 1450 4029 de
1481 3973 1680 4028 medio.
1706 3971 1896 4028 Videte
1935 3987 2066 4044 ergo

480 4081 643 4120 nemo
691 4081 791 4121 vos
842 4065 1072 4121 ulterius
1115 4065 1338 4121 inducat
1368 4066 1425 4120 in
1463 4065 1659 4136 legem.
1699 4063 1766 4118 Et
1799 4075 1860 4119 ut
1892 4065 2066 4136 magis

477 4157 770 4223 deterreat,
799 4157 874 4212 ait
904 4173 917 4209 :
955 4155 1124 4214 Nemo
1148 4175 1233 4212 vos
1251 4157 1478 4228 judicet,
1513 4157 1568 4212 id
1598 4165 1683 4212 est
1716 4157 1879 4212 faciat
1911 4157 2064 4227 judi-

480 4247 702 4314 cabiles,
730 4248 785 4303 id
814 4255 899 4304 est
929 4249 1286 4308 damnabiles.
1323 4247 1540 4302 Judicet
1565 4246 1711 4316 dico,
1743 4249 1789 4303 si
1835 4265 1943 4304 non
1976 4264 2064 4303 re-

479 4340 676 4394 ductos
697 4339 750 4393 in
767 4346 882 4394 tota
905 4339 1040 4410 lege,
1057 4340 1246 4395 saltem
1261 4341 1318 4394 in
1341 4339 1546 4408 aliquo,
1561 4339 1690 4408 quia
1719 4355 1817 4408 pro
1835 4339 2062 4396 minima

2174 1858 2281 1926 nis,
2323 1857 2376 1913 id
2403 1868 2488 1914 est
2516 1861 2858 1917 occultorum
2891 1861 3024 1918 foris
3053 1873 3302 1933 ostensa,
3343 1875 3394 1920 et
3421 1867 3483 1922 in
3507 1867 3737 1938 religiose

2173 1949 2394 2007 habitus
2426 1952 2724 2010 barbarum
2753 1955 2838 2010 vel
2863 1955 3202 2026 jejuniorum
3241 1958 3500 2014 simulata
3539 1959 3736 2016 humili-

2175 2051 2283 2096 tate
2315 2052 2366 2098 et
2399 2045 2650 2116 religione
2687 2045 2812 2102 dico
2851 2047 3196 2120 angelorum;
3245 2065 3360 2106 non
3395 2052 3544 2108 enim
3585 2053 3739 2124 magis

2174 2134 2408 2192 humiles
2453 2145 2550 2192 aut
2589 2139 2875 2212 religiosos
2924 2156 2985 2196 se
3037 2142 3364 2198 exhiberem
3401 2145 3581 2215 angeli
3637 2144 3735 2211 Dei,

2172 2237 2496 2297 apparentes
2531 2229 2866 2300 hominibus,
2881 2248 3048 2304 quam
3073 2233 3160 2290 isti
3183 2235 3392 2305 pseudo
3419 2237 3488 2290 ad
3515 2237 3736 2293 oculum.

2173 2317 2290 2386 Vel,
2324 2320 2656 2391 angelorum,
2688 2323 2742 2380 id
2771 2332 2856 2378 est
2895 2339 3154 2380 verorum
3185 2327 3625 2396 praedicatorum,
3657 2331 3736 2399 qui

2171 2409 2349 2464 nuntii
2393 2409 2488 2464 Dei
2519 2421 2648 2466 sunt
2679 2413 2748 2468 ad
2773 2414 3058 2494 p0pulum,
3097 2429 3338 2486 quorum
3379 2417 3736 2474 auctoritatem

2172 2499 2262 2556 isti
2327 2502 2539 2572 pseudo
2579 2504 2922 2562 simulatorie
2973 2507 3078 2562 sibi
3127 2517 3416 2579 usurpant.
3445 2507 3630 2577 Nemo,
3661 2513 3735 2566 in-

2171 2609 2360 2664 quam,
2393 2596 2476 2650 vel
2503 2597 2606 2651 hoc
2633 2597 2715 2652 vel
2745 2597 2840 2652 illo
2875 2597 3041 2654 modo
3073 2600 3306 2656 seducat-
3338 2617 3448 2667 vos,
3481 2601 3667 2668 volens,
3691 2603 3734 2657 id

2169 2693 2255 2741 est
2293 2702 2510 2753 amans,
2550 2697 2606 2743 ct
2649 2687 2830 2744 facere
2877 2689 2932 2744 in
2964 2680 3024 2746 se
3058 2693 3292 2762 et_vobis
3315 2693 3638 2764 persuadere
3661 2711 3732 2758 ca,

2169 2795 2287 2850 qua:
2311 2793 2415 2834 non
2447 2781 2602 2848 vidit,
2635 2781 2688 2836 id
2715 2788 2800 2837 est
2826 2797 2950 2854 qua:
2979 2799 3266 2855 nunquam
3305 2785 3589 2853 intellexit,
3619 2787 3730 2857 quia

2171 2867 2375 2939 ﬁguras
2403 2871 2548 2926 videt
2568 2879 2622 2926 et
2643 2873 2932 2928 veritatem
2971 2875 3168 2930 nescit.
3201 2873 3296 2932 ille
3319 2876 3444 2932 dico
3477 2876 3733 2930 ambulans

2169 2970 2225 3016 et
2266 2961 2321 3014 in
2360 2963 2719 3042 sacramentis
2759 2962 3016 3020 Ecclesiae
3048 2981 3172 3036 quae
3199 2967 3404 3038 recepit
3427 2976 3483 3023 et
3511 2968 3612 3024 hoc
3633 2969 3734 3039 fru-

2169 3063 2302 3107 stra.
2335 3051 2480 3108 Nihil
2503 3055 2649 3110 enim
2680 3055 2755 3110 illi
2787 3056 3030 3127 proderit
3063 3059 3372 3130 baptismus
3397 3043 3500 3132 qui.
3521 3061 3734 3118 detrahit

2171 3144 2316 3199 ﬁdei.
2365 3144 2470 3212 Qui
2511 3145 2638 3202 licet
2664 3147 3030 3222 humilitatem
3069 3149 3202 3206 foris
3226 3153 3506 3220 ostendat,
3533 3154 3731 3222 inﬂatus

2171 3245 2346 3291 tamen
2387 3247 2473 3294 est
2509 3239 2658 3295 intus
2707 3256 2886 3306 sensu,
2916 3243 3046 3312 quia
3081 3243 3348 3314 gloriatur
3381 3245 3644 3301 subtiliter
3681 3260 3733 3302 se

2171 3328 2396 3394 sentire,
2433 3329 2581 3400 quod
2613 3329 2944 3401 simplicitas
2971 3333 3208 3390 aliorum
3250 3350 3446 3406 capere
3485 3351 3591 3390 non
3629 3335 3732 3392 suf-

2171 3417 2346 3486 ﬁciat;
2376 3429 2431 3476 et
2454 3421 2543 3477 hic
2567 3422 2794 3479 morbus
2813 3423 3074 3480 elationis
3091 3427 3328 3482 maxime
3352 3439 3542 3499 regnat
3559 3429 3612 3482 in
3635 3429 3730 3482 lue

2171 3509 2376 3564 reticis.
2409 3509 2577 3564 Serum
2600 3511 2724 3567 dico
2753 3513 2932 3566 carnis
2959 3529 3102 3580 sure;
3132 3514 3224 3570 hic
3255 3515 3405 3572 enim
3447 3517 3728 3572 secundum

2171 3615 2370 3654 sensus
2402 3601 2588 3658 carnis
2613 3602 2826 3672 judicat
2854 3604 2924 3660 de
2947 3605 3201 3678 singulis,
3235 3622 3346 3662 non
3377 3607 3532 3662 aliter
3553 3608 3730 3662 intelli-

2171 3704 2307 3759 gens
2332 3705 2500 3759 quam
2529 3690 2952 3748 subministrant
2981 3694 3032 3748 ei
3054 3695 3200 3750 oculi
3235 3705 3290 3751 et
3341 3712 3503 3752 aures
3538 3697 3726 3762 carnis;

2171 3779 2226 3832 in
2273 3795 2383 3850 quo
2437 3797 2543 3836 non
2599 3781 2860 3838 differunt
2907 3800 2938 3840 a
2993 3785 3163 3842 mutis
3213 3767 3574 3858 animalibus',
3625 3803 3730 3859 quae

2167 3873 2332 3926 etiam
2375 3887 2598 3928 sensum
2623 3873 2826 3929 habent
2859 3875 2926 3930 de
2963 3877 3130 3932 rebus
3165 3879 3467 3934 secundum
3498 3879 3636 3950 quod
3659 3879 3730 3932 vi»

2167 3963 2298 4018 dent
2326 3973 2379 4020 et
2410 3965 2659 4020 audiunt.
2693 3964 2929 4035 Inﬂatus
2958 3968 3148 4040 utique
3167 3979 3218 4024 et
3241 3987 3346 4024 non
3370 3979 3546 4026 tenens
3571 3981 3727 4042 caput,

2167 4053 2220 4110 id
2243 4064 2330 4112 est
2373 4072 2482 4112 non
2531 4058 2874 4114 concordatis
2905 4061 3068 4130 capiti
3099 4077 3202 4118 suo
3241 4062 3482 4119 Christo.
3508 4063 3598 4120 llle
3635 4078 3728 4124 non

2167 4157 2314 4204 tenet
2353 4159 2518 4220 caput
2563 4150 2848 4208 Christum
2893 4153 2990 4224 qui
3020 4154 3252 4210 aliunde‘
3281 4171 3445 4226 quam
3493 4173 3523 4210 a
3553 4157 3725 4226 capite,

2167 4243 2313 4297 unde
2331 4243 2513 4314 vigeat
2543 4287 2557 4312 ,
2599 4245 2850 4316 requirit,
2890 4255 2946 4302 et
2974 4247 3116 4303 sicut
3160 4248 3470 4302 membrum
3517 4265 3618 4302 non
3657 4255 3728 4302 est

2167 4335 2387 4406 capitis,
2426 4337 2472 4390 si
2503 4335 2726 4393 aliunde
2755 4339 2998 4410 vigorem
3026 4339 3192 4408 capit,
3215 4327 3360 4409 quod
3395 4340 3508 4394 fieri
3531 4338 3724 4409 nequit;

480 4430 776 4486 traditione
819 4431 1240 4486 damnaremini.
1284 4430 1442 4498 Quod
1497 4430 1570 4484 ita
1604 4429 1681 4484 ait
1713 4446 1726 4481 :
1759 4427 1928 4485 Nemo
1961 4446 2061 4486 vos
2097 4452 2145 4512 υ
2171 4426 2252 4483 sic
2291 4427 2388 4500 qui
2421 4428 2544 4484 lidei
2577 4429 2840 4486 unitatem
2873 4431 3152 4501 relinquit,
3181 4435 3206 4486 ι
3226 4432 3404 4485 lii-isto
3461 4445 3567 4512 non
3607 4430 3728 4483 valet

477 4521 686 4596 iudicet
711 4524 764 4577 in
793 4524 929 4591 cibo,
965 4525 1046 4579 vel
1076 4524 1242 4578 vitato
1271 4529 1495 4596 propter
1522 4521 1948 4590 immunditiam,
1979 4524 2064 4580 vel

480 4625 701 4688 sumpto
731 4627 956 4692 propter
977 4617 1328 4683 munditiam,
1360 4623 1452 4669 aut
1484 4615 1538 4668 in
1557 4624 1704 4686 potu,
1731 4625 1951 4686 sumpto
1993 4615 2042 4672 si

481 4709 682 4766 militer
715 4711 800 4765 vel
819 4693 1011 4776 vitato,
1055 4719 1147 4763 aut
1187 4709 1242 4762 in
1270 4716 1421 4779 parte
1461 4703 1568 4760 diei
1600 4707 1720 4777 [esti
1756 4707 2066 4764 observata.

483 4803 609 4860 Dies
639 4803 810 4860 festus
841 4803 1102 4874 quiddam
1145 4811 1320 4857 totum
1361 4801 1504 4871 apud
1545 4799 1669 4855 illos
1715 4809 1852 4867 erat,
1885 4810 2068 4872 partes

481 4895 712 4963 habens,
739 4897 1106 4962 neomeniam,
1126 4895 1438 4960 sabbatum,
1468 4894 1675 4948 exitum
1705 4893 1772 4949 de
1806 4893 2064 4966 ASgypto,

483 4988 766 5044 introitum
791 4997 949 5044 terrae
1001 4985 1473 5064 repromissionis,
1523 4995 1628 5042 etc.
1687 4983 1840 5042 Unde
1884 4987 2071 5043 subdit

481 5090 576 5135 aut
625 5080 686 5156 in!
731 5090 883 5151 parte
923 5079 1228 5146 neomeniw,
1275 5077 1330 5133 id
1368 5084 1453 5134 est
1494 5077 1861 5134 innovationis
1900 5079 2066 5146 lunae,

483 5183 576 5228 aut
607 5173 662 5229 in
701 5174 1119 5244 participatione
1147 5171 1512 5236 sabbatorum,
1557 5187 1680 5242 quae
1708 5169 1880 5227 Judaei
1925 5172 2068 5227 cele-

482 5268 642 5322 brare
680 5275 1106 5323 consueverunt.
1135 5263 1286 5330 ideo,
1334 5279 1428 5333 per
1462 5273 1578 5329 aut,
1622 5278 2068 5334 unamquamque

481 5369 689 5432 partem
717 5360 998 5430 disiungit,
1041 5365 1104 5412 ut
1142 5355 1397 5410 ostendat
1428 5355 1514 5408 vel
1541 5353 1824 5408 minimam
1851 5364 2062 5426 partem

481 5451 725 5505 suﬂlcere
752 5451 819 5504 ad
837 5449 1250 5505 damnationem
1277 5445 1638 5500 observantis.
1669 5445 1726 5500 Si
1758 5455 1939 5500 autem
1971 5462 2066 5501 co-

481 5545 722 5613 pulasset
747 5559 844 5614 per
910 5551 982 5608 et,
1031 5541 1311 5598 videretur
1357 5553 1458 5606 pro
1485 5539 1742 5593 omnibus
1787 5539 1982 5606 simul,
2011 5547 2066 5594 et

483 5651 592 5691 non
622 5652 722 5705 pro
771 5651 881 5690 uno
925 5641 1139 5689 tantum
1183 5629 1562 5686 observantem
1615 5629 1872 5698 judicari.
1923 5627 2064 5686 Neos

484 5745 636 5799 nova,
667 5743 823 5783 mene
846 5725 1008 5790 luna;
1049 5721 1173 5779 inde
1213 5718 1524 5790 neomeuia,
1579 5719 1845 5772 irmoratio
1885 5717 2062 5786 tame;

2175 4535 2453 4593 conjungi.

2243 4609 2329 4664 Ea:
2355 4628 2457 4682 quo
2487 4612 2665 4682 capite
2689 4621 2859 4666 totum
2885 4625 3076 4684 corpus
3102 4603 3362 4670 Ecclesia:
3395 4620 3726 4668 constructum

2169 4722 2262 4776 per
2310 4706 2704 4776 conjunctiones
2735 4705 2860 4762 ﬁdei
2903 4715 2960 4762 et
3007 4717 3328 4764 caaterarum
3371 4708 3646 4770 virtutum,
3681 4709 3728 4757 et

2170 4797 2636 4852 subministratum
2661 4799 2806 4868 quod
2834 4797 2990 4854 alteri
3018 4798 3473 4854 subministretur
3494 4799 3562 4854 ab
3580 4798 3724 4852 altero

2169 4905 2263 4960 per
2290 4905 2476 4958 nexus,
2508 4891 2562 4946 id
2592 4899 2676 4946 est
2705 4906 2802 4960 per
2829 4889 3173 4956 charitatem,
3204 4905 3328 4962 quae
3369 4891 3554 4947 clavus
3585 4896 3658 4944 est
3681 4894 3726 4940 et

2171 4999 2375 5040 nervus
2411 4993 2744 5041 connectens
2765 4983 3074 5040 membrum
3114 4985 3381 5039 membro.
3427 4983 3576 5038 Sicut
3601 4980 3724 5036 enim

2171 5075 2226 5129 in
2257 5074 2498 5129 humano
2516 5090 2746 5146 corpore
2767 5075 3012 5130 membra
3031 5073 3190 5146 prius
3211 5083 3548 5140 constructa,
3581 5073 3628 5128 id
3657 5077 3726 5126 est

2170 5163 2338 5220 simul
2378 5173 2730 5236 congregata,
2783 5165 2830 5219 si
2883 5179 2993 5220 non
3039 5163 3524 5236 coniungerentur,
3581 5161 3630 5217 id
3657 5167 3726 5215 est

2169 5253 2601 5325 unumquodque
2620 5254 2744 5312 loco
2769 5269 2871 5310 suo
2901 5262 3200 5324 aptaretur,
3225 5253 3346 5308 sine
3371 5253 3552 5308 nervis
3573 5249 3726 5305 adhuc

2171 5344 2402 5400 alterum
2427 5345 2738 5401 membrum
2772 5362 2880 5402 non
2909 5343 3517 5418 sequeretur-alterum;
3551 5350 3602 5397 et
3625 5339 3725 5395 ideo

2172 5443 2386 5506 oportet
2415 5444 2475 5490 ut
2500 5437 2794 5508 conjuncta
2829 5437 3074 5492 membra
3119 5437 3302 5496 nervis
3335 5439 3724 5494 connectantur,

2173 5535 2228 5583 et
2253 5537 2385 5582 tunc
2419 5528 2638 5584 tandem
2666 5529 2898 5584 alterum
2943 5527 3100 5583 alteri
3132 5527 3550 5594 subministrat;
3585 5519 3725 5578 sicin

2174 5637 2404 5692 corpore
2459 5621 2720 5678 Ecclesia:
2763 5637 2865 5678 nos
2906 5622 3123 5678 diversa
3168 5621 3414 5676 membra
3467 5605 3522 5674 in
3575 5625 3723 5682 unum

2174 5717 2568 5784 construimur,
2605 5726 2660 5772 et
2691 5697 3013 5788 congregata
3039 5715 3340 5772 secundum
3367 5711 3730 5792 discretionem
