3988 6400
213 367 350 425 ὕκξ)

800 363 804 368 ’
875 354 1241 421 ΕΧΡΟΞΙΤΙΟ
1276 360 1344 418 IN
1381 354 1765 417 EPISTOLAS
1799 358 1806 411 l

1906 355 2026 412 ULI.
2070 387 2140 398 —
2173 355 2242 412 IN
2279 355 2491 426 EPIST,
2536 361 2628 417 AD
2665 362 2817 418 θυι.

3372 367 3479 425 590

221 483 529 542 Virtutum,
574 477 956 548 conjungimur
1003 493 1103 547 per
1136 478 1317 544 ﬁdem,
1367 487 1473 532 etc.
1530 475 1636 531 Sed
1683 470 1812 543 quia
1839 475 1892 533 Α
1915 483 2074 525 trem.
2103 469 2198 526 Vel
2221 472 2398 540 aliter,
2441 453 2635 530 utnon
2669 481 2743 529 ad
2764 477 3083 546 parcendum
3117 482 3342 549 corpori,
3369 492 3475 538 etc.

213 571 488 625 nondum
529 570 759 624 alterum
808 568 1120 638 colligatum
1161 575 1248 623 est
1296 567 1471 632 alteri,
1500 564 1807 621 necessaria

222 670 323 715 est
353 660 595 726 dilectio,
621 675 733 729 quo
761 661 926 714 clavo.
949 675 1194 714 connexa
1233 653 1601 714 m'embrorum
1629 657 1810 712 diver-

211 753 379 808 sitas
405 751 509 810 sibi
526 751 756 806 invicem
775 750 1102 806 cohaerendi)
1130 750 1454 806 subserviat.
1478 748 1701 820 Corpus,
1727 748 1811 802 in-

167 879 176 884 ι
208 858 432 912 quam,
462 843 544 898 sic
573 850 935 895 constructum
963 850 1012 895 et
1044 842 1502 895 subministramus
1535 841 1721 895 crescit
1756 847 1811 895 et

180 995 186 999 _
226 947 475 988 numero
504 932 899 998 membrorum,
937 940 995 987 et
1010 931 1360 1000 incremento
1397 931 1682 998 virtutum,
1712 930 1812 986 do-

179 1003 191 1022 :
222 1037 341 1077 nec
366 1023 550 1078 veniat
573 1024 630 1077 in
654 1031 996 1094 augmentum
1031 1021 1154 1090 Dei,
1188 1021 1244 1078 id
1274 1029 1360 1078 est
1389 1037 1675 1092 usquequo
1711 1037 1811 1076 au-

211 1124 434 1182 geatur
480 1115 534 1168 in
581 1129 898 1170 mensuram
921 1128 1087 1184 quam
1123 1113 1270 1170 Deus
1297 1113 1603 1184 proposuit,
1645 1113 1700 1168 id
1727 1115 1811 1169 est

223 1205 414 1260 donec
435 1204 724 1275 impleatur
744 1219 1009 1262 numerus
1035 1204 1288 1272 fratrum,
1319 1205 1513 1259 ultimo
1527 1205 1677 1274 justo
1709 1219 1806 1274 ap-

167 1337 170 1340 .
211 1295 440 1364 aposito.
455 1293 612 1351 Nunc
634 1296 1031 1366 aliquantulum
1055 1311 1248 1366 aspere
1267 1295 1542 1351 invehitur
1562 1296 1619 1350 in
1639 1311 1824 1366 quos-I

213 1385 365 1440 dam
397 1400 588 1441 eorum
614 1387 707 1456 qui
734 1387 850 1456 jam
885 1385 1238 1456 incipiebant,
1266 1394 1321 1442 et
1345 1387 1394 1443 si
1428 1401 1538 1442 non
1568 1387 1804 1458 operari,

211 1474 434 1530 saltem
485 1477 670 1531 animo
721 1476 1032 1536 consentire
1071 1485 1127 1532 et
1163 1477 1474 1534 discernere
1520 1478 1805 1536 dicentes:

224 1565 422 1630 Quare
441 1567 639 1623 melius
673 1581 1027 1637 sequeremur
1069 1567 1193 1624 illos
1218 1583 1383 1638 quam
1426 1569 1598 1624 istos?
1623 1577 1677 1624 et
1699 1568 1805 1623 hu-

205 1655 498 1724 .jusmodi.
532 1655 691 1713 Unde
707 1657 788 1713 sic
821 1657 897 1712 ait
920 1676 935 1713 ε
959 1657 1097 1725 Quia
1125 1674 1224 1729 per
1246 1659 1526 1715 Christum
1556 1668 1669 1716 tota
1702 1659 1812 1716 Ec-

222 1748 403 1804 clesia
425 1749 612 1802 crescit
634 1750 694 1802 in
718 1758 1056 1820 augmentum
1081 1749 1202 1818 Dei,
1223 1766 1395 1820 quare
1419 1751 1584 1821 igitur
1607 1751 1805 1807 discer-

1913 559 2060 615 serio
2104 559 2359 616 dicantur
2389 577 2421 615 a
2445 561 2636 630 Paulo,
2669 566 2750 620 sic
2781 583 2794 619 :
2840 565 2972 632 Qua:
2998 566 3186 621 dicunt
3214 571 3478 626 rationem

1910 650 2161 705 videntur
2180 651 2410 719 habere,
2441 654 2534 709 sed
2568 655 2754 725 utique
2788 671 2898 710 non
2921 657 3140 712 habent.
3165 657 3295 725 Qiaa
3314 661 3475 714 etiam

1909 748 2038 794 sunt
2063 740 2137 793 ad
2159 756 2262 794 non
2281 744 2602 811 parcendum
2626 748 2854 816 corpori,
2877 756 2931 802 et
2957 748 3181 803 stultum
3209 757 3293 804 est
3320 759 3380 804 ut
3413 751 3476 806 in

1911 845 2022 900 quo
2045 831 2306 886 damnant
2334 834 2596 904 animam,
2621 838 2838 907 corpori
2867 839 3054 894 saltem
3086 854 3196 893 non
3228 850 3474 910 parcant.

1877 960 1884 964 -
1909 919 2041 986 Quae
2062 922 2229 979 etiam
2262 939 2365 976 non
2385 932 2512 978 sunt
2535 927 2591 979 in
2619 925 2811 981 honore
2839 928 3038 998 aliqua.
3072 928 3210 984 Dum
3241 932 3385 986 enim
3413 933 3477 988 ﬁ-

1908 1010 1996 1066 dei
2023 1010 2230 1067 Christi
2274 1013 2447 1084 legem
2486 1016 2645 1086 quasi
2680 1020 3044 1074 necessariam
3087 1033 3386 1092 apponunt,
3418 1025 3476 1079 in

1907 1100 2014 1157 hoc
2034 1102 2376 1159 dehonorant
2401 1103 2594 1161 Deum.
2623 1105 2793 1163 David
2817 1109 2982 1164 etiam
3020 1118 3076 1166 et
3101 1112 3234 1168 alios
3258 1124 3476 1170 sanctos

1909 1196 2005 1265 qui
2028 1197 2084 1251 in
2124 1197 2240 1268 lege
2281 1198 2488 1255 nullam
2511 1200 2766 1258 dixerunt
2788 1218 2910 1260 esse
2927 1205 3217 1275 justitiam,
3241 1208 3476 1266 inhono-

1875 1296 2053 1353 ,rant,
2102 1288 2232 1344 dum
2285 1290 2478 1362 legem,
2513 1302 2844 1362 apponentes
2900 1296 3053 1365 ﬁdei,
3100 1301 3478 1356 contradicunt

1907 1390 2096 1430 eorum
2118 1379 2466 1436 testimoniis.
2495 1380 2628 1447 Quae
2651 1383 2816 1438 etiam
2843 1381 2952 1441 non
2977 1397 3106 1442 sunt
3130 1389 3200 1442 ad
3223 1393 3477 1444 saturita-

1910 1470 2012 1516 tem
2036 1466 2231 1530 carnis.
2269 1465 2538 1524 Extrema:
2559 1479 2738 1524 autem
2767 1481 2851 1527 est
2869 1476 3138 1544 amentiae,
3175 1487 3234 1532 ut
3255 1479 3478 1535 damne-

1908 1568 2032 1610 mus
2054 1554 2314 1625 animam,
2339 1572 2561 1620 carnem
2591 1561 2844 1634 ailligere.
3484 1559 3487 1562 ’

2513 1649 2742 1706 CAPUT
2772 1652 2859 1709 Ill.

1986 1754 2004 1788 ι
2026 1733 2196 1808 Igitur
2221 1737 2269 1794 si
2291 1743 2778 1799 conresurrexistis
2795 1759 2920 1800 cum
2934 1745 3176 1813 Christo,
3198 1764 3320 1817 quae
3357 1766 3479 1804 sur-

209 1837 363 1890 am:
392 1838 554 1908 quasi
576 1838 726 1893 dubii
751 1812 841 1895 εἶιί
874 1841 1154 1896 adhaerere
1183 1812 1469 1908 debeatis:
1479 1841 1702 1898 Christo
1730 1858 1802 1900 an
1833 1812 1878 1873 Β
1911 1844 1930 1884 ι
1975 1841 2096 1881 sum
2123 1837 2252 1884 sunt
2271 1831 2520 1899 quaerite.
2548 1832 2640 1887 ubi
2662 1833 2913 1893 Christus
2935 1844 3018 1892 est
3048 1838 3103 1891 in
3139 1812 3358 1893 deitera
3383 1839 3478 1894 Dei

209 1928 378 2000 legi?
406 1927 513 1986 Sed
559 1931 838 2001 praemittit
857 1947 1029 2002 quare
1058 1948 1169 1988 non
1206 1934 1440 1990 debeant
1474 1935 1803 2004 discernere,

220 2019 460 2076 dicens:
494 2019 553 2075 Si
594 2036 691 2077 vos
723 2023 848 2076 estis
887 2025 1082 2079 mortui
1104 2040 1222 2078 cum
1246 2024 1476 2092 Christo,
1499 2026 1627 2097 quia
1657 2042 1806 2084 mors

216 2107 441 2164 Christi
467 2118 687 2180 operata
711 2119 796 2166 est
820 2112 874 2166 in
903 2113 1059 2169 vobis
1086 2123 1313 2169 mortem
1345 2115 1582 2186 peccati;
1610 2117 1804 2172 mortui

219 2199 359 2255 dico
387 2200 453 2254 ab
476 2200 766 2266 elementis,
807 2202 937 2272 quia
977 2208 1130 2274 prius
1157 2205 1446 2270 elementa,
1487 2205 1679 2273 solem,
1717 2207 1804 2261 lu-

220 2303 382 2355 na,
418 2299 477 2345 et
495 2298 688 2346 caetera
721 2293 1004 2356 colebatis,
1042 2295 1187 2364 quod
1219 2295 1360 2350 idem
1396 2295 1594 2363 facitis,
1635 2297 1682 2352 si
1728 2297 1806 2354 le-
1861 2336 1867 2340 -

208 2391 351 2446 gem
399 2387 619 2449 accepta
669 2381 844 2450 gratia
890 2383 1086 2438 tenetis
1103 2383 1441 2454 ;ﬁlementa
1486 2385 1620 2440 dico
1647 2385 1802 2456 hujus

212 2468 442 2534 illum“,
488 2468 615 2538 quia
663 2478 718 2524 et
739 2471 1002 2525 mundani
1056 2473 1150 2543 qui
1182 2475 1388 2540 colunt,
1429 2483 1484 2529 et
1529 2476 1841 2530 mundana'

220 2567 360 2614 sunt
387 2574 512 2628 quae
539 2560 829 2616 coluntur:
862 2563 929 2627 si,
964 2563 1208 2633 inquam,
1238 2567 1431 2618 mortui
1454 2567 1579 2619 estis
1614 2567 1678 2620 ab
1700 2567 1804 2621 elo-
1864 2630 1866 2633 ι

217 2649 445 2713 mentis,
485 2649 630 2719 quod
651 2664 752 2705 nec
777 2652 1048 2721 respirare
1085 2653 1150 2707 ad
1179 2655 1375 2709 horum
1405 2656 1674 2710 culturam
1709 2656 1804 2711 de—

218 2739 393 2804 betis,
424 2741 574 2811 quid,
596 2740 649 2795 id
682 2731 980 2812 est-quare,
1013 2745 1183 2798 adhuc
1215 2755 1463 2816 tanquam
1492 2749 1711 2802 virentes
1747 2750 1804 2802 in

223 2831 453 2897 mundo,
509 2832 563 2885 id
612 2841 696 2887 est
745 2835 1038 2889 carnaliter
1093 2838 1236 2892 sicut
1278 2839 1433 2907 prius
1481 2838 1535 2893 in
1585 2841 1798 2896 cultura

215 2922 425 2976 mundi
462 2921 790 2992 discernitis,
841 2925 1084 2983 dicentes
1110 2944 1171 2982 ne
1218 2930 1494 3000 tetigeritis
1532 2931 1804 2988 cadaver?

219 3012 309 3066 vel
356 3012 694 3084 hujusmodi,
726 3015 988 3086 quidquid
1023 3019 1109 3073 lex
1152 3019 1401 3088 prohibet
1428 3036 1496 3076 ne
1525 3029 1798 3093 tangatur.

222 3099 420 3174 Neque
454 3106 788 3174 gustaveritis
827 3109 1192 3176 poreum?vel
1231 3109 1433 3180 aliquid
1463 3113 1796 3182 hujusmodi.

226 3186 420 3266 Neque
446 3200 890 3253 contrectat-eritis
905 3215 1028 3270 quae
1047 3202 1255 3258 scilicet
1270 3211 1486 3275 tangere
1511 3222 1618 3261 non
1642 3208 1801 3263 licet?

217 3293 285 3340 ut
309 3295 449 3341 sunt
473 3287 722 3356 pudenda
754 3298 1111 3359 contrectare,
1133 3309 1250 3364 quae
1274 3297 1449 3349 omnia
1477 3307 1597 3350 sunt
1627 3299 1682 3351 in
1715 3299 1802 3352 in-

225 3376 476 3443 teritum,
507 3377 559 3432 id
591 3386 676 3433 est
703 3389 1001 3449 operantur
1021 3381 1447 3439 damnationem.
1481 3383 1596 3440 Non
1623 3395 1803 3442 tamen

165 3535 173 3543 _
219 3468 409 3523 semel
445 3467 612 3536 facta,
659 3470 755 3525 sed
780 3471 894 3540 ipso
932 3488 1052 3539 usu,
1079 3473 1131 3527 id
1154 3483 1258 3541 est,
1292 3474 1337 3529 si
1376 3476 1500 3544 quis
1529 3477 1804 3547 negligens

223 3558 558 3616 traditiones
611 3561 776 3632 legis,
839 3561 955 3618 haec
1014 3563 1072 3617 in
1132 3580 1234 3621 usu
1297 3565 1458 3636 283
1530 3565 1799 3622 habuerit.

295 3645 465 3714 Quod
498 3649 621 3704 dico
669 3665 734 3705 ea
773 3665 894 3706 esse
930 3652 986 3705 in
1009 3652 1308 3721 interitum,
1342 3654 1444 3708 hoc
1473 3669 1578 3708 non
1604 3670 1803 3710 secun-

224 3736 363 3792 dum
397 3751 513 3803 me,
539 3738 633 3793 sed
658 3739 943 3794 secundum
967 3750 1227 3812 praecepta
1253 3751 1302 3796 et
1338 3742 1608 3796 doctrinas
1633 3743 1805 3798 homi-

221 3838 381 3894 num,
415 3825 470 3881 id
505 3835 590 3882 est
630 3827 942 3884 humaniter
980 3829 1308 3900 sapientium
1343 3831 1482 3885 dico.
1530 3831 1799 3902 Praecepta

224 3928 414 3986 vocat,
443 3919 589 3991 quod
620 3921 737 3976 solo
763 3920 990 3990 imperio
1010 3923 1350 3980 auctoritatis
1375 3938 1490 3977 suae
1515 3912 1803 3993 compelle-

224 4010 364 4066 bant
393 4011 498 4066 hoc
525 4009 722 4066 fauere.
751 4006 1058 4078 Doctrinas,
1081 4014 1298 4083 quando
1327 4013 1538 4082 aliquas
1566 4015 1804 4071 rationes

226 4101 290 4157 ad
321 4101 665 4171 probandum
705 4101 849 4171 quod
885 4103 1185 4158 suadebant
1211 4103 1532 4161 videbantur
1564 4103 1801 4160 adduce-

226 4208 306 4247 re.
351 4191 478 4248 llaec
515 4202 640 4248 sunt
674 4201 939 4264 praecepta
981 4193 1287 4262 hominum,
1328 4210 1452 4265 quin
1483 4195 1647 4250 etiam
1675 4206 1804 4252 sunt

227 4281 502 4350 habentia,
538 4284 592 4339 id
627 4293 710 4339 est
747 4285 1001 4340 videntur
1039 4285 1258 4354 habere,
1302 4289 1557 4343 rationem
1594 4289 1801 4359 quidem

224 4374 526 4444 sapientiae,
553 4389 584 4428 a
611 4391 716 4445 qua
747 4373 906 4447 longe
929 4362 1161 4432 discreta
1196 4387 1340 4432 sunt.
1371 4377 1656 4434 Rationem
1677 4380 1800 4436 dico

1911 1935 1930 1968 ε
1978 1918 2203 1986 sedens;
2229 1935 2351 1989 quae
2377 1937 2596 1981 sursum
2622 1931 2750 1978 sunt
2786 1926 2978 1996 sapite,
3009 1943 3117 1983 non
3159 1945 3282 1998 qua:
3317 1945 3480 1999 super

1907 2025 1928 2059 ‹
1969 2016 2191 2064 terram.
2222 2008 2421 2064 Mortui
2449 2011 2598 2070 enim
2621 2013 2777 2079 estis,
2806 2023 2859 2068 et
2877 2015 2990 2078 vita
3020 2025 3197 2071 vestra
3234 2019 3471 2073 abscon-

1910 2116 1929 2148 ι
1973 2098 2086 2154 dita
2110 2106 2193 2154 est
2221 2115 2352 2174 cum
2391 2099 2610 2156 Christo
2638 2102 2693 2156 in
2734 2101 2864 2158 Deo.
2907 2104 3044 2170 Cum
3090 2114 3271 2160 autem
3317 2105 3472 2162 Chri-

1909 2207 1928 2238 c
1975 2195 2094 2243 stus
2120 2190 2452 2260 apparuerit,
2469 2191 2578 2248 vita
2606 2201 2806 2259 vestra,
2823 2201 3034 2249 tunc-et
3056 2210 3154 2256 vos
3182 2197 3468 2266 apparebi-

1909 2295 1928 2328 t
1976 2279 2046 2337 tis
2072 2294 2198 2334 cum
2228 2279 2347 2350 ipso
2394 2281 2447 2336 in
2485 2282 2686 2350 gloria.
2725 2282 3045 2358 Mortiﬁcate
3071 2301 3200 2356 ergo
3230 2289 3472 2344 memlra

1909 2390 1928 2422 ι
1991 2381 2192 2437 vestra,
2234 2387 2356 2442 qua;
2385 2382 2512 2428 sunt
2546 2390 2710 2444 super
2743 2385 2964 2432 terram.
3002 2377 3472 2456 Fornicationem,
3501 2399 3504 2401 ·

1909 2481 1926 2513 ι
1972 2463 2408 2530 immunditiam,
2451 2464 2762 2536 libidinem,
2804 2463 3300 2538 concupiscentiam
3358 2489 3476 2527 ma-

1909 2573 1927 2603 ι
1972 2553 2110 2620 lam,
2152 2563 2207 2610 et
2248 2555 2528 2610 avaritiam
2560 2556 2773 2627 (Ephes.
2799 2575 2854 2624 ν,
2884 2559 2962 2630 ὅ.)
2992 2575 3113 2630 qua:
3141 2571 3222 2616 cst
3247 2560 3475 2619 simula-

1909 2664 1928 2695 ι
1969 2661 2188 2700 crorum
2220 2645 2558 2720 [idolorum]
2605 2651 2868 2719 servitus;
2919 2660 3139 2729 prOpter
3180 2671 3302 2724 qua:
3330 2658 3478 2712 venit

1909 2755 1928 2786 ί
1975 2737 2053 2790 ira
2083 2736 2175 2791 Dei
2223 2741 2386 2808 super
2415 2738 2552 2793 ﬁlios
2574 2739 2885 2797 difﬁdentiae
2929 2741 3388 2819 [incredulitatis]
3421 2748 3475 2803 in

1909 2846 1927 2878 ι
1971 2829 2173 2898 quibus
2201 2837 2257 2883 et
2278 2845 2375 2884 vos
2404 2831 2724 2888 ambulastis
2753 2833 3076 2903 aliquando,
3105 2852 3228 2892 cum
3265 2839 3475 2894 vivere-

1907 2938 1927 2969 ι
1974 2920 2044 2975 tis
2072 2919 2128 2974 in
2177 2920 2304 2975 illis.
2339 2918 2494 2975 Nunc
2519 2932 2700 2977 autem
2748 2924 3004 2994 deponite
3040 2936 3095 2980 et
3119 2942 3218 2982 vos
3251 2930 3468 2996 omnia,

1909 3027 1927 3061 ‹
1975 3010 2134 3076 iram,
2193 3010 2640 3081 indignationem,
2698 3014 2994 3082 malitiam,
3049 3015 3470 3088 blasphemiam,

1909 3117 1927 3150 ι
1974 3108 2184 3168 turpem
2217 3116 2525 3156 sermonem
2568 3101 2636 3156 de
2678 3118 2773 3158 ore
2801 3113 3002 3161 vestro.
3045 3099 3223 3164 Nolite
3250 3111 3470 3166 mentiri

1911 3209 1928 3239 ι
1972 3190 2226 3256 invicem,
2253 3192 2618 3259 exspoliantes
2657 3208 2754 3249 vos
2775 3204 3010 3250 veterem
3042 3197 3319 3253 hominem
3347 3217 3472 3256 cum

1909 3298 1928 3330 ι
1973 3280 2184 3335 actibus
2227 3281 2375 3347 suis,
2412 3291 2466 3336 et
2496 3281 2782 3345 induentes
2803 3301 3004 3342 novum
3039 3289 3252 3360 (Ephes.
3281 3306 3353 3357 tv,
3378 3293 3470 3364 25)

1909 3388 1927 3420 ι
1968 3386 2093 3424 eum
2124 3371 2531 3439 quirenovatur
2575 3373 2629 3427 in
2679 3375 3009 3444 agnitionem
3037 3376 3134 3433 Dei
3169 3367 3471 3446 secundum

1908 3479 1926 3512 ι
1974 3462 2263 3532 imaginem
2303 3465 2451 3534 ejus,
2477 3464 2569 3534 qui
2592 3469 2795 3521 creavit
2821 3484 2946 3523 eum
2971 3469 3062 3524 ubi
3096 3486 3205 3526 non
3237 3482 3319 3528 est
3343 3491 3475 3545 gen-

1909 3570 1927 3602 ι
1975 3552 2082 3608 tilis
2134 3564 2188 3608 et
2213 3553 2456 3621 Judaaus,
2494 3558 2842 3614 circumcisio
2871 3568 2925 3616 ct
2959 3564 3280 3632 praeputium
3328 3565 3470 3638 [ma-

1860 3712 1866 3716 _
1908 3660 1926 3692 ι
1975 3644 2161 3700 sculus
2199 3653 2252 3698 et
2281 3644 2527 3718 femina],
2559 3648 2826 3705 barbarus
2867 3660 2923 3705 et
2953 3653 3175 3723 Scytha,
3197 3671 3387 3711 servus
3420 3665 3476 3712 et

1909 3751 1927 3780 ι
1975 3734 2130 3800 liber,
2161 3734 2254 3788 sed
2293 3736 2478 3789 omnia
2505 3743 2559 3790 et
2588 3737 2642 3790 in
2673 3737 2926 3793 omnibus
2959 3739 3229 3796 Christus.
3259 3741 3470 3798 induite

1910 3843 1927 3874 ι
1975 3841 2070 3878 vos
2097 3840 2226 3894 ergo
2272 3825 2414 3880 sicut
2449 3827 2604 3881 electi
2641 3826 2734 3882 Dei
2777 3828 2990 3899 (Ephes.
3023 3847 3100 3898 vi,
3134 3833 3244 3902 il),
3272 3835 3468 3902 sancti,

1909 3933 1928 3964 ‹
1974 3924 2027 3969 et
2055 3916 2233 3969 dilecti
2260 3917 2468 3970 viscera
2497 3918 2904 3985 misericordim,
2932 3920 3344 3992 benignitatem,
3367 3926 3471 3980 hu-

1911 4025 1928 4056 (
1977 4007 2278 4072 militatem,
2321 4006 2666 4075 modestiam,
2711 4010 3048 4080 patientiam,
3093 4024 3472 4084 supper-tantes

1909 4115 1927 4147 ι
1969 4096 2197 4151 invicem
2225 4106 2278 4153 et
2304 4097 2568 4154 donantes
2589 4100 2989 4171 vobismetipsis
3014 4120 3029 4169 ;
3057 4105 3101 4158 si
3128 4106 3252 4173 quis
3276 4107 3471 4164 adver-

1909 4206 1928 4237 ι
1975 4203 2070 4243 sus
2117 4189 2355 4259 aliquem
2400 4189 2563 4245 habet
2607 4193 2906 4261 querelam,
2953 4194 3096 4250 sicut
3125 4204 3180 4250 et
3209 4195 3474 4253 Dominus

1909 4300 1927 4332 ε
1972 4282 2196 4336 donavit
2215 4282 2391 4349 vobis,
2415 4283 2489 4338 ita
2515 4292 2568 4338 et
2593 4299 2708 4338 vos.
2743 4283 2918 4354 Super
2933 4288 3115 4342 omnia
3137 4299 3315 4344 autem
3336 4292 3470 4359 haec,

1910 4393 1927 4426 ι
1973 4375 2294 4430 cbaritatem
2322 4375 2422 4447 [αι.
2459 4376 2584 4430 add.
2616 4376 2953 4448 continuam]
2978 4380 3192 4448 habete,
3221 4383 3472 4451 quodest

224 4465 488 4520 habentia
517 4466 574 4519 in
618 4469 1004 4537 superstitione.
1045 4465 1371 4538 Superstitio
1398 4456 1628 4538 dicitur,
1658 4488 1799 4527 venae
1831 4505 1876 4565 υ
1909 4487 1928 4520 ‹
1976 4468 2252 4524 vinculum
2301 4466 2668 4565 perfectionis.
2706 4467 2771 4524 Et
2798 4485 2904 4540 pax
2935 4470 3139 4526 Christi
3162 4474 3398 4565 exsultet
3417 4475 3472 4529 in

178 4549 180 4552 ’
229 4553 482 4626 religioni
508 4555 856 4624 superaddita
887 4554 1022 4610 falsa
1047 4558 1255 4628 religio.
1288 4557 1352 4611 lii
1379 4568 1559 4614 autem
1584 4561 1677 4629 qui
1709 4577 1799 4616 ac-

180 4641 182 4644 ’
227 4654 400 4714 cepta:
437 4644 558 4699 tidei
603 4646 773 4716 legem
811 4647 1264 4716 superaddehant,
1307 4650 1502 4704 merito
1533 4652 1800 4720 supersti-

228 4737 354 4794 tiosi
377 4736 656 4792 dicuntur.
684 4738 751 4794 In
777 4741 1144 4809 superstitione
1169 4741 1290 4796 dico
1318 4749 1368 4794 et
1395 4742 1695 4797 humilitate
1718 4743 1802 4798 fo—

229 4825 304 4880 ris
345 4824 625 4891 simulata,
653 4826 906 4881 videntur
927 4828 1193 4883 rationem
1218 4829 1436 4885 habere.
1471 4829 1603 4896 Quae
1635 4832 1801 4887 etiam

230 4923 358 4968 sunt
380 4915 682 4969 secundum
707 4916 867 4970 verba
893 4932 1080 4972 eorum
1108 4919 1177 4972 ad
1207 4935 1308 4972 non
1327 4921 1649 4989 parcendum
1677 4939 1798 4976 cor-

229 5005 366 5072 pori.
399 5003 598 5060 Dicunt
627 5005 772 5062 enim
800 5022 900 5062 nos
929 5022 1038 5061 non
1066 5015 1246 5063 tenere
1264 5010 1460 5080 legem,
1491 5019 1554 5066 ut
1575 5013 1802 5070 liberius

233 5095 609 5166 indulgeamus
638 5097 794 5153 nobis
820 5097 873 5151 in
906 5099 991 5153 his
1018 5114 1140 5168 qua!
1153 5098 1392 5168 jucunda
1415 5112 1545 5156 sunt
1566 5104 1801 5174 corpori,

232 5196 289 5236 se
316 5192 502 5238 autem
535 5199 686 5239 more
715 5185 848 5256 legis
869 5185 963 5241 Dei
999 5187 1142 5241 nolle
1166 5203 1388 5257 parcere
1411 5191 1645 5260 corpori.
1671 5190 1804 5258 Quae

188 5283 190 5288 '
231 5273 398 5328 etiam
428 5290 530 5329 non
558 5284 686 5330 sunt
726 5276 832 5334 illis
876 5277 933 5330 in
965 5277 1159 5332 honore
1189 5277 1390 5349 aliqua.
1419 5279 1617 5336 Dicunt
1654 5282 1800 5337 enim

233 5383 288 5423 se
313 5368 437 5424 ideo
478 5370 778 5427 secundum
820 5371 992 5442 legem
1021 5371 1298 5426 humiliari
1327 5372 1457 5442 quia
1496 5387 1606 5426 non
1650 5389 1797 5444 quae-

233 5469 361 5514 runt
400 5460 659 5514 honorari
690 5477 721 5516 a
763 5463 964 5532 pepulo
1005 5464 1147 5518 sicut
1180 5479 1310 5530 nos;
1338 5479 1460 5533 quae
1499 5464 1661 5520 etiam
1689 5482 1799 5521 non

233 5559 360 5603 sunt
389 5550 496 5603 illis
520 5551 589 5602 ad
615 5553 952 5605 saturitatem
988 5555 1182 5610 carnis.
1215 5554 1414 5610 Dicunt
1437 5554 1583 5611 enim
1619 5572 1699 5624 se,
1739 5567 1800 5612 ut

230 5647 400 5713 legem
425 5642 733 5707 observent,
759 5642 892 5695 velle
913 5659 1186 5700 macerare
1207 5662 1424 5703 carnem
1440 5689 1455 5714 ,
1489 5656 1542 5702 et
1572 5663 1674 5709 nos
1705 5649 1800 5705 de-

191 5735 194 5738 ⁴
237 5739 442 5793 struere
475 5733 642 5803 legem
673 5741 732 5787 ut
760 5733 826 5787 de
856 5733 1108 5789 omnibus
1139 5735 1637 5811 liceatingurgitare
1662 5756 1793 5794 ven-

1911 4579 1929 4611 i
1975 4559 2232 4614 cordibus
2275 4558 2503 4626 vestris;
2541 4557 2597 4612 in
2631 4572 2740 4628 qua
2787 4568 2842 4614 et
2873 4561 3052 4616 vocati
3086 4562 3222 4618 estis
3259 4563 3312 4617 in
3356 4580 3470 4618 uno

1863 4638 1873 4722 ξ
1911 4669 1930 4701 ‹
1975 4664 2223 4719 corpore,
2257 4657 2312 4703 et
2351 4648 2489 4718 grati
2518 4655 2712 4702 estote.
2758 4646 2994 4704 Verbum
3034 4650 3239 4706 Christi
3266 4652 3471 4706 habitet

1911 4760 1930 4792 ι
1974 4740 2028 4794 in
2055 4741 2211 4795 vobis
2235 4738 2593 4804 abundanter,
2627 4737 2683 4792 in
2725 4739 2872 4791 omni
2919 4741 3181 4810 sapientia
3212 4740 3471 4795 docentes

1908 4850 1927 4884 ι
1973 4839 2026 4886 et
2048 4839 2454 4887 commonentes
2478 4827 2858 4899 vosmetipsos,
2889 4829 2942 4882 in
2978 4831 3201 4900 psalmis
3237 4838 3290 4886 et
3310 4831 3470 4901 bym-

1909 4940 1928 4972 ‹
1975 4921 2062 4976 nis
2091 4929 2146 4976 et
2181 4919 2409 4975 canticis
2452 4917 2849 4988 spiritualibus,
2893 4917 2948 4970 in
2977 4919 3148 4987 gratia
3184 4929 3472 4978 cantantes

1911 5032 1930 5066 ι
1977 5014 2032 5068 in
2060 5011 2316 5068 cordibus
2345 5001 2540 5064 vestris
2581 5006 2711 5062 Deo.
2737 5005 2908 5063 Omne
2938 5009 3301 5080 quodcunque
3331 5011 3472 5068 faci-

1911 5125 1928 5156 l
1977 5105 2045 5159 tis
2074 5105 2128 5158 in
2167 5090 2332 5158 verbo
2357 5107 2452 5154 aut
2481 5099 2535 5153 in
2563 5099 2745 5169 opere,
2788 5099 2972 5154 omnia
3013 5099 3067 5155 in
3099 5103 3318 5156 nomine
3358 5103 3470 5159 Do-
3522 5123 3527 5128 “

1911 5215 1929 5246 ε
1968 5195 2100 5248 ηιίιιί
2133 5193 2304 5249 nostri
2337 5190 2466 5245 Jesu
2517 5181 2741 5255 Christi,
2771 5189 2974 5258 gratias
3010 5199 3232 5260 agentes
3271 5192 3381 5249 Deo
3419 5201 3474 5249 et

1910 5307 1928 5337 ι
1975 5285 2121 5339 Patri
2147 5301 2241 5354 per
2268 5285 2446 5352 ipsum
2474 5281 2526 5351 (I
2558 5281 2681 5338 Car.
2707 5298 2762 5347 ι,
2792 5281 2902 5350 51).
2939 5279 3214 5349 Mulieres,
3241 5285 3472 5339 subditae

1913 5397 1930 5427 α
1973 5385 2146 5430 estote
2170 5374 2322 5438 viris,
2353 5373 2496 5427 sicut
2531 5380 2764 5442 oportet,
2820 5371 2871 5424 in
2907 5369 3138 5430 DOmino
3171 5373 3387 5444 (Ephes.
3414 5391 3466 5440 v,

1911 5485 1928 5516 ι
1968 5465 2068 5532 22;
2105 5463 2133 5516 1
2159 5463 2305 5517 Petr.
2341 5479 2424 5524 ιιι,
2461 5463 2534 5531 1).
2565 5460 2699 5528 Viri,
2727 5456 2931 5530 diligite
2948 5478 3144 5517 uxores
3161 5473 3390 5528 vestras,
3418 5473 3473 5518 tt

1915 5583 1926 5610 1
1979 5558 2146 5612 nolite
2180 5557 2352 5610 amart
2389 5569 2511 5609 esse
2563 5553 2630 5607 ad
2682 5552 2820 5607 illas.
2853 5552 3017 5623 284
3058 5553 3205 5620 Filii,
3255 5555 3470 5610 obeditc

1913 5671 1929 5702 ι
1979 5649 2294 5721 parentibus
2332 5662 2427 5712 per
2454 5645 2667 5710 omnia;
2697 5644 2801 5697 hoc
2840 5643 2982 5696 enim
3012 5643 3271 5712 placitum
3292 5654 3375 5701 est
3415 5647 3468 5700 in

1913 5765 1930 5791 ι
1978 5739 2232 5792 Domino.
2253 5735 2466 5799 Patres,
2498 5734 2662 5786 nolite
2684 5730 2748 5784 ad
2773 5730 3195 5798 indignatiOnem
3226 5735 3467 5805 (iracun-
