3988 6450
163 399 283 456 393

774 393 1144 455 EXPOSITIO
1181 396 1246 451 IN
1286 394 1667 452 EPISTOLAS
1701 394 1926 450 PAULI.
1964 425 2034 434 —
2072 393 2137 447 IN
2177 392 2395 450 EPIST.
2438 394 2530 449 AD
2565 370 2735 453 (ξομ

3331 407 3433 458 53H

161 510 425 568 secribus
447 508 717 566 redundet
729 511 818 580 pia
839 510 1074 566 aﬁ‘eetio.
1098 510 1308 566 Induite
1330 525 1428 565 vos
1447 510 1608 565 etiam
1632 523 1756 563 cum
1787 516 1832 573 Α
1863 509 1962 561 rite
1988 510 2041 561 in
2065 509 2292 574 nomine,
2309 509 2357 562 id
2381 520 2463 563 est
2486 510 2553 564 ad
2578 510 2862 578 honorent,
2886 511 3095 566 Domini
3111 516 3282 569 nostri
3304 515 3431 569 Jesu

161 600 551 657 misericordia
608 600 779 656 animi
814 601 921 657 hoc
972 601 1280 657 membrum
1329 600 1456 656 novi
1498 599 1756 667 hominis,

161 692 389 748 scilicet
436 692 813 762 benignitatem
865 692 1150 765 largiendi,
1193 702 1248 747 et
1305 692 1660 747 humilitatem
1704 690 1761 746 in

158 783 339 839 verbo
367 790 423 837 et
441 782 679 850 incessu,
720 792 771 838 et
791 784 1129 850 modestiam,
1154 783 1204 839 id
1226 793 1309 839 est
1346 783 1761 854 temperantiam

160 874 221 930 in
255 875 544 942 omnibus,
594 885 649 931 et
674 877 1015 946 patientiam,
1067 877 1113 932 si
1156 878 1388 933 adversa
1418 877 1758 932 incumbunt.

162 965 563 1037 Supportantes
588 982 690 1024 vos
712 968 1040 1036 invicem,_id
1055 976 1150 1024 est
1173 968 1399 1024 alternis
1423 968 1764 1024 orationibus

159 1067 215 1113 et
242 1058 482 1128 jejuuiis
507 1059 644 1114 alter
670 1059 896 1116 alterius
950 1073 1120 1116 onera
1148 1060 1440 1131 portando.
1473 1059 1541 1114 Et
1569 1061 1617 1114 si
1646 1061 1763 1132 quis

157 1155 423 1201 vestrum
462 1145 616 1200 habet
645 1146 939 1219 querelam,
972 1146 1027 1203 id
1060 1155 1145 1204 est
1161 1148 1370 1219 justam
1390 1147 1764 1219 repetitionem

160 1234 473 1304 cujuslibet
488 1235 590 1302 rei,
620 1236 873 1291 adversus
925 1236 1158 1308 aliquem
1218 1237 1465 1306 fratrem,
1510 1238 1765 1294 donantes

160 1314 561 1395 nobismetipsis
603 1325 861 1391 invicem,
891 1340 993 1381 nec
1042 1334 1104 1381 ut
1130 1327 1366 1407 pretium
1402 1328 1680 1395 relaxetis,
1712 1336 1768 1383 et

160 1417 364 1471 minus
430 1416 595 1472 solito
631 1417 891 1489 diligatis,
914 1419 1010 1473 sed
1057 1420 1198 1473 sicut
1255 1418 1513 1474 Dominus
1550 1421 1767 1474 donavit

158 1506 349 1574 vobis,
370 1508 615 1564 debitum
642 1508 986 1577 dimittendo,
1033 1517 1090 1565 et
1127 1508 1475 1568 dilectionem
1499 1513 1766 1583 superad-

158 1599 381 1666 dendo,
408 1601 487 1654 ita
511 1608 563 1655 et
592 1615 680 1654 vos
700 1599 1008 1656 eondonate
1058 1601 1216 1657 vobis
1247 1602 1500 1658 invicem.
1545 1603 1768 1657 Patien-

160 1690 332 1757 tiam,
366 1701 500 1758 etc.,
546 1691 781 1757 induite;
825 1707 981 1761 super
1008 1692 1119 1748 haec
1157 1703 1331 1747 autem
1364 1695 1567 1762 omnia,
1604 1695 1658 1750 id
1684 1689 1769 1751 est

162 1785 527 1855 superiorem
556 1795 610 1842 et
630 1786 935 1858 digniorem
964 1786 1053 1842 his
1073 1785 1349 1855 omnibus,
1369 1785 1551 1840 habete
1586 1784 1768 1840 altari-

1863 598 2082 654 Christi.
2122 598 2216 654 Vel
2243 599 2397 655 aliter
2431 619 2443 654 :
2473 599 2638 655 Omne
2660 603 3004 674 quodcunque
3029 604 3211 675 facitis
3233 604 3287 659 in
3324 625 3435 660 ver-

1863 689 1947 755 bo,
1977 696 2072 743 aut
2094 689 2150 742 in
2172 703 2346 758 opere,
2376 688 2451 743 ita
2472 689 2618 760 quod
2643 689 2713 745 sit
2738 706 2908 758 omne,
2945 693 2999 747 id
3013 700 3096 748 est
3112 692 3433 763 perfectum,

1863 794 1973 835 non
1997 795 2097 850 pro
2127 780 2285 835 laude
2326 781 2609 836 hominum
2646 779 2872 849 factum,
2913 781 3073 839 facite
3120 785 3175 839 in
3231 787 3436 840 nomine

1863 863 2078 919 Domini
2106 865 2277 920 nostri
2300 863 2427 920 Jesu
2449 864 2669 921 Christi.
2700 865 2809 923 Vos
2836 868 2980 936 dico,
3004 886 3204 940 semper
3228 880 3437 942 agentes

1864 955 2069 1026 gratias
2092 953 2202 1008 Deo
2223 963 2272 1008 et
2298 953 2474 1021 Patri,
2496 972 2588 1025 per
2615 957 2788 1026 ipsum
2819 956 3121 1027 Christum,
3152 977 3248 1031 per
3273 977 3436 1031 quem
3456 958 3459 963 ’

1864 1045 2051 1101 omnia
2079 1046 2223 1101 bona
2278 1046 2433 1102 vobis
2482 1048 2730 1103 contulit.
2763 1050 2921 1106 Actio
2969 1052 3112 1106 enim
3141 1033 3436 1124 gratiarum

1863 1137 2159 1208 plurimum
2190 1136 2331 1192 valet
2350 1139 2414 1193 ad
2440 1136 2859 1209 impetrandum.

1935 1226 2233 1298 Postquam
2269 1228 2326 1282 in
2354 1230 2633 1284 communi
2684 1228 2984 1287 Ecclesium
3025 1234 3330 1302 admonuit,
3353 1251 3439 1292 se-

1865 1319 2097 1390 paratim
2120 1319 2341 1374 instruit
2368 1335 2552 1387 sexus,
2585 1328 2796 1384 aetates.
2824 1324 3184 1393 conditiones,
3209 1326 3396 1382 dicens
3422 1347 3439 1383 :

1867 1409 2104 1467 Invicem
2130 1426 2229 1466 vos
2255 1419 2589 1481 supportate,
2622 1413 2719 1467 sed
2757 1416 2877 1481 ves,
2917 1415 3182 1484 mulieres,
3206 1418 3442 1488 amplius

1866 1516 2031 1571 quam
2065 1501 2246 1557 caeteri
2267 1502 2666 1558 esto‘tesubdita:
2692 1505 2819 1559 viris
2832 1508 3037 1574 vestris,
3061 1508 3197 1562 sicut
3216 1519 3438 1579 oportet.

1866 1588 2242 1661 Opportunum
2271 1580 2419 1647 enim
2444 1600 2529 1648 est
2547 1593 2831 1649 mulierem
2861 1596 3133 1652 subditam
3157 1614 3276 1655 esse
3299 1601 3438 1656 viro.

1869 1679 2112 1737 Subditaz
2149 1691 2331 1738 tamen
2353 1684 2409 1737 in
2451 1682 2700 1753 Domino,
2723 1685 2778 1740 id
2802 1696 2885 1742 est
2932 1688 3231 1743 secundum
3258 1688 3444 1746 Domi-

1869 1788 2022 1828 num.
2057 1772 2116 1828 Si
2142 1775 2288 1829 enim
2318 1775 2508 1831 volunt
2551 1791 2652 1832 vos
2695 1781 3002 1849 supponere
3050 1780 3341 1850 adulteris,
3387 1783 3443 1838 in

163 1886 366 1930 ιαιενη,
400 1874 499 1932 γει
536 1877 610 1932 ita
633 1895 647 1932 ς
671 1874 841 1947 super
866 1877 998 1945 Ιιωο,
1028 1877 1083 1933 id
1108 1886 1193 1933 est
1231 1877 1406 1947 magis
1430 1876 1673 1932 labante
1701 1876 1770 1932 ad
1802 1876 1842 1932 Β
1872 1864 1976 1920 hoc
1997 1865 2161 1920 nolite
2181 1866 2360 1922 subdi.
2398 1862 2724 1939 Vos:autem,
2748 1871 2867 1937 viri,
2904 1872 3112 1942 diligite
3146 1889 3333 1928 uxores
3358 1891 3445 1929 ve-

162 1968 490 2023 habendam
537 1968 863 2024 charitatem
913 1983 1079 2039 quam
1121 1968 1189 2023 ad
1231 1967 1536 2038 praemissa.
1587 1965 1762 2032 Quod,

161 2059 409 2127 scilicet,
444 2056 647 2116 habere
669 2053 993 2117 cha'ritatem
1031 2068 1107 2114 est
1129 2059 1421 2127 vinculum,
1455 2059 1509 2115 id
1546 2066 1631 2116 est
1654 2060 1768 2116 col-

162 2150 538 2223 ligameutum
568 2151 926 2221 perfectionis,
952 2151 1007 2206 id
1036 2159 1121 2207 est
1151 2160 1474 2207 exterarum
1502 2151 1767 2206 virtutum

161 2258 303 2315 quae
333 2241 641 2312 perfectum
671 2242 900 2298 faciunt.
948 2240 1152 2298 Omnes
1186 2241 1337 2296 enim
1368 2241 1598 2297 virtutes
1633 2255 1768 2297 con-

168 2341 425 2402 gregatae
447 2332 568 2387 siue
594 2332 884 2398 charitate,
912 2340 1044 2387 sunt
1061 2330 1220 2402 quasi
1246 2331 1425 2401 pulvis
1446 2323 1767 2398 dissolutus,

159 2423 272 2475 α·ιί
301 2422 465 2477 facile
487 2422 556 2477 ad
585 2422 972 2493 impulsionem
1004 2421 1152 2476 venti
1175 2420 1328 2492 (quia
1357 2410 1476 2477 sine
1507 2429 1771 2477 caemento

159 2514 311 2585 fuit)
347 2512 703 2585 dispergitur.
754 2512 846 2568 Sic
885 2513 1032 2568 enim
1068 2513 1298 2569 virtutes
1341 2513 1460 2569 sine
1507 2522 1773 2568 caemento

158 2598 841 2676 charitatis'eougregata:
885 2602 1044 2659 facile
1091 2603 1293 2658 cedunt
1337 2598 1560 2658 cuilibet
1596 2608 1772 2657 tenta-

161 2694 333 2749 tioni.
371 2691 443 2748 Et
474 2702 536 2748 ut
558 2693 612 2747 in
635 2692 899 2747 charitate
925 2689 1152 2762 perfecti
1174 2689 1320 2758 sitis,
1340 2705 1467 2761 patr,
1491 2688 1547 2744 id
1573 2696 1658 2744 est
1676 2703 1773 2745 ex—

161 2786 349 2841 terior
373 2782 690 2850 concordia,
711 2797 819 2853 paa:
844 2783 968 2838 dico
989 2781 1210 2849 Christi,
1236 2781 1290 2837 id
1319 2789 1403 2837 est
1426 2795 1592 2851 quam
1614 2779 1774 2835 Chri-

154 2878 293 2931 ‘stus
315 2876 378 2929 in
402 2875 611 2930 mundo
631 2874 844 2941 habuit,
866 2883 921 2930 et
948 2872 1256 2928 habendam
1276 2872 1482 2939 docuit,
1497 2871 1569 2928 sit
1589 2871 1645 2926 in
1672 2886 1759 2925 vo-

154 2969 277 3034 bis,
311 2965 397 3022 iia
426 2967 578 3036 quod
598 2967 654 3020 in
676 2965 923 3021 cordibus
958 2966 1166 3032 vestris,
1198 2980 1308 3020 non
1342 2964 1641 3030 coactione,
1676 2960 1773 3018 sed

160 3060 231 3118 ei
260 3056 559 3117 voluntate
580 3076 769 3130 pacem
792 3056 1041 3115 habeatis
1062 3058 1131 3113 ad
1153 3072 1366 3125 omnes,
1416 3065 1472 3112 et
1510 3056 1584 3111 ita
1615 3055 1687 3111 sit
1716 3056 1773 3111 in

156 3153 440 3210 cordibus
466 3152 614 3222 quod
637 3148 711 3207 ibi
732 3150 978 3217 exsultet,
1012 3149 1066 3206 id
1099 3157 1183 3205 est
1202 3149 1270 3205 de
1303 3148 1627 3220 quotidiano
1640 3163 1774 3219 gau—

1867 1964 2030 2023 stras,
2063 1965 2112 2011 et
2136 1956 2298 2010 nolite
2333 1959 2507 2012 amari
2535 1974 2646 2013 esse
2666 1960 2737 2014 ad
2758 1962 2903 2016 illas.
2954 1961 3135 2019 Nimia
3180 1964 3326 2019 enim
3354 1981 3447 2020 au-

1868 2045 2089 2101 steritas
2120 2046 2448 2118 quandoque
2473 2056 2757 2118 peceathm
2778 2060 3021 2123 generat.
3062 2052 3128 2108 Et
3168 2070 3289 2122 vos,
3319 2056 3446 2125 ﬁlii,

1869 2136 2073 2192 obedite
2118 2139 2423 2208 parentibus
2470 2154 2565 2209 per
2622 2141 2835 2209 omnia,
2865 2143 2940 2197 ita
2969 2151 3169 2201 tamen
3192 2145 3339 2215 quod
3369 2146 3447 2199 in

1869 2226 2128 2295 Domino,
2160 2241 2272 2284 non
2299 2230 2354 2284 in
2376 2230 2589 2285 cultura
2613 2231 2742 2287 idoli
2772 2234 2855 2288 vel
2877 2209 3469 2293 homicidio.—Ohedirc\
3518 2298 3523 2303 ,

1869 2320 2012 2387 dico,
2043 2321 2171 2391 quia
2199 2319 2317 2387 hoc,
2347 2321 2554 2378 scilicet
2573 2322 2795 2378 obedire
2822 2325 3054 2394 parenti,
3084 2326 3338 2395 placitum
3370 2336 3450 2381 est

1871 2411 2000 2468 Deo.
2032 2410 2099 2467 Et
2131 2426 2252 2480 vos,
2274 2421 2471 2483 patres,
2525 2413 2685 2469 nolite
2708 2431 2991 2484 provocare
3021 2417 3092 2470 ad
3117 2418 3451 2471 iracundiam

1872 2504 2013 2574 ﬁlios
2035 2514 2250 2572 vestros,
2282 2514 2340 2560 ut
2371 2522 2473 2561 non
2493 2507 2625 2577 ﬁant
2645 2505 2860 2577 pusillo,
2879 2508 2934 2563 id
2960 2517 3046 2563 est
3064 2510 3301 2575 modico,
3327 2511 3449 2563 ani—

1873 2613 1978 2665 mo,
2010 2596 2064 2652 in
2087 2598 2366 2669 patiendo,
2418 2606 2473 2654 et
2501 2599 2748 2669 percussi
2801 2614 2831 2653 a
2856 2599 3030 2668 vobis,
3082 2602 3453 2671 repercutiunt

1873 2704 1990 2746 vos.
2023 2688 2091 2746 Et
2112 2705 2232 2757 vos,
2255 2691 2411 2758 servi,
2448 2690 2651 2746 obedite
2670 2708 2763 2762 per
2785 2679 2962 2746 omnia
3005 2691 3256 2761 dominis,
3286 2694 3453 2750 etiam
3480 2690 3485 2693 ’

1872 2781 2201 2849 carnalibus,
2247 2798 2352 2836 non
2398 2782 2677 2838 servientes
2728 2782 2838 2839 illis
2887 2784 2957 2838 ad
2979 2783 3213 2851 oculum,
3271 2784 3326 2839 id
3368 2793 3454 2840 est

1873 2874 2117 2945 quandiu
2137 2874 2271 2931 estis
2298 2875 2351 2930 in
2379 2872 2556 2931 oculis
2604 2890 2795 2930 eorum
2816 2916 2830 2941 ,
2854 2877 3007 2946 quasi
3034 2891 3132 2946 per
3156 2877 3297 2930 hanc
3331 2891 3451 2931 ser-

1875 2967 2102 3021 vitutem
2124 2963 2383 3037 placeatis
2431 2967 2729 3021 hominibus
2782 2973 3013 3032 tantum,
3044 2967 3137 3020 sed
3163 2968 3219 3019 in
3246 2966 3454 3036 simpli-

1866 3048 2036 3114 citate
2062 3059 2237 3114 cordis
2273 3059 2470 3116 servite
2496 3059 2624 3125 illis,
2663 3061 2903 3114 timentes
2942 3059 2996 3113 in
3029 3059 3133 3114 hoc
3161 3058 3452 3114 Dominum

1875 3150 2045 3206 Deum
2071 3151 2166 3222 qui
2188 3166 2288 3223 pro
2314 3160 2537 3222 peccato
2556 3152 2737 3206 vestro
2762 3151 2843 3206 vel
2871 3158 3178 3221 parentum,
3206 3164 3306 3207 vos
3334 3146 3453 3207 ser;-

161 3249 296 3303 deat
324 3215 690 3302 incremento.
725 3243 792 3299 In
817 3260 944 3315 qua,
966 3215 1024 3299 id
1046 3249 1132 3299 est
1152 3243 1219 3297 ad
1240 3215 1427 3314 quam,
1452 3215 1771 3312 pacemvha-
1798 3215 1846 3279 θ
1875 3256 1974 3298 vos
1995 3215 2385 3308 con-stituitfut
2408 3248 2475 3297 de
2502 3241 2628 3297 ﬁliis
2673 3239 2847 3297 Cham
2871 3215 3120 3313 legimus
3171 3240 3324 3314 (Gen.
3377 3259 3452 3309 ix,

165 3338 417 3394 bendam
446 3336 622 3390 vocati
642 3336 768 3390 estis
797 3351 830 3390 a
860 3333 971 3390 Deo
992 3335 1048 3388 in
1071 3350 1175 3387 uno
1202 3349 1437 3404 corpore,
1458 3331 1512 3387 id
1535 3341 1620 3388 est
1661 3346 1772 3387 non

164 3441 395 3485 tantum
421 3437 483 3482 ut
504 3428 572 3484 ad
618 3428 887 3485 unitatem
927 3426 1177 3496 corporis
1217 3425 1472 3491 veniatis,
1501 3423 1596 3479 sed
1635 3424 1772 3478 utin

164 3525 260 3579 illa
285 3519 513 3578 unitate
539 3515 928 3591 permaneatis.
963 3517 1074 3572 Pax
1104 3517 1243 3573 sitin
1270 3517 1526 3572 cordibus
1554 3515 1770 3571 vestris.

168 3615 241 3669 Et
288 3630 400 3670 vos
458 3621 623 3666 estote
655 3611 828 3683 grati,
876 3610 930 3665 id
981 3618 1065 3665 est
1103 3609 1307 3679 gratias
1354 3607 1521 3679 286
1561 3621 1776 3676 semper

154 3698 407 3777 agentes
424 3701 546 3758 Deo
582 3701 650 3757 de
678 3699 893 3757 collatis
917 3699 1076 3755 vobis
1114 3698 1413 3755 beneﬂciis.
1447 3694 1603 3752 Grati
1629 3697 1773 3763 dico,

164 3798 428 3851 docentes
454 3803 506 3849 et
529 3798 910 3848 commonentes
934 3791 1292 3861 vosmetipsos.

243 3884 364 3941 Sed
390 3885 447 3938 in
475 3899 587 3955 quo
612 3882 808 3938 docere
834 3889 889 3938 et
922 3895 1274 3937 commonere
1302 3895 1361 3936 se
1380 3879 1613 3936 debeant
1632 3896 1775 3950 prae—

168 3977 373 4044 mittit,
401 3974 593 4031 dicens
626 3992 640 4028 :
672 3971 745 4028 Ut
771 3972 998 4043 possitis
1031 3986 1130 4026 vos
1183 3970 1380 4027 docere
1425 3978 1482 4025 et
1533 3984 1775 4025 commo-

166 4084 334 4134 nere,
371 4065 609 4132 verbum,
634 4063 689 4118 id
714 4073 799 4119 est
849 4061 1119 4128 doctrina,
1150 4059 1371 4127 Christi,
1401 4060 1453 4114 id
1474 4068 1561 4117 est
1579 4059 1664 4115 vel
1712 4060 1780 4115 de

165 4162 431 4226 Christo,
465 4158 547 4212 vel
570 4168 737 4227 quam
764 4154 1019 4210 Christus
1050 4140 1268 4218 docuit,
1305 4150 1505 4206 habitet
1522 4150 1781 4206 continue

167 4254 225 4307 in
249 4252 434 4308 vobis.
478 4242 545 4303 Et
568 4248 643 4303 ita
689 4245 838 4318 quod
877 4243 1227 4309 abundanter,
1261 4242 1314 4298 id
1360 4249 1446 4297 est
1496 4242 1779 4298 abundan-
1818 4288 1823 4291 .

166 4344 312 4399 tiam
354 4338 613 4395 habeatis
652 4339 709 4392 in
732 4336 875 4392 omni
915 4335 1199 4405 sapientia,
1226 4333 1280 4387 id
1307 4341 1394 4388 est
1423 4333 1477 4387 in
1511 4332 1660 4387 omni
1682 4345 1777 4402 ge-

166 4451 312 4492 nere
346 4431 663 4487 intellectus
693 4427 963 4493 historici,
1002 4426 1227 4481 moralis
1252 4434 1307 4480 et
1341 4423 1618 4497 allegorici
1645 4465 1660 4489 ,
1683 4423 1780 4477 do-

168 4533 361 4578 centes
406 4520 774 4589 vosmetipsos,
802 4515 1071 4575 studeudo
1097 4515 1152 4570 in
1185 4511 1503 4583 Seripturis,
1546 4522 1601 4569 et
1643 4513 1780 4568 bene

167 4612 329 4669 docti
379 4616 769 4664 commonentes
818 4606 955 4662 alter
995 4605 1247 4660 alterum.
1295 4601 1600 4659 Plurimum
1634 4602 1781 4658 enim

169 4707 329 4761 valet
354 4700 702 4767 exhortatio,
730 4698 897 4754 etiam
947 4697 1003 4752 in
1030 4696 1198 4752 rebus
1227 4710 1370 4765 quas
1390 4695 1528 4750 bene
1552 4695 1779 4750 scimus.

171 4797 455 4851 Docentes
489 4802 538 4846 et
561 4798 941 4847 commonentes
966 4789 1091 4853 dico
1110 4789 1165 4842 in
1210 4787 1456 4857 psalmis,
1498 4787 1554 4841 in
1582 4785 1783 4857 quibus

170 4888 329 4942 bona
362 4882 652 4938 moralitas
676 4881 1020 4947 continetur;
1046 4887 1101 4934 et
1129 4880 1185 4933 in
1226 4878 1456 4948 hymnis,
1503 4878 1558 4932 in
1580 4876 1782 4948 quibus

170 4978 302 5032 laus
345 4973 473 5039 Dei,
512 4973 597 5027 vel
640 4978 957 5027 sanctorum
1005 4967 1074 5024 ad
1111 4968 1339 5039 gloriam
1373 4966 1468 5032 Dei
1512 4965 1777 5029 refertur;

169 5069 312 5122 etin
358 5064 590 5118 canticis
641 5060 1030 5132 spiritualibus,
1073 5058 1262 5114 id‘est
1310 5058 1378 5112 de
1415 5055 1779 5127 spiritualium

171 5159 468 5214 bonorum
493 5153 691 5225 gaudio
739 5151 1045 5222 agentibus.
1095 5148 1205 5205 Nec
1245 5138 1422 5205 solum
1457 5149 1698 5203 docentes
1731 5157 1782 5201 et

171 5224 602 5312 commonentes,
627 5245 722 5301 sed
742 5245 906 5300 etiam
930 5248 1203 5298 cantantes
1221 5241 1352 5308 Deo,
1383 5242 1436 5297 id
1458 5249 1542 5296 est
1564 5240 1631 5296 ad
1661 5241 1779 5312 glo—

173 5344 326 5399 riam
364 5338 488 5404 Dei,
512 5353 623 5392 non
649 5336 827 5393 solum
850 5337 906 5390 in
926 5334 1105 5401 labiis,
1141 5335 1236 5390 sed
1258 5335 1423 5389 etiam
1449 5334 1506 5386 in
1536 5333 1780 5387 cordibus

171 5433 401 5491 vestris.
429 5428 724 5485 Cantantes
744 5426 869 5484 dico
895 5427 951 5480 in
972 5427 1169 5497 gratia,
1197 5426 1250 5482 id
1275 5435 1361 5481 est
1389 5427 1443 5481 in
1467 5425 1778 5484 considera-

172 5528 337 5583 tione
374 5521 570 5595 gratize
603 5518 721 5585 Dei,
752 5534 861 5589 qua
880 5530 1100 5588 peccata
1161 5518 1480 5574 condonans
1499 5532 1597 5573 vos
1616 5518 1779 5587 justi-

171 5615 393 5674 licavit.
424 5611 497 5667 Ut
529 5611 722 5682 paucis
761 5609 1043 5665 absolvam
1082 5608 1214 5679 quid
1268 5609 1425 5665 vobis
1468 5609 1777 5666 faciendum

171 5710 291 5767 sit:
324 5707 500 5764 Omne
525 5703 868 5775 quodcunque
900 5702 1082 5770 facitis
1124 5703 1177 5755 in
1192 5702 1362 5769 verbo,
1392 5710 1483 5754 aut
1510 5703 1565 5756 in
1607 5718 1776 5771 opere,

172 5803 382 5860 hauet
405 5798 588 5853 omnia
618 5810 714 5849 seu
760 5794 817 5849 in
846 5793 1057 5858 habitu,
1091 5809 1185 5849 seu
1233 5796 1286 5849 in
1316 5796 1662 5865 cogitatione,
1696 5803 1779 5867 [a-

482 5891 755 5952 Psrnoc.
788 5885 994 5947 CLIII.

1871 3331 2548 3404 25).’Neeobjiciatisquod
2569 3330 2775 3387 domini
2796 3332 2936 3389 male
2956 3331 3264 3388 retribuunt
3277 3333 3455 3400 vobis,

1862 3414 2094 3480 scientes
2116 3425 2253 3496 quod
2276 3440 2374 3481 vos
2398 3425 2670 3495 accipietis
2697 3443 2729 3479 a
2768 3423 2994 3480 Domino
3019 3425 3129 3482 Deo
3152 3429 3454 3483 retributio-

1878 3534 1994 3572 nem
2012 3516 2364 3583 harreditatis,
2392 3517 2446 3572 id
2478 3527 2562 3572 est
2602 3517 2974 3574 hazreditatem
3020 3519 3337 3575 retributam
3360 3537 3454 3576 vo-

1875 3608 1981 3675 bis,
2011 3608 2141 3680 quia
2164 3607 2358 3680 jugum
2398 3600 2716 3681 impositum
2761 3610 2916 3666 vobis
2955 3626 2986 3665 a
3043 3610 3150 3667 Deo
3191 3612 3458 3682 patienter

1866 3698 2235 3754 sustinuistis.
2270 3697 2486 3754 Etcum
2531 3698 2710 3754 dicam
2742 3701 2999 3756 mulieres
3031 3701 3279 3756 subditas
3310 3717 3453 3768 esse,

1875 3790 2025 3847 viros
2053 3791 2297 3863 diligere,
2334 3791 2475 3846 filios
2505 3791 2745 3856 obedire,
2777 3806 2965 3846 servos
2985 3792 3210 3859 servire,
3247 3792 3301 3846 in
3333 3808 3454 3847 om-

1879 3882 2041 3939 nibus
2064 3884 2151 3939 his
2180 3884 2367 3938 servile
2386 3882 2609 3937 Domino
2636 3882 2868 3946 Christo,
2894 3898 2981 3949 ne,
3037 3878 3256 3953 propter
3298 3884 3456 3941 obse-

1879 3975 2069 4046 quium
2105 3973 2364 4040 hominis,
2394 3973 2757 4029 contemnatis
2794 3971 2988 4029 Deum:
3015 3972 3146 4042 Vos,
3182 3976 3346 4043 servi,
3378 3976 3457 4031 sic

1867 4062 2201 4138 ‘opcramini,
2228 4065 2355 4136 quia
2383 4066 2676 4136 quicunque
2723 4064 2857 4134 facit
2908 4064 3184 4135 injuriam,
3226 4065 3339 4123 sive
3384 4067 3458 4122 sit

1880 4171 2092 4223 servus,
2117 4154 2232 4211 sive
2260 4155 2332 4211 sit
2351 4154 2627 4221 dominus,
2660 4153 2872 4224 recipiet
2894 4150 2959 4207 id
2972 4153 3112 4224 quod
3141 4155 3317 4226 inique
3339 4171 3457 4226 ges-

1879 4247 1972 4314 sit,
2002 4247 2055 4302 id
2076 4255 2160 4303 est
2189 4244 2497 4302 mercedem
2524 4244 2826 4316 iniquitatis
2860 4244 2915 4299 in
2939 4243 3143 4299 futuro.
3181 4245 3307 4302 Ideo
3330 4247 3460 4303 dico

1879 4339 2173 4408 quicunque
2214 4336 2472 4407 injuriam
2523 4335 2677 4406 facit,
2701 4334 2829 4407 quia
2860 4335 3002 4406 apud
3050 4333 3216 4389 Deum
3258 4348 3461 4392 nonest

1881 4427 2113 4496 acceptio
2136 4432 2502 4495 personarum,
2528 4433 2588 4480 ut
2612 4425 2700 4480 hic
2729 4434 2986 4496 acceptus
3015 4424 3115 4493 sit,
3144 4425 3271 4497 quia
3292 4428 3459 4497 liber;

1876 4521 1972 4576 ille
1991 4520 2285 4591 proiectus,
2315 4519 2442 4589 quia
2467 4534 2677 4574 servus.
2749 4506 2771 4521 “
2896 4540 2899 4543 ·
3261 4521 3265 4524 ’

2481 4608 2715 4664 CAPUT
2768 4609 2856 4664 IV.

1961 4722 1978 4755 ς
2026 4701 2270 4768 Domini,
2301 4702 2445 4772 quod
2464 4701 2676 4773 justum
2706 4709 2865 4757 estet
2887 4717 3105 4773 aquom
3128 4703 3303 4758 servis
3327 4720 3466 4774 prae-

1891 4813 1907 4845 ‹
1956 4802 2115 4861 state,
2167 4793 2402 4849 scientes
2461 4793 2723 4864 quoniam
2777 4802 2834 4848 et
2873 4809 2972 4849 vos
3016 4792 3307 4849 Dominum
3367 4796 3459 4850 ha-

1889 4901 1906 4932 ι
1950 4880 2089 4937 betis
2114 4882 2169 4935 in
2189 4881 2347 4938 coelo.
2376 4879 2622 4937 Orationi
2651 4881 2849 4936 instate
2873 4881 3208 4955 [instantes],
3239 4884 3463 4955 vigilan-

1890 4994 1906 5023 ι
1951 4982 2031 5028 tes
2063 4973 2115 5027 in
2139 4988 2202 5027 ea
2228 4972 2283 5027 iu
2313 4972 2607 5044 gratiarum
2622 4972 2855 5039 actione,
2880 4974 3352 5031 orautes‘simulet
3365 4992 3465 5047 pro

1895 5089 1910 5111 .
1955 5060 2120 5136 237
2148 5064 2327 5129 nobis,
2349 5072 2408 5119 ut
2430 5063 2572 5119 Deus
2602 5064 2810 5135 aperiat
2837 5064 2995 5120 nobis
3025 5065 3228 5123 ostium
3257 5083 3461 5123 sermo-

1894 5177 1911 5207 ‹
1959 5157 2073 5219 nis,
2115 5156 2182 5211 ad
2222 5155 2554 5226 loquendum
2602 5157 2925 5227 mysterium
2970 5156 3177 5214 Christi
3224 5159 3465 5231 (propter

1894 5266 1911 5299 ι
1957 5248 2102 5317 quod
2137 5247 2301 5301 etiam
2323 5247 2537 5302 vinctus
2560 5246 2729 5314 sum),
2754 5256 2813 5302 ut
2834 5246 3178 5305 manifestem
3212 5250 3364 5321 illud,
3393 5252 3465 5306 ita

1894 5357 1912 5389 ι
1959 5347 2021 5393 ιιι
2077 5346 2292 5409 oportet
2359 5352 2447 5393 me
2510 5337 2679 5409 loqui.
2739 5337 2798 5394 In
2856 5338 3124 5411 sapientia
3191 5341 3467 5397 ambulate

1893 5452 1911 5482 ‹
1955 5433 1974 5502 (
1999 5430 2189 5503 Ephes.
2242 5447 2297 5497 v,
2334 5431 2441 5500 15)
2491 5431 2558 5486 ad
2601 5447 2698 5487 eos
2735 5431 2831 5503 qui
2871 5430 3006 5489 foris
3051 5441 3200 5497 sunt,
3253 5440 3467 5501 tempus

1892 5543 1909 5573 ι
1958 5523 2304 5578 redimentes.
2357 5520 2552 5578 Sermo
2605 5532 2781 5578 vester
2809 5538 3024 5593 semper
3064 5523 3119 5577 in
3150 5521 3321 5592 gratia
3350 5521 3466 5575 sale

1893 5635 1910 5665 ι
1955 5614 2027 5670 sit
2053 5613 2326 5682 conditus,
2351 5622 2411 5669 ut
2437 5613 2623 5670 sciatis
2652 5614 2926 5685 quomodo
2947 5621 3195 5684 oporteat
3220 5628 3316 5667 vos
3342 5609 3467 5665 uni-

1894 5727 1911 5754 ‹
1957 5706 2154 5776 cuique
2176 5705 2526 5775 respondere.
2557 5704 2690 5771 Quae
2720 5705 2865 5760 circa
2897 5720 2984 5758 me
3011 5712 3141 5759 sunt
3162 5702 3344 5758 omnia
3372 5718 3461 5756 vo-

1894 5816 1911 5846 ι
1960 5796 2042 5849 bis
2069 5803 2194 5849 nota
2221 5792 2393 5849 faciet
2422 5793 2714 5864 Tychicus,
2743 5792 3099 5847 charissimus
3128 5789 3296 5845 frater
3316 5801 3363 5845 et
3400 5792 3465 5844 li-

3058 5884 3129 5943 l3
