3988 6402
644 406 757 467 B95

640 545 670 579 -ι
711 524 852 582 delis
875 522 1147 592 minister,
1171 532 1226 579 et
1245 536 1546 579 conservus
1575 520 1629 575 in
1649 518 1909 587 Domino,
1937 532 2101 589 quem
2128 516 2232 572 mi-

649 636 668 671 ι
716 616 763 672 si
806 616 876 672 ad
920 631 1020 672 vos
1051 615 1119 671 ad
1163 614 1268 669 hoc
1301 614 1481 684 ipsum
1513 621 1573 667 ut
1600 619 1893 683 cognoscat
1931 625 2055 681 qua:
2075 608 2222 666 circa

650 725 669 759 ι
716 722 815 764 vos
861 716 1010 774 sunt,
1050 714 1106 762 et
1148 705 1460 761 consoletur
1505 702 1673 759 corda
1701 710 1904 767 vestra,
1928 718 2054 757 cum
2079 698 2221 757 One-

649 818 669 849 ι
716 797 857 869 simo
878 797 1226 863 eharissimo,
1255 803 1310 850 et
1334 794 1477 850 tideli
1504 792 1692 861 fratre,
1720 794 1817 865 qui
1843 804 1929 849 est
1948 808 2016 848 ex
2042 792 2219 849 vobis.

651 909 670 941 ι
716 888 915 945 Omnia
950 905 1071 960 qua:
1098 887 1187 943 hic
1212 894 1450 957 aguntur
1475 895 1605 941 nota
1647 883 1811 943 faciet
1847 884 2022 940 vobis.
2059 882 2221 941 Salu-

648 998 669 1030 ι
718 987 797 1034 tat
822 995 919 1035 vos
946 976 1299 1033 Aristarchus
1317 977 1674 1047 concaptivus
1708 991 1885 1042 meus,
1916 984 1970 1030 et
2007 974 2222 1031 Marcus

651 1089 669 1122 s
712 1069 1072 1126 consobrinus
1097 1066 1382 1134 Barnabas,
1404 1065 1471 1122 de
1493 1082 1604 1137 quo
1628 1066 1916 1136 accepistis
1946 1067 2221 1122 mandata.

649 1179 668 1213 ι
715 1160 771 1216 Si
818 1159 1025 1215 venerit
1065 1158 1136 1213 ad
1170 1171 1291 1225 vos,
1337 1158 1569 1229 excipite
1600 1158 1774 1213 illum.
1810 1156 1874 1213 Et
1898 1156 2081 1224 Jesus,
2127 1157 2221 1229 qui

649 1272 667 1303 ι
712 1251 910 1307 dicitur
927 1247 1142 1317 Justus,
1166 1248 1262 1321 qui
1284 1258 1414 1305 sunt
1442 1264 1511 1304 ex
1536 1248 1975 1305 circumcisione.
2010 1247 2077 1303 Hi
2120 1249 2223 1305 soli

645 1360 664 1391 ι
710 1347 838 1395 sunt
865 1338 1144 1410 adjutores
1170 1338 1280 1395 mei
1309 1339 1365 1394 in
1396 1326 1564 1410 regno
1585 1339 1701 1406 Dei,
1731 1339 1825 1411 qui
1847 1339 1981 1395 mihi
2002 1338 2225 1397 fuerunt

644 1453 663 1485 ι
712 1432 926 1488 solatio.
953 1431 1169 1488 Salutat
1205 1447 1305 1490 vos
1349 1430 1652 1502 Epaphras,
1702 1433 1796 1503 qui
1825 1448 1893 1488 ex
1920 1433 2075 1489 vobis
2117 1444 2221 1502 est,

646 1543 669 1581 ι
710 1540 904 1582 servus
945 1523 1076 1581 Jesu
1113 1524 1343 1593 Christi,
1377 1539 1594 1594 semper
1637 1524 1906 1581 sollicitus
1944 1541 2044 1596 pro
2069 1526 2225 1583 vobis

649 1636 667 1673 s
710 1616 766 1673 in
793 1617 1158 1684 orationibus,
1196 1625 1259 1672 ut
1286 1616 1441 1672 stetis
1473 1615 1699 1688 perfecti
1726 1625 1782 1672 et
1819 1616 1965 1687 pleni
1993 1617 2048 1672 in
2074 1617 2225 1673 omni

646 1728 665 1761 ι
711 1709 992 1765 voluntate
1034 1705 1151 1763 Dei.
1186 1705 1588 1764 Testimonium
1635 1707 1781 1763 enim
1827 1708 1905 1763 illi
1941 1709 2224 1781 perhibeo,

645 1821 665 1855 ι
710 1800 856 1873 quod
880 1799 1043 1856 habet
1065 1799 1299 1855 multum
1328 1799 1570 1856 laborem
1601 1814 1702 1870 pro
1728 1799 1905 1868 vobis,
1928 1809 1982 1856 et
2008 1816 2109 1872 pro
2136 1802 2224 1858 his

646 1913 665 1945 ι
708 1893 803 1964 qui
830 1900 960 1948 sunt
996 1889 1289 1959 Laodiciaa,
1323 1898 1380 1946 et
1425 1891 1520 1962 qui
1545 1889 1842 1962 Hierapoli.
1876 1889 2093 1948 Salutat
2118 1908 2217 1948 vos

647 2006 664 2039 ι
710 1985 887 2041 Lucas
912 1983 1001 2056 (II
1025 1983 1164 2039 Tim.
1209 1999 1283 2051 1v,
1311 1984 1423 2054 ll),
1458 1984 1707 2040 medicus
1742 1984 2137 2052 charissimus,
2168 1994 2224 2041 et

627 2100 663 2130 ›‹
708 2076 924 2133 Demas.
978 2074 1224 2131 Salutate
1277 2072 1475 2131 fratres
1521 2075 1617 2146 qui
1665 2083 1796 2131 sunt
1843 2075 2117 2132 Laodicia:
2169 2085 2225 2132 et

630 2191 663 2221 -ι
707 2168 1034 2242 Nympham,
1078 2178 1134 2224 et
1178 2183 1304 2239 qua:
1345 2168 1402 2223 in
1431 2168 1595 2224 domo
1635 2167 1755 2238 ejus
1785 2176 1871 2225 est
1909 2166 2218 2225 ecclesiam.

646 2279 665 2309 ι
708 2258 926 2313 Etcum
950 2258 1094 2313 lecta
1122 2255 1291 2312 fuerit
1314 2257 1459 2328 apud
1487 2272 1587 2312 vos
1616 2256 1860 2327 Epistola
1883 2258 2018 2325 lucc,
2060 2258 2223 2315 facite

639 2369 666 2401 4
714 2358 771 2404 ut
800 2358 856 2404 et
893 2349 947 2403 in
978 2347 1397 2403 Laodicensium
1431 2346 1672 2403 Ecclesia
1699 2349 1927 2419 legatur.
1967 2349 2033 2404 Et
2058 2349 2223 2407 dicite

648 2460 666 2493 ι
710 2439 1023 2510 Archippo:
1074 2437 1208 2494 Vide
1257 2437 1624 2494 ministerium
1666 2439 1813 2508 quod
1857 2441 2115 2509 accepisti
2165 2442 2221 2495 in

634 2551 667 2584 -ι
714 2529 968 2597 Domino,
1007 2537 1069 2585 ut
1107 2528 1237 2584 illud
1280 2526 1528 2599 impleas.
1577 2527 1847 2584 Salutatio
1888 2546 2008 2585 mea
2056 2548 2221 2587 manu

648 2645 666 2675 ι
704 2620 888 2678 Pauli.
917 2618 1185 2675 Memores
1208 2627 1383 2675 estote
1411 2618 1755 2674 vinculorum
1791 2635 2060 2676 meorum.
2087 2621 2223 2677 Cra-

641 2734 665 2767 4
714 2714 787 2769 tia
819 2712 1034 2767 Domini
1066 2711 1241 2767 nostri
1268 2709 1395 2766 Jesu
1422 2708 1628 2766 Christi
1655 2710 1959 2766 vobiscum.
1988 2711 2215 2767 Amen.)

1276 2816 1589 2858 EXPOSITIO.

712 2895 892 2963 εει-γι,
935 2894 1149 2950 obedite
1191 2894 1451 2961 dominis,
1484 2901 1540 2949 et
1568 2908 1687 2961 vos,
1718 2893 1941 2962 domini,
1974 2904 2223 2966 prtestate

642 2988 807 3042 servis
849 2987 988 3059 quod
1031 2985 1241 3057 justum
1269 2994 1368 3052 est,
1413 2993 1468 3040 et
1503 2985 1803 3043 secundum
1830 2985 1976 3058 quod
2007 3003 2224 3043 meren-

620 3088 753 3147 .tur,
776 3090 825 3134 et
846 3077 993 3150 quod
1020 3086 1105 3133 est
1134 3092 1362 3148 wquum,
1392 3075 1445 3131 id
1478 3084 1561 3132 est
1590 3083 1649 3131 ut
1679 3079 1923 3148 pensetis
1950 3093 2047 3134 eos
2067 3094 2222 3151 asque

643 3171 897 3226 homines
938 3184 1061 3225 esse
1110 3169 1253 3225 sicut
1293 3182 1412 3235 vos,
1444 3168 1664 3223 scientes
1696 3168 1957 3240 quoniam
1991 3171 2134 3227 servi
2170 3182 2221 3226 et

645 3278 734 3316 vos
760 3259 970 3316 domini
1003 3259 1205 3314 habetis
1242 3259 1495 3314 eumdem
1522 3258 1810 3313 Dominum
1834 3262 1892 3314 in
1922 3261 2071 3319 cwla.
2109 3262 2223 3319 Ad-

638 3350 870 3405 monitis
908 3349 995 3406 his
1037 3349 1312 3421 personis,
1344 3349 1538 3405 iterum
1584 3350 1653 3405 ad
1685 3351 1958 3420 publicam
1985 3352 2228 3410 instrue--

644 3440 849 3495 tionem
863 3439 1119 3496 Ecclesiae
1145 3441 1454 3507 revertitur,
1484 3440 1700 3496 dicens:
1734 3440 1866 3510 Vos,
1890 3443 2031 3499 servi
2055 3454 2109 3500 et
2128 3445 2228 3501 do-

644 3529 802 3597 mini,
848 3530 928 3586 sic
971 3530 1211 3585 vicissim
1237 3532 1381 3601 agite
1408 3550 1420 3584 :
1447 3528 1714 3586 Universa
1750 3540 1933 3588 autem
1969 3535 2222 3604 ecclesia,

642 3624 839 3675 instate
864 3620 1095 3675 orationi
1118 3620 1417 3692 vigilantes,
1452 3620 1539 3676 vel
1576 3622 1859 3679 nocturnis
1887 3624 2110 3696 vigiliis,
2143 3628 2226 3683 vel

640 3712 873 3770 studiosi
898 3713 956 3766 in
978 3728 1041 3767 ea
1057 3712 1343 3783 vigilantes
1365 3726 1583 3782 semper
1602 3711 1656 3766 in
1679 3714 1886 3768 actione
1904 3716 2223 3786 gratiarum,

638 3813 874 3872 orantes,
918 3803 1079 3857 simul
1119 3804 1280 3858 etiam
1316 3820 1411 3874 pro
1459 3803 1628 3871 nobis,
1664 3805 1883 3875 quando
1924 3807 2097 3863 oratis
2125 3824 2226 3879 pro

638 3896 817 3952 vobis.
848 3894 944 3951 Vel
983 3894 1176 3962 simul,
1205 3895 1258 3950 id
1285 3904 1369 3950 est
1394 3903 1507 3949 tota
1549 3896 1779 3951 ecclesia
1803 3912 1899 3967 pro
1940 3913 2027 3954 me
2062 3914 2224 3954 com-

636 4000 863 4043 munem
921 3987 1226 4042 orationem
1284 3985 1470 4053 faciat,
1527 3996 1587 4040 ut
1614 3986 1756 4042 Deus
1809 3990 2014 4059 aperiat
2070 3992 2224 4046 nobis

639 4082 835 4135 ostium
859 4080 1136 4145 sermonis,
1165 4079 1217 4134 id
1247 4087 1333 4133 est
1364 4079 1508 4133 labia
1543 4095 1640 4150 per
1661 4095 1785 4151 quae
1806 4084 2084 4153 egreditur
2107 4101 2225 4141 εον..

641 4186 751 4225 mo.
787 4171 1005 4239 Aperiat
1053 4170 1178 4225 dico
1208 4168 1278 4223 ad
1308 4168 1625 4240 loquendum
1656 4176 1963 4242 mysterium
1996 4175 2222 4247 Christi,

634 4263 698 4317 id
720 4271 805 4317 est
827 4261 1056 4317 salutem
1088 4262 1353 4332 gentium,
1380 4278 1502 4333 quae
1526 4278 1699 4333 usque
1720 4266 1788 4320 ad
1817 4265 2097 4325 Christum
2122 4274 2225 4329 sub

642 4353 905 4426 mysterio
951 4353 1124 4407 latuit.
1184 4352 1434 4423 Aperiret
1479 4352 1624 4409 Deus
1676 4355 1781 4410 sibi
1828 4372 1913 4425 os,
1955 4360 2003 4416 si
2042 4378 2224 4420 sermo

634 4444 764 4516 ejus
817 4442 1161 4499 auditoribus
1232 4442 1399 4499 fuerit
1450 4445 1743 4517 gratiosus.
1797 4446 1936 4516 Quia
2004 4462 2226 4524 propter

1183 403 1241 461 S.
1285 403 1632 462 BilUNOMS
1669 398 2315 460 CAllTilUSlANOllUll
2356 397 2848 459 INSTITUTORIS
2884 400 3038 460 OPP.
3076 401 3260 460 PARS
3296 400 3362 458 11.

3764 407 3847 467 596

2260 522 2305 581 Λ
2336 515 2407 573 Ut
2431 518 2486 573 in
2509 518 2777 590 sapientia
2805 519 3118 588 ambulelis,
3142 535 3314 575 sermo
3336 526 3505 574 vester
3527 534 3715 590 semper
3735 523 3849 578 sitis

2321 610 2519 681 gratia,
2547 609 2602 666 id
2631 619 2717 666 est
2770 611 3049 681 gratiosus
3073 611 3439 678 auditoribus,
3472 618 3529 666 et
3549 625 3709 679 exeo,
3738 616 3847 684 quod

2323 699 2394 755 sit
2424 700 2669 765 conditus
2694 699 2828 769 sale,
2853 701 2907 757 id
2937 710 3021 757 est
3051 710 3494 773 contemperatns
3535 701 3746 771 sapienti
3768 704 3849 760 dis-

2321 792 2585 849 cretione.
2624 791 2723 848 Vel
2772 792 2850 849 ita
2885 813 2899 849 :
2943 792 3126 849 Sermo
3174 802 3343 848 vester
3374 795 3446 848 sit
3496 795 3720 849 conditus
3751 797 3847 864 sale,

2324 883 2400 939 ita
2424 884 2571 955 quod
2596 899 2815 955 semper
2843 886 2914 942 sit
2942 887 2997 940 in
3024 887 3225 957 gratia,
3254 886 3307 941 id
3343 894 3427 941 est
3476 885 3532 940 in
3558 888 3848 943 commenda-

2323 974 2474 1031 tione
2510 975 2701 1046 gratiaa
2735 974 2853 1043 Dei,
2889 985 2945 1032 et
2971 992 3253 1047 nunquam
3304 977 3357 1031 in
3387 978 3524 1049 lege.
3564 975 3637 1032 fta
3659 979 3847 1033 conditus

2321 1065 2456 1132 sale,
2480 1076 2538 1121 ut
2557 1068 2743 1123 sciatis
2772 1068 3034 1139 quomodo
3064 1078 3302 1139 oporteat
3336 1085 3424 1123 vos
3457 1070 3745 1140 respondere
3759 1073 3847 1125 ui-

2324 1158 2513 1229 cuique
2563 1158 2947 1231 interroganti,
3002 1176 3104 1231 pro
3139 1161 3492 1231 simplicitate
3514 1161 3630 1232 ejus
3658 1162 3731 1219 vel
3750 1178 3844 1233 pru-

2324 1249 2527 1306 dentia.
2559 1250 2658 1311 .Sic
2686 1266 2787 1307 vos
2813 1251 2881 1307 de
2904 1250 3207 1322 prtemissis
3232 1253 3481 1320 instruo;
3515 1252 3689 1307 omnia
3714 1263 3845 1309 autem

2324 1360 2442 1415 qua:
2477 1344 2620 1398 circa
2650 1361 2730 1400 me
2765 1354 2911 1413 sunt,
2934 1352 2990 1400 et
3016 1345 3235 1400 vincula
3257 1354 3311 1401 et
3347 1354 3567 1412 cmtera,
3597 1353 3707 1399 nota
3729 1345 3845 1415 faciet

2323 1436 2466 1489 vobis
2493 1434 2771 1507 Tychicus,
2803 1436 3151 1491 charissimus
3175 1437 3345 1507 frater
3367 1447 3418 1492 et
3448 1437 3620 1507 ﬁdelis
3644 1437 3842 1491 minister.

2323 1523 2545 1581 Credite
2572 1526 2653 1581 illi
2679 1527 2809 1597 quia
2841 1526 2980 1582 nihil
3038 1536 3237 1597 praeter
3280 1526 3445 1583 ﬁdem
3480 1527 3844 1595 ministrabitet

2323 1634 2603 1673 conservus
2627 1620 2681 1673 in
2697 1618 2950 1687 Domino,
2971 1619 3122 1691 quia,
3146 1620 3289 1676 sicut
3308 1634 3432 1692 ego,
3460 1620 3541 1677 sic
3560 1619 3843 1692 maeuii

2322 1706 2558 1765 Domino
2609 1710 2665 1765 in
2710 1708 3036 1782 Evangelio,
3094 1720 3151 1767 et
3203 1711 3410 1783 patitur
3454 1727 3554 1783 pro
3601 1726 3679 1769 eo.
3723 1710 3840 1778 Qum

2326 1796 2625 1870 Tychieum
2654 1800 2776 1855 misi
2805 1800 2875 1854 ad
2894 1816 3015 1868 vos,
3045 1801 3116 1855 ad
3140 1801 3237 1854 hoc
3258 1800 3723 1868 manifestandum,
3740 1798 3839 1856 eiad

2325 1892 2519 1963 ipsum,
2553 1902 2612 1946 ut
2641 1901 2922 1964 cognoscat
2973 1910 3091 1965 qua:
3125 1895 3271 1948 circa
3306 1910 3395 1949 vos
3444 1903 3586 1962 sunt,
3608 1902 3754 1966 etego
3773 1907 3840 1964 per

2324 1997 2473 2050 eum,
2508 1991 2559 2037 et
2592 1984 2892 2038 consoletur
2923 1984 3087 2038 corda
3123 1994 3319 2051 vestra,
3348 1984 3591 2041 desolata
3637 1998 3722 2054 pro
3755 1984 3837 2036 via-

2324 2071 2463 2127 culis
2487 2072 2643 2127 meis.
2682 2071 2821 2127 Nota
2858 2071 3020 2128 faciet
3042 2071 3338 2145 Tychicus,
3366 2090 3489 2127 cum
3514 2072 3734 2127 Onesimo
3751 2071 3836 2125 cln-

2324 2162 2537 2216 rissimo
2571 2171 2620 2217 at
2660 2162 2809 2232 ﬁdeli
2837 2162 3039 2233 fratre;
3090 2163 3274 2219 audite
3300 2179 3454 2230 eum,
3486 2164 3608 2236 quia
3634 2166 3835 2218 natusett

2322 2270 2388 2309 ex
2414 2254 2581 2309 vobis.
2631 2252 2699 2308 Ili
2732 2253 2843 2310 duo
2874 2256 3074 2326 facient
3109 2256 3251 2311 vobis
3301 2266 3432 2311 nota
3482 2257 3650 2310 omnia
3669 2270 3761 2327 qua
3779 2254 3834 2307 iit

2320 2355 2574 2429 aguntur.
2601 2346 2725 2401 ideo
2759 2347 3164 2404 commendavit
3189 2361 3306 2416 eos,
3357 2357 3419 2403 ut
3460 2349 3720 2404 crederent
3744 2345 3829 2408 illis.

2323 2434 2467 2491 sicut
2506 2441 2561 2490 et
2595 2433 2719 2489 sibi.
2766 2433 2984 2490 Salutat
3036 2452 3124 2490 vos
3174 2435 3523 2490 Aristarchus
3572 2434 3831 2503 cancuptim

2324 2543 2489 2594 meus,
2545 2525 2664 2598 qui,
2720 2527 2866 2583 sicut
2913 2543 3036 2599 ego,
3083 2542 3185 2598 pro
3234 2527 3531 2601 Evan'geho
3575 2516 3626 2582 in
3664 2524 3831 2582 vinculis

2323 2618 2649 2688 captivatur.
2685 2616 2900 2672 Salutat
2930 2633 3030 2673 vos
3065 2619 3233 2674 etiam
3281 2618 3524 2685 Marcus,
3567 2616 3829 2671 consobrinus

2324 2708 2607 2765 Barnabas.
2642 2708 2721 2764 De
2755 2726 2857 2780 quo
2886 2717 3123 2781 utroque
3153 2725 3263 2766 non
3291 2710 3599 2782 recipiendo
3626 2706 3827 2778 accepistis

2323 2799 2578 2853 mandata
2601 2815 2632 2854 a
2661 2814 2768 2855 me.
2803 2797 2909 2855 Sed
2938 2800 2986 2854 si
3012 2808 3242 2871 uterque
3284 2803 3453 2857 modo
3475 2802 3653 2856 venerit
3683 2797 3825 2861 adias,

2322 2890 2549 2961 excipite
2595 2889 2774 2957 illum,
2823 2897 3121 2962 utrumque
3173 2892 3552 2948 reconciliatos
3600 2888 3727 2945 mihi.
3760 2884 3824 2939 llic

2326 2982 2541 3039 Marcus
2571 2984 2765 3039 nolens
2798 2983 3021 3039 obedire
3050 2981 3220 3039 Paulo
3269 2984 3324 3039 in
3378 2982 3605 3056 quadam
3629 2979 3824 3052 legatione

2324 3073 2531 3129 divisus
2561 3082 2642 3129 est
2668 3080 2737 3128 ab
2762 3073 2888 3140 illo;
2921 3072 3202 3130 Barnabas
3245 3085 3454 3143 autem,
3484 3086 3653 3131 amore
3676 3067 3819 3127 cat-Iuli

2249 3216 2292 3274 Ο
2325 3165 2555 3220 nimium
2584 3165 2802 3232 ductus,
2829 3165 2963 3220 abiit
2987 3181 3113 3221 eum
3142 3164 3327 3221 Marco
3350 3167 3492 3237 (Act.
3516 3182 3598 3232 xv,
3618 3162 3708 3234 39).
3727 3159 3822 3256 Pan:

2328 3253 2413 3308 Ius
2443 3268 2571 3307 vero
2604 3269 2671 3308 ne
2701 3255 2832 3324 quid
2861 3263 3016 3309 extra
3048 3254 3208 3310 tidem
3234 3255 3590 3326 prmdicarent
3628 3247 3818 3323 segregall

2327 3344 2398 3399 ab
2428 3343 2541 3410 illo,
2573 3345 2793 3415 scripsit
2824 3344 3085 3403 Ecclesiis
3118 3361 3186 3402 ne
3211 3348 3467 3404 audirent
3491 3363 3580 3403 eos
3612 3344 3690 3417 qui
3710 3339 3819 3396 modo

2255 1865 2300 1921 Β

2326 3436 2579 3504 correcti,
2611 3446 2913 3493 erantcum
2930 3436 3135 3505 Paulo;
3160 3448 3215 3494 et
3238 3440 3363 3496 ideo
3382 3441 3451 3497 de
3478 3440 3553 3494 eis
3571 3429 3818 3505 excipiendis
3904 3502 3905 3521 χ

2327 3528 2527 3583 iterum
2552 3529 2793 3599 scripsit.
2823 3528 3039 3585 Salutat
3073 3546 3170 3586 vos
3197 3531 3364 3587 etiam
3394 3530 3564 3597 Iesus,
3590 3529 3667 3600 qui
3683 3523 3817 3578 disits!

2324 3617 2536 3686 Justus,
2570 3620 2945 3675 testimonium
2977 3622 3205 3692 justitiaa
3258 3622 3469 3679 habens
3511 3622 3575 3677 ab
3616 3613 3814 3675 omnibus.
3902 3610 3903 3621 ‘

2328 3709 2432 3775 Qui
2457 3709 2694 3777 Marcus“,
2728 3710 3028 3780 Barnabas,
3051 3712 3230 3781 Jesus,
3258 3726 3384 3769 sunt
3407 3733 3470 3770 ex
3489 3707 3814 3768 circumcisione.
3900 3710 3901 3721 ‘

2324 3809 2380 3856 et
2406 3801 2460 3854 hi
2481 3801 2580 3855 soli
2632 3818 2699 3857 ex
2732 3803 3153 3860 circumcisione
3198 3814 3321 3860 sunt
3366 3807 3619 3878 adjutores
3657 3799 3747 3860 nui.
3780 3794 3812 3843 ⁵³

2323 3892 2674 3963 prmiicando
2690 3911 2844 3965 regno
2871 3895 2988 3950 Dei.
3010 3895 3114 3962 Qui
3135 3898 3299 3953 etiam
3324 3898 3534 3968 fuerunt
3560 3891 3668 3948 mihi
3683 3884 3812 3942 solatio

2327 3984 2383 4039 in
2413 3986 2668 4041 vinculis.
2703 3985 2918 4041 Salutat
2950 4005 3038 4042 vos
3091 3987 3396 4061 Epaphras,
3428 3990 3516 4061 qui
3540 3995 3607 4042 est
3637 3989 3810 4037 natussi

2325 4078 2490 4133 vobis.
2520 4076 2611 4133 llle
2646 4079 2770 4135 dico
2796 4096 2975 4135 servus
3008 4079 3211 4136 Christi
3258 4082 3413 4151 Iesu,
3443 4090 3495 4145 et
3519 4076 3729 4135 sollicitus
3750 4080 3807 4137 ρτο

2325 4169 2469 4223 vobis
2496 4170 2550 4223 in
2601 4171 2955 4238 orationibus,
3000 4190 3203 4244 semper
3230 4173 3452 4230 habitis.
3485 4162 3583 4227 Pro
3614 4157 3807 4227 robistiﬂ'
3890 4214 3891 4219 η

2326 4276 2515 4332 quam,
2546 4270 2602 4314 ut
2632 4264 2783 4316 stetis
2816 4265 3035 4335 perfecti
3073 4265 3128 4319 in
3168 4281 3235 4321 eo
3272 4267 3421 4337 quod
3463 4256 3804 4332 accepistisnoll
3888 4310 3889 4325 γ

2327 4365 2388 4406 ιιι
2442 4353 2589 4408 aliud
2643 4354 2947 4425 accipiatis.
2979 4343 3047 4409 Et
3079 4366 3138 4411 ut
3169 4358 3325 4413 stetis
3353 4358 3493 4429 pleni
3544 4356 3592 4408 in
3618 4345 3726 4404 omni
3752 4355 3798 4393 re

2326 4442 2552 4510 luntate,
2578 4444 2629 4499 id
2656 4454 2741 4500 est
2773 4446 3015 4516 plenarie
3045 4460 3442 4520 cognoscentes
3473 4456 3660 4503 omnem
3682 4433 3791 4488 volun

636 4535 1068 4608 compositiones
1112 4535 1426 4602 verborum,
1471 4546 1692 4606 propter
1728 4539 2058 4596 subtilitates
2096 4559 2220 4599 seu-
2246 4555 2299 4616 ι)
2326 4544 2492 4590 tatem
2519 4535 2637 4591 Dei.
2679 4536 2818 4592 Vere
2868 4539 3131 4594 sollicitus
3167 4558 3263 4611 pro
3295 4543 3468 4605 voltis;
3498 4551 3608 4595 nam
3632 4545 3709 4601 ego
3728 4537 3801 4596 Pi"
3882 4570 3883 4625 χ

631 4628 954 4695 tentiarum,
984 4642 1263 4697 nunquam
1290 4643 1353 4681 os
1385 4627 1490 4681 erit
1520 4636 1791 4697 apertum,
1829 4630 1933 4686 nisi
1981 4631 2219 4704 Spiritus

640 4727 900 4791 eperctur
930 4719 984 4774 in
1029 4719 1288 4774 cordibus
1334 4718 1669 4786 auditorum,
1706 4731 1921 4792 propter
1963 4726 2123 4795 quod,
2164 4726 2218 4782 id

630 4822 722 4869 est
745 4813 895 4884 quia,
917 4812 1115 4883 loquor
1148 4811 1469 4884 mysterium
1499 4811 1724 4879 Christi,
1760 4829 1797 4883 p
1818 4823 1888 4869 ιδι
1911 4818 2112 4873 inultas
2137 4818 2220 4873 af-

631 4904 927 4970 flictiones,
956 4905 1116 4958 etiam
1164 4919 1312 4959 nunc
1340 4903 1548 4957 vinctus
1594 4918 1712 4957 sum
1751 4905 1818 4959 ad
1860 4905 2217 4977 loquendum,

637 4996 719 5047 ita
766 5003 823 5047 ut
866 5010 968 5065 ego
1013 4994 1348 5065 manifestam
1392 4992 1530 5048 illud
1564 4997 1907 5067 mysterium,
1957 4998 2034 5052 ita
2081 5000 2219 5055 sicut

633 5091 838 5152 oportet
865 5100 942 5137 me
971 5083 1113 5155 loqui
1135 5100 1234 5153 pro
1262 5086 1406 5152 loco,
1435 5092 1678 5156 tempore
1703 5101 1767 5141 ac
1798 5091 2098 5158 capacitate
2120 5108 2221 5148 au-

637 5172 896 5228 ditorum.
933 5172 999 5227 Et
1044 5175 1185 5230 sicut
1222 5190 1322 5246 ego
1375 5176 1571 5245 loquor
1617 5178 1841 5233 verbum
1885 5177 2113 5248 Christi,
2145 5160 2219 5237 ita

637 5275 692 5321 et
722 5282 821 5320 vos
838 5252 1145 5336 praedicate.
1171 5268 1452 5322 Ambulate
1481 5269 1550 5322 ad
1575 5286 1663 5323 eos
1699 5272 1790 5341 qui
1818 5271 1950 5342 foris
1972 5284 2123 5342 sunt,
2164 5277 2217 5332 id

635 5367 722 5412 est
741 5357 808 5411 ad
840 5356 1105 5412 inﬁdeles.
1129 5357 1411 5412 Ambulate
1436 5359 1559 5414 dico
1581 5361 1636 5414 in
1662 5364 1946 5432 sapientia,
1972 5366 2026 5421 id
2049 5376 2133 5423 est
2162 5370 2219 5425 in

639 5445 789 5502 omni
815 5444 1145 5513 discretione
1178 5444 1543 5515 praedicando.
1592 5446 1702 5503 Vos
1735 5450 1859 5506 dico
1896 5450 2217 5510 ~redimentes

639 5547 861 5607 tempus,
905 5536 958 5592 id
1009 5538 1094 5592 est
1135 5544 1517 5605 comparantes
1554 5538 1709 5595 vobis
1755 5546 2215 5612 Opportunitatem

637 5627 949 5685 ambulandi
974 5614 1027 5683 in
1048 5625 1343 5699 sapientia.
1372 5625 1488 5683 Hoc
1512 5638 1659 5683 esset
1689 5632 1953 5690 redimere
1977 5646 2214 5708 tempus,

635 5719 685 5777 si
710 5728 970 5779 vocarent
1010 5720 1077 5776 ad
1118 5733 1354 5787 ccenam,
1384 5727 1437 5773 et
1466 5728 1749 5791 captarent
1784 5722 1859 5779 ibi
1890 5727 2216 5785 benevolcn-

639 5810 794 5885 tiam,
824 5820 882 5867 ut
911 5812 992 5868 sic
1018 5808 1161 5885 adjid
1185 5810 1334 5883 quod
1362 5811 1582 5880 vellent,
1621 5809 1841 5870 facilius
1871 5816 2210 5876 inducet-ent.

2324 4630 2473 4684 hibeo
2503 4630 2587 4684 illi
2614 4633 2995 4699 testimonium,
3027 4634 3167 4705 quod
3190 4636 3343 4689 habet
3398 4633 3599 4689 multum
3625 4624 3799 4725 laborm
3880 4638 3881 4725 χ

2324 4720 2617 4790 vigilando,
2652 4722 2861 4777 orando
2878 4739 2976 4792 pro
3002 4726 3252 4791 vobis,.et
3272 4744 3374 4796 pro
3397 4726 3474 4779 his
3497 4721 3577 4794 qui
3597 4722 3692 4771 sunt
3709 4707 3797 4762 ιιιο·
3876 4746 3879 4796 qr

2323 4812 2499 4880 dicite,
2541 4822 2589 4867 et
2618 4815 2708 4885 qui
2734 4825 2855 4868 sunt
2889 4814 3187 4888 Hierapoli.
3226 4816 3431 4873 Vicina:
3465 4807 3681 4869 Ecclesia:
3698 4800 3796 4854 eral“

2323 4908 2766 4965 Colosseusibus.
2818 4910 3035 4966 Salutat
3067 4930 3153 4967 vos
3202 4911 3400 4980 Lucas,
3432 4909 3634 4966 medicus
3656 4890 3792 4952 charie

2323 5003 2510 5056 simus.
2548 5001 2649 5057 llic
2698 5002 2797 5056 fuit
2825 5005 3180 5079 evangelista.
3216 5004 3285 5059 Et
3332 5004 3515 5060 Demos
3540 5012 3622 5051 vos
3642 4986 3791 5082 salutari

2324 5092 2570 5147 Salutate
2619 5093 2812 5163 fratres
2854 5095 2945 5165 qui
2970 5105 3092 5149 sunt
3140 5094 3432 5151 Laodiciw.
3461 5091 3665 5147 Salutate
3684 5080 3790 5166 euut!

2330 5183 2634 5257 Nympham
2662 5186 2807 5239 illam
2841 5196 3169 5253 matronam,
3201 5197 3251 5242 et
3291 5186 3549 5242 ecclesiam
3568 5187 3662 5248 qua
3676 5172 3732 5220 ιιι
3754 5169 3787 5259 ξ’

2323 5278 2480 5332 domo
2511 5279 2646 5348 ejus.
2682 5277 2809 5334 llaec
2842 5280 3004 5334 solita
3031 5290 3158 5336 erat
3188 5281 3492 5336 ministrare
3518 5265 3787 5355 ρηυάίαίῗῗξ

2325 5370 2449 5437 bus,
2489 5379 2541 5424 et
2572 5370 2795 5425 timebat
2829 5370 3033 5426 Paulus
3066 5389 3134 5427 ne
3164 5373 3383 5428 seducta
3432 5360 3701 5425 ministraret

2325 5431 2550 5531 pseudo.
2587 5461 2652 5515 Et
2680 5479 2799 5516 cum
2832 5464 2991 5532 fuerit
3034 5463 3174 5519 lecta
3215 5466 3357 5534 apud
3380 5460 3574 5520 ros/ure
3601 5431 3782 5534 Epistula

2326 5553 2489 5623 facile
2523 5556 2761 5608 utetiam
2782 5553 2995 5627 legatur
3028 5558 3085 5610 in
3116 5555 3356 5611 Ecclesia
3391 5526 3783 5627 Laodkmmf'f

2327 5616 2387 5699 '“l
2415 5662 2501 5699 "0’
2535 5645 2725 5714 ιεςιαιίε
2750 5616 2865 5700 ea";
2900 5663 3016 5716 quae
3061 5656 3139 5701 est
3173 5644 3569 5701 Laodicensium.
3597 5627 3649 5684 ει
3676 5616 3780 5716 άίίίίξ

2325 5736 2609 5808 Archippo,
2635 5737 2897 5807 episcopo
2919 5747 3123 5806 vestro,
3153 5738 3269 5810 qui,
3293 5739 3418 5810 quia
3443 5723 3713 5810 οοιιιεωΡΨῗ

2325 5841 2356 5878 a
2382 5792 2556 5893 vobis,
2583 5792 2857 5882 :iblollieib
2892 5792 3349 5907 cessavitfdicifc
3392 5812 3460 5882 illi
3486 5842 3495 5876 :
3539 5796 3705 5903 ξ’ἱάενίδ
3723 5792 3775 5844 ⁸⁸³
