3988 6394
1887 308 2198 348 ..μηκυν-

108 398 242 455 397
746 392 1113 456 EXPOSITIO
1151 397 1218 454 IN
1259 397 1641 456 EPISTOLAS
1675 393 2049 454 PAULL—IN
2080 395 2299 456 EPIST.
2332 399 2354 456 I
2390 399 2483 456 Al)
2523 399 2764 459 TIIESS.
3301 409 3409 464 598

107 507 386 582 provide,
413 523 512 582 age
536 511 888 568 ministerium
933 517 1074 587 quod
1103 519 1351 589 accepisti
1376 519 1432 573 in
1476 517 1724 583 Domino,
1756 518 1801 576 Α
1827 515 2098 571 Salutatio
2126 517 2328 588 scripta
2358 534 2474 574 mea
2500 535 2698 585 manu;
2730 519 3012 584 nteacdico
3041 535 3150 577 non
3180 524 3406 591 notarii,

106 611 182 657 ut
229 602 644 672 meum“,
678 606 808 676 quia
857 610 1023 664 modo
1043 611 1272 666 correcti
1318 611 1493 681 parati
1529 624 1722 666 sumus
1825 609 1921 664 sed
1984 623 2106 664 mea
2166 608 2353 664 Pauli.
2409 609 2700 668 Praemittit
2749 613 3012 684 quiddam
3063 616 3404 672 salutationi.

105 695 359 752 obedire
393 695 511 751 tibi.
537 695 772 768 Dignum
813 708 899 755 est
925 701 1073 756 enim
1099 709 1158 756 ut
1183 717 1348 772 quem
1376 709 1724 772 contemptus
1828 695 2014 751 Estote
2059 713 2312 752 memores
2362 699 2692 754 vinculorum
2737 718 2992 772 meorum,
3040 713 3102 760 ut
3142 705 3227 759 vel
3275 705 3411 762 mihi

105 796 314 844 vester
367 786 639 857 deposuit,
689 789 999 848 obedientia
1049 801 1231 847 vestra
1286 793 1564 849 restituat.
1622 790 1724 847 llic
1827 787 2153 844 ministretis
2202 789 2258 844 in
2298 790 2557 846 vinculis.
2619 790 2731 859 Vel,
2750 781 2824 848 'ut
2863 796 3114 867 exemplo
3157 811 3281 852 meo
3311 812 3413 868 pro

105 877 462 948 Archippus,
518 878 692 935 iratus
739 881 868 951 quia
919 883 1210 937 audierant
1257 891 1450 938 contra
1500 897 1560 938 se
1602 882 1725 937 illos
1834 878 2058 934 Christo
2095 880 2404 949 patiamini.
2439 881 2708 940 Salutatio
2752 886 2870 941 haec
2900 896 2985 942 est
3020 907 3033 940 :
3075 887 3266 942 Gratia
3301 888 3414 943 Do-

106 965 367 1034 pseudo,
393 966 607 1022 dixerat
640 983 701 1023 sc
741 985 852 1024 non
886 971 1124 1041 amplius
1143 971 1593 1042 episcopaturum
1618 971 1720 1026 eis.
1832 969 1964 1023 mini
1991 971 2160 1023 nostri
2179 969 2308 1024 Iesu
2332 970 2534 1027 Christi
2564 975 2851 1030 vobiscum.
2885 977 3069 1032 Amen.

119 1113 353 1127 ’,-

646 1135 1062 1148 -υῴ--ο

1065 1139 1228 1149 .-

360 1117 3390 1166 m—w

638 1259 1129 1317 ARGUMENTUM
1171 1261 1238 1316 IN
1274 1261 1668 1320 EPISTOLAM
1713 1260 1982 1317 PRIMAM
2020 1261 2113 1315 AD
2151 1260 2873 1319 THESSALONICENSES.

109 1472 124 1484 _
189 1401 733 1484 Thessalonicenses
753 1414 884 1462 sunt
905 1405 1252 1484 Macedones.
1283 1407 1348 1462 Ili
1379 1407 1434 1463 in
1456 1407 1680 1464 Christo
1698 1406 1830 1464 Iesu
1859 1416 2084 1484 accepto
2107 1408 2275 1463 verbo
2303 1407 2554 1484 veritatis
2596 1409 2953 1484 perstiterunt
2975 1407 3034 1484 in
3075 1407 3206 1472 ﬁde,
3236 1405 3410 1484 etiam

109 1475 176 1527 in
207 1475 600 1542 persecutione
630 1475 834 1531 civium
857 1492 1106 1532 suorum.
1141 1475 1408 1533 Praeterea
1437 1495 1539 1535 nec
1566 1495 1691 1535 rece
1763 1487 1891 1533 runt
1913 1475 2081 1533 falsos
2108 1495 2137 1532 a
2213 1478 2405 1544 stolos,
2438 1494 2539 1533 nec
2565 1475 2628 1534 ea
2655 1495 2778 1550 qua!
2803 1495 2832 1532 a
2867 1477 3022 1532 falsis
3043 1475 3304 1548 apostolis
3327 1476 3413 1530 di-

109 1543 421 1599 cebantur.
453 1543 564 1600 llos
593 1546 866 1601 collaudat
895 1547 1217 1604 Apostolus.
1249 1549 1496 1604 scribens
1525 1549 1608 1604 eis
1662 1493 1987 1604 ageAthenis
2017 1564 2114 1604 per
2142 1494 2442 1604 llsvchieum
2473 1549 2758 1604 diaconem
2777 1591 2792 1604 .
2823 1557 2876 1603 et
2914 1546 3237 1603 Onesimum
3284 1560 3413 1601 aco—

109 1543 421 1682 ge‘llilauntgur.
453 1543 564 1600 llos
593 1546 866 1601 collaudat
895 1547 1217 1616 Apostolus,
1249 1549 1496 1604 scribens
1525 1549 1608 1605 eis
1662 1543 1733 1604 ab
1755 1549 1987 1604 Athenis
2016 1564 2114 1620 per
2144 1543 2442 1620 Tychicum
2473 1543 2758 1604 diaconem
2777 1591 2792 1616 ,
2823 1557 2876 1603 et
2914 1543 3237 1603 Onesimum
3284 1560 3413 1601 aco—

1022 1894 1443 1958 PROLOGUS
1480 1897 1548 1958 Β.
1583 1893 1982 1959 BRUNONIS
2025 1896 2107 1956 IN
2155 1897 2529 1959 EAMDEM.

186 2031 729 2090 Thessalonicenses
789 2042 920 2090 sunt
976 2033 1034 2089 in
1087 2033 1426 2092 Macedonia.
1492 2033 1578 2102 Ili,
1623 2050 1726 2090 au-
1760 2033 2138 2100 Baberrans,
2175 2032 2382 2090 Paulus
2410 2034 2480 2090 ab
2528 2032 2758 2089 Athenis
2805 2031 3158 2088 Timotheum
3207 2032 3276 2088 ad
3316 2046 3416 2090 eos
3465 2037 3478 2045 '

114 2126 238 2182 dito
297 2126 472 2190 verbo
528 2125 657 2182 ﬁdei
707 2142 740 2181 a
781 2125 988 2194 Paulo,
1044 2125 1433 2194 crediderunt,
1501 2135 1725 2197 accepta
1837 2124 2057 2180 direxit.
2078 2123 2199 2192 Quo
2226 2139 2470 2191 reverso,
2495 2124 2588 2179 ubi
2614 2122 2816 2179 Paulus
2837 2125 3201 2195 quorumdam
3229 2124 3412 2190 fidem,

115 2215 304 2270 multa
364 2215 542 2286 gratia
597 2215 654 2270 in
709 2215 831 2286 ipso
888 2215 1118 2272 exordio
1173 2216 1322 2271 ﬁdei.
1388 2215 1494 2272 Sed
1552 2214 1725 2271 Paulo

115 2321 360 2362 reverso
403 2307 475 2362 ab
517 2305 619 2374 eis,
656 2306 881 2378 quidam
917 2306 1087 2376 (sicut
1140 2306 1211 2362 ab
1264 2321 1332 2362 eo
1376 2305 1725 2378 acceperant)

117 2398 444 2454 imitatores
504 2396 663 2453 Pauli
719 2397 1083 2468 perstiterunt
1151 2396 1206 2452 in
1267 2395 1443 2464 bono;
1501 2395 1725 2467 quidam

118 2502 315 2548 autem
346 2506 540 2547 eorum
593 2491 858 2563 paulatim
887 2489 1134 2561 corrupti
1185 2497 1336 2556 sunt,
1371 2489 1619 2544 labentes
1670 2487 1726 2542 in

120 2579 300 2652 389
347 2577 561 2634 foveam
602 2578 1002 2636 fornicationis.
1053 2578 1354 2649 Coeperunt
1393 2578 1560 2634 etiam
1609 2591 1732 2632 esse

120 2671 322 2737 otiosi,
356 2670 608 2726 laborare
637 2671 910 2739 nolentes,
935 2678 990 2726 et
1024 2669 1234 2726 curiosi
1259 2684 1544 2737 ,rumores
1574 2668 1730 2724 urbis

123 2763 308 2818 multo
333 2762 520 2817 studio
537 2763 936 2834 perquirentes.
967 2761 1231 2818 Errantes
1249 2761 1414 2817 etiam
1433 2760 1734 2815 dubitando

123 2854 193 2909 de
216 2855 637 2910 resurrectione
675 2863 1041 2909 mortuorum.
1069 2851 1250 2920 Quare
1272 2853 1437 2908 etiam
1484 2867 1544 2909 se
1566 2867 1731 2923 supra

127 2939 366 2994 modum
419 2938 734 3014 aﬁligebant
775 2939 831 2993 in
881 2949 1058 2994 morte
1100 2938 1428 3004 amicorum,
1477 2946 1732 3009 putantes

128 3044 226 3084 eos
277 3042 399 3082 non
449 3029 690 3098 amplius
744 3037 1173 3085 resurrecturos.
1219 3027 1360 3083 Cum
1394 3039 1578 3084 autem
1609 3028 1732 3084 duae

132 3128 320 3189 partes
353 3133 546 3174 eorum
598 3127 804 3186 essent,
835 3120 1006 3175 altera
1067 3119 1278 3176 directo
1322 3119 1517 3175 itinere
1561 3117 1715 3174 Pauli

133 3211 437 3278 incedens;
471 3211 668 3279 altera,
714 3212 858 3268 sicut
885 3212 1094 3268 dictum
1137 3221 1244 3279 est,
1283 3227 1315 3268 a
1346 3211 1434 3266 via
1484 3212 1730 3268 veritatis

1826 2215 2064 2271 aliorum
2093 2231 2338 2272 errorem
2383 2231 2481 2286 per
2508 2215 2856 2270 Timotheum
2912 2223 3096 2272 certus
3135 2215 3415 2287 cognovit,

1827 2306 2020 2363 scribit
2066 2306 2176 2362 illis
2211 2307 2354 2361 hanc
2381 2304 2704 2377 Epistolam,
2736 2305 2791 2359 in
2822 2319 2930 2375 qua
2959 2313 3252 2376 utramque
3288 2321 3417 2376 par-

1827 2410 1936 2458 tem
1960 2418 2174 2469 eorum,
2202 2401 2477 2473 perfectos
2505 2401 2716 2457 scilicet
2738 2409 2794 2455 et
2814 2409 3084 2468 errantes,
3111 2401 3278 2457 habet
3298 2416 3417 2456 ma-

1827 2493 2022 2548 teriam
2050 2512 2062 2548 :
2097 2492 2274 2548 bonos
2295 2493 2362 2548 de
2384 2491 2723 2564 perfectione
2762 2490 2888 2546 ﬁdei
2920 2490 3313 2558 collaudando,
3361 2500 3418 2546 et

1830 2585 1898 2640 ad
1939 2586 2337 2640 incrementum
2370 2585 2666 2650 bonorum,
2713 2597 2838 2654 quae
2886 2591 3172 2653 coeperunt
3216 2582 3418 2638 adhorv

1830 2676 2028 2741 tando;
2061 2684 2310 2732 errantes
2334 2693 2365 2732 a
2393 2676 2735 2742 curiositate,
2764 2673 2898 2740 otio,
2933 2673 3334 2740 fornicatione,
3362 2682 3420 2731 et

1832 2783 1864 2824 a
1895 2767 2237 2824 dubitatione
2285 2767 2470 2823 habita
2517 2767 2585 2822 de
2637 2765 2824 2822 futura
2853 2764 3258 2821 resurrectione
3286 2779 3418 2820 con-

1833 2858 1988 2930 gruis
2025 2857 2336 2913 rationibus
2363 2856 2712 2912 retrahendo.
2761 2853 2819 2908 In
2848 2869 2957 2924 qua
2984 2869 3044 2908 re
3070 2862 3257 2924 aperta
3282 2853 3418 2908 satis

1835 2957 1920 3005 est
1947 2949 2068 3019 ejus
2096 2947 2327 3004 intentio
2351 2988 2368 3014 ,
2404 2946 2614 3002 scilicet
2638 2955 2699 3000 ut
2725 2945 2853 3000 boni
2883 2944 2952 3000 de
2971 2944 3308 2999 incremento
3334 2941 3417 2995 la-

1836 3040 2060 3105 borent;
2109 3039 2224 3104 alii,
2275 3038 2506 3094 dimisso
2535 3051 2744 3103 errore,
2780 3036 3047 3092 bonorum
3095 3031 3419 3105 perfectioni

1835 3131 1939 3187 ﬁde
1970 3140 2025 3186 et
2050 3145 2216 3204 opere
2243 3145 2304 3186 se
2334 3127 2700 3186 conforment.

832 3509 1349 3589 EPISTOLA
1406 3509 1436 3587 I
1485 3511 1619 3589 AD
1675 3511 2734 3596 THESSALONICENSES.

656 3679 886 3737 CAPUT
923 3680 1218 3736 PRIMUM.

212 3799 233 3833 ι
278 3777 498 3832 Paulus
523 3816 538 3841 ,
580 3784 636 3829 et
673 3773 932 3830 Silvanus
971 3782 1027 3829 et
1077 3773 1418 3841 Timotheus,
1470 3775 1728 3834 Ecclesiae.

154 3889 162 3925 :
206 3866 794 3926 Thessalonicensium
821 3907 838 3933 ,
881 3865 936 3920 in
965 3863 1078 3920 Deo
1111 3863 1272 3920 Patre
1295 3875 1487 3922 nostro
1526 3878 1581 3922 et
1624 3867 1730 3922 Do-

147 3982 165 4014 ι
209 3963 370 4018 mino
400 3960 535 4015 Jesu
563 3957 804 4014 Christo.
835 3957 1020 4013 Gratia
1057 3957 1214 4013 vobis
1252 3967 1304 4012 et
1345 3973 1470 4028 pax.
1513 3958 1731 4014 Gratias

147 4075 166 4106 ι
207 4068 435 4126 agimus
463 4050 576 4106 Deo
603 4065 820 4120 semper
862 4063 963 4120 pro
991 4048 1252 4104 omnibus
1284 4048 1475 4116 vobis,
1525 4064 1732 4104 memo-

149 4166 168 4200 ι
211 4148 357 4203 riam
384 4142 556 4199 vestri
589 4141 854 4198 facientes
889 4141 943 4194 in
972 4140 1318 4197 orationibus
1365 4141 1568 4198 nostris
1613 4142 1731 4197 sine

1753 3693 1794 3751 c
1833 3707 1851 3740 ι
1897 3688 2070 3746 Deum
2101 3706 2134 3746 a
2175 3692 2489 3748 simulacris
2524 3691 2732 3749 servire
2764 3691 2876 3749 Deo
2904 3693 3031 3748 vivo
3071 3703 3127 3750 et
3153 3711 3312 3764 vero,
3361 3708 3418 3754 et

1837 3799 1856 3834 ο
1893 3793 2214 3854 exspectare
2238 3783 2436 3838 Filium
2469 3785 2590 3854 ejus
2613 3783 2682 3840 de
2708 3784 2864 3840 ccelis
2899 3785 3084 3855 (quem
3131 3787 3418 3844 suscitavit

1836 3891 1855 3923 ο
1894 3888 1961 3928 ex
2016 3875 2272 3945 mortuis)
2303 3873 2515 3943 Jesum,
2546 3872 2640 3945 qui
2686 3875 2887 3946 eripuit
2929 3891 3031 3931 nos
3061 3877 3130 3933 ab
3163 3877 3248 3934 ira
3280 3895 3419 3936 vena

1837 3983 1854 4014 ι
1903 3973 2044 4020 tura.
2095 3986 2113 4017 r

2465 4072 2773 4115 EXPOBI'I‘IO.

1905 4147 2130 4214 Paulus,
2156 4159 2260 4205 etc.
2315 4149 2469 4206 Sicut
2517 4149 2691 4206 moris
2741 4149 2861 4220 ejus
2893 4158 2995 4216 est,
3027 4149 3413 4208 salutationem

150 4257 168 4290 ι
211 4234 665 4300 intermissione,
713 4247 989 4288 memores
1023 4232 1205 4303 operis
1256 4232 1381 4288 ﬁdei
1423 4241 1653 4300 "estV-1:.
1679 4241 1735 4289 et
1832 4240 2701 4310 pmmittit,dicens:Paulus,et
2721 4239 2990 4308 Silvanus,
3015 4251 3064 4296 et
3090 4240 3416 4307 Timotheus;

151 4349 170 4380 ι
211 4328 454 4394 laboris,
481 4335 537 4382 et
563 4325 856 4382 charitatis
883 4333 939 4380 et
968 4324 1313 4379 sustinentia
1345 4325 1460 4396 spei
1514 4324 1733 4381 Domini

152 4438 169 4470 ι
211 4418 394 4476 nostri
444 4415 572 4473 Jesu
628 4414 856 4480 Christi,
914 4423 1042 4470 ante
1098 4412 1269 4468 Deum
1313 4423 1368 4468 et
1396 4413 1610 4470 Patrem
1637 4429 1736 4470 no-

155 4530 172 4561 ι
213 4519 421 4576 strum,
452 4508 710 4571 scientes,
746 4505 945 4562 fratres
970 4503 1152 4559 dilecti
1180 4521 1211 4558 a
1250 4504 1384 4572 Deo,
1414 4507 1733 4562 electionem

155 4623 173 4655 ι
214 4613 462 4661 vestram
489 4644 506 4669 ,
541 4602 668 4673 quia
700 4600 1056 4672 Evangelium
1105 4608 1356 4656 nostrum
1389 4617 1498 4656 non
1529 4601 1632 4656 fuit
1667 4603 1734 4657 ad

157 4715 174 4746 ι
215 4712 317 4753 vos
349 4696 406 4750 in
445 4708 700 4750 sermone
733 4701 968 4758 tantum,
1003 4693 1100 4748 sed
1149 4701 1204 4748 et
1235 4693 1288 4748 in
1318 4694 1519 4749 virtute
1539 4735 1552 4759 ,
1580 4704 1634 4748 ct
1682 4694 1735 4748 in

159 4805 176 4837 ι
216 4785 430 4858 Spiritu
463 4793 676 4850 sancto,
704 4794 756 4838 et
788 4784 841 4837 in
872 4784 1213 4853 plenitudine
1246 4785 1439 4850 multa,
1469 4785 1611 4839 sicut
1631 4784 1737 4839 sci-

160 4895 178 4928 ‹
218 4879 290 4935 tis
316 4877 518 4949 quales
549 4873 818 4931 fuerimus
846 4875 902 4929 in
934 4875 1089 4930 vobis
1110 4885 1332 4946 propter
1371 4889 1489 4930 vos.
1544 4874 1610 4929 Et
1644 4891 1738 4932 vos

160 4988 178 5022 ι
217 4971 528 5026 imitatores
558 4967 730 5024 nostri
758 4966 886 5022 facti
919 4967 1074 5034 estis,
1103 4977 1158 5022 et
1194 4965 1433 5033 Domini,
1460 4966 1738 5036 excipien-

1836 4329 2129 4402 Sylvanum
2161 4345 2348 4388 secum
2382 4333 2436 4389 in
2468 4333 2800 4389 salutatione
2831 4333 3004 4404 ponit,
3036 4333 3166 4404 quia
3196 4333 3252 4388 in
3279 4347 3414 4390 con-

1835 4423 2086 4478 versione
2123 4434 2316 4479 eorum
2369 4439 2556 4480 secum
2598 4424 2956 4480 collaboravit
2980 4467 2996 4491 ,
3033 4423 3417 4480 auctoritatem

1835 4515 2044 4570 habens
2066 4513 2212 4584 apud
2251 4514 2421 4586 ipsos.
2462 4514 2813 4572 Timotheum
2843 4515 2996 4582 ideo,
3042 4517 3173 4588 quia
3197 4531 3265 4571 ex
3285 4530 3419 4572 con-

1837 4601 1962 4658 silio
2005 4599 2281 4656 Timothei
2307 4602 2402 4670 qui
2433 4601 2504 4656 ab
2531 4601 2612 4657 eis
2651 4615 2906 4657 reversus
2942 4600 3142 4668 fuerat,
3171 4603 3311 4656 hanc
3337 4601 3419 4656 eis

1836 4691 2042 4748 Paulus
2087 4691 2281 4748 scribit
2319 4690 2642 4762 Epistolam.
2689 4690 2816 4748 Ideo
2859 4692 3025 4748 etiam
3070 4691 3418 4746 Timotheum

1838 4776 2012 4854 ponit,
2041 4791 2104 4838 ut
2127 4783 2380 4838 noverint
2427 4782 2568 4838 nihil
2593 4798 2784 4839 eorum
2813 4798 2937 4854 quae
2964 4783 3104 4838 fiunt
3139 4781 3282 4851 apud
3323 4795 3420 4836 eos

1838 4875 2008 4930 latere
2027 4872 2280 4929 Paulum.
2323 4872 2530 4929 Paulus
2580 4882 2635 4929 et
2688 4871 2946 4928 Silvanus
2993 4881 3048 4927 et
3094 4871 3418 4927 Timotheus

1840 4966 2090 5023 scribunt
2122 4965 2376 5021 Ecclesia:
2404 4963 2972 5020 Thessalonicensium.
3005 4962 3262 5019 Ecclesiae
3286 4962 3412 5018 dico

164 5080 180 5113 ι
221 5071 305 5118 tes
344 5061 576 5117 verbum
622 5060 679 5115 in
725 5057 1081 5114 tribulatione
1129 5058 1300 5113 multa
1355 5072 1479 5112 cum
1539 5035 1737 5129 gaudio
1768 5035 2093 5113 Dexistenti
2129 5057 2186 5111 in
2225 5056 2335 5111 Deo
2368 5055 2563 5122 Patre,
2622 5064 2672 5110 et
2729 5053 2955 5109 Domino
2994 5052 3125 5110 Iesu
3175 5053 3420 5122 Christo.

164 5171 180 5200 ο
226 5151 470 5223 Spiritus
499 5148 700 5216 sancti,
733 5147 808 5204 ita
839 5155 902 5202 ut
933 5146 1064 5204 facti
1100 5147 1224 5202 sitis
1258 5146 1436 5202 forma
1480 5146 1738 5203 omnibus

165 5260 182 5293 ι
223 5241 575 5298 credentibus
610 5239 665 5295 in
694 5237 1012 5294 Macedonia
1039 5246 1095 5294 et
1130 5238 1184 5292 in
1225 5237 1455 5292 Achaia.
1501 5237 1546 5292 A
1582 5238 1737 5292 vobis

1843 5147 1896 5202 id
1923 5155 2006 5202 est
2037 5147 2142 5202 hoc
2171 5145 2318 5217 quod
2347 5154 2434 5201 est
2462 5144 2725 5212 Ecclesia,
2763 5145 2927 5202 habet
2954 5163 2985 5202 a
3020 5145 3132 5203 Deo
3172 5144 3334 5231 Patre
3367 5156 3423 5202 et

1840 5238 1968 5295 Jesu
2002 5237 2243 5294 Christo.
2277 5235 2592 5293 Perseveret
2616 5238 2799 5309 itaque
2822 5238 2875 5292 in
2906 5237 3011 5293 ﬁde
3032 5239 3226 5309 ipsius,
3249 5253 3281 5294 a
3311 5253 3422 5310 quo

167 5353 183 5383 ε
224 5335 371 5390 enim
408 5331 725 5390 diﬁ‘amatus
769 5338 856 5386 est
903 5345 1087 5386 sermo
1116 5327 1367 5395 Domini,
1407 5344 1519 5384 non
1558 5329 1735 5385 solum
1838 5331 1952 5401 jam
1976 5344 2176 5384 nomen
2206 5327 2418 5398 accepit
2440 5327 2746 5385 electionis.
2799 5327 2935 5394 Hoc,
2987 5329 3234 5400 inquam,
3285 5329 3421 5386 scri-

171 5445 186 5475 ι
227 5426 280 5482 in
335 5423 656 5480 Macedonia
695 5431 750 5478 et
806 5422 863 5478 in
896 5421 1124 5486 Achaia,
1181 5420 1275 5477 sed
1318 5421 1373 5476 in
1410 5421 1562 5477 omni
1611 5422 1735 5477 loco

170 5533 187 5566 ι
230 5517 365 5574 ﬁdes
402 5523 609 5581 vestra,
647 5529 770 5584 qua:
792 5521 878 5569 est
910 5513 978 5569 ad
1002 5511 1197 5579 Deum,
1231 5511 1478 5584 profecta
1514 5522 1630 5580 est,
1663 5515 1737 5570 ita

173 5624 189 5656 ι
230 5617 289 5664 ut
326 5623 440 5664 non
471 5607 547 5663 sit
581 5606 744 5662 nobis
771 5620 996 5662 necesse
1053 5604 1352 5676 quidquam
1397 5605 1570 5675 loqui.
1629 5604 1740 5676 Ipsi

175 5714 192 5747 ι
230 5699 378 5754 enim
411 5699 481 5755 de
520 5697 682 5754 nobis
726 5697 1056 5752 annuntiant
1085 5697 1303 5767 qualem
1329 5696 1611 5751 introitum
1643 5697 1742 5752 lia-

175 5805 196 5842 ι
235 5789 522 5848 huerimus
553 5789 620 5846 ad
649 5805 770 5855 vos,
801 5799 854 5844 et
879 5789 1158 5859 quomodo
1188 5787 1441 5844 conversi
1493 5788 1627 5843 estis
1675 5789 1740 5843 ad

1843 5423 2000 5487 bunt,
2025 5422 2203 5492 gratia
2243 5421 2388 5477 vobis
2423 5432 2474 5478 et
2511 5439 2638 5493 pax.
2675 5422 2735 5478 In
2765 5422 2959 5493 primis
2991 5432 3202 5493 partem
3227 5434 3418 5478 eorum

1843 5529 1965 5584 qua:
1993 5511 2114 5568 ﬁdei
2138 5512 2503 5584 integritatem
2534 5522 2866 5579 servaverat,
2898 5513 3227 5583 alloquitur;
3259 5510 3420 5565 tidem

1844 5620 2032 5660 eorum
2061 5605 2442 5677 magniﬁcans,
2465 5613 2522 5661 et
2547 5607 2752 5676 gratias
2773 5606 2881 5660 illis
2907 5605 2961 5660 in
2996 5603 3266 5676 principio
3297 5601 3420 5657 ﬁdei
3457 5651 3462 5660 .

1845 5710 2162 5762 concessas,
2203 5705 2266 5751 ut
2311 5711 2408 5767 per
2457 5696 2673 5752 laudem
2723 5695 2993 5764 Apostoli,
3024 5695 3334 5749 animentur
3362 5693 3420 5748 in
3479 5685 3490 5692 ’

1849 5786 2067 5849 melius,
2100 5786 2289 5841 dicens
2344 5804 2356 5840 :
2402 5785 2699 5842 Audientes
2751 5784 2985 5839 fructum
3034 5785 3157 5840 ﬁdei
3197 5793 3419 5848 vestrae,
