3988 6398
171 335 293 391 101

761 333 1129 391 EXPOSITIO
1168 333 1235 389 1N
1270 330 1653 389 EPISHOLAS
1689 326 1919 384 PAULI.
1954 359 2029 370 -
2061 327 2127 384 IN
2169 328 2386 388 EPIST.
2429 331 2451 386 l
2488 333 2580 388 AD
2618 332 2847 391 THESS

3345 339 3495 398 402‘“

254 451 378 517 sed,
403 450 548 506 sicut
573 456 658 506 est
696 464 845 515 vere,
892 450 1119 504 verbum
1163 448 1281 515 Dei,
1311 448 1405 519 qui
1439 444 1696 517 'operatur
1724 443 1778 495 in
1812 446 1855 501 Δ
1954 442 2093 500 Vere
2123 461 2230 500 non
2255 446 2412 516 quasi
2445 447 2718 516 placentes
2747 438 3081 516 hominibus,
3131 466 3293 523 neque
3316 420 3473 509 enim»

182 561 209 592 ι
258 541 420 597 vobis
438 542 533 612 qui
562 539 869 596 credidistis
895 538 995 611 [al.
1022 540 1148 594 add.
1176 540 1229 594 in
1254 537 1475 609 ipsum].
1506 536 1612 593 Vos
1634 537 1780 590 enim

187 656 206 686 ι
264 636 576 691 imitatores
612 633 740 690 facti
784 634 939 699 estis,
989 632 1208 700 fratres,
1244 629 1613 689 Ecclesiaru'm
1638 628 1780 696 'Dei,

182 747 207 776 ί
263 743 395 797 quas
424 733 553 782 sunt
584 726 657 780 in‘
685 723 891 792 Iudaea,
924 726 978 779 in
1005 724 1226 780 Chris‘to
1263 722 1413 790 Iesu,
1442 723 1570 793 quia
1592 722 1781 778 eadem

186 838 206 867 ι
258 818 414 888 passi
444 817 578 873 estis
611 825 666 873 et
702 832 799 871 vos
824 832 855 871 a
884 815 1286 893 contribulibus
1319 815 1537 881 vestris,
1563 813 1707 869 sicut
1730 818 1785 869 e‘t

186 928 208 958 ‹
260 908 372 977 ipsi
405 924 434 963 a
460 906 682 973 Judzeis,
707 907 802 977 qui
841 917 896 961 et
930 906 1220 961 Dominum
1260 906 1575 962 occiderunt
1596 903 1784 960 Jesum

189 1019 209 1049 ι
258 1010 318 1053 et
360 999 677 1070 prophetas,
725 1006 780 1054 et
821 1013 922 1053 nos
969 997 1241 1068 persecuti
1289 1007 1436 1065 sunt,
1460 1006 1513 1053 et
1541 995 1785 1053 Deonou

188 1109 210 1141 ι
265 1091 508 1160 placent,
531 1100 585 1147 et
611 1089 869 1145 omnibus
904 1089 1218 1145 hominibus
1257 1091 1635 1156 adversantur,
1659 1103 1787 1158 pro-

191 1203 211 1232 ε
266 1182 523 1237 bibentes
557 1197 659 1237 nos
685 1181 937 1252 gentibus
966 1180 1115 1251 loqui
1152 1189 1212 1235 ut
1238 1181 1372 1236 salvi
1410 1180 1563 1246 ﬁant,
1594 1189 1653 1233 ut
1683 1180 1787 1232 im-

190 1291 213 1321 ι
264 1273 457 1342 pleaut
502 1282 722 1342 peccata
776 1289 875 1326 sua
922 1288 1159 1343 semper.
1215 1272 1469 1328 Pervenit
1523 1272 1669 1327 enim
1708 1272 1787 1327 ira

194 1382 214 1414 ‹
246 1362 370 1418 Dei
409 1378 573 1434 super
604 1363 732 1419 illos
774 1380 949 1434 usque
990 1364 1046 1418 in
1080 1364 1265 1419 tinem.
1304 1362 1415 1417 Nos
1443 1371 1646 1430 autem,
1674 1361 1788 1417 fra-

193 1473 213 1503 ι
266 1464 410 1520 tres,
458 1453 688 1509 desolati
724 1469 756 1507 a
786 1453 944 1510 vobis
981 1453 1051 1509 ad
1102 1448 1317 1524 tempus
1341 1452 1512 1521 horas,
1543 1460 1787 1523 aspectu,

197 1564 217 1594 ι
266 1560 385 1598 non
424 1544 608 1609 corde,
641 1544 1009 1600 abundantius
1046 1544 1429 1607 festinavimus
1470 1543 1664 1601 faciem
1695 1559 1790 1600 ve-

195 1654 215 1685 ι
266 1645 445 1690 stram
484 1635 669 1691 videre
708 1637 1042 1691 cum-multa
1080 1636 1371 1702 desiderio,
1400 1637 1660 1707 quoniam
1690 1652 1791 1692 vo-

196 1746 215 1777 s
264 1726 481 1781 luimus
494 1728 680 1783 venire
701 1728 768 1783 ad
791 1744 907 1783 vos.
937 1726 1050 1799 Ego
1073 1727 1294 1799 quidem
1322 1726 1527 1785 Paulus
1549 1737 1598 1784 et
1624 1730 1791 1785 semel

194 1838 219 1869 ί
265 1826 324 1873 et
377 1818 596 1884 iterum,
646 1818 738 1874 sed
788 1819 1067 1889 impedivit
1097 1833 1201 1873 nos
1248 1815 1501 1873 Satanas.
1549 1816 1681 1885 Quae
1707 1827 1793 1875 est

194 1928 219 1960 ‹
265 1908 422 1964 enim
461 1918 649 1964 nostra
698 1925 825 1980 spes
859 1919 953 1965 aut
996 1910 1275 1982 gaudium,
1303 1918 1398 1965 aut
1439 1923 1639 1965 corona
1676 1910 1792 1981 glo-

197 2018 218 2051 ι
268 1999 415 2055 riae?
462 1998 656 2056 Nonne
701 2016 801 2056 vos
829 2000 1292 2057 ante'Dominum
1329 2011 1579 2056 nostrum
1607 2000 1791 2058 Jesum

198 2110 217 2141 ι
259 2090 551 2146 Christum
597 2092 732 2147 estis
782 2093 838 2146 in
876 2084 1111 2148 adventu
1141 2091 1300 2162 ejus?
1347 2091 1458 2147 Vos
1486 2092 1631 2149 enim
1660 2093 1795 2149 estis

198 2202 217 2232 ι
268 2182 451 2253 gioxia
482 2191 669 2237 nostra
694 2190 749 2237 et
776 2182 1056 2253 gaudium.
1090 2203 1116 2234 τ

840 2288 1145 2329 ειροδιτιο.

267 2360 522 2417 Dicendo
544 2361 799 2432 superius
827 2361 1038 2432 qualem
1069 2362 1346 2416 introitum
1372 2369 1427 2417 et
1453 2362 1645 2432 quales
1679 2362 1794 2417 fra-

191 2463 339 2520 tres,
369 2453 458 2509 bis
500 2453 900 2525 signilicaverat
939 2453 1095 2510 vobis
1121 2453 1490 2510 difﬁcultatem
1537 2454 1796 2510 introitus

192 2546 281 2601 sui
311 2564 329 2612 ;
370 2560 558 2615 quam,
596 2545 725 2617 quia
770 2554 1063 2602 exsecutus
1094 2561 1203 2601 non
1247 2545 1443 2614 fuerat,
1472 2545 1636 2600 modo
1661 2545 1797 2601 satis

192 2637 403 2691 callide
433 2636 645 2703 inserit,
675 2636 865 2693 dicens
893 2656 916 2691 :-
947 2636 1064 2691 Non
1091 2646 1306 2707 oportet
1338 2653 1426 2692 me
1448 2637 1630 2692 dicere
1651 2652 1793 2708 qua-

195 2728 306 2782 lem
343 2727 627 2783 introitum
660 2728 950 2783 habuimus
973 2727 1043 2782 ad
1071 2744 1209 2784 vos:
1243 2744 1385 2796 nam,
1410 2744 1510 2783 vos
1552 2728 1655 2798 ipsi
1675 2729 1792 2798 fra-

197 2828 334 2883 tres,
351 2819 487 2873 satis
508 2819 658 2873 scitis
680 2819 962 2873 introitum
984 2830 1222 2873 nostrum
1246 2820 1315 2874 ad
1339 2836 1447 2884 vos,
1474 2820 1619 2891 quia,
1645 2819 1699 2876 id
1710 2806 1795 2876 est

184 2910 380 2979 quod,
410 2924 514 2963 non
539 2911 642 2980 fuit
669 2911 867 2977 inanis,
899 2910 953 2965 id
982 2900 1065 2966 est
1094 2911 1325 2967 inutilis.
1354 2910 1537 2967 inanis
1572 2920 1717 2968 esset
1746 2911 1794 2968 si

194 3017 303 3071 pro
337 3000 505 3055 rebus
547 3000 737 3055 mundi
778 3008 1075 3070 pateretur,
1126 3001 1213 3055 vel
1253 3001 1301 3056 si
1326 3001 1439 3071 pati
1458 3010 1792 3073 resurgeret,

1882 536 2169 608 aliquando
2214 538 2410 608 fuimus
2444 540 2506 592 in
2534 555 2769 594 sermone
2819 540 3337 608 adulationis,'sicut
3360 563 3461 602 vos

1881 630 2052 695 scitis,
2082 638 2136 684 et
2162 644 2257 685 vos
2285 629 2338 683 in
2361 638 2528 686 testes
2554 632 2784 703 appello.
2817 630 2998 704 Neque
3029 632 3235 690 fuimus
3256 634 3312 697 in
3329 636 3460 693 ser--

1882 735 2045 776 mone
2085 721 2364 786 avarities;
2413 737 2513 778 nec
2553 724 2717 779 etiam
2772 726 2828 779 in
2872 726 3145 781 occasione
3176 735 3236 796 ut
3269 729 3462 782 saltem

1884 811 2153 880 suspicari
2198 820 2386 881 posset
2428 812 2496 867 de
2534 813 2726 881 nobis;
2777 822 2832 869 et
2873 813 3013 869 Deus
3039 815 3164 871 inde
3185 808 3334 870 testis
3363 807 3462 872 est.

1882 900 1953 956 Et
1971 918 2073 956 non
2104 901 2309 958 fuimus
2346 914 2636 973 quwrentes
2658 904 2883 977 gloriam
2906 906 2971 959 ab
2993 906 3313 974 hominibus,
3337 909 3471 978 quia

1887 1010 2048 1067 neque
2074 1012 2106 1048 a
2141 994 2306 1061 vobis,
2344 1011 2505 1067 neque
2540 996 2605 1051 ab
2649 997 2796 1053 aliis.
2826 996 2947 1053 Non
2985 997 3192 1055 fuimus
3222 998 3276 1054 in
3304 1015 3471 1074 occa-

1885 1087 2042 1143 sione
2072 1086 2335 1153 avaritite,
2377 1102 2516 1154 cum,
2539 1087 2594 1143 id
2621 1098 2706 1144 est
2731 1090 3001 1160 quamvis,
3043 1092 3303 1159 possimus
3326 1091 3470 1145 vobis

1886 1194 1997 1233 esse
2024 1179 2192 1245 oneri,
2214 1180 2522 1250 accipiendo
2574 1182 2887 1252 temporalia
2922 1199 2954 1236 a
2983 1182 3125 1237 vobis
3157 1192 3215 1237 ut
3245 1185 3474 1254 apostoli

1890 1261 2111 1324 Christi.
2134 1265 2251 1323 Non
2277 1276 2582 1339 quaerentes
2607 1268 2856 1341 gloriam,
2880 1272 2971 1325 sed
2994 1272 3125 1341 facti
3143 1289 3325 1326 sumus
3345 1290 3472 1342 par-

1890 1357 1997 1412 vuli
2022 1360 2078 1413 in
2095 1359 2285 1425 medio,
2300 1358 2352 1414 id
2363 1368 2448 1414 est
2471 1359 2705 1416 humiles
2732 1362 2784 1415 in
2808 1363 3200 1418 communitate
3222 1352 3468 1417 vestrum.

1889 1446 2083 1505 Nullus
2110 1449 2254 1505 enim
2284 1446 2388 1505 fuit
2419 1449 2506 1505 cui
2535 1464 2644 1504 non
2695 1450 3193 1507 condescenderim.
3250 1452 3472 1506 Parvuli

1890 1540 2035 1606 dico,
2089 1550 2341 1612 tanquam
2396 1540 2578 1596 nutris:
2632 1542 3075 1599 condescendens
3127 1544 3374 1615 parvulo,
3421 1554 3475 1600 et

1892 1632 2062 1687 multa
2081 1625 2373 1688 sustinens
2396 1631 2465 1687 ab
2492 1632 2605 1688 illo.
2633 1632 2745 1689 Nec
2774 1635 2957 1689 nutrix
2982 1636 3250 1700 conducta
3278 1637 3471 1705 pretio,

1895 1720 1989 1778 sed
2032 1724 2081 1777 si
2132 1724 2302 1793 foveat
2343 1718 2594 1795 proprios
2641 1724 2804 1795 ﬁlios,
2841 1726 3043 1795 quibus
3084 1740 3147 1780 ex
3189 1727 3473 1780 (ιῑιρυιῑοιει-

1895 1815 2012 1869 sola
2062 1814 2289 1884 parvula
2334 1815 2438 1882 sit;
2487 1801 2623 1870 nihil
2654 1816 2728 1871 ibi
2776 1833 3025 1887 quaerens
3067 1827 3261 1887 praeter
3317 1817 3455 1869 [ilth

1896 1905 2181 1976 Tanquam
2215 1905 2401 1961 nutrix
2424 1906 2565 1962 filios
2595 1906 2670 1961 ita
2709 1906 3080 1962 desiderantes
3106 1923 3224 1971 vos,
3257 1924 3366 1961 non
3390 1924 3479 1961 res

1895 2005 2108 2053 vestras
2134 1997 2348 2067 cupide,
2374 1996 2672 2052 volebamus
2716 1998 2924 2051 tradere
2978 1997 3120 2052 vobis
3169 2013 3277 2052 non
3308 1998 3478 2051 solum

1896 2087 2244 2159 Evangelium
2274 2084 2388 2153 Dei,
2422 2088 2512 2142 sed
2537 2089 2720 2154 etiam,
2745 2088 2791 2141 si
2824 2097 3119 2157 oporteret,
3154 2077 3362 2139 animos
3391 2102 3479 2139 ve-

1897 2189 2055 2233 stras.
2092 2177 2217 2234 Ideo
2238 2180 2488 2249 quoniam
2512 2180 2644 2249 facti
2665 2181 2791 2234 estis
2828 2180 2976 2233 nobis
3001 2179 3325 2244 charissimi,
3351 2176 3480 2232 farti

1897 2286 2090 2327 sumus
2117 2272 2306 2342 utique
2352 2272 2561 2342 parvuli
2612 2281 2873 2342 tanquam
2918 2264 3280 2327 nutrifoos
3310 2272 3501 2338 enim,.

1897 2364 2113 2434 fratres,
2147 2380 2397 2419 memores
2431 2366 2560 2419 estis
2598 2365 2796 2419 laboris
2835 2367 3004 2419 nostri
3031 2375 3079 2418 et
3105 2366 3439 2435 fatigationis

1895 2464 2084 2526 posset
2108 2456 2254 2511 enim
2298 2456 2548 2511 laborare
2592 2470 2701 2510 non
2744 2469 2919 2525 usque
2967 2454 3035 2510 ad
3084 2453 3479 2526 fatigationem,

1898 2547 2346 2620 sed‘plerumqne
2390 2564 2420 2603 a
2464 2546 2575 2603 Deo
2614 2548 2897 2603 laborabat
2941 2555 3001 2601 ut
3029 2545 3203 2617 magis
3231 2545 3483 2603 defessus

1897 2640 2183 2697 desisteret
2223 2656 2388 2711 quam
2432 2639 2796 2695 voluntarius.
2850 2636 2994 2693 Bene
3042 2638 3166 2693 dico
3210 2637 3407 2693 laboris
3433 2646 3483 2692 et

1898 2730 2273 2802 fatigationis;
2309 2744 2411 2784 nos
2439 2728 2584 2784 enim
2616 2728 3023 2794 prwdicavimus
3053 2726 3107 2781 in
3131 2727 3274 2781 vobis
3306 2725 3486 2780 Evan-

1898 2821 2092 2893 geliunt
2116 2811 2237 2886 Dei,
2262 2814 2535 2890 operantes
2559 2829 2707 2873 nocte
2731 2836 2792 2872 ac
2822 2818 2926 2885 die,
2957 2826 3223 2898 quantum
3254 2817 3360 2872 diei
3389 2833 3482 2898 re-

1900 2914 2118 2971 siduum
2172 2922 2291 2969 erat
2335 2927 2366 2967 a
2404 2912 2788 2982 praedicatione
2833 2902 2889 2965 et
2938 2896 3203 2965 oratione.
3254 2909 3377 2964 Ideo
3403 2896 3486 2963 sic

1899 3012 2206 3076 operantes,
2231 3019 2293 3058 ne
2316 3019 2470 3073 quem
2500 3010 2729 3057 vestrum
2757 3016 3129 3071 gravaremus;
3162 3009 3216 3054 et
3238 3000 3386 3069 quod
3411 3000 3497 3055 ita.

197 3092 310 3158 vel,
347 3089 395 3146 si
448 3090 500 3144 in
546 3090 626 3147 eis
671 3090 911 3172 fructum
942 3091 1063 3146 lidci
1106 3107 1215 3146 non
1250 3090 1473 3147 faceret.
1526 3090 1645 3146 Non
1694 3091 1798 3148 fuit

1904 3096 2142 3163 fecerim,
2170 3110 2258 3150 vos
2284 3095 2409 3149 estis
2434 3102 2586 3148 testes
2614 3101 2664 3146 et
2696 3091 2834 3145 Deus
2880 3107 3039 3161 quam
3084 3100 3264 3145 sancte
3287 3090 3340 3144 in
3374 3106 3483 3154 me,

119 3219 125 3224 ι
198 3183 411 3249 inanis,
436 3182 525 3237 sed
552 3164 774 3249 ante,.id
814 3189 898 3238 est
933 3183 989 3237 in
1020 3182 1310 3251 veniendo,
1349 3184 1495 3254 passi
1529 3200 1722 3240 sumus
1748 3185 1807 3239 in

200 3274 484 3345 Philippis
527 3274 879 3330 acerbitatem
914 3274 1305 3343 tribulationis,
1331 3288 1386 3332 et
1433 3276 1597 3331 etiam
1626 3277 1808 3346 affecti

199 3367 566 3433 contumeliis,
592 3369 648 3422 id
677 3376 761 3423 est
795 3367 1388 3439 amicti'opprobriosis
1411 3368 1612 3424 verbis.
1648 3367 1809 3423 Passi

202 3472 252 3515 et
285 3461 472 3530 aﬁ'ccti
513 3459 638 3516 dico
659 3461 796 3514 sicut
824 3475 923 3515 vos
948 3460 1056 3530 ipsi
1097 3461 1266 3515 scitis.
1295 3458 1428 3537 Nos,
1460 3460 1705 3531 inquam,
1728 3460 1806 3516 ita

204 3554 363 3622 passi
390 3560 447 3606 et
470 3551 646 3607 allecti
674 3550 881 3607 fuimus
921 3552 1064 3622 apud
1090 3567 1189 3608 vos
1238 3553 1297 3606 in
1342 3552 1511 3606 inulta
1543 3552 1808 3607 sollicitu-

206 3645 359 3710 dine,
395 3644 449 3698 id
484 3652 569 3700 est
617 3644 819 3700 curiosi
845 3645 912 3701 de
950 3644 1268 3701 domesticis
1304 3644 1489 3700 rebus.
1541 3644 1600 3699 In
1638 3646 1807 3700 multa

204 3736 362 3790 enim
410 3736 640 3805 penuria
681 3752 922 3804 eramus,
969 3746 1024 3793 et
1061 3737 1267 3793 curiosi
1318 3752 1386 3792 ne
1418 3722 1535 3804 vos,
1564 3736 1808 3793 videntes

206 3837 590 3897 contemptum
637 3829 908 3893 nostrum,
946 3828 1368 3883 contemneretis
1410 3828 1462 3883 in
1498 3828 1654 3883 nobis
1683 3845 1807 3883 ver-

210 3923 346 3975 bum
376 3920 490 3975 Dei.
518 3919 584 3975 Et
608 3921 734 3975 licet
766 3920 820 3973 in
856 3928 1007 3974 tanta
1036 3920 1403 3976 sollicitudine
1428 3934 1700 3987 essemus,
1726 3932 1809 3975 ta-

209 4028 341 4065 men
392 4012 676 4064 habuimus
724 4010 981 4080 ﬁduciam
1024 4010 1167 4081 loqui
1202 4011 1292 4065 ad
1336 4028 1423 4065 vos
1467 4010 1811 4083 Evangelium

211 4103 338 4157 Dei.
386 4101 683 4156 Habuimus
726 4101 851 4156 dico
883 4102 938 4156 in
987 4100 1214 4157 Domino
1258 4113 1437 4157 nostro
1461 4121 1479 4169 ;
1512 4119 1622 4174 pne
1644 4104 1808 4157 nimia

211 4195 364 4247 enim
398 4192 712 4247 diliicultate
736 4192 820 4247 vis
851 4192 1088 4246 humana
1112 4191 1168 4246 in
1195 4194 1353 4248 nobis
1374 4194 1631 4249 deficiens
1659 4209 1810 4248 com-

210 4285 456 4356 pellebat
485 4299 587 4339 nos
626 4283 797 4340 Deum
839 4285 1145 4340 consulere.
1175 4283 1300 4340 Ideo
1333 4286 1585 4341 fiduciam
1610 4286 1803 4341 habui-

214 4394 344 4431 mus
392 4377 519 4447 quia
565 4375 863 4430 exhortatio
913 4387 1096 4430 nostra
1146 4376 1292 4447 facta
1327 4377 1397 4430 ad
1432 4394 1519 4432 vos
1551 4393 1653 4431 non
1690 4385 1810 4433 erat

1902 3195 1952 3241 et
1975 3201 2140 3257 quam
2176 3185 2322 3254 juste
2363 3183 2430 3238 ad
2460 3182 2792 3252 proximum,
2815 3189 2866 3234 et
2903 3180 3017 3234 sine
3052 3178 3287 3250 querela,
3326 3179 3376 3234 id
3401 3189 3484 3236 est

1904 3272 2241 3344 innocenter,
2270 3275 2389 3332 sibe
2418 3273 2569 3329 omni
2605 3273 2772 3339 malo,
2804 3271 3001 3342 fuimus
3024 3269 3168 3325 vobis
3193 3269 3283 3341 qui
3313 3270 3488 3325 credi-

1904 3370 2079 3425 distis.
2112 3367 2249 3435 Quia
2279 3374 2457 3420 sancte
2489 3373 2548 3420 et
2559 3365 2705 3434 jaste
2750 3363 2950 3430 fuimus
2987 3359 3150 3427 vobis,
3186 3361 3266 3416 sic
3296 3370 3489 3416 notum

1906 3459 2118 3517 habetis
2169 3460 2308 3515 sicut
2348 3458 2496 3513 scitis
2544 3446 2668 3524 hoc,
2705 3455 2939 3528 qualiter
2980 3455 3249 3525 testiﬁcati
3305 3468 3489 3508 sumus

1905 3566 2322 3623 unumquemque
2349 3557 2598 3616 vestrum,
2628 3548 2963 3618 deprecantes
2992 3560 3080 3600 vos
3118 3553 3169 3599 et
3204 3543 3492 3598 consolan-

1908 3654 1983 3700 tes
2007 3642 2297 3699 tribulatos
2327 3649 2578 3712 tanquam
2599 3648 2751 3710 pater
2777 3635 3157 3694 consolaretur
3184 3635 3326 3705 filios
3342 3648 3485 3689 suos.

1974 3730 2277 3801 ,Testiiicati
2298 3745 2494 3786 sumus
2524 3738 2582 3783 ut
2615 3726 2960 3782 ambularetis
2985 3726 3142 3797 digne
3177 3724 3301 3791 Deo,
3328 3723 3382 3779 id
3404 3731 3497 3779 cst

1907 3837 1968 3881 ut
2008 3824 2202 3880 essetis
2243 3821 2392 3894 digni
2436 3821 2636 3876 habere
2677 3818 2867 3875 Deum.
2897 3815 3015 3883 Vel,
3061 3825 3121 3872 ut
3159 3816 3385 3887 dignum
3419 3812 3495 3871 sit

1910 3914 2079 3970 Deum
2125 3912 2370 3968 habitare
2413 3910 2469 3964 in
2506 3907 2696 3963 vo’bis:
2741 3907 2832 3977 qui
2876 3905 3021 3961 Deus
3057 3905 3257 3958 vocavit
3301 3919 3390 3958 vos
3435 3904 3506 3957 in

1909 4021 2063 4059 suum
2088 4007 2321 4074 regnum,
2353 4002 2406 4057 id
2428 4000 2599 4057 estad
2631 4000 2736 4055 hoc
2758 4006 2818 4052 ut
2846 3998 3012 4052 modo
3030 4005 3282 4067 regnaret
3311 3994 3367 4049 in
3391 4008 3497 4050 vo-

1909 4098 2013 4164 bis,
2051 4098 2145 4169 qui
2168 4096 2320 4167 prius
2343 4094 2511 4149 eratis
2537 4107 2763 4163 regnum
2784 4088 3007 4153 diaboli,
3032 4096 3081 4143 et
3104 4087 3159 4142 in
3186 4085 3493 4143 habendam

1910 4192 2138 4266 gloriam
2178 4189 2234 4244 in
2281 4188 2487 4243 futuro.
2534 4184 2601 4240 Et
2643 4184 2774 4255 quia
2805 4183 2858 4237 in
2890 4179 3261 4252 regnumDei
3314 4176 3515 4234 vocati

1910 4284 2044 4339 cstis
2069 4326 2083 4350 ,
2122 4283 2241 4337 ideo
2292 4296 2385 4334 nos
2434 4279 2640 4350 gratias
2682 4277 2891 4348 agimus
2932 4272 3040 4328 Deo
3074 4274 3187 4327 sine
3226 4272 3499 4327 intermis-

1913 4377 2057 4429 sione
2075 4417 2088 4441 ,
2115 4374 2388 4445 quoniam,
2420 4386 2539 4425 cum
2564 4386 2596 4422 a
2620 4368 2768 4422 nobis
2800 4365 3133 4435 accepissetis
3160 4362 3373 4417 verbum
3398 4377 3499 4414 au-

414 4469 479 4521 de
511 4484 706 4535 errore,
741 4469 794 4525 id
816 4471 987 4526 estde
1017 4472 1276 4526 suasione
1301 4471 1528 4536 erroris,
1554 4480 1615 4526 ut,
1640 4472 1805 4527 doce-
1841 4452 1886 4508 Ῐ)
1912 4466 2080 4531 ditus,
2122 4465 2175 4518 id
2210 4471 2294 4519 est
2317 4479 2381 4517 ex
2410 4462 2527 4518 solt)
2554 4460 2740 4515 auditu
2766 4457 3088 4529 exciperetis
3120 4454 3347 4509 verbum
3374 4452 3495 4518 Dei,

218 4578 336 4615 rem
361 4576 463 4616 vos
487 4576 670 4617 errare
698 4562 754 4616 in
803 4563 929 4628 fide,
984 4557 1145 4633 neque
1177 4563 1241 4616 de
1280 4562 1642 4628 immunditia,
1671 4563 1814 4618 sicut

220 4653 299 4705 illi
356 4651 637 4708 Nicolaitze
677 4655 771 4723 qui
818 4655 1048 4711 suadent
1094 4653 1353 4709 mulieres
1392 4654 1648 4710 omnibus
1692 4670 1815 4709 esse

220 4758 571 4798 communes.
633 4741 814 4813 Neque
841 4744 1149 4799 exhertatio
1193 4751 1380 4797 nostra
1406 4753 1490 4797 est
1511 4743 1565 4796 in
1586 4742 1729 4809 dolo,
1759 4742 1812 4797 id

223 4844 311 4889 est
337 4835 395 4889 in
422 4834 759 4904 deceptione.
785 4833 977 4889 Posset
1001 4836 1147 4889 enim
1183 4849 1305 4889 esse
1334 4818 1495 4905 neque
1516 4833 1579 4889 de
1615 4850 1810 4900 errore,

224 4945 254 4979 η
277 4944 390 4996 'que
425 4925 491 4979 de
511 4926 872 4992 immunditia,
903 4935 957 4980 et
982 4927 1239 4981 tamenin
1265 4925 1408 4991 dolo,
1437 4926 1482 4982 si
1514 4926 1818 4982 intenderet

226 5038 254 5073 a
292 5020 479 5089 eipere
510 5019 579 5072 ah
605 5019 706 5073 eis.
746 5016 863 5073 Non
891 5016 991 5074 fuit
1015 5019 1068 5073 in
1100 5018 1246 5084 dolo,
1281 5018 1372 5072 sed
1411 5018 1547 5071 sicut
1583 5019 1814 5089 probati,

228 5113 388 5164 ilcst
435 5110 793 5180 probabiliter
829 5126 1020 5167 sumus
1053 5111 1282 5182 inspecti
1315 5128 1347 5164 a
1379 5108 1522 5175 .Dco,
1550 5117 1607 5162 ut
1630 5108 1815 5163 abillo

229 5220 254 5252 τ
287 5203 534 5255 ederetur
559 5201 704 5255 nobis
746 5200 1106 5272 Erangelium.
1159 5200 1314 5257 Sicut
1364 5200 1575 5271 probati
1601 5214 1817 5266 sumus,

230 5294 307 5346 ita
335 5294 624 5363 loquimur,
657 5293 708 5346 id
742 5301 825 5347 est
854 5308 963 5346 non
1000 5293 1181 5347 minus
1214 5292 1268 5346 in
1299 5293 1454 5347 nobis
1498 5292 1639 5349 Deus
1665 5294 1815 5349 inve-

234 5386 312 5437 nit
339 5398 507 5453 quam
538 5397 596 5438 se
631 5381 979 5447 inventurum
1027 5381 1292 5451 praevidit.
1342 5380 1630 5451 Loquimur
1672 5383 1817 5449 dico,

235 5491 337 5527 non
360 5473 540 5528 solum
579 5485 686 5525 non
723 5471 1007 5540 placentes,
1052 5473 1147 5526 sed
1190 5486 1289 5527 nec
1315 5472 1479 5527 etiam
1521 5470 1647 5528 facti
1667 5474 1821 5543 quasi

238 5566 512 5634 placentes
558 5563 876 5630 hominibus,
931 5562 1021 5618 sed
1064 5571 1369 5635 maerentes
1424 5564 1635 5634 placere
1691 5563 1815 5629 Deo,

238 5659 329 5725 qui
356 5655 544 5726 probat
573 5656 734 5711 corda
765 5666 965 5723 nostra,
1005 5657 1056 5713 id
1093 5663 1174 5712 est
1204 5655 1291 5708 cui
1314 5656 1476 5710 ctiam
1525 5663 1709 5726 aperta
1740 5664 1822 5711 est

243 5758 430 5804 nostra
455 5749 710 5805 voluntas
1000 5768 1017 5775 -
1586 5766 1589 5771 '

1914 4556 2190 4625 accepistis
2224 4553 2380 4617 illud,
2406 4567 2507 4605 non
2538 4561 2595 4604 ut
2643 4550 2855 4604 verbum
2895 4549 3185 4612 hominum,
3232 4544 3322 4599 sed
3359 4545 3500 4597 sicut

1915 4646 2124 4701 verbum
2152 4644 2249 4698 Dei
2296 4644 2453 4713 (quod
2490 4652 2669 4695 verum
2696 4640 2819 4709 est),
2855 4640 2945 4709 qui
2976 4637 3120 4691 Deus
3156 4644 3407 4705 operatur
3441 4634 3498 4687 in

1915 4737 2060 4791 vobis
2098 4734 2343 4805 quotidie
2386 4734 2476 4803 qui
2513 4731 2835 4784 credidistis.
2893 4728 2959 4782 Et
3002 4743 3129 4782 vere
3158 4732 3417 4794 operatur
3445 4724 3504 4779 in

1917 4826 2090 4881 vobis.
2119 4824 2262 4878 Nam
2291 4840 2398 4889 vos,
2427 4823 2645 4892 fratres,
2678 4819 2810 4889 facti
2829 4819 2958 4872 estis
2995 4816 3289 4871 imitatores
3316 4813 3503 4869 Eccle-

1917 4920 2120 4977 siarum
2182 4915 2298 4980 Dei,
2337 4930 2453 4985 qua!
2494 4922 2614 4965 sunt
2649 4913 2703 4965 in
2753 4909 2986 4973 ludam;
3042 4922 3164 4978 quae
3211 4914 3341 4962 sunt
3379 4905 3504 4961 dico

1916 5011 1972 5064 in
2013 5008 2226 5064 Christo
2266 5006 2413 5060 Jesu.
2452 5004 2758 5059 imitatores
2788 5002 2841 5056 in
2890 5002 3014 5067 hoc,
3053 4999 3178 5071 quia
3204 5000 3349 5068 passi
3378 4999 3504 5051 estis

1917 5101 2098 5155 eadem
2144 5107 2192 5154 et
2220 5115 2307 5153 vos
2363 5114 2397 5151 a
2448 5094 2833 5150 contribulibus
2872 5093 3078 5157 vestris,
3126 5092 3264 5144 sicut
3311 5099 3362 5144 et
3404 5090 3507 5160 ipsi

1918 5189 2066 5261 passi
2091 5197 2220 5244 sunt
2239 5205 2271 5242 a
2298 5186 2528 5241 Judteis.
2555 5184 2659 5252 Qui
2684 5182 2855 5239 Judzei
2882 5198 2991 5237 non
3015 5182 3215 5236 mirum
3245 5180 3293 5237 si
3320 5195 3507 5251 perse-

1918 5291 2163 5355 quuntur
2178 5295 2296 5346 eos,
2316 5280 2441 5350 quia
2462 5277 2769 5332 occiderunt
2800 5275 3085 5329 Dominum
3110 5273 3293 5328 Jesum
3313 5281 3364 5327 et
3385 5287 3508 5343 pro-

1923 5376 2125 5446 phetas.
2164 5370 2275 5427 Nos
2298 5371 2459 5427 etiam
2501 5370 2761 5441 persecuti
2782 5374 2930 5434 sunt,
2952 5367 3006 5421 in
3036 5382 3148 5437 quo
3173 5366 3361 5435 utique
3406 5373 3509 5417 nan

1923 5470 2133 5539 placent
2158 5465 2287 5531 Deo,
2339 5464 2466 5519 licet
2490 5461 2868 5533 persequendo
2899 5474 3019 5525 nos,
3050 5456 3385 5512 arbitrentur
3409 5453 3508 5507 oh-

1928 5559 2176 5626 seqninm
2222 5571 2281 5611 sc
2321 5564 2580 5625 praestare
2617 5550 2880 5617 Deo.'Qui
2920 5550 3083 5605 etiam
3118 5544 3289 5601 Judaei
3321 5543 3506 5596 adver—

1930 5659 2115 5705 santur
2153 5652 2391 5705 omnibus
2432 5646 2748 5707 hominibus,
2804 5644 2854 5697 id
2878 5653 2959 5697 est
3008 5639 3225 5696 utilitati
3259 5635 3507 5690 omnium

1932 5744 2237 5807 hominum,
2264 5741 2589 5811 prohibentes
2648 5753 2737 5790 nos
2767 5735 2909 5805 loqui
2960 5732 3215 5803 gentibus,
3259 5739 3313 5783 ut
3344 5726 3510 5783 salue
