3988 6450
567 398 674 454 sos
1025 365 1034 371 ’
1101 397 1160 454 s.
1199 397 1548 458 caenosus
1584 399 2228 459 canrnusunonnu

568 511 722 582 fiant.
756 507 1113 568 Probibentes
1147 513 1272 570 ideo
1318 522 1374 568 ut
1414 529 1614 584 semper
1647 513 1898 584 impleant
1931 523 2148 584 peccata
2177 516 2222 574 Α

569 619 698 668 sua,
748 603 926 660 donec
982 602 1128 676 iuste
1177 613 1234 660 et
1287 604 1615 662 sutllcienter
1666 605 1882 675 probati
1903 606 2044 672 sint,
2093 615 2150 662 et

569 691 733 772 293
759 697 913 768 impii
944 696 1014 752 ad
1040 697 1320 752 cumulum
1348 696 1714 752 damnationis
1744 697 1987 753 veniunt.
2023 696 2149 754 ldeo

571 797 654 854 sic
693 793 988 867 prohibent
1022 792 1152 860 quia
1184 789 1287 856 ira,
1317 789 1372 844 id
1400 797 1483 846 est
1521 789 1835 854 excaacatio,
1883 789 1982 843 Dei
2010 790 2150 844 venit

571 903 729 958 super
755 885 878 940 illos
897 900 1064 955 usque
1089 883 1144 936 in
1165 883 1343 954 finem,
1358 879 1577 951 quando
1601 878 1744 933 Deus
1773 877 1981 934 auferet
1999 879 2149 934 vela-

574 994 700 1035 men
745 977 813 1033 de
860 975 1116 1038 cordibus
1165 988 1376 1039 eorum,
1414 981 1469 1026 et
1521 979 1653 1026 tunc
1701 969 1944 1040 reliquis:
1987 971 2152 1026 salvae

574 1069 704 1125 ﬁent
748 1070 766 1140 (
795 1069 943 1122 Rom.
979 1083 1066 1134 ix,
1114 1066 1212 1134 27;
1257 1082 1335 1133 χι,
1365 1065 1400 1120 5
1431 1065 1470 1133 ).
1519 1062 1636 1130 Vel,
1669 1080 1830 1134 usque
1865 1064 1919 1117 in
1969 1065 2147 1133 ﬁnem,

573 1159 626 1214 id
654 1167 738 1215 est
767 1158 834 1214 ad
863 1166 1112 1224 mortem,
1149 1157 1371 1227 quando
1403 1156 1683 1210 tradentur
1725 1165 1986 1226 perpetuo
2015 1154 2146 1226 igni.

574 1249 638 1305 Et
664 1251 790 1320 quia
818 1263 914 1306 vos
931 1249 1119 1304 eadem
1141 1249 1290 1318 passi
1319 1248 1474 1314 estis,
1508 1245 1653 1312 ideo,
1687 1247 1900 1316 fratres,
1933 1263 2025 1300 nos
2055 1247 2150 1300 de-

569 1342 730 1396 solati
773 1358 806 1394 a
848 1341 1013 1408 vobis,
1046 1356 1213 1397 causa
1243 1340 1388 1395 enim
1421 1339 1775 1396 desolationis
1819 1347 2018 1394 nostrae
2059 1354 2152 1394 ve-

569 1430 748 1485 niebat
777 1445 809 1485 a
848 1430 1026 1497 nobis,
1078 1446 1186 1485 non
1233 1429 1360 1500 quia
1395 1430 1774 1500 plangeremus
1800 1444 2011 1494 casum,
2057 1427 2150 1484 sed

566 1520 691 1589 quia
721 1520 1051 1575 timebamus
1077 1538 1088 1574 :
1121 1519 1348 1574 desolati
1377 1519 1500 1574 dico
1527 1519 1595 1572 ad
1625 1527 1846 1589 tempus,
1887 1518 1942 1573 id
1967 1527 2051 1573 est
2083 1533 2150 1572 ex

566 1627 677 1681 quo
701 1611 1050 1678 Timotheum
1075 1610 1142 1666 ad
1167 1627 1264 1666 vos
1289 1611 1560 1677 misimus,
1584 1610 1758 1666 donec
1777 1624 1873 1679 per
1898 1609 2151 1664 eumdem

567 1703 938 1760 constantiam
971 1713 1206 1759 vestram
1237 1703 1578 1770 audivimus;
1615 1703 1708 1758 ubi
1734 1702 1811 1757 ait
1832 1701 1901 1758 ad
1928 1711 2150 1773 tempus,

569 1793 748 1847 innuit
773 1807 869 1848 eos
907 1805 1306 1862 nontpeccasse
1331 1812 1343 1846 :
1369 1792 1596 1847 desoluti
1625 1792 1749 1848 dico
1777 1799 1987 1847 remoto
2020 1806 2147 1858 ore,

571 1882 621 1936 id
652 1890 736 1937 est
770 1897 1024 1938 sermone
1067 1893 1256 1939 nostro
1297 1899 1328 1938 a
1367 1884 1542 1951 vobis,
1569 1891 1623 1939 et
1651 1892 1863 1954 aspectu
1889 1891 2100 1942 remoto
2132 1901 2144 1937 :
2182 1868 2222 1924 Β

570 1989 670 2026 non
701 1982 882 2028 tamen
925 1982 1133 2029 remoto
1177 1975 1334 2028 corde
1380 1975 1759 2042 abundantius,
1791 1991 1956 2046 quam
1996 1975 2149 2045 prius

569 2064 926 2117 festinaeimus
952 2065 1124 2119 videre
1161 2065 1351 2134 facient
1390 2075 1615 2121 vestram
1643 2081 1762 2120 cum
1800 2065 1966 2120 multo
2005 2065 2148 2119 desi-

565 2156 730 2210 derio.
781 2154 926 2210 Bene
966 2156 1088 2212 dico
1134 2173 1253 2211 cum
1297 2157 1581 2226 desiderio,
1613 2158 1863 2230 quoniam
1888 2157 2148 2212 voluimus

566 2247 735 2301 venire
775 2248 844 2301 ad
877 2263 984 2314 vos,
1017 2257 1072 2302 et
1107 2248 1162 2319 in
1207 2250 1324 2319 ipso
1363 2250 1558 2306 itinere
1597 2251 1712 2322 jam
1741 2265 1981 2306 eramus.
2037 2249 2149 2322 Ego

565 2336 777 2406 quidem
806 2336 1040 2404 Paulus,
1080 2338 1344 2409 quidquid
1385 2339 1475 2394 alii
1502 2339 1878 2408 formidarent,
1911 2349 1959 2395 et
1993 2341 2150 2395 semel

565 2438 616 2483 et
657 2430 850 2484 iterum
895 2431 1078 2486 venire
1107 2431 1286 2498 volui;
1327 2432 1418 2485 sed
1457 2431 1688 2486 Satanas
1719 2433 1990 2502 impedivit
2033 2448 2147 2486 nos.

570 2519 804 2576 Satanas
836 2519 979 2588 ideo,
1012 2529 1099 2588 ut,
1131 2533 1340 2578 remota
1367 2522 1742 2578 consolatione
1765 2523 2032 2595 magistri,
2065 2523 2150 2578 fa-

568 2611 729 2669 cilius
751 2629 848 2669 vos
877 2623 1184 2684 pervertere
1214 2623 1420 2685 posset.
1454 2614 1597 2670 Deus
1623 2615 1744 2670 ideo
1772 2617 1878 2671 hoc
1921 2631 2153 2673 consen-

570 2704 666 2772 sit,
693 2713 754 2760 ut
778 2721 877 2760 vos
909 2705 977 2760 de
1003 2706 1304 2761 tentatione
1326 2715 1579 2776 superata
1610 2707 1961 2778 gloriosiores
1987 2709 2153 2764 habe-

569 2806 682 2864 ret;
729 2797 851 2853 ideo
909 2796 1141 2854 Satanas
1186 2797 1488 2869 impedivit,
1515 2799 1642 2869 quia
1697 2816 1794 2856 vos
1851 2801 1985 2858 estis
2027 2817 2152 2872 spes

571 2898 778 2956 nostra,
799 2899 902 2945 etc.
923 2888 1024 2945 νει
1051 2890 1155 2944 ita:
1183 2889 1308 2946 Ideo
1341 2891 1526 2946 venire
1550 2891 1846 2958 voluimus,
1875 2892 2004 2962 quia
2035 2909 2153 2964 quae

568 2989 646 3036 est
695 2991 877 3036 nostra
931 2998 1048 3051 spes
1095 2982 1344 3043 habenda
1400 2983 1455 3038 in
1487 2982 1692 3048 futuro,
1747 2992 1840 3038 aut
1879 2984 2027 3055 quod
2071 2994 2156 3042 est

570 3073 822 3144 gaudium
873 3085 1004 3130 tunc
1049 3075 1246 3130 iterum
1298 3075 1430 3132 mihi
1489 3085 1772 3146 paratum,
1819 3085 1914 3131 aut
1958 3092 2152 3130 corona

571 3161 776 3236 gloria,
808 3164 860 3219 id
889 3174 974 3220 est
1001 3166 1258 3237 gaudium
1289 3165 1422 3222 illud
1451 3181 1558 3222 non
1587 3167 1694 3222 erit.
1733 3166 2026 3233 mediocre,
2057 3166 2152 3222 sed
2179 3198 2224 3261 ρ

571 3271 764 3309 corona
807 3256 1014 3326 gloria,
1053 3257 1106 3314 id
1152 3266 1254 3324 est,
1303 3273 1504 3314 corona
1550 3258 1827 3328 gloriosa:
1856 3258 1980 3314 dice
2007 3259 2153 3329 quod

569 3353 656 3400 est
690 3346 945 3416 gaudium
971 3355 1027 3402 et
1054 3363 1246 3402 corona
1275 3349 1429 3404 mea?
1456 3347 1562 3404 Sed
1590 3366 1759 3404 nonne
1785 3365 1872 3404 vos
1905 3351 2032 3404 estis
2060 3365 2156 3420 per

573 3435 868 3506 puritatem
906 3436 1030 3492 vita:
1065 3439 1224 3507 positi
1255 3455 1400 3495 nunc
1428 3449 1553 3496 ante
1580 3439 1872 3495 Dominum
1901 3449 2152 3498 nostrum

573 3525 796 3580 Jesum?
825 3524 1115 3590 Estisdico
1135 3545 1328 3583 corona
1355 3540 1650 3600 przeparata
1679 3531 1816 3586 mihi
1836 3532 1892 3584 in
1929 3532 2156 3587 adventu

571 3619 709 3688 ejus.
741 3616 880 3674 Vere
909 3628 1041 3676 tunc
1064 3622 1216 3678 eritis
1237 3623 1494 3694 gaudium
1535 3623 1670 3678 mihi
1697 3632 1753 3680 et
1776 3638 1998 3691 corona,
2025 3625 2155 3696 quia

571 3711 737 3768 etiam
761 3709 898 3782 jam,
923 3711 1018 3767 ubi
1043 3727 1210 3770 carne
1233 3728 1479 3784 pressus,
1517 3715 1701 3773 minus
1735 3715 2000 3788 intelligo,
2029 3717 2155 3772 estis

561 3819 662 3858 .ros
685 3801 859 3875 gloria
886 3813 1070 3860 nostra
1094 3813 1144 3860 et
1175 3805 1449 3878 gaudium.

1187 3896 1419 3955 CAPUT
1456 3897 1541 3955 lli.

653 4007 672 4040 s
713 3986 945 4060 Propter
971 3990 1120 4061 quod
1149 4007 1258 4047 non
1299 3991 1635 4048 sustinentes
1661 3991 1916 4062 amplius,
1951 3991 2156 4062 placuit

581 4098 602 4132 ‹
647 4079 806 4134 nobis
831 4095 1113 4136 remanere
1125 4080 1374 4149 Athenis,
1399 4082 1530 4138 solis
1549 4081 1891 4155 [al.,solos];
1915 4091 1972 4138 et
1995 4082 2154 4139 misi-

583 4189 602 4223 ι
648 4185 772 4226 Inus
800 4169 1148 4226 Timotheum
1182 4171 1405 4228 fratrem
1439 4184 1712 4242 nostrum,
1751 4182 1807 4230 et
1843 4173 2154 4232 ministrum

583 4281 603 4315 ε
649 4261 746 4316 Dei
785 4262 842 4318 in
869 4260 1221 4335 Evangelium
1263 4264 1489 4331 Christi,
1526 4267 1594 4321 ad
1624 4267 2031 4324 conﬁrmandos
2059 4285 2157 4326 vos

584 4373 603 4404 ι
645 4363 700 4410 et
723 4345 1094 4411 exhortandos
1117 4367 1216 4426 pro
1242 4355 1346 4412 ﬁde
1373 4365 1572 4425 vestra,
1597 4366 1658 4412 ut
1688 4373 1848 4414 nemo
1875 4368 2159 4416 moveatur

585 4463 603 4496 α
649 4444 704 4500 in
737 4444 1182 4503 tribulationibus
1227 4447 1367 4504 istis.
1403 4446 1510 4519 Ipsi
1561 4449 1706 4504 enim
1745 4450 1898 4507 scitis
1924 4451 2070 4521 quod
2099 4453 2154 4508 in

583 4555 603 4592 ι
646 4538 753 4594 hoc
773 4537 938 4608 positi
966 4553 1178 4596 sumus.
1205 4536 1341 4595 Nam
1367 4547 1568 4596 etcum
1589 4541 1734 4611 apud
1757 4555 1856 4597 vos
1884 4558 2152 4610 essemus,
2179 4565 2232 4626 υ

583 4649 602 4681 ι
647 4627 1076 4700 praedicebamus
1114 4629 1271 4685 vobis
1299 4645 1562 4700 passuros
1607 4646 1709 4688 nos
1754 4630 2153 4700 tribulationes,

583 4741 602 4774 s
646 4721 790 4778 sicut
812 4728 867 4776 et
910 4719 1114 4776 factum
1164 4733 1248 4778 est
1295 4731 1351 4778 et
1397 4721 1568 4779 scitis.
1623 4721 1918 4794 Propterea
1970 4733 2024 4779 et
2056 4739 2157 4796 ego

580 4833 603 4864 ι
645 4813 878 4884 amplius
923 4829 1034 4869 non
1087 4813 1386 4878 sustinens,
1441 4814 1564 4870 misi
1611 4814 1678 4869 ad
1722 4815 2153 4886 cegnoscendam

583 4921 604 4956 ι
647 4902 807 4958 ﬁdem
849 4901 1108 4970 vestram,
1159 4918 1228 4958 ne
1272 4902 1414 4959 forte
1463 4904 1751 4959 tentaverit
1804 4920 1901 4960 vos
1939 4905 1987 4961 is
2033 4905 2158 4975 quis

585 5011 606 5044 ι
649 4985 840 5060 teutat,
886 5002 942 5050 et
980 4995 1161 5052 inanis
1210 4997 1306 5051 ﬁat
1349 4995 1502 5052 labor
1531 5005 1734 5052 noster.
1779 4994 1932 5052 Nunc
1975 5006 2156 5052 autem

585 5101 607 5136 ι
651 5085 902 5140 veniente
934 5084 1220 5142 Timotheo
1247 5087 1314 5142 ad
1337 5102 1440 5144 nos
1469 5103 1498 5142 a
1524 5088 1698 5154 vobis,
1729 5097 1784 5142 et
1805 5089 2162 5144 annuntiante

587 5193 606 5226 ι
651 5173 808 5229 nobis
847 5175 1006 5231 ﬁdem
1033 5185 1088 5232 et
1127 5178 1449 5234 charitatem
1493 5189 1751 5246 vestram,
1790 5188 1845 5234 et
1882 5181 2011 5250 quia
2041 5195 2158 5235 me-

587 5286 606 5320 s
653 5267 884 5325 moriam
933 5269 1110 5324 nostri
1157 5270 1372 5327 habetis
1421 5273 1621 5328 bonam
1670 5287 1908 5342 semper,
1947 5271 2161 5328 deside-

585 5376 604 5410 ρ
652 5365 835 5413 rantes
880 5372 984 5413 nos
1021 5357 1224 5426 videre,
1268 5361 1412 5417 sicut
1459 5377 1560 5419 nos
1599 5379 1820 5434 quoque
1859 5379 1989 5430 vos;
2039 5363 2160 5418 ideo

584 5471 605 5504 s
651 5449 922 5506 consolati
957 5465 1167 5517 sumus,
1197 5451 1416 5518 fratres,
1441 5453 1494 5507 in
1518 5455 1672 5510 vobis
1701 5455 1756 5509 in
1788 5456 1936 5510 omni
1967 5471 2158 5512 neces-

583 5561 604 5595 s
651 5542 810 5598 sitate
847 5549 904 5598 et
945 5541 1298 5598 tribulatione
1337 5553 1525 5600 nostra
1556 5560 1652 5614 per
1694 5545 1856 5601 ﬁdem
1897 5556 2156 5611 vestram,

583 5653 604 5686 ς
649 5635 909 5706 quoniam
951 5649 1099 5690 nunc
1122 5635 1380 5701 vivimus,
1416 5635 1462 5690 si
1493 5651 1592 5691 vos
1633 5637 1790 5691 statis
1820 5637 1874 5690 in
1903 5636 2155 5692 Domino.
2199 5655 2208 5658 ·

587 5743 604 5776 ι
643 5724 819 5792 Quam
864 5726 1011 5782 enim
1061 5725 1361 5796 gratiarum
1407 5728 1676 5784 actionem
1725 5728 2000 5798 possimus
2047 5727 2160 5788 Deo

585 5833 605 5869 ι
653 5819 950 5876 retribuere
982 5834 1082 5889 pro
1121 5819 1277 5878 vobis
1311 5819 1365 5875 in
1403 5819 1550 5876 omni
1597 5819 1794 5892 gaudio
1823 5835 1932 5890 quo
1961 5820 2160 5890 gaude-

2269 403 2760 490 tssrnuroms
2799 373 2951 475 ore.
2987 405 3173 490 PARS
3207 406 3268 461 ιι.
3701 411 3780 468 tot

2255 537 2273 566 ι
2319 533 2442 573 mus
2483 525 2704 587 propter
2741 533 2838 572 vos
2869 526 2996 572 ante
3023 515 3312 572 Dominum
3345 516 3524 574 Deum
3561 526 3784 596 nostrum,

2255 630 2272 660 ς
2317 618 2475 666 nocte
2511 625 2578 664 ac
2629 609 2717 664 die
2762 608 3132 664 abundantius
3174 619 3421 677 orantes,
3473 620 3531 665 ut
3553 611 3786 671 videamus

2252 720 2272 751 «ι
2317 700 2510 757 faciem
2551 708 2814 766 vestram,
2859 708 2914 754 et
2953 700 3322 770 compleamus
3367 715 3436 755 ea
3475 717 3595 772 qua:
3629 703 3786 762 desunt

2254 813 2272 844 ι
2319 793 2440 848 ﬁdei
2463 793 2692 848 vestrae?
2717 791 2838 862 ipse
2865 799 3048 846 autem
3091 791 3235 848 Deus
3262 801 3316 848 et
3353 791 3523 848 Pater
3549 804 3785 863 noster,et

2255 905 2273 936 ι
2318 883 2582 940 Dominus
2601 883 2762 939 Jesus
2781 882 3036 939 Christus
3055 882 3152 955 [αι.
3177 885 3317 938 deest
3337 884 3619 957 Christus]
3633 885 3786 958 dirigat

2256 996 2273 1027 ι
2321 976 2462 1030 viam
2499 984 2746 1030 nostram
2783 975 2849 1029 ad
2880 990 3000 1030 vos.
3025 974 3138 1030 Vos
3167 983 3350 1030 autem
3383 974 3645 1032 Dominus
3676 980 3784 1032 mul-

2256 1087 2274 1117 ε
2319 1066 2542 1136 tiplicet,
2578 1075 2632 1120 et
2664 1065 2944 1120 abundare
2967 1064 3133 1120 faciat
3163 1065 3490 1120 charitatem
3519 1075 3728 1121 vestram
3747 1069 3786 1122 in

2257 1177 2275 1210 ι
2322 1157 2575 1222 invicem,
2621 1163 2675 1212 et
2699 1155 2754 1208 in
2779 1170 2994 1222 omnes,
3037 1155 3505 1225 quemadmodum
3549 1164 3601 1210 et
3629 1172 3715 1210 nos
3747 1157 3786 1211 in

2257 1268 2276 1300 ι
2321 1249 2477 1303 vobis
2505 1248 2574 1302 ad
2615 1247 2987 1302 conlirmanda
3019 1246 3183 1301 corda
3213 1253 3398 1302 vestra
3447 1245 3566 1300 sine
3591 1245 3786 1314 querela,

2257 1361 2276 1392 ε
2319 1341 2374 1396 in
2412 1339 2698 1395 sanctitate
2731 1347 2857 1393 ante
2897 1338 3068 1394 Deum
3115 1346 3169 1393 et
3209 1336 3435 1392 Patrem
3479 1345 3724 1402 nostrum,
3741 1339 3786 1392 in

2259 1453 2276 1484 ι
2323 1433 2557 1488 adventu
2579 1430 2795 1486 Domini
2821 1430 2996 1485 nostri
3026 1429 3152 1485 .lesu
3188 1428 3399 1486 Christi
3427 1444 3556 1484 cum
3579 1429 3788 1484 omnibus

2259 1545 2276 1576 ι
2321 1522 2525 1580 sanctis
2545 1523 2686 1594 ejus.
2729 1522 2924 1578 Amen.
2968 1540 2986 1572 ι

2887 1627 3188 1668 EXPOSITIO.

2323 1706 2550 1776 Propter
2573 1705 2720 1776 quod
2743 1706 2870 1776 quia
2895 1704 3077 1758 eadem
3112 1703 3259 1774 passi
3291 1703 3445 1769 estis,
3491 1711 3546 1758 et
3575 1704 3692 1774 quia
3715 1719 3783 1756 nos

2254 1799 2480 1854 desolati
2523 1813 2716 1854 sumus
2751 1813 2784 1850 α
2829 1795 2994 1861 vobis,
3023 1802 3076 1849 et
3103 1794 3230 1864 quia
3265 1811 3354 1849 vos
3403 1795 3532 1848 estis
3562 1795 3786 1865 gaudium,

2251 1901 2297 1945 et
2323 1906 2516 1944 corona
2544 1897 2752 1956 nostra,
2773 1896 2983 1958 propter
3003 1886 3108 1942 hoc
3127 1902 3230 1940 non
3249 1886 3566 1940 sustinentes
3585 1885 3784 1955 amplius,

2251 1983 2580 2039 sustinentes
2625 1980 2747 2036 ideo
2794 1980 2872 2034 ait
2915 1980 3065 2050 quia,
3115 1978 3291 2034 donec
3333 1994 3433 2048 per
3493 1977 3785 2032 Timotheum

2251 2072 2416 2145 294
2443 2072 2754 2128 consolatus
2791 2085 2888 2125 eos
2928 2077 3030 2136 est,
3065 2077 3120 2124 et
3146 2084 3242 2139 per
3271 2068 3530 2124 eumdem
3556 2066 3782 2138 quomodo

2252 2166 2308 2220 in
2333 2164 2436 2219 ﬁde
2463 2171 2670 2218 starent
2720 2161 2947 2231 accepit,
2984 2159 3146 2231 quasi
3183 2175 3346 2230 grave
3389 2159 3602 2230 pondus
3631 2157 3786 2212 timens

2252 2269 2440 2312 casum
2471 2269 2660 2309 eorum
2709 2251 2990 2308 sustinuit.
3047 2248 3167 2303 Non
3211 2249 3549 2304 sustinentes
3581 2247 3784 2316 amplius,

2250 2347 2452 2418 placuit
2504 2345 2672 2410 nobis,
2720 2342 2857 2398 mihi
2905 2351 2962 2397 et
3003 2339 3248 2407 Silvano,
3293 2355 3562 2393 remanere
3591 2336 3782 2398 Athenis,

2251 2437 2400 2506 solis,
2427 2438 2482 2494 id
2521 2445 2607 2493 est
2635 2437 2710 2490 ita
2740 2444 2802 2489 ut
2825 2435 2926 2490 soli
2970 2447 3221 2490 essemus
3257 2446 3288 2486 a
3315 2429 3517 2486 solatio
3543 2426 3782 2488 Timothei,

2251 2530 2345 2602 qui
2369 2528 2714 2585 necessarius
2742 2535 2860 2582 erat
2889 2525 3068 2582 nobis.
3097 2523 3196 2579 Hic
3216 2522 3494 2595 signiﬁcat
3521 2521 3588 2575 ab
3605 2517 3784 2572 Athenis

2252 2623 2394 2678 hanc
2423 2637 2482 2678 se
2519 2619 2784 2676 direxisse
2809 2617 3130 2688 Epistulam.
3175 2613 3562 2670 Remansimus
3584 2607 3784 2670 Athenis,

2251 2721 2302 2768 et
2359 2710 2599 2766 misimus
2659 2707 2987 2763 Timotheum
3032 2706 3255 2776 fratrem
3311 2712 3575 2765 nostrum,
3627 2705 3671 2751 et
3705 2696 3782 2749 ati-

2253 2805 2480 2859 nistrum
2513 2801 2612 2857 Dei
2636 2803 2692 2856 in
2721 2795 3064 2870 Evangelium
3091 2795 3310 2852 Christi.
3340 2789 3663 2850 Commendo
3689 2801 3784 2842 eum

2252 2895 2431 2964 vobis,
2457 2893 2638 2965 ipsum
2684 2891 2886 2948 audite.
2921 2889 3188 2954 Misimus,
3241 2887 3492 2956 inquam,
3529 2883 3594 2936 ad
3635 2878 3783 2948 conﬁr-

2255 2986 2475 3042 mandos
2505 3001 2613 3052 vos,
2643 2993 2705 3040 ut
2731 2983 2786 3038 in
2813 2981 3010 3038 melius
3037 2978 3398 3050 proﬁceretis.
3424 2969 3784 3030 Conﬁrmandos

2253 3088 2303 3133 et
2325 3076 2676 3133 exhortandos
2703 3075 2828 3130 dico
2869 3089 2964 3144 pro
3007 3072 3112 3141 ﬁde
3152 3078 3324 3125 vestra
3353 3063 3704 3128 custodienda,
3733 3075 3782 3114 ne

2254 3179 2398 3226 erret
2421 3170 2504 3225 vel
2527 3169 2762 3224 deﬁciat.
2780 3165 3184 3236 Conﬁrmandos
3205 3163 3350 3230 dico,
3373 3172 3436 3216 ut
3451 3175 3592 3216 nemo
3605 3165 3782 3212 uestrum

2258 3271 2528 3318 moveatur
2547 3261 2604 3314 in
2629 3257 3058 3314 tribulationibus
3079 3257 3219 3323 istis,
3243 3270 3382 3324 quas
3402 3263 3460 3310 et
3472 3267 3566 3308 vos
3587 3242 3778 3320 patimini

2256 3363 2310 3410 et
2344 3369 2444 3410 nos
2477 3353 2735 3424 patimur.
2787 3349 2891 3406 Ubi
2933 3350 3054 3406 ait:
3105 3345 3275 3402 Nemo
3317 3353 3602 3410 ntoeeatur,
3649 3335 3782 3393 innuit

2255 3462 2350 3502 eos
2377 3446 2619 3502 nondum
2650 3451 2852 3511 motos,
2901 3451 2957 3498 et
2997 3455 3056 3498 se
3081 3440 3225 3494 nolle
3259 3439 3455 3494 saltem
3481 3448 3636 3492 unum
3657 3445 3684 3484 a
3705 3425 3780 3480 ﬁde

2257 3537 2483 3593 moveri.
2529 3534 2642 3592 Nec
2669 3533 2876 3591 debetis
2914 3532 3154 3599 moveri;
3204 3531 3307 3602 ipsi
3345 3532 3490 3586 enim
3511 3529 3635 3584 bene
3653 3520 3779 3583 stitit.

2255 3629 2396 3701 quod
2421 3643 2524 3686 nos
2555 3637 2612 3684 et
2647 3641 2747 3684 vos
2781 3626 2943 3698 positi
2967 3640 3150 3680 sumus
3173 3624 3230 3677 in
3255 3623 3352 3676 hoc
3377 3631 3442 3676 ut
3480 3620 3680 3676 adversa
3707 3625 3778 3682 III-

2257 3721 2478 3775 tiamur.
2515 3717 2680 3774 Scitis
2704 3717 2915 3788 utique.
2950 3714 3095 3770 Nam
3138 3730 3259 3769 cum
3287 3714 3433 3784 apud
3461 3728 3544 3768 eos
3583 3715 3779 3764 essent".

2257 3811 2679 3883 praedicabamus
2717 3809 2860 3864 nobis
2893 3823 2985 3862 nos
3010 3821 3122 3861 esse
3155 3821 3405 3876 passuros
3449 3797 3776 3859 tribulationct,

2256 3907 2393 3960 sicut
2423 3904 2611 3974 utique
2639 3917 2738 3974 pro
2767 3900 2914 3956 dicto
2945 3914 3068 3956 meo
3103 3898 3306 3969 factum
3345 3906 3448 3964 est,
3495 3903 3541 3950 et
3577 3905 3660 3946 vos
3679 3888 3778 3942 bene

2255 3995 2404 4049 scitis
2449 4008 2573 4048 esse
2619 3990 2845 4048 factum.
2883 3987 3194 4058 Propterea,
3239 3984 3294 4040 id
3341 3992 3426 4040 est
3471 3981 3610 4061 quia,
3629 3984 3778 4048 passus

2257 4102 2380 4144 sum
2404 4083 2802 4149 tribulationes,
2835 4095 2903 4136 ne
2928 4077 3204 4136 tribulatio
3235 4075 3487 4147 magistri
3511 4084 3656 4128 causa
3673 4067 3779 4120 esse!

2256 4176 2502 4234 defectus
2529 4174 2716 4242 vestri,
2765 4189 2858 4245 ego
2897 4189 2998 4226 non
3037 4169 3266 4240 amplius
3289 4168 3572 4230 sustinens,
3611 4157 3710 4214 misi
3730 4151 3777 4206 ad

2257 4267 2670 4342 cognoscendum
2709 4265 2866 4335 ﬁdem
2914 4271 3161 4328 uestram,
3191 4267 3252 4314 ut
3273 4273 3370 4330 per
3409 4257 3630 4328 legatum
3657 4245 3774 4343 ﬁdei:

2257 4339 2495 4418 vestram
2534 4370 2940 4429 cognoscerem.
2969 4351 3092 4408 Misi
3120 4351 3262 4416 ideo,
3297 4367 3359 4404 ne
3388 4349 3524 4420 forte
3561 4339 3778 4398 tentaret“

2260 4469 2348 4508 ros
2385 4453 2432 4506 is
2487 4449 2578 4521 qui
2602 4457 2788 4514 teutat,
2825 4445 2879 4501 id
2901 4443 3193 4514 est,'cujus
3217 4441 3458 4498 ollicium
3481 4447 3558 4495 est
3579 4438 3772 4522 tentare:

2257 4553 2304 4596 et
2329 4557 2396 4596 ne
2423 4541 2503 4595 sic
2528 4537 2679 4592 labor
2702 4545 2878 4591 noster
2906 4536 3004 4605 fiat
3032 4533 3208 4589 inanis
3233 4530 3408 4598 vobis,
3436 4521 3774 4586 succumbenti-

2257 4635 2361 4689 bus
2391 4629 2696 4688 tentationi.
2723 4626 2866 4684 Olim
2904 4625 3070 4682 misi:
3105 4640 3242 4678 nunc
3283 4630 3460 4676 autem
3494 4618 3532 4674 Τ
3534 4610 3774 4702 ξηιουιιο]

2257 4725 2400 4781 nobis
2453 4723 2687 4778 ueniente
2747 4719 2816 4774 ad
2875 4735 2968 4773 nos
2995 4759 3010 4784 ,
3076 4725 3128 4771 et
3172 4729 3239 4770 eo
3285 4713 3619 4768 annuntiantc
3665 4695 3774 4754 πουἱ⁸

2259 4817 2416 4886 ﬁdem
2437 4827 2603 4885 quam
2633 4810 2860 4867 ﬁrmiter
2895 4808 3088 4865 tenetis
3111 4849 3128 4874 ,
3157 4816 3208 4862 et
3249 4806 3562 4860 charitatcm
3583 4799 3772 4891 uestram—9

2267 4925 2376 4980 qua
2399 4921 2593 4963 omnes
2619 4921 2722 4960 nos
2743 4903 2967 4974 diligere
2987 4899 3230 4972 probatis
3257 4917 3270 4954 :
3299 4896 3637 4954 aununtiante
3652 4889 3772 4938 etiam

2260 5001 2408 5071 quia,
2439 4997 2494 5053 id
2521 5005 2605 5054 est
2637 4997 2804 5067 quod,
2836 4994 3039 5050 habetis
3069 4991 3380 5046 memoriam
3416 4985 3576 5042 nostri
3614 4980 3769 5074 bonum:

2258 5065 2404 5144 sicut
2441 5065 2689 5144 debetis:
2722 5086 3082 5140 desiderantes
3117 5096 3332 5152 semper
3353 5079 3523 5134 uidere
3541 5089 3620 5130 nos
3640 5111 3652 5136 ,
3673 5065 3771 5118 sicut

2261 5198 2353 5235 nos
2377 5197 2580 5254 quoque
2609 5178 2988 5235 desideramus
3009 5175 3190 5230 videre
3213 5189 3299 5228 vos
3323 5187 3341 5226 :
3365 5172 3459 5228 illo
3501 5171 3593 5225 hoc
3611 5165 3770 5254 aliqu":

2259 5245 2448 5338 tiante,
2473 5245 2730 5326 consolati
2753 5285 2954 5333 sumus,
2980 5267 3194 5337 fratres,
3221 5267 3278 5319 in
3307 5264 3472 5318 nobis.
3499 5259 3627 5320 Ideo,
3653 5247 3693 5305 id
3713 5245 3770 5297 ⁸⁵⁸

2262 5383 2362 5438 pro
2422 5381 2487 5422 eo
2537 5366 2684 5436 quod
2737 5364 2818 5420 sic
2865 5361 3227 5418 annuntiante
3273 5358 3342 5413 de
3397 5355 3564 5416 vobis,
3604 5344 3767 5440 tuo":

2259 5427 2479 5526 Propter
2505 5427 2654 5511 aliud
2683 5498 2694 5509 .
2725 5463 2911 5525 posset
2933 5453 3080 5508 enim
3111 5451 3216 5506 hoc
3256 5448 3358 5520 ipsi
3407 5428 3698 5526 annuntiari.
3732 5427 3768 5526 εξ

2257 5522 2378 5616 prd
2404 5547 2511 5601 alio
2547 5522 2820 5602 consolari
2851 5563 2864 5598 :
2905 5541 3174 5598 consolati
3223 5553 3418 5595 sumus
3455 5536 3507 5590 in
3547 5522 3769 5616 vobisAPf’

2259 5613 2438 5706 fidem,
2483 5637 2538 5694 id
2565 5645 2650 5691 est
2693 5643 2910 5708 propter
2951 5631 3112 5687 ﬁdem
3149 5638 3378 5684 vestram
3425 5613 3766 5708 (imiimi-“‘9':

2258 5699 2390 5781 tem.
2423 5699 2558 5790 ’Vel,
2591 5699 2709 5795 pcr-
2731 5699 2888 5778 ﬁdem
2942 5729 3078 5776 vesti
3093 5735 3181 5775 am
3205 5718 3334 5789 jure
3368 5731 3456 5772 me
3495 5699 3765 5804 οοηείξιειξξξξῗ

2260 5833 2401 5884 esse,
2437 5833 2603 5888 quam
2634 5815 2864 5887 diligens
2895 5829 3004 5869 non
3035 5811 3356 5882 pejcrarem.
3395 5793 3645 5863 Consolali
3678 5785 3763 5840 δίου
