3988 6436
214 368 332 426 465

795 361 1159 422 sxrosmo
1194 362 1266 420 IN
1301 362 1684 422 EPISTOLAS
1717 363 1947 422 psum.
1986 342 2160 421 —'IN
2197 364 2414 426 Eptsr,
2454 366 2476 421 ι
2512 366 2604 421 AD
2642 364 2881 424 THESS.

3365 369 3485 427 406

218 480 281 535 iu
332 483 480 534 omni
530 478 864 547 necessitate,
915 480 969 535 id
1021 488 1106 536 est
1151 480 1419 551 penuria:
1464 488 1519 536 et
1549 480 1603 535 in
1651 478 1801 535 omni
1833 484 1875 540 Α
1911 499 1930 533 ι
1966 480 2180 552 placere
2201 479 2332 547 Deo,
2371 481 2452 539 sic
2478 490 2534 539 et
2557 480 2847 539 ambuletis
2875 488 2937 538 ut
2962 479 3247 539 abundetis
3271 483 3474 556 magis.

216 566 571 621 tribulatione
597 576 798 631 nostra,
835 584 1001 638 quam
1049 584 1080 624 a
1106 566 1548 639 persecutoribus
1580 566 1756 638 patibr
1786 585 1800 622 :

212 660 354 732 quia
386 674 489 715 nec
509 659 673 714 etiam
696 660 916 715 atilictio
958 676 1078 715 mea
1107 668 1284 730 potest
1304 659 1562 731 gaudium
1597 667 1809 730 pertur-

212 749 359 806 bare
397 749 547 821 quod
573 750 751 836 habeo
778 750 846 806 de
878 758 1059 806 vestra
1085 749 1358 805 ﬁrmitate.
1400 749 1526 819 Ideo
1549 748 1672 806 dico
1705 764 1808 805 nos

212 838 540 895 consolatos
571 857 585 893 :
628 839 877 909 quoniam
904 855 1042 892 nunc
1096 838 1260 894 etiam
1285 839 1340 892 in
1382 838 1730 894 tribulatione
1754 843 1809 893 et

213 931 456 1002 penuria
502 932 744 996 vivimus,
775 930 830 985 id
856 940 942 986 est
976 931 1028 986 in
1061 930 1260 1002 gaudio
1304 947 1406 986 nos
1427 930 1608 986 vivere
1633 929 1808 985 credi-

215 1037 392 1077 mus:
443 1022 491 1075 si
514 1037 601 1082 eos
642 1022 799 1075 statis
838 1022 893 1075 in
933 1020 1180 1089 Domino,
1215 1021 1357 1092 quod
1402 1022 1589 1093 utique
1616 1037 1807 1077 verum

209 1117 326 1176 est,
358 1109 489 1180 quia
514 1109 688 1165 statis.
712 1109 847 1165 illud
868 1112 919 1164 si
941 1111 1355 1181 approbativum
1388 1120 1498 1166 est.

291 1200 491 1256 Merito
519 1201 641 1255 ideo
674 1200 908 1257 vivimus
937 1220 951 1256 :
981 1202 1109 1272 quia
1131 1218 1290 1273 quam
1311 1202 1572 1256 actionem
1599 1203 1807 1273 gratia-

214 1311 343 1348 rum
384 1310 663 1364 possumus
690 1284 974 1350 retribuere
1020 1295 1130 1350 Deo
1157 1311 1252 1366 pro
1295 1294 1437 1349 vobis
1467 1310 1485 1349 :
1517 1294 1573 1348 iu
1607 1294 1713 1350 ﬁde
1754 1303 1810 1350 et

212 1385 494 1440 charitate
542 1384 917 1439 manentibus.
973 1383 1265 1439 Possumus
1311 1384 1436 1440 dico
1487 1400 1588 1439 nos
1645 1384 1808 1454 positi

212 1478 278 1531 in
303 1477 449 1531 omni
467 1476 684 1547 gaudio,
710 1493 812 1548 quo
838 1476 1126 1547 gaudemus
1146 1484 1358 1546 propter
1388 1492 1494 1541 vos,
1517 1475 1810 1531 existentes

211 1577 346 1620 ante
397 1566 561 1621 Deum
598 1575 859 1621 nostrum.
917 1566 1038 1635 Vel,
1094 1568 1396 1637 gaudemus
1458 1574 1585 1622 ante
1635 1565 1807 1621 Deum

211 1668 476 1714 nostrum
524 1667 748 1728 propter
804 1674 942 1715 vos:
989 1659 1167 1730 placet
1217 1659 1362 1715 enim
1415 1659 1470 1714 in
1512 1667 1807 1729 conspectu

211 1748 363 1816 Dei,
419 1749 564 1819 quod
618 1749 818 1805 oblitus
872 1766 1007 1806 meas
1049 1749 1438 1816 tribulationis,
1493 1749 1809 1822 congaudeo

1911 590 1929 622 ε
1967 569 2133 628 Scitis
2160 572 2305 627 enim
2336 588 2458 644 qua:
2476 582 2745 645 praecepta
2779 573 3022 629 dederim
3054 573 3207 629 vobis
3236 590 3333 645 per
3357 572 3471 629 Do-

1911 681 1930 713 ι
1969 663 2177 718 minum
2206 662 2413 751 Iesum.
2448 662 2574 720 Haec
2602 670 2688 720 est
2715 663 2859 719 enim
2903 664 3160 719 voluntas
3203 663 3298 719 Dei
3345 679 3472 720 san-

1912 772 1931 805 ι
1965 753 2221 810 ctiﬁcatio
2248 763 2427 810 vestra
2470 755 2641 826 (Rom.
2689 771 2787 821 xu;
2817 754 2885 824 2;
2929 754 3123 826 Ephes.
3155 771 3230 824 vi,
3276 755 3387 827 17),
3415 763 3477 813 ut

1912 866 1932 899 ι
1966 846 2284 904 abstineatis
2299 861 2399 903 vos
2413 861 2444 902 a
2466 844 2847 915 fornicatione,
2866 854 2924 902 ut
2945 846 3082 903 sciat
3099 845 3477 917 unusquisque

1912 955 1932 989 ‹
1969 945 2213 992 vestrum
2238 952 2335 992 vas
2364 951 2527 992 suum
2555 936 2834 1006 possidere
2878 935 2933 990 in
2964 935 3394 991 sanctiﬁcatione
3424 945 3479 990 et

1914 1047 1933 1080 ι
1970 1028 2201 1094 honore,
2237 1041 2347 1080 non
2377 1025 2432 1080 iu
2466 1026 2720 1097 passione
2747 1025 3037 1092 desiderii,
3056 1025 3198 1081 sicut
3218 1033 3271 1081 et
3291 1034 3478 1097 gentes

1913 1138 1941 1172 ι
1967 1134 2090 1190 qua:
2138 1117 2392 1189 ignorant
2433 1116 2624 1172 Deum.
2655 1115 2725 1171 Et
2773 1118 2841 1172 tle
2867 1117 2992 1188 quis
3017 1117 3477 1188 supergrediatur,

1912 1229 1940 1262 «ε
1969 1224 2146 1280 neque
2190 1207 2581 1264 circumveniat
2638 1207 2693 1262 in
2744 1207 2963 1279 negotio
3019 1206 3241 1263 fratrem
3293 1223 3481 1275 suum,

1913 1294 1939 1352 ι’
1971 1297 2232 1369 quoniam
2259 1296 2468 1352 vindex.
2491 1303 2577 1352 est
2629 1295 2892 1353 Dominus
2936 1296 3004 1351 de
3059 1295 3147 1351 bis
3199 1295 3477 1361 omnibus,

1915 1409 1933 1442 ι
1969 1389 2113 1444 sicut
2141 1387 2499 1459 praediximus
2518 1386 2697 1453 vobis,
2729 1395 2783 1442 et
2825 1386 3335 1442 testiiieati'sumus.
3358 1384 3476 1438 Non

1916 1500 1933 1532 ι
1970 1481 2115 1536 enim
2150 1479 2363 1534 vocavit
2408 1493 2511 1533 nos
2570 1477 2713 1531 Deus
2767 1476 2820 1530 i'n
2846 1476 3265 1542 immunditiam,
3303 1476 3397 1531 sed
3422 1475 3475 1529 in

1916 1570 2482 1626 cnsanctiﬁcationcm.
2536 1566 2723 1638 itaque
2769 1568 2862 1638 qui
2918 1568 3039 1623 hate
3089 1568 3314 1637 spernit,
3372 1580 3478 1620 non

1872 1734 1885 1745 _
1918 1681 1935 1714 ε
1973 1661 2253 1716 hominem
2285 1662 2512 1730 spernit,
2540 1660 2634 1715 sed
2662 1659 2853 1725 Deum,
2882 1658 2976 1728 qui
2999 1659 3161 1712 etiam
3192 1659 3337 1713 dedit
3361 1657 3471 1727 Spi-

1919 1772 1937 1805 ι
1977 1752 2143 1808 ritum
2194 1768 2354 1808 suum
2408 1759 2657 1806 sanctum
2687 1750 2740 1805 in
2778 1750 2957 1805 nobis.
2990 1748 3065 1804 De
3093 1748 3357 1804 charitate
3387 1764 3485 1804 au-

209 1842 386 1898 bonis
413 1841 631 1896 vestris.
663 1842 968 1897 Retribuere
996 1843 1118 1898 ideo
1159 1843 1313 1909 dicit,
1353 1843 1482 1914 quia
1512 1843 1655 1898 bona
1688 1858 1810 1913 qua:
1841 1843 1884 1899 B
1917 1864 1935 1896 ε
1976 1854 2085 1899 tem
2127 1842 2488 1900 fraternitatis
2517 1856 2625 1896 non
2657 1856 2879 1896 necesse
2931 1839 3223 1895 habuimus
3248 1839 3488 1895 scribere

211 1932 370 1989 Deus
396 1935 589 1990 tribuit
610 1933 868 1991 Ecelesiis
893 1934 1072 2001 Pauli,
1123 1933 1326 1990 Paulus
1351 1942 1678 1989 annumerat
1700 1935 1813 1990 col-

210 2026 329 2080 lata
359 2042 487 2082 esse
517 2024 643 2083 sibi.
687 2025 1003 2083 Gaudemus
1029 2042 1140 2081 non
1185 2026 1363 2082 solum
1412 2025 1618 2097 gratias
1649 2041 1815 2097 agen-

210 2125 345 2173 tes:
388 2116 486 2174 sed
529 2117 695 2173 etiam
744 2126 955 2172 orantes
1015 2127 1163 2172 nocte
1205 2126 1257 2171 et
1303 2117 1388 2171 die
1431 2115 1812 2183 abundantius,

210 2221 393 2275 quam
447 2206 602 2277 prius
656 2206 899 2261 nondum
961 2206 1148 2261 audita
1196 2204 1527 2276 perfectione
1583 2213 1811 2262 vestra:

208 2305 452 2353 orantes
504 2297 628 2364 hoc,
676 2305 735 2351 ut
767 2297 1035 2352 videamus
1077 2297 1270 2368 faciem
1300 2305 1526 2351 uestram
1548 2312 1567 2350 :
1594 2305 1645 2351 et
1672 2312 1813 2367 pra:—

210 2395 407 2443 sentes
448 2403 513 2445 ea
565 2372 919 2458 compleamus
965 2387 1021 2441 in
1054 2386 1211 2443 vobis
1262 2403 1379 2458 qua:
1425 2386 1598 2440 adhuc
1627 2386 1816 2440 desunt

210 2480 350 2549 ﬁdei
382 2488 585 2534 vestris.
613 2478 817 2535 Paulus
840 2495 966 2535 cum
991 2477 1233 2550 primum
1254 2477 1478 2534 tradidit
1500 2476 1606 2533 illis
1629 2476 1812 2543 ﬁdem,

211 2569 353 2638 quia
381 2569 561 2625 adhuc
589 2568 866 2638 simplices
900 2575 1077 2634 erant,
1116 2582 1229 2623 non
1268 2566 1595 2622 sufﬁcientes
1622 2579 1816 2636 capere

212 2658 486 2729 mysteria
537 2656 678 2725 Dei,
706 2658 1011 2714 secundum
1050 2673 1115 2713 ea
1173 2673 1297 2730 quae
1337 2656 1462 2712 ﬁdei
1503 2655 1815 2711 necessaria

212 2756 404 2815 erant,
447 2764 544 2806 eos
587 2748 871 2805 initiavit:
919 2749 1013 2805 sed
1055 2748 1184 2820 quia
1218 2750 1384 2804 modo
1413 2747 1635 2819 perfecti
1662 2756 1810 2817 sunt,

214 2841 265 2896 si
334 2830 511 2896 modo.
549 2850 696 2897 esset
753 2841 897 2913 apud
940 2857 1066 2908 eos,
1118 2840 1354 2912 aperiret
1404 2838 1715 2911 Scripturas
1762 2850 1817 2897 et

215 2932 490 3003 mysteria
530 2930 675 2987 Dei:
725 2947 848 3003 quae
899 2932 1043 2988 sicut
1089 2933 1243 3003 prius
1307 2930 1582 3003 Superﬁua
1633 2940 1816 2988 essent

214 3038 423 3079 eorum
459 3023 820 3094 simplicitati,
870 3024 950 3080 sic
995 3024 1158 3079 modo
1184 3024 1412 3079 deerant
1457 3037 1648 3078 eorum
1690 3037 1815 3094 per-

217 3114 472 3169 fectioui.
527 3112 763 3171 Oramus
807 3113 991 3170 videre
1024 3112 1217 3169 faciem
1267 3122 1504 3169 vestram
1533 3132 1547 3169 :
1579 3114 1689 3184 ipse
1715 3129 1814 3168 au-

217 3215 331 3260 tem
362 3204 505 3260 Deus
533 3214 584 3259 et
608 3215 762 3277 pater
804 3215 998 3272 noster,
1028 3215 1079 3260 et
1120 3205 1378 3260 Dominus
1400 3181 1641 3261 Christus
1673 3204 1811 3260 diri-
1838 3181 1883 3241 (ἶ

217 3304 316 3366 gat
331 3295 475 3347 viam
503 3302 761 3361 nostram,
790 3294 842 3349 id
866 3302 951 3350 est
974 3293 1139 3350 faciat
1158 3294 1424 3350 directum
1448 3294 1551 3349 iter
1569 3301 1818 3349 nostrum

217 3385 290 3441 ad
313 3373 438 3441 vos.
459 3383 583 3440 Sive
595 3396 777 3441 autem
802 3385 1039 3452 veniam,
1056 3385 1171 3440 sive
1191 3400 1299 3440 non
1311 3384 1546 3451 veniam,
1561 3384 1816 3439 Dominus

217 3490 448 3547 semper
457 3475 769 3546 multiplicet
778 3491 865 3530 vos
878 3475 1176 3531 secundum
1188 3478 1539 3546 augmentum
1552 3472 1820 3528 membro-

218 3582 352 3623 rum
372 3586 387 3621 :
406 3575 457 3621 et
474 3568 642 3638 faciat
653 3567 923 3623 abundare
936 3567 1252 3622 charitatem
1265 3574 1488 3621 vestram
1500 3567 1555 3619 in
1566 3565 1784 3620 invicem
1798 3581 1818 3620 :

219 3659 379 3732 quod
391 3675 584 3717 omnes
596 3660 837 3716 vicissim
850 3660 1088 3732 diligatis
1097 3675 1196 3717 vos
1208 3661 1262 3714 in
1272 3659 1515 3715 Ecclesia
1530 3677 1542 3713 :
1563 3669 1613 3711 et
1637 3657 1694 3712 in
1706 3674 1791 3712 om
1803 3686 1821 3700 -

219 3769 339 3819 nes,
355 3750 413 3806 id
436 3760 519 3808 est
534 3752 698 3807 etiam
719 3751 787 3807 ad
805 3751 1073 3820 inﬁdeles,
1096 3759 1338 3808 transeat
1359 3751 1599 3807 charitas
1612 3758 1813 3806 vestra.

217 3843 393 3915 295
422 3841 611 3898 Faciat
632 3842 932 3910 abundare,
963 3843 1405 3915 quemadmodum
1426 3851 1477 3896 et
1506 3857 1599 3896 nos
1643 3841 1820 3895 abun-

216 3935 429 3990 damus
452 3934 719 3990 cbaritate
741 3936 797 3989 in
821 3935 984 3989 vobis.
1018 3935 1302 3989 Abundare
1342 3934 1487 3999 dico,
1519 3933 1590 3987 ad
1623 3932 1819 4002 conﬁr-

219 4026 433 4082 manda
458 4027 621 4081 corda
646 4036 841 4094 uestra,
857 4036 919 4083 ut
939 4027 1193 4082 voluntas
1216 4034 1397 4082 vestra
1423 4025 1476 4080 in
1504 4024 1653 4081 omni
1673 4024 1818 4079 bono

219 4120 299 4176 sit
328 4119 673 4175 conﬁrmata.
704 4116 1087 4189 Conﬁrmanda
1133 4117 1280 4183 dico,
1326 4117 1440 4171 sine
1486 4113 1719 4186 querela,
1756 4121 1819 4169 ut

220 4211 381 4267 nulla
404 4210 479 4267 sit
500 4209 573 4264 ibi
605 4208 898 4280 iniustitia,
921 4216 976 4264 et
1002 4205 1378 4264 conﬁrmanda
1408 4204 1464 4258 in
1508 4204 1814 4269 sanctitate,

221 4302 379 4358 utin
426 4301 589 4357 bonis
633 4300 831 4357 sanciti
886 4299 1006 4356 sitis
1050 4307 1106 4355 et
1151 4296 1480 4354 conﬁrmati.
1519 4294 1818 4351 Sanctitate

220 4397 376 4461 dico,
413 4393 596 4449 habita
622 4399 746 4446 ante
769 4390 938 4446 Deum
962 4399 1012 4445 et
1037 4389 1259 4445 Patrem
1288 4396 1548 4454 nostrum,
1573 4386 1626 4442 id
1654 4396 1740 4442 est
1759 4386 1815 4440 in

1919 1955 1938 1989 ο
1972 1935 2147 1990 vobis.
2199 1933 2306 2005 Ipsi
2338 1933 2483 1989 enim
2511 1949 2610 1988 vos
2641 1949 2671 1987 a
2703 1931 2813 1991 Deo
2841 1932 3110 1987 didicistis
3161 1939 3221 1985 ut
3248 1931 3488 2002 diligatis

1920 2046 1938 2078 ι
1977 2026 2207 2081 invicem
2256 2023 2437 2095 (Joan.
2471 2040 2592 2089 XIII,
2624 2023 2736 2093 ⁸54).
2795 2021 3003 2076 Etenim
3054 2021 3187 2077 illud
3228 2020 3406 2076 facitis
3433 2022 3486 2075 in

1920 2138 1939 2170 ι
1974 2133 2167 2173 omnes
2195 2116 2414 2182 fratres,
2443 2114 2499 2169 in
2550 2113 2804 2169 universa
2842 2111 3179 2168 Macedonia.
3210 2110 3495 2181 Rogamus

1921 2229 1939 2263 ε
1975 2218 2157 2265 autem
2191 2224 2308 2275 vos,
2367 2207 2584 2275 fratres,
2615 2214 2675 2261 ut
2702 2204 2989 2260 abundetis
3021 2203 3217 2273 magis,
3259 2211 3314 2257 et
3354 2217 3487 2272 opes-

1919 2322 1938 2355 ς
1973 2318 2090 2356 ram
2119 2301 2260 2356 detis
2287 2308 2348 2355 ut
2391 2298 2560 2370 quieti
2613 2297 2754 2365 sitis,
2817 2304 2872 2352 et
2921 2303 3161 2351 vestrum
3210 2295 3488 2365 negotium

1920 2410 1938 2444 c
1974 2390 2177 2462 agatis;
2209 2397 2264 2445 et
2291 2388 2590 2459 operemini
2642 2386 2898 2441 manibus
2926 2384 3142 2450 vestris,
3189 2383 3328 2438 sicut
3352 2398 3493 2453 prae-

1921 2501 1940 2535 ‹
1977 2481 2222 2552 cepimus
2250 2479 2430 2547 vobis,
2457 2488 2512 2535 et
2534 2487 2595 2534 ut
2620 2478 2848 2534 honeste
2868 2475 3159 2532 ambuletis
3192 2475 3260 2529 ad
3280 2489 3376 2529 eos
3396 2474 3492 2545 qui

1921 2592 1939 2625 ι
1978 2572 2113 2628 foris
2138 2579 2288 2640 sunt,
2319 2579 2373 2627 et
2396 2571 2601 2627 nullius
2622 2569 2827 2640 aliquid
2853 2565 3197 2624 desideretis.
3223 2563 3497 2621 Nolumus

1920 2683 1939 2717 ς
1974 2671 2156 2721 autem
2185 2679 2284 2719 vos
2327 2663 2598 2735 ignorare,
2628 2659 2849 2729 fratres,
2878 2658 2946 2715 de
2991 2656 3408 2721 dormientibus,
3434 2663 3496 2710 ut

1910 2774 1941 2809 ’‹
1975 2772 2084 2811 non
2132 2752 2557 2819 contristemini,
2590 2753 2733 2808 sicut
2758 2759 2813 2807 et
2840 2748 3020 2806 caeteri
3062 2748 3157 2820 qui
3177 2752 3357 2819 ’spem
3381 2762 3493 2802 non

1920 2866 1940 2900 ι
1976 2847 2198 2902 habent.
2225 2844 2283 2901 Si
2307 2845 2453 2900 enim
2479 2845 2758 2901 credimus
2784 2842 2931 2915 quod
2955 2840 3118 2897 Iesus
3142 2847 3394 2895 mortuus
3411 2846 3493 2894 est

1920 2957 1940 2991 ς
1974 2947 2030 2994 et
2056 2938 2376 3004 resurrexit,
2407 2937 2481 2993 ita
2513 2945 2567 2992 et
2601 2935 2746 2991 Deus
2775 2949 2870 2989 eos
2895 2932 2993 3004 qui
3018 2932 3363 2987 dormierunt
3392 2945 3493 3001 per

1921 3047 1939 3082 ι
1975 3028 2163 3086 Jesum
2200 3029 2432 3084 adducet
2460 3044 2584 3084 cum
2636 3042 2722 3082 eo.
2752 3023 2869 3081 Hoc
2896 3023 3042 3081 enim
3077 3022 3232 3079 vobis
3261 3022 3495 3078 dicimus

1921 3139 1940 3173 ‹
1976 3121 2032 3176 iu
2055 3120 2221 3176 verbo
2245 3118 2622 3190 Domini,quia
2655 3134 2757 3174 nos
2780 3117 2874 3188 qui
2900 3114 3263 3184 vivimus,qui
3289 3113 3493 3169 residui

1927 3227 1946 3262 ι
1986 3226 2200 3277 sumus,
2235 3209 2288 3264 in
2324 3208 2559 3264 adventu
2590 3207 2809 3262 Domini
2840 3220 2948 3260 non
2979 3202 3374 3274 praaveniemus
3401 3216 3502 3256 eos

1926 3320 1943 3352 ι
1980 3300 2075 3372 qui
2104 3299 2465 3356 dormierunt.
2500 3297 2770 3366 Quoniam
2817 3297 2935 3367 ipse
2957 3290 3224 3349 Dominus
3254 3292 3309 3346 iu
3335 3291 3495 3362 jussu

1925 3409 1945 3444 ‹
1980 3399 2036 3447 et
2056 3390 2111 3446 in
2140 3405 2273 3446 voce
2296 3389 2630 3461 archangeli,
2666 3396 2723 3444 et
2750 3388 2806 3442 in
2840 3386 2969 3442 tuba
2991 3384 3088 3441 Dei
3118 3382 3410 3440 descendet
3429 3382 3499 3439 de

1925 3502 1944 3535 ι
1980 3483 2141 3549 coelo,
2183 3490 2238 3538 et
2274 3481 2477 3537 mortui
2525 3481 2620 3552 qui
2684 3479 2738 3534 in
2767 3477 2989 3534 Christo
3028 3483 3178 3542 sunt,
3212 3481 3499 3547 resurgent

1926 3594 1944 3627 ι
1983 3574 2195 3645 ιιι-ἰωί.,
2219 3573 2424 3628 Deinde
2449 3584 2551 3628 nos
2579 3571 2672 3643 qui
2702 3570 2959 3637 vivimus,
2986 3566 3081 3639 qui
3115 3566 3498 3637 relinquimur,

1925 3684 1945 3718 ι
1985 3664 2152 3721 simul
2201 3663 2480 3735 rapiemur
2532 3677 2658 3717 eum
2714 3659 2823 3715 illis
2877 3659 2933 3714 in
2962 3672 2965 3675 '
2992 3656 3232 3713 nubibus
3281 3654 3498 3711 obviam

1925 3776 1943 3810 ι
1978 3758 2198 3813 Christo
2225 3754 2348 3828 [al.,
2373 3752 2628 3827 Domino]
2653 3752 2708 3808 in
2735 3766 2883 3817 aera,
2910 3756 2967 3805 et
2986 3748 3068 3804 sic
3110 3761 3326 3816 semper
3372 3760 3500 3801 cum

1925 3869 1942 3901 ο
1981 3847 2214 3902 Domino
2239 3844 2468 3901 erimus.
2507 3843 2696 3915 ltaque
2741 3838 3104 3897 consolamini
3159 3836 3397 3892 invicem
3439 3835 3501 3891 in

1924 3964 1942 3996 ι
1976 3942 2157 3999 verbis
2179 3940 2319 3998 istis.
2343 3921 2395 3992 ι’

2550 4038 2863 4082 ΕΧΡΟΕΙΤΙΟ..

1993 4123 2290 4194 Hucusque
2317 4128 2527 4193 partem
2571 4116 2934 4190 perfectorum
2961 4109 3308 4175 collaudavit,
3353 4118 3408 4165 et
3432 4109 3504 4165 ad

1919 4216 2316 4272 incrementum
2367 4209 2718 4284 perfectionis
2759 4206 3083 4264 adhortatus
3105 4211 3208 4259 est.
3238 4200 3395 4257 Nunc
3418 4201 3498 4255 iu-

1917 4305 2050 4377 cipit
2095 4306 2367 4359 instruere
2413 4311 2621 4372 partem
2659 4300 2831 4364 illam,
2877 4311 3001 4368 quae
3049 4294 3337 4350 videbatur
3375 4307 3498 4348 cor-

1918 4397 2098 4468 rumpi
2148 4393 2529 4458 fornicatione,
2554 4389 2892 4455 curiositate,
2945 4387 3080 4452 otio,
3110 4394 3165 4441 et
3207 4384 3276 4440 de
3312 4398 3499 4444 resur:

221 4483 575 4554 beneplacito
600 4481 697 4536 Dei
722 4479 924 4536 Patris.
966 4478 1145 4536 Corda
1173 4478 1298 4534 dico
1321 4477 1401 4533 sic
1442 4474 1814 4532 conﬁrmanda

1928 4488 2165 4545 rectione
2182 4486 2508 4550 dubitando,
2534 4483 2723 4539 dicens
2742 4499 2756 4536 :
2776 4478 2890 4535 Vos
2916 4476 3186 4549 perfectos
3210 4475 3289 4531 sic
3314 4474 3500 4541 laudo,

222 4593 286 4650 ενι
312 4574 561 4641 aduentu,
590 4573 645 4628 id
666 4580 752 4629 est
777 4573 835 4628 in
858 4570 1297 4628 consideratione
1313 4569 1579 4624 adventus
1607 4565 1825 4621 Domini
1860 4565 1894 4572 '
1928 4587 1983 4634 ει
2013 4579 2079 4633 ad
2110 4577 2505 4633 incrementum
2531 4573 2720 4628 invito,
2750 4571 2827 4625 De
2870 4578 3060 4625 εωιενο
3100 4582 3242 4637 ergo,
3286 4565 3497 4634 fratres,

224 4667 402 4722 ηοδινί
426 4664 556 4719 Ῑεδα
607 4664 831 4721 Christi
875 4661 981 4730 Qui
1010 4662 1158 4718 enim
1198 4662 1337 4717 bene
1369 4674 1587 4733 semper
1616 4673 1828 4713 memor
1929 4671 1981 4724 id
2010 4678 2091 4725 est
2132 4670 2198 4724 ad
2241 4669 2467 4724 alteram
2495 4675 2704 4736 partem
2738 4678 2931 4734 agens,
2968 4673 3214 4730 rogamus
3235 4673 3322 4711 vos
3344 4657 3501 4727 quasi

194 4758 335 4825 _erit
367 4756 635 4812 adventus
664 4755 873 4811 Christi
895 4753 963 4810 ad
984 4752 1277 4825 judicium,
1311 4751 1523 4806 timebit
1547 4748 1823 4819 peccando

226 4861 535 4918 provocare
559 4860 709 4901 eum.
740 4841 839 4899 Vel
862 4843 936 4898 ita
966 4861 978 4897 :
1005 4839 1387 4912 Conﬁrmanda
1408 4839 1465 4891 in
1487 4837 1733 4901 adventu,
1765 4834 1819 4889 id

225 4948 319 4994 est
356 4952 530 5009 usque
559 4937 615 4991 in
636 4936 927 4991 adventum
958 4932 1175 4989 Domini
1200 4931 1374 4986 nostri
1423 4928 1551 4983 Jcsu
1584 4925 1812 4983 Christi.

228 5029 440 5086 Christi
486 5028 611 5082 dico
658 5025 871 5081 venturi
899 5041 1018 5079 cum
1043 5022 1285 5078 omnibus
1309 5021 1509 5075 sanctis
1550 5019 1685 5084 suis,
1722 5018 1816 5087 qui

229 5136 365 5177 cum
393 5135 460 5175 eo
475 5116 774 5189 iudicaturi
798 5124 929 5172 sunt
966 5114 1254 5170 mundum.
1298 5110 1415 5177 Vel,
1446 5107 1818 5178 confirmanda

230 5228 357 5266 cum
386 5209 627 5264 omnibus
671 5208 872 5263 sanctis
900 5207 1036 5278 ejus,
1068 5214 1129 5261 ut
1174 5205 1255 5260 sic
1303 5203 1590 5259 conﬁrmet
1620 5209 1677 5254 et
1722 5214 1820 5253 vos

232 5304 701 5378 quemadmodum
745 5301 1090 5357 conﬁrmavit
1147 5307 1370 5354 sanctos
1426 5310 1577 5351 suos.
1628 5292 1817 5360 Amen,

236 5396 295 5453 id
314 5404 403 5453 est
428 5395 501 5450 ita
534 5395 651 5462 fiat,
691 5403 754 5450 ut
792 5409 891 5449 vos
917 5394 997 5451 sic
1018 5390 1438 5448 conﬁrmemini.

850 5482 1081 5541 CAPUT
1128 5480 1218 5537 ιν.

315 5598 337 5631 ι
372 5577 451 5634 De
480 5588 677 5634 caetero
717 5592 869 5649 ergo,
901 5575 1121 5641 fratres,
1158 5589 1418 5646 rogamus
1450 5587 1549 5628 vos
1574 5582 1628 5627 et
1661 5572 1819 5626 obse-

245 5687 270 5726 e
304 5687 530 5728 eramus
550 5671 603 5725 in
631 5670 863 5727 Domino
896 5668 1048 5737 Jesu,
1086 5677 1147 5724 ut
1167 5667 1627 5739 quemadmodum
1658 5681 1816 5720 acce-

251 5781 280 5816 ι
305 5762 466 5834 pistis
493 5777 523 5817 a
547 5761 704 5817 nObis
736 5762 1013 5834 quomodo
1057 5767 1304 5830 Oporteat
1332 5775 1429 5814 vos
1461 5757 1741 5812 ambulare
1765 5766 1819 5811 et

1924 4777 2038 4816 rem
2068 4760 2327 4824 debitam,
2380 4767 2429 4811 et
2471 4758 2802 4811 obsecramus
2851 4751 3042 4807 mitius
3089 4756 3335 4819 agentes,
3369 4747 3499 4802 dum

1922 4867 2208 4923 precamur
2257 4848 2404 4920 quod
2455 4848 2722 4916 imperare
2779 4845 2903 4900 licet
2941 4860 2954 4897 :
2993 4842 3373 4903 obsecramus,
3412 4838 3497 4892 in-

1921 4957 2109 5011 quam,
2160 4941 2215 4993 in
2272 4937 2501 4992 Domino
2539 4934 2690 4999 Iesu,
2742 4932 2789 4989 si
2822 4932 2888 4987 de
2918 4930 3011 4985 illo
3044 4927 3282 5000 gaudere
3315 4927 3501 4993 vultis,

1925 5040 1981 5085 ut
2006 5028 2445 5102 quemadmodum
2489 5024 2764 5095 accepistis
2798 5040 2831 5077 a
2866 5021 3016 5076 nobis
3043 5018 3316 5101 {quomodo
3344 5035 3501 5089 opor-

1925 5132 2031 5176 teat
2066 5139 2151 5176 uos
2186 5119 2458 5175 ambulare
2495 5127 2546 5173 et
2569 5116 2775 5187 placere
2818 5114 2959 5178 Deo;
2985 5111 3259 5166 ambulare
3283 5110 3502 5175 dicitur,

1926 5217 1978 5269 in
2008 5214 2093 5269 his
2122 5228 2245 5283 quae
2286 5226 2351 5266 ex
2376 5209 2663 5265 dilectione
2697 5208 2816 5263 sine
2832 5205 3042 5277 quibus
3090 5204 3256 5259 homo
3308 5204 3503 5274 nequit

1925 5304 2153 5367 salvari;
2202 5301 2408 5371 placere
2468 5301 2522 5355 in
2577 5299 2664 5354 his
2711 5312 2834 5369 quae
2880 5312 2948 5352 ex
2999 5295 3289 5352 dilectione
3340 5295 3505 5350 homo

1924 5391 2257 5463 superaddit,
2283 5398 2343 5445 ut
2367 5403 2587 5446 servare
2611 5387 2778 5459 296
2798 5385 3189 5458 virginitatem,
3220 5383 3356 5440 nihil
3378 5398 3504 5453 pos-

1923 5485 2099 5541 sidere
2137 5483 2193 5538 in
2219 5481 2455 5548 mundo;
2483 5482 2607 5552 quae
2635 5480 2681 5549 si
2709 5494 2819 5534 non
2852 5476 3073 5543 faceret,
3105 5482 3293 5546 posset
3320 5482 3505 5528 tamen

1926 5571 2124 5628 salvari
2156 5590 2169 5625 :
2206 5576 2456 5640 oporteat
2480 5568 2783 5633 ambulare,
2811 5566 2957 5623 sicut
2975 5564 3169 5630 credo,
3190 5561 3338 5633 quod
3379 5575 3503 5615 am-

1923 5663 2147 5730 bulatis,
2177 5662 2305 5717 licet
2336 5661 2416 5717 sic
2443 5674 2541 5716 vos
2572 5660 2895 5714 admoneam
2932 5675 2951 5709 :
2990 5667 3248 5725 rogamus
3267 5659 3322 5706 et
3346 5651 3507 5707 obse-

1926 5771 2168 5813 cramus.
2199 5762 2255 5806 ut
2282 5752 2557 5807 abundetis
2583 5750 2772 5819 magis,
2807 5744 3138 5802 ambulando
3164 5752 3224 5799 et
3244 5742 3522 5814 placenda.
