3988 6416
2007 272 2046 288 α.

521 363 626 432 107

1056 377 1116 432 ε.
1156 372 1505 456 aauNoNIs
1540 366 2184 456 csnrtiusmtonuu
2227 368 2714 431 msrrrn'roms
2739 373 2902 452 ore.
2944 375 3126 432 PARS
3163 377 3228 432 ιι.

3673 379 3767 435 ιω

522 492 786 550 admoniti
833 507 876 547 a.
910 507 1018 562 me,
1045 508 1210 564 quam
1236 492 1408 564 prius.
1439 489 1507 544 Et
1535 487 1743 544 debetis
1770 487 2087 552 abundare;
2124 485 2166 544 Α
2198 488 2376 556 (Joan.
2406 506 2496 556 xv,
2522 491 2633 562 12),
2669 509 2686 542 ι
2727 503 2830 548 etc.
2877 491 3001 550 Ideo
3041 494 3240 550 iterum
3299 509 3409 550 non
3435 505 3520 552 est
3549 511 3768 554 necesse

525 585 674 640 scitis
711 585 853 640 enim
877 601 1018 656 qum,
1045 585 1098 642 id
1127 593 1212 642 est
1243 599 1406 656 quam
1443 581 1627 652 digna,
1650 590 1910 651 prwcepta
1939 581 2094 637 dede-

525 676 627 730 rim
649 673 791 730 vobis
813 691 904 744 per
921 674 1203 731 Dominum
1215 673 1418 741 Iesum,
1438 671 1517 728 sic
1541 671 1914 726 instituentem
1935 670 2092 728 mihi.

524 765 698 838 Digna
726 767 912 836 utique
943 774 1206 838 praecepta
1239 764 1362 820 dedi
1379 762 1554 820 vobis.
1584 761 1728 816 Nam
1757 763 1869 817 hinc
1897 769 1974 818 est
2006 779 2096 817 vo-

525 859 702 914 luntas
727 857 826 912 Dei
860 869 1028 914 vestra
1061 855 1437 926 sanctiﬁcatio,
1469 854 1522 909 id
1553 863 1640 910 est
1675 862 1736 910 ut
1765 869 1866 910 vos
1895 855 2096 910 sancti-

525 949 672 1006 ﬁcati
721 947 860 1014 sitis,
909 957 1118 1003 remoto
1166 945 1316 1000 omni
1373 944 1557 1000 vitioa
1595 944 1772 1001 vobis.
1819 943 1945 999 Haec
1989 951 2093 1010 est,

529 1040 966 1112 inquam,vestra
995 1037 1376 1104 sanctificatio,
1407 1045 1465 1090 ut
1489 1053 1576 1091 vos
1604 1036 1914 1090 abstineatis
1937 1053 1969 1088 a
1985 1035 2094 1105 for-

525 1129 826 1196 nicatione,
852 1140 919 1181 ne
948 1125 1312 1198 corrumpatis
1363 1141 1588 1180 uxorem
1640 1123 1894 1194 proximi.
1933 1122 2000 1177 Et
2039 1132 2096 1178 ut

526 1221 662 1289 sciat
681 1219 1028 1289 unusquisque
1055 1227 1283 1272 vestrum
1308 1234 1400 1273 vas
1437 1233 1591 1272 suum
1612 1216 1897 1286 possidere,
1921 1215 1973 1270 id
2013 1223 2098 1272 est

524 1326 684 1366 suum
709 1324 928 1378 corpus.
969 1307 1123 1364 Sicut
1165 1309 1312 1364 enim
1344 1309 1502 1364 miles
1530 1308 1584 1362 in
1617 1307 1986 1371 tabernaculo,
2016 1307 2098 1362 sic

521 1399 746 1468 spiritus
774 1398 827 1452 in
865 1405 1096 1470 Corpore
1143 1399 1380 1455 militare
1423 1398 1582 1454 debet
1635 1398 1746 1453 Deo
1777 1416 1791 1452 :
1820 1396 2093 1462 manibus,

518 1490 882 1546 ministrando
930 1490 1299 1561 pauperibus;
1357 1489 1609 1560 pedibus,
1641 1489 1912 1546 visitando
1947 1487 2098 1542 inﬁr—

521 1597 663 1647 mos,
686 1589 740 1636 et
767 1581 992 1644 similia,
1021 1581 1074 1635 in
1108 1581 1320 1636 caneris
1359 1579 1640 1635 membris.
1670 1577 1948 1633 Possidere
1975 1578 2097 1637 ideo

522 1673 684 1738 dicit,
707 1671 838 1744 quia
872 1687 1074 1752 corpus
1097 1671 1170 1725 ita
1193 1671 1353 1747 debet
1371 1669 1585 1726 domari
1617 1685 1648 1724 a
1671 1668 1866 1740 spiritu
1889 1677 1950 1724 ut
1971 1683 2098 1738 pos-
2114 1701 2126 1712 -

520 1764 764 1818 sidentur
785 1763 944 1833 quasi
980 1778 1170 1818 servus
1206 1761 1458 1828 rationis,
1486 1769 1712 1832 portans
1733 1751 2098 1832 quodcunque

525 1872 666 1911 onus
696 1855 997 1926 imponitur
1048 1855 1172 1910 sibi.
1211 1854 1491 1910 Possident
1522 1854 1645 1910 dico
1691 1855 1748 1909 in
1787 1853 2095 1923 sancti/ica-

525 1947 685 2013 tione,
734 1954 795 2002 ut
822 1947 918 2002 ﬁat
954 1955 1206 2002 sanctum
1243 1947 1298 2001 in
1351 1945 1688 2002 habitatione
1734 1945 2019 2011 virtutum,
2047 1952 2100 2002 et

523 2037 804 2108 possidere
843 2037 896 2092 in
943 2037 1160 2106 honore,
1208 2048 1266 2094 ut
1317 2053 1426 2094 non
1488 2030 1782 2094 inclinetur
1814 2035 1886 2092 ad
1916 2021 2098 2093 actum

523 2129 898 2200 turpitudinis,
925 2137 980 2186 et
1014 2148 1118 2186 non
1161 2135 1218 2184 in
1243 2129 1528 2196 desiderio,
1553 2139 1614 2185 ut
1651 2129 1843 2186 saltem
1889 2128 2102 2184 deside-

527 2229 610 2280 rct
639 2228 850 2290 turpem
887 2230 1093 2288 actum,
1125 2219 1324 2288 nedum
1369 2230 1642 2291 operetur.
1671 2219 1952 2275 Desiderio
1979 2217 2102 2274 dico

527 2311 674 2380 quod
723 2321 809 2366 est
847 2327 967 2366 esse
999 2312 1052 2366 in
1089 2311 1368 2381 passione.
1393 2311 1586 2366 Gravis
1629 2311 1774 2366 enim
1805 2311 1988 2380 passio
2017 2317 2104 2366 est

530 2402 696 2456 animi
727 2403 906 2457 vivere
932 2402 984 2456 in
1009 2403 1282 2470 desiderio
1307 2403 1509 2458 carnis.
1539 2401 1734 2474 Vivere
1763 2403 1820 2458 in
1848 2403 2102 2472 passione

527 2492 806 2559 desiderii,
837 2493 974 2546 sicut
1012 2491 1134 2550 falsi
1155 2493 1476 2560 Christiani,
1508 2502 1559 2548 et
1605 2501 1779 2564 gentes
1805 2509 1920 2564 qua:
1952 2496 2103 2573 igno—

529 2593 651 2643 rant
671 2584 868 2651 Deum,
899 2583 1124 2643 faciunt.
1158 2585 1440 2646 Abstinete
1482 2601 1512 2641 a
1549 2583 1928 2652 fornicatione,
1957 2593 2012 2640 et
2033 2583 2104 2640 ab

529 2676 820 2732 adulterio.
841 2675 997 2744 Quod
1027 2677 1106 2733 sic
1125 2677 1203 2732 ait
1231 2695 1243 2732 :
1272 2676 1354 2732 Ne
1385 2677 1504 2750 quis
1535 2677 1964 2748 supergrediatur
1991 2677 2103 2747 fra-

533 2777 664 2822 trem
693 2785 848 2824 suum
881 2769 936 2823 in
961 2769 1080 2824 ullo.
1101 2769 1314 2840 privato
1351 2769 1556 2840 negotio
1603 2784 1728 2824 cum
1759 2784 1930 2834 urore
1979 2767 2104 2839 ejus

527 2857 736 2928 habito,
787 2875 948 2929 neque
1000 2860 1375 2914 circumveniat
1420 2858 1474 2916 in
1519 2857 1732 2914 eodem.
1773 2856 2102 2930 Supergredi

525 2957 694 3015 esset,
731 2948 780 3004 si
823 2949 1090 3012 violenter
1137 2959 1350 3021 raperet
1390 2949 1616 3006 alterius
1677 2964 1926 3006 uxorem.
1977 2947 2104 3006 Cir-

529 3041 870 3110 cumvenire,
906 3041 953 3098 si
983 3041 1301 3098 seductione
1345 3041 1505 3112 pretii
1533 3041 1618 3120 vel
1665 3040 1844 3112 precis
1873 3040 2104 3096 subver-

2197 580 2435 635 scribere
2485 581 2660 646 vobis,
2712 583 2842 652 quia
2897 599 2997 638 vos
3046 585 3228 654 facitis
3274 585 3412 640 illud
3441 598 3767 657 praeceptum

2195 669 2502 726 dilectionis
2536 673 2592 726 in
2621 689 2799 728 omnes
2849 673 3044 744 fratres
3090 675 3388 733 existentes
3425 676 3482 732 in
3533 677 3770 732 universa

2199 759 2529 816 Macedonia.
2577 759 2684 818 Sed
2723 763 2851 820 licet
2891 778 3001 819 non
3031 765 3104 820 sit
3131 781 3356 823 necesse
3383 767 3512 822 ideo
3539 769 3771 824 scribere

2196 851 2368 918 vobis,
2405 859 2584 907 tamen
2615 869 2859 924 rogamus
2894 871 2984 908 vos
3017 868 3233 922 omnes,
3268 856 3487 926 fratres,
3525 868 3586 912 ut
3611 859 3770 928 magis

2197 942 2358 998 solito
2390 941 2668 999 abundetis
2690 945 2745 998 in
2774 945 3062 1014 charitate,
3081 954 3133 1000 et
3161 947 3297 1002 detis
3325 963 3544 1018 operam
3575 959 3634 1002 ut
3662 949 3772 1003 sitis

2195 1035 2380 1105 quieti,
2411 1049 2520 1090 nou
2553 1035 2628 1091 ita
2651 1051 2748 1106 per
2776 1037 2970 1092 urbem
3001 1037 3206 1093 curiosi
3249 1039 3572 1106 rumoribus
3597 1039 3771 1108 inqui-

2197 1123 2400 1191 rendis;
2424 1133 2546 1180 etut
2572 1125 2692 1181 sitis
2707 1126 2896 1196 quieti,
2921 1128 3096 1198 agatis
3123 1137 3352 1192 vestrum
3375 1130 3670 1200 negotium,
3693 1146 3771 1192 ne,

2196 1215 2525 1284 contemptis
2549 1215 2806 1286 pr0priis,
2856 1215 3036 1288 aliena
3083 1217 3301 1288 negotia
3331 1217 3564 1272 curetis.
3609 1217 3666 1272 lu
3697 1217 3773 1274 his

2196 1306 2379 1362 verbis
2417 1307 2616 1362 ’vitium
2688 1307 3024 1364 curiositatis
3073 1306 3369 1364 interdicit.
3438 1307 3506 1362 Et
3553 1317 3612 1364 ut
3664 1309 3773 1365 sitis

2197 1399 2389 1471 quieti,
2440 1401 2732 1472 operamini
2777 1401 3021 1455 manibus
3051 1401 3254 1466 vestris,
3286 1401 3433 1456 unde
3481 1400 3642 1456 vobis
3687 1401 3774 1455 ha-

2197 1490 2394 1558 beatis,
2455 1507 2526 1548 ne
2583 1491 2746 1548 otiosi
2794 1491 3005 1548 alienos
3061 1489 3290 1560 labores,
3339 1490 3531 1546 illicite
3581 1507 3660 1544 co
3687 1507 3772 1546 su-

2197 1582 2518 1640 matis.‘liic
2549 1584 2882 1654 otiositatem
2926 1583 3229 1656 prohibuit,
3282 1580 3593 1652 Operemini
3635 1581 3771 1650 dico,

2197 1672 2361 1748 297
2371 1677 3117 1756 sicutparentesprtecepimus
3128 1674 3288 1729 vobis.
3304 1671 3643 1744 Operemini,
3657 1671 3775 1744 quia

2197 1768 2557 1838 praecepimus
2578 1767 2750 1834 vobis,
2776 1776 2827 1822 et
2850 1777 2907 1822 ut
2928 1767 3138 1822 honeste
3158 1765 3438 1832 ambuletis
3464 1765 3538 1818 ad
3567 1781 3673 1831 eos,
3693 1765 3775 1834 qui

2203 1855 2334 1926 foris
2351 1866 2497 1924 sunt,
2521 1857 2574 1912 id
2605 1867 2689 1913 est
2710 1857 2763 1915 in
2789 1846 3086 1927 conspectu
3115 1853 3438 1922 inﬁdelium,
3460 1870 3532 1910 ne
3555 1853 3775 1908 habeant

2203 1947 2258 2002 in
2303 1965 2415 2019 quo
2459 1949 2672 2020 possint
2695 1948 2984 2003 detrahere
3025 1947 3200 2002 vobis.
3234 1945 3360 2003 Ideo
3397 1945 3568 2002 etiam
3594 1960 3772 2015 opere-

2203 2038 2361 2106 miui,
2385 2047 2444 2092 ut
2473 2037 2673 2092 nullius
2697 2037 2905 2109 aliquid
2925 2037 3256 2104 desideretis,
3291 2035 3346 2092 id
3370 2043 3460 2091 est
3490 2043 3554 2090 ut
3581 2035 3772 2090 haben-

2203 2143 2286 2186 tes
2312 2133 2378 2185 de
2407 2131 2630 2202 proprio
2650 2130 2836 2185 labore
2857 2145 2946 2185 res
2967 2129 3196 2198 alterius
3217 2113 3326 2182 non
3349 2125 3772 2199 concupiscatis,

2204 2221 2350 2294 quod
2373 2231 2586 2293 egestas
2607 2221 2835 2278 veniens
2855 2235 2923 2276 ex
2953 2221 3068 2292 otio
3097 2218 3410 2275 desiderare
3445 2217 3734 2295 compellit.

2274 2312 2428 2369 Nunc
2465 2313 2800 2385 dubietatem
2825 2323 3015 2384 .quam
3055 2313 3124 2382 de
3165 2310 3572 2380 resurrectione
3619 2309 3774 2364 babe-

2205 2405 2357 2470 bant,
2387 2406 2644 2476 congruis
2673 2404 2980 2460 rationibus
3009 2403 3272 2470 absolvit,
3299 2397 3523 2457 dicensi
3545 2399 3629 2456 De
3653 2399 3772 2456 cha-

2205 2497 2366 2552 ritatc
2401 2511 2505 2552 non
2561 2505 2645 2552 est
2681 2511 2906 2552 necesse
2953 2494 3198 2550 scribere
3242 2491 3432 2559 vobis;
3461 2493 3554 2546 sed
3582 2491 3646 2546 de
3663 2491 3774 2544 dor-

2205 2588 2484 2643 mientibus
2515 2587 2759 2642 nolumus
2804 2603 2891 2642 vos
2913 2585 3178 2658 ignorare,
3204 2585 3421 2656 fratres.
3443 2583 3775 2638 Dormientes

2204 2689 2362 2736 vocat
2391 2691 2662 2748 mortuos,
2693 2688 2752 2735 ιιι
2781 2673 3167 2736 οειειιᾶειιίιιιιι
3205 2676 3365 2732 facile
3391 2676 3566 2732 Deum
3599 2689 3772 2731 resus-

2207 2773 2376 2843 citare
2410 2783 2657 2828 mortuos
2702 2787 2867 2843 quam
2905 2769 3067 2828 facile
3104 2779 3190 2826 est
3217 2768 3580 2825 dormientem
3611 2765 3773 2822 susci-

2206 2865 2310 2920 tari
2341 2881 2371 2920 e
2415 2879 2630 2920 somno.
2675 2862 2800 2920 Ideo
2831 2863 3088 2922 nolumus
3127 2876 3226 2916 vos
3274 2861 3531 2932 ignorare
3559 2857 3625 2914 de
3655 2859 3774 2914 dor-

2208 2956 2526 3023 mientibus,
2569 2965 2626 3012 ut
2657 2973 2760 3012 non
2801 2956 3189 3010 contristemini
3217 2953 3579 3010 immoderate
3625 2967 3774 3022 super

2208 3057 2414 3107 mortes
2464 3049 2915 3120 propinquorum,
2953 3049 3096 3102 sicut
3136 3045 3354 3118 gentiles
3382 3053 3440 3102 et
3475 3044 3636 3099 etiam
3662 3031 3773 3100 ι’ιίέὶ

530 3141 669 3190 teret
703 3149 930 3194 uxorem
961 3133 1197 3206 proximi
1244 3133 1559 3190 consentire
1594 3132 1719 3191 sibi.
1774 3131 1927 3188 Hanc
1980 3147 2107 3200 scn-
2135 3151 2177 3210 (ι
2209 3139 2527 3206 Christiani,
2558 3140 2650 3210 qui
2679 3155 2782 3194 non
2803 3139 2994 3196 habent
3021 3155 3164 3209 spem
3193 3135 3612 3197 resurrectionis
3641 3133 3772 3189 fum-

527 3224 755 3281 tentiam
797 3241 908 3282 non
933 3225 1068 3280 satis
1105 3234 1292 3296 aperte
1353 3225 1592 3288 innuunt
1635 3223 1801 3280 verba
1829 3223 1974 3291 libri,
2006 3222 2102 3278 sed

529 3316 714 3386 priora
748 3325 804 3373 et
858 3318 1142 3386 sequentia
1198 3318 1341 3372 hanc
1386 3316 1524 3372 velle
1567 3315 1840 3372 videntur.
1879 3313 1974 3370 Vel
2013 3315 2104 3371 illa

529 3409 714 3478 priora
742 3418 1044 3464 mutantur.
1075 3408 1356 3464 Abstinete
1391 3424 1420 3464 a
1450 3405 1811 3470 fornicatione
1837 3422 1961 3462 cum
1986 3421 2104 3463 me-

529 3499 848 3566 retricibus,
885 3510 945 3554 ut
973 3501 1111 3557 sciat
1143 3501 1522 3570 unusquisque
1556 3508 1797 3554 vestrum
1827 3499 2106 3569 possidere

531 3606 694 3648 suum
721 3605 838 3655 vas,
867 3589 924 3646 id
961 3598 1044 3649 est
1073 3603 1233 3658 suam
1258 3603 1482 3647 uxorem
1517 3601 1638 3658 quae
1672 3602 1871 3657 corpus
1893 3593 1978 3642 est
1999 3586 2105 3641 viri

529 3681 586 3735 in
611 3661 1066 3744 sanctiﬁcatione,
1097 3676 1151 3734 id
1175 3685 1278 3742 est,
1310 3677 1366 3731 in
1410 3677 1676 3732 munditia
1705 3685 1762 3732 et
1785 3675 1840 3731 in
1875 3675 2100 3730 honore.

529 3771 650 3827 Non
697 3773 752 3826 in
779 3769 1136 3842 turpitudine,
1164 3778 1218 3824 et
1253 3786 1355 3823 non
1383 3769 1439 3822 in
1467 3771 1708 3839 passione
1745 3767 2017 3834 desiderii,
2053 3769 2104 3823 id

533 3872 618 3920 est
674 3878 742 3918 ne
789 3863 954 3918 nimis
997 3861 1291 3917 carnaliter
1343 3859 1608 3916 afﬁciatur
1661 3861 1810 3916 circa
1853 3876 2103 3926 uxorem,

527 3956 667 4009 sicut
691 3963 864 4025 gentes
893 3953 1100 4010 faciunt
1125 3970 1242 4025 qua:
1288 3952 1458 4008 Deum
1491 3953 1758 4024 ignorant.
1793 3951 1929 4008 Illud
1959 3953 2105 4024 quod

528 4044 777 4115 sequitur
805 4059 914 4100 non
947 4053 1210 4110 mutatur,
1234 4043 1355 4099 ideo
1381 4059 1542 4099 nemo
1590 4044 1964 4098 circumveniat
1995 4043 2106 4114 fra-

529 4145 686 4200 trem,
707 4144 836 4200 etc.,
867 4135 1116 4206 quoniam
1153 4133 1408 4188 Dominus
1434 4135 1624 4188 vindex
1643 4143 1720 4188 est
1739 4134 1804 4189 de
1823 4134 1904 4188 his
1932 4135 2106 4193 omni-

531 4226 782 4290 bus,.tam
810 4223 878 4280 de
917 4223 1300 4291 fornicatione,
1333 4241 1498 4295 quam
1532 4225 1600 4280 de
1647 4210 2106 4291 adulterio,vsicut

501 4315 874 4386 ‘prazdiximus
903 4316 1046 4370 vobis
1079 4331 1204 4370 cum
1233 4331 1482 4372 essemus
1518 4315 1662 4386 apud
1689 4331 1809 4384 vos,
1834 4325 1883 4371 et
1915 4317 2107 4386 testifi-

530 4409 639 4462 cati
666 4423 848 4463 sumus
873 4407 1202 4464 testimoniis
1231 4407 1656 4486 Scripturarum.

605 4498 741 4554 Vere
783 4498 1049 4556 Dominus
1083 4498 1279 4555 vindex
1307 4508 1395 4561 est
1436 4499 1503 4555 de
1527 4499 1644 4565 bis;
1673 4515 1796 4552 nam
1833 4497 1974 4553 Deus
2005 4515 2105 4553 non

529 4592 732 4646 vocavit
759 4608 852 4646 nos
889 4592 945 4646 in
977 4591 1370 4646 immunditiam
1395 4591 1750 4662 operandam,
1779 4591 1868 4644 sed
1899 4593 1955 4645 in
1978 4608 2107 4646 san-

527 4684 905 4754 cliﬁcatiottem
941 4682 1267 4749 habendam,
1297 4693 1350 4740 et
1380 4682 1510 4754 quia
1555 4697 1666 4738 non
1713 4683 1768 4736 in
1809 4682 2107 4738 immundi-

528 4775 680 4842 tiam,
731 4775 827 4831 sed
877 4775 1103 4836 vocavit.
1131 4790 1234 4831 nos
1285 4773 1430 4834 Deus
1481 4775 1540 4830 in
1597 4773 2104 4830 sanctiﬁcationem.

528 4864 718 4936 Itaque
745 4867 835 4938 qui
856 4867 1054 4938 spernit
1083 4867 1178 4922 hoc
1206 4882 1420 4934 cavere,
1453 4867 1662 4924 scilicet
1689 4879 1721 4921 a
1748 4864 2108 4921 fornicatione

527 4965 583 5011 et
603 4956 894 5026 adulterio,
939 4977 1044 5016 non
1073 4962 1270 5031 spernit
1319 4960 1606 5024 hominem,
1633 4957 1724 5012 sed
1777 4955 1967 5024 Deum,
2009 4957 2104 5026 qui

530 5057 687 5102 vocat
719 5049 774 5103 in
813 5053 1330 5108 sanctiﬁcationem:
1367 5049 1578 5122 spernit
1623 5048 1790 5104 etiam
1833 5047 2103 5118 hospitem

529 5157 690 5198 suum
735 5126 997 5213 Spiritum
1044 5155 1312 5201 sanctum.
1367 5143 1525 5211 Quod
1559 5145 1637 5200 sic
1667 5145 1742 5198 ait
1776 5161 1787 5196 :
1829 5139 1932 5208 Qui
1963 5139 2106 5198 Deus

529 5233 672 5289 dedit
722 5230 981 5304 Spiritum
1035 5238 1189 5290 suum
1233 5245 1473 5290 sanctum
1521 5236 1576 5288 in
1633 5235 1804 5300 nobis,
1841 5249 2006 5304 quem
2059 5235 2105 5288 si

531 5324 700 5378 Deum
727 5325 1002 5396 spernitis,
1039 5341 1164 5380 cum
1191 5325 1308 5382 Deo
1329 5335 1573 5396 spretum
1603 5326 1848 5396 perditis.
1882 5325 1958 5380 De
1987 5315 2126 5380 for-'

530 5416 800 5472 nicationc
833 5424 888 5472 et
937 5416 1206 5472 adulterio
1245 5417 1326 5472 sic
1381 5433 1479 5472 vos
1523 5417 1876 5482 instruimus;
1913 5416 2008 5472 sed
2045 5416 2108 5470 de

529 5507 790 5562 charitate
829 5508 1184 5578 fraternitatis
1234 5524 1337 5562 non
1375 5507 1622 5562 habemus
1653 5525 1854 5564 necesse
1883 5508 2109 5562 scribere

532 5599 694 5664 vobis,
709 5599 836 5670 quia
861 5599 1054 5669 vosipsi
1083 5599 1350 5654 didicistis
1372 5617 1402 5653 a
1431 5599 1538 5654 Deo
1566 5601 1649 5656 vel
1679 5601 1908 5655 interius
1936 5599 2109 5670 inspi-

2207 3247 2300 3286 rze.
2335 3230 2402 3288 Et
2435 3231 2502 3287 de
2537 3231 2937 3287 resurrectione
2969 3232 3326 3302 desperantes
3353 3228 3437 3284 sic
3477 3225 3770 3284 contristari

2206 3338 2314 3378 non
2343 3322 2570 3388 debetis,
2599 3324 2744 3393 quia,
2767 3324 2816 3378 si
2837 3323 3099 3377 credimus
3125 3321 3265 3393 quod
3289 3319 3449 3377 Iesus
3481 3319 3770 3384 resurrexit,

2205 3423 2259 3468 et
2290 3422 2350 3468 ut
2376 3429 2558 3468 veram
2591 3413 2710 3482 ejus
2735 3413 3190 3470 resurrectionem
3224 3411 3440 3484 probet,
3470 3411 3767 3482 praemittit:

2205 3505 2360 3562 Iesus
2386 3521 2512 3562 vere
2540 3515 2778 3562 mortuus
2799 3515 2876 3560 est
2908 3515 2958 3560 et
2982 3505 3292 3570 resurrexit;
3316 3503 3364 3560 si
3396 3505 3524 3570 hoc,
3546 3504 3767 3574 inquam.

2206 3598 2502 3665 credimus,
2523 3599 2608 3652 ita
2645 3606 2695 3654 et
2736 3598 2960 3654 credere
2993 3597 3258 3654 debemus
3287 3597 3436 3668 quod
3459 3613 3549 3651 eos
3573 3597 3678 3666 qui,
3702 3594 3770 3648 vi-

2205 3690 2382 3746 vendo
2409 3705 2502 3760 per
2519 3676 3082 3758 Iesum,'dormierunt
3113 3705 3206 3760 per
3229 3686 3448 3755 Iesum,
3477 3687 3532 3743 id
3566 3696 3648 3744 est
3675 3687 3768 3742 vita

2207 3798 2442 3853 quorum
2471 3791 2526 3838 et
2551 3797 2700 3837 mors
2741 3781 2796 3836 in
2829 3779 2960 3836 Jesu
2999 3779 3122 3848 fuit,
3147 3797 3256 3846 eos,
3287 3779 3536 3849 inquam,
3569 3778 3768 3832 adducet

2207 3871 2348 3927 Deus
2377 3889 2497 3938 cum
2521 3887 2603 3940 eo,
2627 3872 2682 3927 id
2715 3880 2800 3927 est
2829 3886 2955 3927 cum
2979 3869 3109 3927 Jesu
3145 3869 3537 3942 impassibiles,
3567 3869 3767 3924 immor-

2207 3963 2344 4018 tales
2371 3963 2428 4018 in
2454 3963 2645 4034 gloria.
2683 3960 2902 4019 Falsam
2947 3961 3310 4036 quorumdam
3333 3960 3666 4032 opinionem,
3688 3957 3770 4030 qui

2207 4053 2460 4113 dicebant
2505 4069 2736 4126 corpora
2791 4053 2844 4108 in
2879 4053 2971 4110 die
3016 4053 3110 4110 illo
3161 4052 3344 4109 adhuc
3391 4051 3602 4122 integra
3631 4065 3770 4122 posse

2207 4142 2512 4216 resurgere,
2544 4159 2605 4200 ea
2634 4158 2764 4198 vero
2801 4159 2924 4214 quae
2951 4150 3137 4204 essent
3157 4142 3431 4224 dissoluta
3468 4141 3523 4196 in
3553 4141 3768 4203 cineres.

2207 4250 2488 4309 nunquam
2514 4249 2822 4306 resurgere,
2851 4233 3106 4300 destruit,
3133 4232 3357 4294 dicens:
3378 4230 3518 4286 Vere
3545 4231 3640 4302 qui
3663 4230 3772 4284 dor.

2208 4325 2820 4382 mierunt'adducentur
2865 4340 2994 4382 cum
3042 4323 3210 4391 Jesu;
3258 4339 3383 4378 nam
3425 4322 3527 4377 hoc
3567 4321 3770 4376 dicimus

2211 4417 2356 4472 vobis
2383 4419 2439 4471 in
2469 4415 2619 4472 verba
2646 4416 2879 4479 Domini.
2910 4414 3057 4471 Deus
3089 4415 3236 4470 enim
3266 4413 3374 4470 hoc
3399 4413 3563 4470 nobis
3588 4410 3770 4467 revela-

2211 4509 2305 4576 vit,
2337 4509 2484 4578 quia,
2533 4507 2584 4562 id
2629 4515 2714 4562 est
2757 4506 2926 4576 quod,
2965 4520 3060 4558 nos
3087 4505 3178 4576 qui
3213 4500 3435 4558 vivimus
3477 4503 3536 4557 in
3565 4502 3770 4556 adventu

2211 4596 2456 4662 Domini,
2485 4604 2537 4649 et
2587 4595 2679 4668 qui
2716 4593 2912 4648 residui
2966 4609 3149 4646 sumus
3182 4599 3264 4646 tot
3304 4589 3488 4648 malis.
3525 4589 3683 4645 Ponit
3722 4601 3771 4641 se

2209 4687 2368 4758 quasi
2416 4685 2662 4743 futurum
2705 4685 2760 4740 in
2792 4685 2881 4742 die
2909 4683 3124 4750 ultimo,
3158 4681 3282 4754 ideo
3324 4682 3454 4752 quia
3485 4677 3770 4752 persecutio

2210 4779 2583 4848 apostolorum
2609 4786 2664 4833 et
2684 4776 2925 4837 fidelium
2947 4775 3050 4833 sub
3078 4773 3420 4831 Antichristo
3448 4771 3769 4832 futurorum,

2210 4869 2377 4925 simili
2425 4869 2740 4925 difﬁcultate
2775 4855 3204 4938 comparabitur.
3247 4863 3401 4922 Unde
3457 4865 3603 4920 idem
3639 4860 3766 4918 alibi.

2213 4959 2326 5016 Nos
2407 4975 2599 5016 sumus
2647 4977 2665 5010 ι
2700 4959 2756 5014 in
2805 4973 2945 5028 quos
3008 4953 3146 5012 ﬁnes
3198 4955 3385 5013 saeculi
3459 4955 3771 5010 devenerunt

2214 5043 2269 5116 (1
2319 5044 2442 5100 Cor.
2483 5061 2536 5112 χ,
2569 5045 2680 5117 ll).
2712 5065 2730 5097 ι
2772 5045 2906 5112 Nos,
2936 5046 3182 5118 inquam,
3224 5045 3315 5115 qui
3361 5044 3564 5099 residui
3611 5054 3768 5096 suum

2211 5138 2267 5190 in
2299 5137 2523 5192 adventu
2552 5136 2790 5205 Domini,
2818 5153 2920 5211 non
2945 5137 3316 5207 prteveniemus
3337 5152 3426 5190 eos
3448 5137 3543 5206 qui
3566 5131 3770 5188 dormie-

2213 5237 2335 5282 runt
2366 5227 2420 5282 in
2455 5227 2856 5297 resurrectione
2901 5227 2994 5298 qui
3039 5235 3164 5282 ante
3205 5241 3310 5282 nos
3330 5225 3682 5288 dormierunt,
3718 5226 3766 5273 ut

2177 5305 2487 5374 'Ahraham
2519 5328 2574 5374 et
2609 5327 2855 5374 caeteros.
2889 5318 2948 5373 ln
2985 5318 3091 5375 hoc
3118 5332 3279 5374 versu
3306 5325 3601 5387 utrumque
3637 5309 3759 5373 fecit.

530 5695 704 5754 raute,
751 5689 836 5744 vel
883 5688 937 5743 in
982 5686 1276 5760 Evangelio
1326 5689 1432 5744 hoc
1477 5687 1726 5754 docente,
1775 5698 1832 5743 ut
1863 5689 2106 5760 diligatis
2175 5745 2178 5750 _

532 5779 774 5848 invicem,
820 5781 912 5837 ubi
961 5781 1037 5836 ait
1091 5801 1102 5834 :
1161 5803 1180 5834 ι
1236 5779 1347 5837 lloc
1402 5789 1486 5837 est
1541 5790 1870 5851 praereptum
1926 5795 2106 5834 meum

2211 5422 2265 5467 et
2292 5413 2574 5468 veritatem
2623 5413 3042 5468 resurrectionis
3085 5411 3330 5468 omnium
3369 5406 3691 5481 approbavit,
3714 5409 3756 5456 et

2213 5504 2278 5558 de
2305 5505 2503 5574 quibus
2531 5505 2884 5572 dubitabant,
2917 5521 3107 5561 eorum
3139 5503 3592 5561 resurrectionem
3623 5495 3750 5569 prius

2215 5596 2452 5650 futuram
2479 5612 2601 5652 esse
2627 5597 2882 5654 ostendit.

2289 5683 2384 5738 llic
2415 5694 2594 5739 tamen
2621 5685 2920 5740 notandum
2947 5683 3092 5756 quod
3123 5683 3402 5755 justorum
3435 5672 3740 5736 resurrectib'

2216 5791 2336 5827 nem
2385 5774 2728 5831 solummodo
2775 5776 3056 5846 approbat.
3098 5774 3234 5830 Vere
3281 5789 3383 5828 nos
3433 5767 3616 5826 residui
3644 5775 3736 5817 που
