3988 6398
192 342 317 404 ιω

768 346 1149 407 ΕΧΡοειτιο
1186 350 1271 407 IN
1292 352 1675 411 EPISTULAS
1705 356 1788 411 ΡΑ

1893 358 1934 415 ι.
1976 390 2044 399 -
2081 351 2149 415 1N
2187 362 2405 420 EPIST.
2446 365 2466 419 ι
2504 316 2909 429 Αυτιιεεεζί

3367 365 3473 440 Σιιῦ

188 461 610 568 praeveniemus
642 462 873 568 priores,
915 468 1168 568 quoniam
1214 466 1335 540 ipse“
1355 470 1611 526 Dominus
1638 472 1795 568 Chrif
1824 478 1871 534 Α
1902 496 1920 528 ε
1966 476 2160 534 Omnia
2191 491 2370 537 autem
2394 484 2638 554 probate,
2661 489 2807 559 quod
2828 490 3035 547 bonum
3065 480 3147 551 est
3168 476 3367 568 ténete,
3402 488 3472 559 ab

202 561 329 606 stus
350 551 625 607 descendet
651 554 717 609 de
732 555 867 610 caelo
909 558 965 611 in
983 559 1139 628 jussu
1177 569 1232 617 et
1264 563 1667 634 cum‘imperio,
1697 562 1791 634 qui

200 640 342 695 olim
375 641 656 722 descendit
684 644 742 700 in
779 647 1085 704 obedientia
1118 660 1173 706 et
1198 651 1534 722 humilitate;
1566 654 1793 711 descen-

199 729 301 787 det
326 732 493 788 etiam
522 710 588 790 in
632 742 752 793 uoce
779 740 1105 812 archangeli.
1141 742 1266 800 Sive
1295 747 1407 814 hic,
1434 748 1793 820 archangelus

203 822 481 915 signiﬁcet
505 825 782 887 Christum
822 833 1043 904 propria
1086 850 1220 891 voce
1249 837 1653 915 insonaturum,
1678 841 1793 897 sive

202 910 381 1002 alium
421 915 675 988 angelum
727 918 1173 991 determinatam,
1206 912 1325 984 non"
1375 929 1641 987 habemus
1665 913 1799 1002 quis

200 999 357 1093 illam
380 1018 567 1061 vocem
597 1008 828 1068 daturus
857 1013 930 1070 sit
950 1016 1017 1070 ad
1043 1033 1208 1087 quam
1244 1018 1534 1093 resurgent
1564 999 1788 1080 mortui.

199 1090 266 1145 lu
297 1109 431 1151 voce
456 1098 769 1173 archangeli
796 1105 918 1159 etin
948 1108 1077 1162 tuba
1099 1108 1228 1174 Dei;
1254 1127 1359 1166 vox
1380 1090 1527 1168 enim
1567 1114 1658 1169 illa
1688 1114 1792 1170 erit

200 1185 372 1253 quasi
404 1186 555 1256 tuba,
607 1206 731 1262 qua:
774 1209 908 1251 suos
942 1199 1173 1267 excitat,
1206 1202 1554 1260 adversarios
1591 1212 1787 1274 terret,

199 1276 293 1333 sic
317 1294 426 1334 vox
458 1281 547 1336 illa
571 1283 825 1343 invitabit
853 1300 1073 1349 sanctos
1096 1293 1164 1349 ad
1189 1295 1448 1364 palmam,
1471 1296 1670 1368 impios
1702 1299 1792 1354 de-

194 1368 432 1423 terrebit
461 1372 528 1425 ad
555 1388 796 1443 poenam.
833 1376 944 1446 Sic,
977 1380 1225 1453 inquam,
1256 1383 1418 1442 Jesus
1466 1386 1787 1457 descendet,

192 1467 251 1511 et
282 1467 417 1517 tunc
443 1467 638 1519 mortui
667 1469 759 1538 qui
787 1469 901 1539 jam
925 1470 1018 1527 diu
1047 1483 1171 1528 sunt
1194 1476 1249 1529 in
1272 1475 1504 1544 Christo,
1530 1487 1591 1535 ut
1611 1479 1787 1535 Abra-

194 1549 333 1605 ham
385 1565 443 1608 et
483 1559 699 1639 ceteri,
728 1572 939 1633 surgent
970 1566 1152 1635 primi.
1187 1567 1254 1623 Et
1283 1570 1469 1624 deinde
1507 1578 1631 1641 post
1664 1570 1788 1628 illos

192 1656 296 1694 nos
323 1644 418 1712 qui
444 1647 687 1715 vivimus,
725 1649 779 1705 in
808 1654 1204 1725 tempore‘illo,
1238 1669 1293 1715 et
1320 1662 1409 1731 qui
1442 1662 1789 1734 relinquimur

191 1740 283 1816 tot
313 1739 791 1804 persecutionibus
819 1745 1160 1816 Antichristi,
1191 1751 1353 1805 simul
1381 1754 1649 1823 rapiemur
1667 1771 1787 1808 cum

192 1826 313 1881 it'lis
367 1831 644 1899 prioribus
680 1836 738 1890 in
789 1838 1034 1896 nubibus.
1062 1838 1246 1900 Nubes
1295 1845 1441 1901 enim
1489 1849 1785 1918 portabunt

192 1938 305 1978 nos
341 1925 560 1982 obviam
594 1928 819 1988 Domino
848 1936 904 1989 in
936 1954 1084 2005 aera,
1131 1939 1222 1994 ubi
1253 1941 1321 1997 de
1361 1944 1617 1998 omnibus
1637 1943 1784 2014 judi-

191 2015 378 2087 cabit,
420 2034 471 2077 et
513 2025 709 2084 exinde
756 2024 956 2086 erimus
1010 2051 1130 2088 cum
1178 2034 1406 2090 Domino
1434 2054 1634 2108 semper
1681 2053 1785 2093 nos

188 2109 381 2166 electi.
406 2111 659 2183 Erimus,
692 2119 937 2191 inquam,
971 2123 1070 2191 sic,
1099 2124 1152 2179 id
1176 2135 1261 2181 est
1291 2144 1415 2181 cum
1459 2129 1783 2198 corporibus

190 2204 500 2271 resumptis
536 2206 591 2260 in
626 2208 1055 2282 incorruptione.
1098 2212 1166 2270 Et
1199 2216 1330 2286 quia
1360 2232 1427 2272 ex
1474 2217 1562 2272 his
1604 2218 1785 2275 verbis

190 2292 504 2361 approbata
547 2305 632 2352 est
678 2300 835 2356 vobis
879 2302 1081 2361 veritas
1120 2306 1573 2371 resurrectionis,
1606 2307 1786 2378 itaque

190 2381 555 2437 ronsolamini
583 2387 804 2442 invicem
828 2390 882 2443 in
914 2392 1082 2445 verbis
1104 2394 1254 2459 istis,
1284 2394 1336 2449 id
1361 2403 1444 2450 est
1483 2396 1620 2451 alter
1649 2397 1784 2451 alte-

192 2492 345 2542 rum,
371 2477 617 2536 dicentes
644 2501 656 2536 :
688 2482 822 2545 Vere
851 2500 1204 2558 resurgemus
1234 2478 1627 2560 impaSsibiles,
1658 2507 1784 2546 cum

185 2564 436 2623 Domino
468 2570 695 2639 erimus,
725 2581 829 2629 etc.

810 2663 1041 2721 CAPUT
1080 2666 1147 2724 ν.
1190 2664 1195 2667 ’

264 2770 289 2805 ε
335 2750 414 2810 De
437 2757 772 2826 temporibus
792 2769 972 2815 autem
1001 2770 1055 2817 et
1084 2763 1378 2819 momentis
1404 2779 1510 2819 non
1535 2765 1787 2836 indigetis

192 2836 214 2893 ι
260 2851 327 2899 ιιι
368 2845 680 2903 scribamus
716 2848 893 2905 vobis.
929 2849 1037 2921 Ipsi
1085 2836 1233 2907 enim
1275 2852 1562 2925 diligenter
1601 2855 1784 2922 scitis,

194 2953 212 2984 ι
260 2933 399 3004 quia
439 2934 557 2991 dies
587 2934 802 2992 Domini
841 2938 986 2994 sicut
1018 2938 1108 2995 fur
1140 2941 1195 2996 in
1233 2951 1432 3009 nocte,
1484 2942 1559 2998 ita
1605 2944 1788 3000 veniet

192 3045 213 3077 ‹
263 3025 470 3098 (Apoc.
507 3044 590 3096 ιιι,
619 3030 696 3101 ὅ).
723 3028 859 3085 Cum
895 3031 1041 3087 enim
1071 3032 1309 3114 dixerint
1349 3035 1554 3106 298:
1591 3035 1703 3090 Pax
1733 3045 1788 3091 et

1901 587 1919 621 ι
1963 571 2111 625 omni
2141 573 2321 642 specie
2355 576 2497 630 mala
2524 577 2793 636 abstinete
2829 597 2946 639 vos.
2976 581 3096 655 Ipse
3123 596 3304 645 autem
3326 578 3470 650 Deus

1900 680 1918 714 ι
1960 662 2110 732 pacis
2135 665 2436 722 sanctillcet
2453 684 2553 735 vos
2578 685 2675 739 per
2699 674 2907 742 omnia,
2937 685 2998 732 ut
3018 676 3227 750 integer
3248 682 3472 751 spiritus

1899 774 1918 807 ι
1959 764 2140 811 vester
2169 766 2222 812 et
2256 759 2438 815 anima
2469 761 2523 816 et
2546 777 2745 833 corpus
2768 766 2886 823 sine
2907 758 3126 839 querela
3156 771 3211 827 in
3235 774 3469 832 adventu

1899 867 1918 899 ε
1963 846 2365 927 Domininostri
2388 851 2516 909 Jesu
2539 855 2745 912 Christi
2769 870 3033 916 servetur.
3057 861 3262 931 Fidelis
3277 877 3361 922 est
3376 846 3485 939 qui.

1899 959 1918 993 ι
1961 941 2177 996 vocavit
2218 959 2338 1008 vos,
2367 946 2462 1014 qui
2495 949 2658 1002 etiam
2689 948 2873 1006 faciet.
2902 951 3142 1022 Fratres,
3172 966 3329 1013 orate
3370 974 3470 1029 pro

1899 1049 1917 1082 ‹
1959 1031 2138 1089 nobis.
2173 1031 2417 1090 Salutate
2451 1034 2647 1095 fratres
2696 1057 2888 1099 omnes
2918 1046 2975 1101 in
3024 1049 3216 1103 osculo
3258 1057 3467 1113 sancto.

1898 1138 1916 1172 4
1959 1121 2166 1192 Adjuro
2192 1140 2290 1179 vos
2309 1140 2405 1194 per
2437 1125 2747 1198 Dominum,
2774 1142 2833 1188 ut
2861 1135 3072 1206 legatur
3098 1138 3335 1209 Epistola
3356 1141 3472 1197 lucc

1899 1235 1915 1268 ι
1963 1216 2218 1272 omnibus
2250 1219 2456 1275 sanctis
2482 1220 2771 1281 fratribus.
2816 1226 2998 1285 Gratia
3033 1229 3256 1294 Domini
3299 1236 3470 1290 nostri

1897 1327 1916 1360 ς
1960 1306 2090 1364 Iesu
2113 1307 2318 1364 Christi
2353 1312 2660 1370 vobiscum.
2688 1316 2883 1374 Amen.
2924 1340 2944 1373 ι

2523 1421 2826 1463 εςροειτιο.

1958 1486 2255 1561 Postquam
2285 1478 2743 1551 resurrectionem
2765 1504 3211 1569 corporumsatis
3234 1504 3472 1561 dilucide

1897 1581 2241 1650 approbavit,
2259 1584 2442 1639 subdit
2467 1569 2535 1641 de
2579 1586 2670 1641 illa
2703 1589 2895 1644 ultima
2920 1590 3028 1657 die,
3058 1594 3361 1664 qumjustis
3402 1596 3471 1650 ad

1872 1673 2139 1742 gloriam,
2180 1673 2362 1745 impiis
2401 1676 2596 1733 futura
2632 1681 2802 1734 estad
2860 1697 3101 1751 pmnam,
3150 1694 3211 1740 ut
3262 1694 3470 1742 terrore

1814 1796 1858 1843 ᾖ
1890 1767 2037 1824 illius
2084 1768 2193 1824 diei
2232 1769 2288 1824 hi
2315 1769 2410 1841 qui
2446 1771 2502 1825 in
2536 1782 2762 1843 peccato
2796 1772 3199 1843 fornicationis,
3231 1778 3470 1834 curiosi-

1889 1862 2016 1917 tatis
2055 1869 2111 1917 et
2156 1862 2256 1917 otii
2307 1871 2493 1929 erant,
2538 1865 2895 1936 resipiscant;
2951 1868 3224 1924 desiderio
3272 1868 3472 1926 futurae

1887 1953 2074 2024 gloriae
2100 1953 2468 2010 conformitati
2488 1955 2760 2011 bonorum
2787 1974 2846 2013 se
2869 1958 3133 2015 inserant.
3168 1959 3368 2015 Littera
3391 1961 3473 2016 sic

1881 2044 2130 2116 jungitur
2158 2065 2170 2100 :
2200 2044 2275 2101 De
2304 2032 2706 2103 resurrectione
2730 2056 3072 2104 mortuorum
3096 2050 3224 2121 quia
3256 2046 3472 2121 ignom-

1884 2134 2046 2202 batis,
2081 2137 2401 2209 scripsimus
2447 2139 2630 2206 vobis;
2671 2139 2766 2195 sed
2811 2141 2874 2195 de
2902 2143 3233 2215 temporibus
3272 2141 3471 2198 futuris

1885 2243 2063 2297 usque
2109 2230 2176 2283 ad
2206 2230 2350 2285 diem
2382 2230 2597 2299 judicii,
2650 2230 2704 2285 id
2737 2241 2823 2288 est
2864 2242 2998 2302 quot
3057 2243 3329 2304 tempora,
3370 2250 3470 2290 seu

1886 2326 2127 2384 centum,
2159 2334 2255 2373 seu
2295 2316 2442 2373 mille
2482 2320 2614 2374 anni
2656 2318 2824 2375 futuri
2862 2322 2973 2376 sint
3001 2338 3179 2393 usque
3209 2323 3277 2377 ad
3321 2323 3468 2387 diem

1864 2404 1867 2409 “
1880 2408 2095 2480 judicii:
2113 2409 2218 2475 vel,
2239 2410 2303 2464 de
2326 2411 2664 2481 temporibus,
2679 2412 2733 2467 id
2755 2420 2858 2480 est,
2873 2407 2944 2467 an
2973 2400 3168 2469 mState
3187 2428 3255 2468 an
3272 2413 3469 2480 hieme,

1886 2502 1956 2555 an
1983 2500 2090 2567 die,
2123 2517 2191 2555 an
2214 2511 2375 2557 nocte
2403 2500 2648 2558 futurum
2680 2503 2753 2559 sit
2768 2504 3059 2574 judicium,
3082 2514 3132 2558 et
3153 2505 3216 2559 de
3249 2521 3476 2559 momen-

1889 2593 1985 2659 tis,
2016 2592 2068 2646 id
2102 2602 2186 2649 est
2232 2609 2340 2664 qua
2368 2594 2504 2650 hora
2527 2591 2635 2650 diei
2676 2595 2763 2650 vel
2788 2596 2988 2662 noctis,
3017 2596 3222 2653 aestatis
3251 2612 3320 2651 an
3353 2595 3473 2651 hie-

1888 2685 2012 2741 mis.
2040 2684 2115 2740 De
2144 2685 2230 2742 his
2254 2685 2460 2756 utique,
2486 2684 2704 2755 fratres,
2719 2704 2824 2741 non
2841 2688 3086 2759 indigetis
3113 2678 3473 2743 utscribamus

1876 2777 2051 2849 probis.
2100 2775 2226 2831 ldco
2261 2793 2369 2833 non
2399 2778 2681 2849 indigetis,
2706 2770 2831 2850 quia
2855 2780 3049 2849 vosipsi
3084 2778 3385 2850 diligenter,
3420 2777 3474 2832 id

1885 2874 1970 2921 est
1997 2866 2239 2937 diligenti
2274 2866 2689 2937 investigatione
2721 2855 3151 2938 Scripturarum,
3189 2868 3338 2923 scitis
3371 2867 3474 2945 hoc

1886 2955 2034 3027 quod
2063 2971 2168 3011 nos
2206 2956 2332 3012 inde
2362 2957 2589 3023 scimus,
2608 2955 2675 3012 id
2704 2957 2932 3025 scilicet,
2963 2958 3089 3028 q-sia
3119 2957 3232 3010 dies
3257 2955 3473 3009 Domini

1887 3047 1965 3100 ita
1996 3048 2163 3101 ueniet
2203 3049 2343 3101 sicut
2372 3047 2461 3117 fur
2507 3048 2658 3102 venit
2684 3048 2741 3101 in
2786 3058 2953 3103 nocte.
3008 3047 3159 3103 Diem
3212 3063 3318 3101 non
3350 3045 3474 3102 ideo

192 3135 213 3169 ⁸
261 3119 561 3185 securitas,
597 3128 728 3176 ωηο
756 3123 1078 3192 repentinus
1106 3124 1188 3179 θίδ
1212 3127 1561 3196 δυρθΐνθηίθῑ
1595 3126 1786 3181 interi“
1813 3150 1858 3211 ο
1889 3139 2041 3207 dicit,
2069 3140 2216 3210 quod
2261 3140 2619 3196 determinate
2666 3142 2804 3197 sciat
2834 3142 2889 3195 in
2916 3141 3002 3196 die
3046 3140 3291 3196 futurum
3328 3138 3475 3210 judi-

192 3231 210 3262 ι
260 3220 382 3277 tus,
400 3211 547 3267 sicut
572 3212 796 3269 dolorin
818 3215 1269 3283 uterohabentis,
1293 3226 1348 3273 et
1369 3234 1477 3273 non
1507 3217 1785 3289 effugient.
1862 3228 2059 3296 'cium,
2112 3228 2206 3284 sed
2251 3228 2393 3294 ideo,
2447 3231 2576 3300 quia
2630 3238 2763 3286 tunc
2809 3231 2863 3284 in
2912 3230 3005 3285 illo
3035 3229 3244 3300 judicio
3288 3231 3471 3285 omnia

192 3323 211 3353 ι
259 3301 380 3357 Vos
435 3312 641 3371 autem,
674 3304 900 3373 fratres,
931 3324 1038 3363 non
1066 3308 1199 3363 estis
1230 3308 1283 3363 in
1315 3310 1573 3376 tenebris,
1602 3317 1664 3364 ut
1694 3325 1789 3365 vos

191 3415 210 3446 ι
260 3396 386 3452 dies
443 3396 534 3452 illa
596 3406 859 3468 tanquam
913 3397 1003 3454 fur
1069 3401 1515 3470 comprehendat.
1584 3400 1788 3458 Omnes

192 3508 211 3535 ι
259 3488 414 3543 enim
445 3503 544 3546 vos
583 3487 679 3543 lilii
705 3490 845 3545 lucis
865 3491 1020 3560 estis,
1065 3500 1119 3547 et
1144 3492 1240 3548 filii
1269 3493 1410 3549 diei:
1445 3509 1553 3548 non
1597 3510 1789 3550 sumus

192 3600 211 3633 ί
262 3580 451 3636 noctis
482 3596 659 3652 neque
689 3584 1059 3639 tenebrarum.
1098 3584 1270 3656 Igitur
1302 3601 1412 3641 non
1448 3585 1788 3642 dormiamus

194 3692 212 3722 ι
260 3671 416 3728 sicut
459 3684 513 3727 et
553 3673 773 3741 caeteri,
819 3674 913 3730 sed
960 3675 1251 3747 vigilemus
1290 3683 1345 3731 et
1385 3677 1552 3733 sobrii
1591 3678 1783 3733 simus.

195 3784 213 3814 ι
260 3763 372 3830 Qui
401 3764 548 3820 enim
596 3765 896 3835 dormiunt,
928 3775 1089 3822 nocte
1119 3766 1422 3835 dormiunt,
1446 3777 1500 3823 et
1529 3769 1623 3839 qui
1649 3769 1786 3825 ebrii

194 3875 213 3907 ‹
260 3863 422 3921 sunt,
453 3863 613 3912 nocte
636 3857 773 3912 ebrii
800 3867 948 3914 sunt.
973 3857 1084 3915 Nos
1109 3867 1291 3915 autem
1322 3861 1419 3931 qui
1438 3860 1543 3917 diei
1570 3877 1783 3924 sumus,

194 3967 214 4001 σ
258 3946 440 4003 sobrii
465 3947 660 4019 simus,
692 3950 866 4006 induti
887 3951 1115 4007 loricam
1143 3951 1268 4007 fidei
1304 3962 1359 4008 et
1401 3953 1709 4019 charitatis,
1733 3962 1788 4009 et

195 4059 212 4091 ι
259 4040 483 4112 galeam
510 4057 660 4112 spem
691 4040 884 4099 salutis
904 4042 1122 4115 (Ep/tes.
1148 4062 1225 4111 vi,
1250 4042 1359 4117 l7).
1384 4044 1653 4113 Quoniam
1676 4061 1785 4101 non

194 4152 212 4183 ι
260 4133 456 4202 posuit
482 4149 585 4190 nos
636 4132 780 4192 Deus
826 4135 883 4190 in
932 4135 1091 4204 iram,
1140 4138 1233 4193 sed
1264 4136 1317 4192 in
1372 4131 1785 4208 acquis’itionein

193 4244 210 4275 ι
255 4224 465 4296 salutis
497 4240 593 4294 per
638 4224 933 4282 Dominum
979 4237 1229 4284 nostrum
1264 4227 1450 4284 Jesum
1481 4229 1784 4297 Christum,

194 4334 212 4367 ο
255 4316 359 4387 qui
389 4306 642 4375 mortuus
673 4327 757 4373 est
783 4335 883 4389 pro
912 4318 1092 4387 nobis,
1124 4329 1184 4376 ut
1209 4320 1323 4375 sive
1338 4320 1645 4391 vigilemus,
1674 4320 1789 4375 sive

196 4428 213 4461 ι
260 4401 639 4479 dormiamus,
698 4411 862 4469 simul
912 4410 1047 4467 cum'
1096 4412 1191 4468 illo
1233 4413 1483 4468 vivamus
1520 4432 1532 4467 :
1567 4422 1788 4484 propter

1891 3328 2055 3375 erunt
2081 3320 2240 3391 quasi
2279 3321 2332 3374 in
2369 3321 2478 3388 die,
2517 3320 2570 3374 id
2602 3330 2688 3377 est
2716 3322 2770 3376 in
2813 3331 2997 3392 aperta
3034 3320 3475 3404 manifestatione

1888 3427 2009 3482 qua:
2052 3412 2204 3482 prius
2246 3409 2747 3485 fuerantpcculta,
2783 3413 2994 3468 domini
3025 3413 3157 3467 dicit
3182 3413 3325 3466 hunc
3355 3428 3476 3467 esse

1850 3578 1855 3583 ι
1888 3503 2053 3569 diem,
2087 3504 2216 3575 quia
2262 3512 2394 3559 tunc
2427 3503 2689 3574 incipient
2736 3505 2921 3558 omnia
2967 3492 3084 3558 fieri
3111 3518 3176 3557 ex
3198 3504 3476 3559 voluntate

1886 3603 1940 3650 et
1985 3594 2215 3664 imperio
2244 3593 2483 3661 Domini,
2515 3595 2608 3650 sed
2640 3612 2787 3650 nunc
2836 3594 2974 3649 fiunt
3029 3595 3082 3649 in
3128 3595 3233 3649 hoc
3271 3595 3476 3647 mutulo

1888 3703 1995 3742 non
2019 3702 2086 3742 ex
2108 3687 2390 3742 voluntate
2421 3684 2517 3741 Dei
2548 3687 2741 3752 multa,
2774 3687 2867 3742 sed
2893 3686 3031 3741 fiunt
3057 3702 3121 3742 ex
3154 3685 3473 3760 permissio»-

1886 3795 1975 3835 ne.
2010 3779 2154 3846 Dies,
2203 3778 2450 3849 inquam,
2496 3777 2713 3831 Domini
2750 3778 2916 3831 veniet
2961 3778 3039 3830 ita
3075 3776 3211 3829 sicut
3251 3777 3358 3845 fur,
3418 3785 3477 3829 ut

1886 3868 2063 3941 magis
2103 3871 2353 3925 occultus
2391 3869 2462 3925 sit
2490 3870 2715 3926 veniens
2745 3871 2798 3923 in
2843 3877 3023 3923 nocte.
3049 3868 3158 3921 Fur
3191 3867 3474 3938 quidemsi

1888 3962 1945 4016 in
1976 3962 2064 4017 die
2092 3962 2294 4027 veniat,
2334 3960 2550 4017 facilius
2576 3961 2862 4031 providere
2900 3960 3057 4015 nobis
3080 3974 3377 4029 possumus
3409 3959 3477 4041 ab

1887 4068 1982 4121 eo;
2015 4054 2107 4109 sed
2158 4054 2205 4109 si
2242 4053 2297 4108 in
2332 4062 2522 4119 nocte,
2578 4068 2688 4109 nox
2721 4052 2836 4122 ipsa
2875 4049 3336 4121 opportunitatem
3370 4051 3479 4103 mi—

1889 4145 2133 4202 nistrans
2192 4146 2417 4221 adjuvat
2472 4143 2612 4201 furis
2658 4144 3025 4215 iniquitatem.
3081 4142 3208 4197 Ideo
3242 4142 3357 4197 dies
3390 4142 3475 4194 illo

1888 4239 2073 4292 venire
2106 4238 2306 4292 dicitur
2336 4238 2476 4292 sicut
2507 4235 2594 4291 fur
2630 4237 2682 4291 in
2741 4244 2921 4303 nocte,
2961 4237 3111 4307 quia,
3138 4235 3279 4307 sicut
3316 4235 3483 4305 quili-

1888 4328 1981 4382 bet
2005 4328 2176 4393 dives,
2204 4344 2328 4384 sero
2363 4329 2532 4383 multa
2564 4328 2940 4384 circumdatus
2979 4328 3278 4398 opulentia,
3320 4337 3479 4382 nocte

1891 4417 2222 4487 interceptus
2245 4434 2274 4472 a
2300 4416 2441 4484 fure,
2474 4418 2527 4471 in
2557 4420 2795 4473 crastina
2828 4434 2886 4473 sc
2907 4420 3112 4472 nudum
3138 4418 3362 4483 invenit,
3402 4418 3501 4472 sic

197 4521 214 4553 ι
257 4502 415 4574 quod
438 4496 1141 4570 consOlaminiinvicem,et
1160 4505 1785 4575 :editicatealterutrum,
1815 4514 1867 4573 ι)
1894 4506 1968 4560 illi
2000 4509 2093 4578 qui
2129 4508 2184 4561 in
2225 4508 2464 4577 peccatis
2518 4507 2801 4579 negligunt
2852 4524 2883 4563 a
2916 4508 3003 4563 die
3051 4509 3145 4562 illo
3198 4508 3479 4579 providere

195 4612 214 4644 ο
258 4592 411 4649 sicut
452 4603 508 4649 et
555 4593 755 4650 facitis.
806 4588 1082 4665 Rogamus
1112 4603 1295 4649 autem
1324 4611 1448 4662 vos,
1477 4594 1696 4661 fratres,
1726 4604 1787 4651 ut

196 4703 217 4738 ι
260 4685 534 4741 noveritis
564 4701 660 4741 eos
694 4686 789 4757 qui
819 4686 1073 4741 laborant
1117 4686 1259 4740 inter
1290 4702 1423 4752 vos,
1459 4695 1513 4741 et
1546 4696 1788 4757 prze5unt

197 4793 215 4825 ι
257 4774 424 4829 vobis
481 4774 539 4829 in
572 4774 833 4843 Domino,
887 4783 943 4831 et
988 4783 1216 4854 monent
1263 4792 1395 4843 vos,
1432 4784 1492 4831 ut
1541 4777 1787 4833 habeatis

198 4886 216 4918 ι
262 4867 394 4924 illos
438 4867 811 4924 abundantius
862 4869 915 4923 in
951 4869 1236 4936 charitate,
1275 4877 1330 4924 et
1387 4877 1607 4939 propter
1648 4885 1786 4940 opus
1851 4884 1855 4891 ‘

197 4977 217 5009 ι
262 4957 488 5012 illorum
522 4974 710 5028 pacem
756 4958 951 5015 habete
979 4960 1105 5015 cum
1132 4959 1232 5015 eis.
1276 4957 1555 5030 Rogamus
1602 4967 1785 5014 autem
1845 4969 1859 4977 "

197 5070 215 5102 ι
257 5065 385 5116 vos,
417 5048 636 5118 fratres,
666 5051 923 5122 corripite
951 5051 1224 5122 inquietos
1246 5094 1261 5119 ,
1288 5050 1653 5109 'consolamini
1680 5067 1785 5123 pu-

196 5161 215 5194 ι
262 5141 597 5207 sillanimes,
624 5140 887 5214 suscipite
916 5124 1189 5208 infirmos,
1214 5142 1485 5214 patientes
1516 5151 1692 5199 estote
1717 5144 1786 5200 ad

197 5254 214 5286 ι
259 5250 482 5291 omnes.
526 5234 712 5293 Videte
752 5252 821 5293 ne
863 5237 989 5309 quis
1038 5237 1244 5294 malum
1286 5254 1387 5309 pro
1435 5237 1581 5293 malo
1622 5237 1787 5293 alicui

198 5345 214 5376 ι
263 5324 482 5392 reddat,
516 5327 611 5383 sed
655 5324 872 5399 semper
896 5328 1044 5401 quod
1067 5330 1271 5386 bonum
1300 5338 1385 5404 est
1412 5328 1700 5386 sectamini
1729 5328 1785 5384 in
1842 5324 1849 5328 ’

201 5435 218 5465 ι
262 5415 501 5471 invicem
524 5427 578 5473 et
613 5418 667 5473 in
694 5432 905 5475 omnes.
933 5418 1158 5490 Semper
1181 5418 1432 5492 gaudete,
1461 5419 1581 5476 sine
1621 5419 1790 5477 inter-

201 5525 218 5554 ι
264 5504 535 5563 missione
583 5517 736 5565 orate
770 5508 964 5580 (Eccli.
989 5525 1143 5575 xvm,
1195 5509 1300 5575 22;
1336 5507 1467 5563 Luc.
1501 5526 1656 5575 xvm,
1709 5507 1786 5576 i),

203 5614 220 5646 σ
265 5597 319 5652 in
347 5599 608 5655 omnibus
636 5600 840 5673 gratias
869 5600 1029 5671 agite.
1066 5600 1192 5657 Eme
1239 5610 1323 5657 est
1356 5602 1504 5657 enim
1534 5601 1788 5655 voluntas

203 5707 222 5739 ι
266 5688 363 5746 Dei
406 5692 462 5748 in
494 5690 718 5749 ChriSto
735 5691 887 5760 Jesu,
915 5694 970 5748 in
1003 5694 1259 5749 omnibus
1295 5695 1475 5751 vobis.
1523 5694 1785 5765 Spiritum

200 5786 233 5831 ε’
270 5782 438 5839 nolite
490 5785 874 5867 exstinguere,
916 5786 1232 5857 prophetias
1295 5787 1462 5843 nolite
1505 5802 1779 5857 spernere.

1893 4602 2019 4667 sibi,
2062 4615 2186 4653 sero
2236 4599 2432 4653 divites
2460 4590 2513 4653 in
2544 4599 2861 4665 mundanis,
2893 4600 2946 4653 in
2993 4600 3234 4654 crastino
3280 4598 3479 4652 sublati

1893 4692 1960 4747 de
1996 4690 2202 4745 mundo
2230 4689 2573 4744 invenientur
2616 4689 2770 4755 nudi,
2804 4690 3031 4758 perditis
3061 4688 3479 4758 temporalibus,

1891 4791 1946 4837 et
1984 4782 2201 4837 aeternis
2244 4784 2538 4853 mancipati
2576 4782 2865 4839 incendiis.
2932 4782 3057 4837 Dies
3113 4781 3329 4836 Domini
3393 4781 3480 4861 hic

1894 4875 2131 4928 maxime
2177 4874 2500 4945 intelligitur
2547 4874 2663 4930 dies
2714 4874 2939 4944 judicii;
2986 4890 3109 4944 quae
3150 4881 3333 4928 tamen
3363 4874 3480 4929 dies

1894 4962 2110 5020 Domini
2135 4965 2189 5019 in
2232 4974 2407 5020 morte
2438 4965 2877 5036 uniuscujusque
2907 4966 3116 5036 incipit.

1960 5055 2126 5127 299
2158 5054 2469 5112 Notandum
2498 5056 2664 5112 etiam
2688 5057 2835 5127 quod
2864 5057 2982 5113 dies
3015 5058 3109 5125 illa
3136 5056 3321 5128 impiis
3350 5060 3442 5129 qui
3463 5089 3478 5100 .

1889 5147 2034 5213 dem,
2079 5150 2392 5205 nolentibus
2440 5149 2728 5221 providere
2774 5149 2901 5218 sibi,
2930 5149 3075 5206 sicut
3097 5144 3185 5206 fur
3225 5151 3279 5205 in
3320 5160 3480 5207 nocte

1887 5239 2098 5301 veniet;
2128 5240 2225 5295 sed
2274 5240 2439 5310 justis
2470 5257 2687 5312 semper
2732 5239 3107 5313 vigilantibus,
3153 5259 3481 5315 quacunque

1893 5330 2026 5386 hora
2048 5314 2252 5399 veniat,
2286 5346 2397 5387 non
2434 5333 2589 5387 venit
2630 5333 2776 5390 sicut
2817 5333 2928 5402 fur,
2962 5335 3091 5406 quia
3124 5336 3305 5407 potius
3350 5314 3480 5391 tunc

1890 5422 2235 5492 augebuntur
2268 5438 2435 5493 quam
2480 5424 2534 5478 in
2577 5424 2762 5496 aliquo
2805 5425 3202 5482 diminuantur.
3238 5424 3375 5479 Vere
3404 5425 3479 5480 ita

1889 5516 2071 5571 veniet
2095 5516 2237 5572 sicut
2266 5513 2374 5583 fur,
2406 5518 2531 5588 quia
2564 5534 2682 5572 cum
2706 5518 2781 5592 illi
2812 5528 3088 5575 amatores
3117 5517 3303 5588 mundi
3327 5518 3452 5571 dire

1892 5609 2041 5685 rint:
2090 5608 2210 5662 Pax
2252 5617 2338 5664 est
2373 5608 2532 5666 nobis
2575 5609 2629 5663 in
2662 5600 3023 5681 prmsenlibus
3050 5619 3099 5664 et
3128 5610 3386 5663 securitas
3411 5609 3479 5665 dc

1891 5700 2094 5766 futuro,
2141 5712 2264 5756 tunc
2306 5703 2629 5773 superveniet
2667 5704 2744 5756 eis
2786 5705 3084 5773 repentinus
3119 5702 3385 5766 interitus,
3423 5703 3477 5756 id

1891 5800 1971 5845 cst
1999 5791 2290 5863 improvisa
2319 5791 2617 5845 damnatio.
2648 5790 2963 5863 Repentinus
2990 5792 3132 5858 dico,
3162 5793 3297 5844 sicut
3327 5791 3479 5846 dolor
