3988 6402
545 335 647 405 {il
1101 326 1160 383 S.
1201 320 1552 380 BRUNONIS
1585 305 2231 375 CARTHUSIANORUM
2270 300 2762 363 INSTITUTORIS
2799 298 2952 356 OPP.
2990 296 3176 355 PARS
3207 296 3275 353 ιι.
3707 266 3807 351 ιιι

548 402 763 502 habenti
791 444 850 497 in
869 446 1019 496 utero
1039 435 1359 508 repentinus
1382 429 1710 503 supervenit.
1733 424 1854 480 Non
1876 420 2132 480 determi-
2158 418 2202 477 A
2232 415 2397 508 simul
2433 431 2555 508 cum
2595 412 2690 508 illo
2720 412 2776 467 in
2798 419 3011 508 aeterna
3035 408 3231 508 gloria:
3269 404 3396 508 βενε
3758 403 3807 461 id

935 493 1356 593 utero-habeat,
1389 493 1485 581 sed
1511 522 1615 577 hoc
1653 533 1777 576 esse
1816 516 2021 573 dictum
2060 512 2129 568 de
2226 515 2312 563 est
2356 505 2470 562 sive
2505 504 2617 560 vivi
2646 504 2705 558 in
2748 502 2986 606 adventu
3029 498 3235 604 Christi
3268 496 3477 602 inventi
3526 493 3807 599 fuerimus,

551 605 869 697 pragrnante
918 618 1150 676 muliere
1196 614 1331 672 satis
1391 609 1729 683 intelligitur.
1778 605 1847 661 Et
1908 611 2131 697 pr0pter

553 695 873 786 utrumque,
912 707 1246 784 praegnantis
1291 703 1466 762 dolori
1512 699 1866 773 comparavit,
1909 706 1963 752 et
2000 695 2129 768 quia

554 809 646 865 ille
678 806 836 864 dolor
875 804 1090 861 subitus
1117 808 1221 868 est,
1262 813 1364 855 nec
1408 796 1514 853 scit
1544 808 1833 866 praegnans
1870 788 2130 846 determi~

556 914 692 956 nare
730 895 837 955 sibi
875 894 1068 950 horam
1094 899 1323 957 certam,
1363 886 1458 945 sed
1485 883 1800 953 ubicunque
1838 880 2132 949 intercepta

557 989 742 1057 fuerit,
785 987 955 1059 parit;
985 994 1039 1040 et
1073 989 1300 1054 propter
1331 978 1596 1050 majorem
1624 974 1934 1047 angustiam
1969 971 2133 1041 hujus

555 1079 787 1147 doloris,
816 1078 897 1134 sic
925 1076 981 1130 in
1004 1075 1099 1130 illo
1122 1073 1211 1129 die
1231 1079 1286 1127 et
1305 1069 1637 1141 improvisus
1663 1067 1843 1122 veniet
1866 1063 2135 1141 interitus

557 1181 612 1228 ct
644 1171 792 1226 omni
820 1169 1014 1241 plenus
1047 1164 1320 1239 angustia.
1352 1161 1431 1218 Ne
1459 1161 1734 1216 videretur
1759 1158 1850 1213 hic
1885 1157 2135 1213 interitus

554 1278 674 1319 esse
699 1259 1071 1324 transitorios,
1098 1257 1242 1314 sicut
1263 1255 1419 1310 dolor
1442 1250 1792 1324 praegnantis,
1818 1249 2132 1319 subiungit:

556 1350 912 1421 Superveniet
944 1349 1163 1419 quidem
1202 1345 1474 1411 interitus,
1503 1351 1552 1398 et
1582 1359 1685 1397 non
1711 1342 1957 1412 e/I'ugient
1986 1339 2138 1409 impii

553 1442 705 1498 illum
760 1440 1042 1498 interitum
1093 1452 1306 1508 semper
1352 1436 1408 1490 in
1455 1450 1521 1491 eo
1565 1433 1941 1507 perdurantes.
2000 1432 2137 1498 Quia

553 1530 718 1586 modo
749 1538 901 1603 tanta
949 1527 1244 1598 asperitate
1281 1524 1575 1580 verborum
1612 1539 1710 1579 eos
1754 1522 2045 1588 deterruit,
2083 1521 2139 1576 in

554 1620 912 1690 sequentibus
934 1617 1207 1673 demulcet
1226 1630 1321 1671 eos
1341 1615 1529 1670 dicens
1548 1628 1644 1668 eos
1665 1628 1776 1667 non
1797 1627 1919 1667 esse
1939 1610 2139 1682 quibus

560 1710 756 1764 debeat
786 1707 876 1763 hic
902 1707 1156 1762 interitus
1194 1705 1565 1776 supervenire.
1594 1702 1749 1775 lmpii
1783 1702 2003 1773 quidem
2029 1717 2136 1757 non

558 1796 820 1869 eﬂ'ugient
847 1797 1191 1868 repentinum
1218 1796 1519 1863 interitum,
1546 1796 1637 1850 sed
1666 1812 1774 1864 vos,
1797 1796 2010 1866 fratres,
2035 1811 2137 1849 non

556 1889 683 1944 estis
717 1889 773 1942 in
808 1887 1052 1955 tenebris,
1094 1888 1146 1944 id
1185 1896 1271 1943 est
1296 1887 1352 1943 in
1383 1887 1690 1959 ignorantia
1724 1895 1779 1941 et
1806 1886 2140 1942 obscuritate

557 1975 861 2045 peceati,ut
902 1974 1000 2029 illa
1026 1975 1138 2029 dies
1170 1975 1572 2045 comprehendat
1614 1990 1721 2042 vos,
1751 1982 2003 2045 tanquam
2029 1974 2135 2044 fur.

554 2065 1054 2136 Comprehenderet
1080 2082 1176 2124 eos
1202 2067 1248 2122 si
1280 2068 1333 2122 in
1357 2067 1596 2137 peccatis
1618 2066 2024 2137 impcenitentes
2052 2066 2140 2120 in-

553 2156 781 2212 veniret.
812 2155 949 2213 Vcre
975 2173 1083 2212 non
1106 2158 1238 2213 estis
1273 2159 1326 2212 in
1362 2159 1622 2223 tenebris.
1662 2156 1807 2212 Nam
1848 2173 1935 2212 vos
1964 2173 2141 2211 omnes

554 2248 682 2302 estis
718 2247 822 2316 ﬁlii
848 2247 1004 2316 lucis,
1031 2248 1084 2303 id
1111 2257 1196 2303 est
1226 2249 1392 2320 geniti
1424 2250 1479 2303 in
1502 2250 1623 2305 lucc
1645 2248 1789 2315 ﬁdei,
1814 2257 1863 2304 et
1885 2250 2018 2310 estis
2040 2249 2142 2319 ﬁlii

557 2338 685 2403 dici,
729 2338 783 2392 id
830 2348 913 2393 est
962 2341 1016 2393 in
1046 2340 1208 2395 bonis
1243 2340 1500 2409 operibus
1532 2340 1793 2412 generati,
1822 2341 1961 2410 quia
2000 2340 2143 2396 sicut

559 2428 650 2482 lus
680 2429 955 2498 praecedit,
979 2429 1097 2485 dies
1122 2432 1398 2501 sequitur;
1424 2431 1506 2486 sic
1526 2432 1658 2487 ﬁdes
1684 2432 1831 2502 prior
1853 2442 1954 2498 est,
1979 2447 2142 2503 opera

558 2517 703 2574 bona
729 2529 1049 2590 sequuntur.
1086 2520 1206 2575 Filii
1235 2521 1372 2576 lucis
1407 2530 1461 2577 et
1489 2538 1590 2575 non
1618 2522 1751 2577 estis
1773 2521 1869 2576 ﬁlii
1905 2522 2145 2577 tenebra-

560 2623 700 2674 rum,
743 2608 797 2663 id
844 2617 930 2665 est
976 2610 1318 2682 ignorantiae,
1363 2620 1419 2667 et
1456 2628 1565 2668 non
1605 2612 1701 2667 ﬁlii
1737 2614 1926 2679 noctis,
1970 2612 2023 2667 id
2061 2621 2145 2668 est

558 2697 847 2754 densitatis
884 2710 1248 2770 peccatorum.
1292 2700 1446 2757 Sicut
1477 2703 1623 2758 enim
1653 2703 1891 2759 tenebrae
1929 2713 2144 2759 noctem

558 2791 908 2861 praecedunt,
956 2792 1038 2848 sic
1077 2794 1229 2864 prius
1276 2794 1583 2866 ignorantia
1629 2796 1910 2863 veritatis,
1953 2804 2008 2851 et
2049 2812 2146 2866 per

560 2880 926 2953 ignorantiam
964 2886 1181 2941 venitur
1210 2886 1265 2941 in
1304 2887 1625 2942 densitatem
1657 2890 1884 2958 peccati.
1922 2889 1987 2944 Et
2015 2890 2143 2961 quia

560 2977 657 3033 ﬁlii
695 2979 833 3035 lucis
860 2988 915 3034 et
950 2980 1055 3035 diei
1087 2996 1303 3047 sumus,
1332 2997 1441 3036 non
1479 2982 1656 3037 noctis
1682 2992 1736 3038 et
1769 2984 2140 3051 tenebrarum,

2227 600 2334 655 sive
2380 598 2733 663 dormiamus,
2778 594 2834 650 id
2894 602 2983 651 est
3029 593 3145 648 sive
3195 589 3400 646 mortui
3450 586 3807 643 inveniamur.

2229 689 2457 761 Propter
2476 688 2640 760 quod,
2667 687 2722 743 id
2746 694 2832 741 est
2859 686 2989 756 quia
3017 684 3199 749 ﬁdem,
3221 682 3551 739 charitatem
3596 688 3653 735 et
3670 693 3811 749 spent

2230 781 2379 838 dedit
2407 780 2569 835 nobis
2599 779 2656 834 in
2684 777 3111 849 acquisitionem
3139 766 3363 841 salutis,
3406 772 3535 827 ideo
3575 770 3808 824 consola-

2231 872 2363 927 mini
2390 872 2610 927 invicem
2654 886 2741 925 eos
2769 869 2865 940 qui
2898 874 3170 923 noverunt
3198 866 3335 931 hac,
3365 872 3416 919 et
3443 863 3712 934 testiﬁcata
3735 859 3808 914 al-

2235 971 2492 1017 terutrum
2513 978 2609 1018 eos
2629 960 2722 1032 qui
2746 960 3001 1032 ignorant
3024 959 3162 1013 sicut
3182 957 3345 1013 credo
3366 955 3519 1028 quod
3538 969 3643 1009 vos
3664 953 3810 1008 etiam

2234 1055 2439 1126 facitis.

2304 1148 2604 1218 Postquam
2635 1155 2845 1217 partem
2870 1143 3238 1216 perfecturum
3266 1142 3334 1198 de
3360 1139 3469 1196 ﬁde
3496 1146 3559 1196 et
3584 1137 3730 1195 bono
3753 1134 3811 1191 ﬁ-

2235 1240 2321 1296 dei
2358 1240 2492 1296 satis
2526 1239 2876 1303 collaudavit,
2922 1237 3151 1291 alteram
3178 1249 3311 1289 vero
3353 1239 3574 1303 partem
3607 1229 3677 1285 de
3706 1241 3814 1283 eor-

2238 1333 2478 1387 reezionc
2520 1331 2826 1396 admonuit,
2870 1329 3034 1400 300
3075 1325 3328 1384 subditos
3358 1334 3417 1382 et
3443 1324 3707 1396 praelatos
3731 1320 3814 1376 ab-

2238 1425 2368 1479 hinc
2396 1423 2704 1478 alternatim
2731 1421 2964 1477 aediﬁcat
2998 1419 3275 1491 quomodo
3310 1433 3370 1473 se
3409 1423 3815 1484 contempera:

2237 1515 2469 1570 debeant
2515 1512 2719 1569 subditi
2764 1511 3024 1582 praelatis,
3072 1518 3126 1566 et
3168 1526 3200 1565 e
3242 1494 3550 1573 converso,
3600 1504 3813 1560 dicens:

2238 1605 2420 1662 Bonos
2446 1606 2512 1661 de
2548 1605 2886 1661 incremento
2913 1603 3187 1670 laborare,
3227 1609 3481 1657 errantes
3518 1615 3555 1654 a
3594 1596 3816 1670 peccatis

2239 1697 2513 1753 declinare
2552 1687 2851 1752 admoneo;
2888 1693 2989 1749 Vos
3018 1703 3217 1760 autem,
3250 1693 3469 1762 fratres,
3505 1688 3609 1762 qui
3631 1686 3817 1745 subditi

2241 1788 2395 1854 estis,
2422 1804 2665 1860 rogamus
2690 1797 2750 1841 ut
2787 1786 3036 1841 noveritis
3061 1802 3148 1840 eos
3171 1786 3262 1857 qui
3284 1784 3538 1838 laborant
3560 1784 3703 1836 inter
3721 1795 3815 1845 eos,

2241 1879 2295 1935 id
2326 1887 2431 1946 est,
2467 1878 2743 1949 praelatos,
2780 1877 2875 1948 qui
2902 1876 3221 1948 jejunando,
3244 1874 3457 1931 orando
3485 1882 3545 1930 et
3565 1871 3814 1933 docendo.

2246 1971 2313 2026 de
2336 1971 2511 2026 salute
2539 1979 2723 2026 vestra
2757 1971 3011 2025 laborant
3040 1988 3051 2024 :
3079 1968 3331 2023 noveritis
3362 1967 3533 2033 dicit,
3564 1974 3626 2020 ut
3661 1965 3714 2019 in
3742 1964 3815 2018 his

2243 2062 2444 2133 quibus
2474 2061 2740 2133 indigent,
2766 2060 3079 2117 ministrent
3109 2060 3216 2116 illis
3244 2055 3372 2130 :qui
3408 2057 3664 2112 laborant
3691 2055 3816 2119 dico,

2242 2163 2292 2210 et
2324 2163 2558 2225 prwsunt
2606 2153 2747 2208 vobis
2787 2154 2843 2207 in
2888 2153 3118 2207 Domino
3159 2152 3240 2208 sic
3272 2150 3622 2220 disponente,
3656 2156 3707 2201 et
3738 2146 3819 2216 qui

2244 2256 2451 2300 monent
2480 2262 2566 2300 ros
2597 2247 2662 2301 ad
2705 2246 2964 2311 meliora;
2990 2260 3103 2300 non
3140 2242 3317 2300 solum
3349 2251 3406 2296 ut
3433 2241 3712 2305 noveritis,
3739 2236 3820 2294 sed

2243 2337 2405 2392 etiam
2432 2346 2488 2391 ut
2514 2337 2873 2391 abundantius
2895 2334 3133 2391 habeatis
3154 2334 3278 2389 illos
3300 2333 3356 2387 in
3382 2333 3652 2387 eharitate
3673 2346 3817 2402 quam

2245 2429 2388 2485 soliti
2414 2429 2554 2485 sitis.
2581 2428 2649 2483 Et
2673 2428 2859 2482 habete
2880 2444 3082 2498 pacem,
3107 2427 3161 2481 id
3188 2434 3273 2482 est
3303 2424 3687 2488 concordiam,
3716 2438 3820 2475 cum

2243 2523 2340 2589 eis,
2356 2522 2403 2577 si
2424 2539 2522 2578 vos
2547 2522 2730 2577 acrius
2746 2519 3172 2591 reprehendunt,
3191 2526 3405 2589 prapter
3427 2533 3561 2588 opus
3591 2515 3818 2578 illorum,

2246 2615 2300 2671 id
2328 2623 2414 2671 εει
2457 2616 2692 2670 scientes
2731 2614 2861 2685 quia
2889 2613 2969 2670 sic
3002 2611 3173 2682 exigit
3205 2625 3345 2680 opus
3389 2607 3688 2663 ministerii
3716 2606 3822 2661 illo—

2245 2721 2390 2772 rum,
2414 2713 2476 2760 ut
2502 2719 2601 2760 vos
2623 2704 2940 2759 aberrantes
2964 2700 3033 2756 ad
3056 2700 3200 2755 viam
3220 2698 3453 2770 iustitia:
3480 2696 3817 2767 compellant.

2247 2795 2505 2851 Subditos
2531 2796 2612 2851 sic
2635 2808 3027 2865 rogamus;vos
3055 2801 3253 2857 autem,
3280 2790 3501 2861 fratres,
3517 2785 3821 2859 quipralsti

2243 2889 2399 2954 estis,
2446 2904 2692 2959 rogamus
2733 2887 2869 2951 hoc,
2903 2884 3156 2954 corripite
3185 2880 3452 2952 asperiori
3497 2879 3821 2936 correctione

2243 2980 2524 3050 inquietos,
2556 2978 2609 3033 id
2639 2985 2725 3032 est
2752 2976 3004 3032 curiosos
3036 2981 3297 3046 vagantes
3327 2988 3425 3043 per
3455 2972 3671 3037 urbem,
3706 2986 3818 3023 eoa-

560 3069 726 3140 igitur
750 3087 853 3124 non
893 3072 1242 3137 dormiamus,
1286 3072 1339 3127 id
1387 3081 1471 3128 est
1513 3088 1620 3128 non
1651 3082 1926 3144 torpentes
1968 3075 2142 3130 simus
2171 3113 2213 3144 ,η
2245 3071 2495 3126 solamini
2520 3070 2912 3141 pusillanimes,
2938 3068 3198 3139 pusillum
3221 3066 3471 3121 animum
3498 3064 3555 3119 in
3582 3062 3823 3134 passione

561 3161 704 3216 sicut
735 3162 999 3231 inﬁdeles,
1027 3173 1081 3220 et
1117 3165 1281 3220 etiam
1320 3164 1440 3220 falsi
1473 3166 1693 3232 ﬁdeles;
1725 3167 1816 3220 sed
1847 3167 2142 3238 vigilemus,

562 3251 616 3306 id
646 3263 727 3307 est
754 3254 807 3307 in
844 3254 988 3310 bono
1017 3257 1293 3326 operando
1328 3257 1558 3312 studiosi
1588 3258 1760 3314 simus
1786 3270 1834 3313 et
1869 3259 2055 3328 sobrii,
2093 3259 2148 3315 id

563 3351 648 3397 est
679 3358 788 3396 non
817 3360 1004 3401 amore
1029 3348 1408 3417 temporalium
1436 3348 1686 3404 iuebriati
1712 3351 1897 3406 simus.
1928 3394 1931 3395 ν

639 3430 911 3490 Debemus
933 3435 1157 3507 vigilare
1174 3446 1229 3492 et
1248 3439 1415 3493 sobrii
1439 3454 1578 3506 esse,
1595 3439 1723 3510 quia
1744 3443 1835 3512 qui
1854 3443 2144 3509 dormiunt,

568 3523 622 3578 id
648 3534 732 3579 est
771 3533 1109 3596 torpescunt,
1138 3530 1215 3584 illi
1244 3531 1513 3585 dormiunt
1540 3542 1708 3598 nocte,
1743 3533 1795 3587 id
1820 3543 1901 3589 est
1926 3544 2149 3606 propter

567 3626 823 3683 noctem,
864 3617 917 3673 id
961 3626 1045 3674 est
1087 3620 1410 3677 densitatem
1456 3631 1803 3692 peccatorum
1852 3625 1906 3680 in
1949 3627 2148 3697 quibus

565 3713 714 3774 sunt,
758 3716 808 3761 et
845 3709 937 3780 qui
966 3719 1089 3764 sunt
1129 3710 1282 3779 ebrii,
1330 3728 1516 3768 amore
1550 3715 1953 3784 temporalium,
1995 3718 2146 3774 obliti

563 3796 888 3867 caelestium,
914 3800 967 3855 hi
990 3809 1112 3856 sunt
1135 3802 1270 3858 ebrii
1291 3814 1461 3873 nocte,
1494 3804 1549 3860 id
1570 3813 1655 3861 est
1673 3816 1891 3878 propter
1911 3819 2147 3878 noctem,

564 3885 619 3940 id
646 3896 731 3943 est
753 3888 919 3959 (sicut
942 3890 1148 3946 dictum
1174 3894 1279 3965 est)
1305 3893 1630 3952 densitatem
1652 3906 2019 3967 peccatorum.
2044 3899 2147 3968 Qui

563 3977 699 4033 ebrii
729 3990 876 4047 sunt,
908 3992 1067 4040 nocte
1094 3993 1225 4040 sunt
1251 3986 1407 4053 ebrii,
1437 3987 1531 4043 sed
1567 4003 1661 4041 nos
1688 3990 1779 4059 qui
1820 4008 2001 4046 sumus
2038 4009 2147 4047 non

567 4069 746 4125 noctis
773 4072 868 4127 sed
892 4074 1019 4141 diei,
1048 4077 1213 4131 simus
1242 4077 1426 4146 sobrii,
1458 4079 1513 4136 id
1547 4091 1633 4137 est
1657 4098 1765 4138 non
1793 4099 1982 4139 amore
2008 4092 2149 4139 tem—

565 4160 835 4228 poralium
863 4166 1138 4221 excaecati.
1167 4164 1364 4235 Simus,
1390 4169 1636 4241 inquam,
1659 4174 1844 4241 sobrii,
1868 4176 2042 4229 induti
2070 4176 2151 4230 lo-

566 4250 736 4306 ricam
772 4254 919 4323 ﬁdei.
952 4255 1019 4312 Et
1038 4257 1176 4314 bene
1208 4259 1368 4315 ﬁdem
1400 4260 1584 4318 loricae
1613 4267 1981 4337 comparavit,
2018 4268 2149 4339 quia

568 4340 714 4398 sicut
735 4343 790 4398 in
817 4345 986 4402 lorica
1006 4349 1162 4404 multi
1185 4350 1334 4407 hami
1356 4360 1487 4408 sunt
1507 4357 1850 4413 concatenati
1877 4357 1931 4412 in
1954 4375 2147 4425 unum,

2248 3164 2662 3218 tribulationum
2695 3161 2980 3217 habentes.
3007 3158 3104 3215 Vel
3126 3157 3518 3229 pusillanimes,
3547 3156 3602 3211 id
3626 3164 3710 3211 est
3731 3171 3816 3226 pu-

2248 3256 2426 3311 sillam
2455 3252 2839 3310 conﬁdentiam
2879 3252 2946 3307 dc
2980 3249 3361 3306 misericordia
3409 3247 3508 3303 Dei
3562 3246 3819 3310 habendo,

2246 3361 2346 3417 pro
2375 3343 2715 3399 immanitate
2749 3344 3016 3399 scelerum
3048 3340 3428 3410 desperantes;
3461 3338 3713 3408 suscipite
3750 3336 3823 3388 in—

2246 3438 2450 3507 ﬁrmos,
2482 3437 2535 3492 id
2574 3450 2659 3492 εει
2687 3451 2785 3491 eos
2818 3434 2911 3506 qui
2944 3432 3176 3487 inﬁrma:
3205 3439 3334 3486 sunt
3363 3429 3511 3496 ﬁdei,
3544 3429 3615 3484 de
3640 3443 3817 3483 resur-

2248 3527 2489 3583 rectione
2515 3527 2890 3596 desperantes,
2933 3522 3195 3593 suscipite
3238 3521 3306 3576 ad
3344 3521 3651 3576 sanandam
3682 3519 3821 3574 inﬁr-

2247 3618 2493 3674 mitatem
2520 3617 2667 3682 ﬁdei,
2710 3617 2855 3673 sicut
2895 3614 3144 3671 medicus
3178 3611 3410 3682 suscipit
3452 3620 3735 3683 mgrotum.
3765 3607 3821 3663 Et

2246 3719 2409 3766 estote
2435 3711 2692 3782 patientes
2736 3709 2807 3763 ad
2834 3724 3035 3774 omnes,
3063 3715 3117 3762 et
3137 3706 3203 3761 ad
3233 3703 3536 3776 inquietos,
3563 3712 3620 3760 et
3638 3704 3701 3759 ad
3729 3718 3823 3773 pu-

2249 3802 2570 3867 sillanimes,
2598 3809 2654 3857 et
2680 3800 2749 3856 ad
2774 3798 3047 3865 inﬁrmos,
3077 3812 3168 3865 ne,
3194 3795 3241 3853 si
3270 3794 3679 3862 contradicunt,
3699 3807 3821 3850 coll-

2249 3894 2439 3950 feratis
2464 3894 2588 3950 ideo
2612 3906 2811 3947 manus
2852 3889 2918 3945 ad
2954 3887 3211 3961 litigium.
3254 3885 3511 3941 Dicerent
3537 3885 3619 3939 illi
3644 3903 3658 3939 :
3686 3883 3820 3938 Pati-

2251 4000 2377 4040 mur
2403 3983 2625 4053 quidem
2651 3981 2796 4048 illos,
2835 3978 2929 4036 sed
2954 3993 3067 4033 non
3096 3976 3241 4031 ultra
3268 3973 3594 4031 docebimus
3612 3988 3720 4030 eos.
3747 3970 3821 4026 Ad

2250 4076 2366 4131 haec
2384 4074 2616 4137 Paulus:
2641 4071 2828 4128 Estote
2845 4072 3126 4143 patientes,
3149 4076 3203 4123 et
3222 4068 3277 4122 in
3298 4066 3559 4138 patiendo
3585 4065 3745 4120 videte
3766 4078 3822 4116 ac

2250 4168 2368 4239 quis
2399 4166 2587 4221 reddat
2615 4164 2780 4219 alicui
2812 4162 3015 4217 malum
3044 4176 3140 4233 pro
3161 4159 3326 4227 malo,
3357 4157 3693 4215 subticentes
3713 4169 3823 4209 ver-

2250 4257 2381 4312 bum
2406 4257 2804 4322 instructionis,
2834 4255 2966 4310 licet
2997 4253 3153 4324 prius
3183 4249 3534 4322 impatienter
3568 4246 3819 4310 auditum,

2252 4351 2343 4406 sed
2366 4366 2571 4421 semper
2592 4349 2869 4404 sectamini
2901 4348 2959 4402 id
2986 4347 3127 4418 quod
3156 4345 3350 4400 bonum
3377 4351 3482 4409 est,
3508 4341 3564 4396 id
3594 4349 3677 4398 est
3701 4337 3822 4395 utile

574 4431 656 4488 sic
693 4432 746 4487 in
788 4432 895 4489 ﬁde
937 4436 1105 4492 multa
1151 4448 1279 4494 sunt
1321 4441 1389 4496 ad
1438 4437 1769 4500 credendum
1809 4448 2148 4517 necessaria,
2184 4463 2224 4519 ο
2251 4444 2318 4499 ad
2350 4441 2768 4499 instructionem
2804 4438 3084 4496 Ecclesiae.
3114 4435 3415 4493 Sectamini
3440 4436 3569 4492 dico
3608 4443 3664 4491 et
3697 4432 3820 4487 invi-

566 4533 920 4580 concatenata
938 4535 1119 4586 tamen
1141 4529 1197 4584 in
1211 4531 1457 4587 eamdem
1477 4534 1759 4591 unitatem.
1786 4535 1964 4592 lnduti
1981 4539 2145 4595 etiam

566 4615 793 4674 loricam
810 4620 1089 4676 eharitatis
1111 4638 1218 4694 qua
1236 4621 1408 4680 Deum
1429 4625 1723 4698 diligamus
1740 4636 1795 4684 et
1812 4630 2146 4700 proximum,

567 4710 748 4765 securi
776 4711 951 4769 simus
978 4731 990 4768 :
1020 4722 1075 4769 et
1115 4713 1254 4770 bene
1281 4718 1512 4787 protecti
1553 4718 1658 4775 ﬁde
1680 4729 1737 4776 et
1777 4706 2044 4778 charitate
2077 4722 2147 4779 ad

566 4815 786 4858 omnem
825 4803 1090 4876 impetum
1125 4804 1388 4865 hostium.
1425 4807 1493 4864 Et
1535 4809 1711 4866 induti
1739 4813 1946 4885 galeam
1981 4814 2145 4884 hanc,

567 4892 775 4949 scilicet
801 4911 944 4965 spem
991 4895 1189 4954 futura:
1214 4898 1428 4966 salutis,
1457 4907 1520 4956 ut
1547 4901 1691 4958 sicut
1733 4905 1885 4976 gaiea
1913 4906 2150 4978 protegit

567 4993 753 5054 caput,
782 4985 856 5041 ita
895 5004 1051 5045 mens
1079 4999 1267 5047 nostra
1297 5007 1396 5063 spe
1425 4990 1624 5050 futurae
1663 4996 2018 5053 beatitudinis
2045 4997 2147 5053 ob-

569 5072 838 5129 volvatur.
869 5075 1140 5134 Debemus
1181 5096 1404 5151 sperare
1444 5084 1697 5151 salutem,
1726 5088 1975 5157 quoniam
2006 5086 2149 5143 Deus

570 5178 674 5265 non
692 5164 866 5265 posuit
892 5183 985 5221 nos
1008 5168 1065 5221 in
1088 5170 1248 5238 iram,
1272 5172 1325 5228 id
1347 5182 1432 5230 est
1455 5173 1510 5228 in
1531 5177 1913 5247 perditionem,
1936 5179 2027 5235 sed
2052 5193 2152 5251 po-

574 5255 685 5309 suit
709 5269 813 5310 nos
839 5255 891 5311 in
924 5260 1243 5329 pra-missis,
1270 5263 1395 5331 ﬁde,
1425 5265 1693 5324 eharitate
1729 5278 1785 5325 et
1812 5285 1929 5341 spe,
1967 5272 2025 5326 in
2061 5288 2153 5325 ac-

567 5344 904 5417 quisttionem
950 5347 1162 5415 salutis,
1211 5353 1263 5407 id
1303 5364 1388 5410 est
1427 5366 1487 5412 ut
1514 5374 1611 5428 per
1650 5360 1755 5416 hoc
1797 5362 2150 5433 acquiramus

568 5448 885 5508 perpetuam
927 5438 1180 5495 salutem.
1219 5440 1423 5500 Salutis
1447 5446 1569 5501 dico
1602 5449 1883 5519 habendae,
1914 5468 2008 5522 per
2036 5450 2149 5505 Do-

569 5528 769 5583 minum
817 5537 1056 5601 nostrum
1100 5530 1285 5588 Iesum
1335 5534 1626 5593 Christum.
1681 5537 1843 5596 Ponit
1890 5541 2149 5597 meritum

568 5621 919 5696 Christi,quo
936 5622 1102 5681 istam
1129 5626 1363 5683 salutem
1390 5629 1550 5685 nobis
1572 5632 1894 5700 promeruit,
1922 5632 2145 5689 dicens:

571 5718 675 5781 Qui
712 5713 968 5775 Christus
999 5729 1237 5775 mortuus
1275 5731 1350 5777 est
1380 5737 1476 5793 pro
1503 5722 1672 5791 nobis,
1703 5731 1761 5777 ut
1787 5740 1888 5781 nos
1917 5726 2147 5780 vivamus

2252 4553 2384 4604 cem,
2417 4535 2471 4591 id
2512 4543 2600 4591 est
2638 4534 2783 4589 inter
2814 4548 2914 4589 vos
2951 4532 3007 4587 in
3051 4529 3321 4598 Ecclesia,
3357 4538 3410 4585 et
3455 4528 3625 4585 etiam
3659 4536 3820 4583 trans-

2249 4626 2432 4683 eundo
2456 4627 2512 4680 in
2533 4641 2732 4692 omnes,
2764 4622 3012 4680 docendo
3032 4621 3197 4678 etiam
3223 4621 3495 4678 inﬁdeles.
3522 4619 3590 4677 Et
3618 4632 3818 4688 semper.

2249 4718 2365 4775 sive
2400 4717 2513 4789 pati
2548 4723 2816 4787 oporteat,
2849 4714 2964 4770 sive
2998 4728 3130 4779 non,
3178 4713 3422 4784 gaudete,
3449 4721 3503 4766 et
3545 4722 3691 4767 orate
3719 4708 3821 4761 sine

2248 4808 2638 4864 intermissione
2690 4806 3178 4862 determinatarum
3232 4807 3533 4873 horarum,
3575 4811 3640 4858 ut
3690 4806 3820 4857 cem

2249 4907 2496 4971 tempora
2518 4897 2786 4954 orationis
2814 4913 2925 4952 non
2954 4895 3262 4968 negligatis.
3290 4894 3412 4963 Vel,
3434 4905 3586 4951 orate
3617 4896 3720 4951 sine
3740 4893 3818 4945 its-

2252 4991 2600 5057 termissione,
2623 4997 2707 5057 ut,
2738 4988 2854 5045 sive
2877 4986 3184 5055 dormiatis,
3216 4987 3331 5044 sive
3343 4987 3604 5059 vigiletis,
3629 4996 3820 5053 semper

2253 5084 2443 5140 oretis.
2473 5081 2561 5150 Et,
2592 5081 2750 5153 juxta
2786 5080 2931 5135 hanc
2953 5077 3321 5148 fsententiam,
3358 5078 3550 5134 dicunt
3579 5074 3737 5132 sancti
3760 5071 3820 5125 il—

2252 5172 2367 5227 lum
2396 5185 2614 5242 semper
2641 5183 2765 5224 esse
2805 5167 2860 5223 in
2902 5166 3154 5222 oratione
3195 5166 3292 5237 qui
3330 5167 3387 5221 in
3422 5166 3576 5221 nullo
3600 5160 3816 5223 oﬂ‘endit,

2253 5264 2371 5331 sed,
2401 5263 2517 5320 sive
2544 5261 2749 5333 vigilet,
2782 5259 2900 5315 sive
2937 5258 3193 5325 dormiat,
3221 5273 3439 5329 semper
3465 5258 3536 5313 ad
3562 5255 3815 5312 Christum

2255 5354 2493 5411 anhelat.
2523 5351 2592 5406 Et
2614 5351 2668 5405 in
2695 5350 2936 5406 omnibus
2961 5363 3304 5419 quaecunque
3328 5340 3814 5417 facitis,veldicitis.

2253 5448 2394 5517 agite
2429 5445 2633 5517 gratias
2664 5442 2798 5509 Deo,
2829 5441 2944 5497 sive
2975 5440 3300 5497 incumbant
3324 5441 3578 5508 adversa,
3607 5439 3709 5497 sive
3733 5434 3817 5490 de-

2254 5538 2533 5594 mulceant
2554 5552 2653 5591 vos
2686 5549 2966 5605 prospera.
3008 5530 3172 5587 Orate
3199 5540 3256 5587 et
3283 5533 3429 5604 agite
3458 5533 3676 5606 gratias,
3702 5525 3817 5597 quia

2254 5629 2497 5685 uoluntas
2534 5628 2634 5682 Dei
2676 5627 2787 5681 haec
2824 5634 2902 5679 est
2940 5627 2997 5679 in
3035 5625 3277 5680 omnibus
3326 5627 3474 5681 vobis
3502 5643 3521 5681 :
3558 5635 3614 5680 ut
3649 5632 3817 5677 omnes

2254 5721 2424 5780 oretis
2452 5722 2517 5778 et
2539 5717 2715 5791 agatis
2751 5715 2974 5791 gratias.
3010 5715 3104 5769 Est
3127 5717 3249 5772 dico
3283 5718 3339 5771 in
3369 5716 3581 5774 Christo
3609 5713 3741 5774 Iesu.
3766 5704 3815 5761 id
