  <div class='ocr_page' id='page_1' title='image "/cluster/home/n/w/nwhite01/storage/ocr_20150623/153/hvd.32044015473812/212.png"; bbox 0 0 3988 6394; ppageno 0'>
   <div class='ocr_carea' id='block_1_1' title="bbox 164 369 296 426">
    <p class='ocr_par' dir='ltr' id='par_1_1' title="bbox 164 369 296 426">
     <span class='ocr_line' id='line_1_1' title="bbox 164 369 296 426; baseline 0.008 -1"><span class='ocrx_word' id='word_1_1' title='bbox 164 369 296 426; x_wconf 68' lang='grc'><strong>413</strong></span> 
     </span>
    </p>
   </div>
   <div class='ocr_carea' id='block_1_2' title="bbox 761 349 2862 430">
    <p class='ocr_par' dir='ltr' id='par_1_2' title="bbox 761 349 2862 430">
     <span class='ocr_line' id='line_1_2' title="bbox 761 349 2862 430; baseline 0.005 -10"><span class='ocrx_word' id='word_1_2' title='bbox 761 349 1128 423; x_wconf 72' lang='lat' dir='ltr'><strong>EXPOSITIO</strong></span> <span class='ocrx_word' id='word_1_3' title='bbox 1164 367 1229 422; x_wconf 84' lang='lat' dir='ltr'><strong>IN</strong></span> <span class='ocrx_word' id='word_1_4' title='bbox 1268 365 1649 425; x_wconf 81' lang='lat' dir='ltr'><strong>EPISTOLAS</strong></span> <span class='ocrx_word' id='word_1_5' title='bbox 1685 367 2096 425; x_wconf 77' lang='lat' dir='ltr'><strong>PAULL—IN</strong></span> <span class='ocrx_word' id='word_1_6' title='bbox 2136 367 2354 426; x_wconf 83' lang='lat' dir='ltr'><strong>EPIST.</strong></span> <span class='ocrx_word' id='word_1_7' title='bbox 2399 370 2441 426; x_wconf 93' lang='lat' dir='ltr'><strong>Il</strong></span> <span class='ocrx_word' id='word_1_8' title='bbox 2485 371 2577 426; x_wconf 86' lang='lat' dir='ltr'><strong>AD</strong></span> <span class='ocrx_word' id='word_1_9' title='bbox 2617 371 2862 430; x_wconf 80' lang='lat' dir='ltr'><strong>THESS.</strong></span> 
     </span>
    </p>
   </div>
   <div class='ocr_carea' id='block_1_3' title="bbox 3338 382 3448 438">
    <p class='ocr_par' dir='ltr' id='par_1_3' title="bbox 3338 382 3448 438">
     <span class='ocr_line' id='line_1_3' title="bbox 3338 382 3448 438; baseline 0 0"><span class='ocrx_word' id='word_1_10' title='bbox 3338 382 3448 438; x_wconf 72' lang='grc'><strong>414</strong></span> 
     </span>
    </p>
   </div>
   <div class='ocr_carea' id='block_1_4' title="bbox 159 464 3457 560">
    <p class='ocr_par' dir='ltr' id='par_1_4' title="bbox 159 464 3457 560">
     <span class='ocr_line' id='line_1_4' title="bbox 159 464 3457 560; baseline 0.005 -26"><span class='ocrx_word' id='word_1_11' title='bbox 159 479 359 536; x_wconf 81' lang='lat' dir='ltr'><strong>estin</strong></span> <span class='ocrx_word' id='word_1_12' title='bbox 381 464 722 535; x_wconf 75' lang='lat' dir='ltr'><strong>institutione</strong></span> <span class='ocrx_word' id='word_1_13' title='bbox 753 477 959 535; x_wconf 76' lang='lat' dir='ltr'><strong>Christi</strong></span> <span class='ocrx_word' id='word_1_14' title='bbox 979 478 1130 548; x_wconf 88' lang='lat' dir='ltr'><strong>Jesu,</strong></span> <span class='ocrx_word' id='word_1_15' title='bbox 1153 496 1388 552; x_wconf 88' lang='lat' dir='ltr'><strong>cumque</strong></span> <span class='ocrx_word' id='word_1_16' title='bbox 1411 482 1482 538; x_wconf 92' lang='lat' dir='ltr'><strong>sit</strong></span> <span class='ocrx_word' id='word_1_17' title='bbox 1502 481 1774 539; x_wconf 75' lang='lat' dir='ltr'><strong>institutio</strong></span> <span class='ocrx_word' id='word_1_18' title='bbox 1802 484 1849 544; x_wconf 77' lang='grc' dir='ltr'>Α</span> <span class='ocrx_word' id='word_1_19' title='bbox 1875 483 2134 554; x_wconf 84' lang='lat' dir='ltr'><strong>potestis;</strong></span> <span class='ocrx_word' id='word_1_20' title='bbox 2183 484 2294 555; x_wconf 86' lang='lat' dir='ltr'><strong>ipse</strong></span> <span class='ocrx_word' id='word_1_21' title='bbox 2336 495 2514 540; x_wconf 79' lang='lat' dir='ltr'><strong>autent</strong></span> <span class='ocrx_word' id='word_1_22' title='bbox 2549 485 2692 541; x_wconf 86' lang='lat' dir='ltr'><strong>Deus</strong></span> <span class='ocrx_word' id='word_1_23' title='bbox 2739 490 2888 560; x_wconf 83' lang='lat' dir='ltr'><strong>pacis</strong></span> <span class='ocrx_word' id='word_1_24' title='bbox 2926 490 3172 560; x_wconf 80' lang='lat' dir='ltr'><strong>perficiat</strong></span> <span class='ocrx_word' id='word_1_25' title='bbox 3207 491 3262 548; x_wconf 89' lang='lat' dir='ltr'><strong>in</strong></span> <span class='ocrx_word' id='word_1_26' title='bbox 3301 495 3457 555; x_wconf 80' lang='lat' dir='ltr'><strong>vobis</strong></span> 
     </span>
    </p>
   </div>
   <div class='ocr_carea' id='block_1_5' title="bbox 159 568 1773 645">
    <p class='ocr_par' dir='ltr' id='par_1_5' title="bbox 159 568 1773 645">
     <span class='ocr_line' id='line_1_5' title="bbox 159 568 1773 645; baseline 0.003 -20"><span class='ocrx_word' id='word_1_27' title='bbox 159 568 282 625; x_wconf 71' lang='lat' dir='ltr'><strong>Dei</strong></span> <span class='ocrx_word' id='word_1_28' title='bbox 317 579 375 626; x_wconf 87' lang='lat' dir='ltr'><strong>et</strong></span> <span class='ocrx_word' id='word_1_29' title='bbox 400 570 673 637; x_wconf 78' lang='lat' dir='ltr'><strong>voluntas,</strong></span> <span class='ocrx_word' id='word_1_30' title='bbox 693 579 921 641; x_wconf 74' lang='lat' dir='ltr'><strong>“oportet</strong></span> <span class='ocrx_word' id='word_1_31' title='bbox 955 586 1133 640; x_wconf 89' lang='lat' dir='ltr'><strong>orare,</strong></span> <span class='ocrx_word' id='word_1_32' title='bbox 1167 573 1371 645; x_wconf 76' lang='lat' dir='ltr'><strong>gratias</strong></span> <span class='ocrx_word' id='word_1_33' title='bbox 1404 589 1583 645; x_wconf 87' lang='lat' dir='ltr'><strong>agere.</strong></span> <span class='ocrx_word' id='word_1_34' title='bbox 1615 572 1773 641; x_wconf 85' lang='lat' dir='ltr'><strong>Quod</strong></span> 
     </span>
    </p>
   </div>
   <div class='ocr_carea' id='block_1_6' title="bbox 159 661 1770 736">
    <p class='ocr_par' dir='ltr' id='par_1_6' title="bbox 159 661 1770 736">
     <span class='ocr_line' id='line_1_6' title="bbox 159 661 1770 736; baseline 0.002 -19"><span class='ocrx_word' id='word_1_35' title='bbox 159 663 255 718; x_wconf 86' lang='lat' dir='ltr'><strong>ibi</strong></span> <span class='ocrx_word' id='word_1_36' title='bbox 290 663 369 719; x_wconf 87' lang='lat' dir='ltr'><strong>ait</strong></span> <span class='ocrx_word' id='word_1_37' title='bbox 398 682 410 717; x_wconf 96' lang='lat'>:</span> <span class='ocrx_word' id='word_1_38' title='bbox 442 661 658 734; x_wconf 83' lang='lat' dir='ltr'><strong>Semper</strong></span> <span class='ocrx_word' id='word_1_39' title='bbox 684 663 934 734; x_wconf 82' lang='lat' dir='ltr'><strong>gaudete,</strong></span> <span class='ocrx_word' id='word_1_40' title='bbox 968 674 1098 732; x_wconf 90' lang='lat' dir='ltr'><strong>etc.,</strong></span> <span class='ocrx_word' id='word_1_41' title='bbox 1139 665 1207 721; x_wconf 87' lang='lat' dir='ltr'><strong>ad</strong></span> <span class='ocrx_word' id='word_1_42' title='bbox 1254 666 1506 736; x_wconf 67' lang='lat' dir='ltr'><strong>praelatos</strong></span> <span class='ocrx_word' id='word_1_43' title='bbox 1536 673 1770 736; x_wconf 81' lang='lat' dir='ltr'><strong>spectat;</strong></span> 
     </span>
    </p>
   </div>
   <div class='ocr_carea' id='block_1_7' title="bbox 156 755 1771 826">
    <p class='ocr_par' dir='ltr' id='par_1_7' title="bbox 156 755 1771 826">
     <span class='ocr_line' id='line_1_7' title="bbox 156 755 1771 826; baseline 0.002 -17"><span class='ocrx_word' id='word_1_44' title='bbox 156 763 226 809; x_wconf 84' lang='lat' dir='ltr'><strong>et</strong></span> <span class='ocrx_word' id='word_1_45' title='bbox 269 755 337 810; x_wconf 90' lang='lat' dir='ltr'><strong>ad</strong></span> <span class='ocrx_word' id='word_1_46' title='bbox 369 755 642 821; x_wconf 87' lang='lat' dir='ltr'><strong>subditos,</strong></span> <span class='ocrx_word' id='word_1_47' title='bbox 674 769 869 810; x_wconf 89' lang='lat' dir='ltr'><strong>omnes</strong></span> <span class='ocrx_word' id='word_1_48' title='bbox 895 756 1119 826; x_wconf 81' lang='lat' dir='ltr'><strong>gaudete</strong></span> <span class='ocrx_word' id='word_1_49' title='bbox 1148 765 1203 812; x_wconf 91' lang='lat' dir='ltr'><strong>et</strong></span> <span class='ocrx_word' id='word_1_50' title='bbox 1235 766 1403 812; x_wconf 90' lang='lat' dir='ltr'><strong>orate.</strong></span> <span class='ocrx_word' id='word_1_51' title='bbox 1431 755 1541 813; x_wconf 84' lang='lat' dir='ltr'><strong>Vos</strong></span> <span class='ocrx_word' id='word_1_52' title='bbox 1565 765 1771 824; x_wconf 90' lang='lat' dir='ltr'><strong>autem,</strong></span> 
     </span>
    </p>
   </div>
   <div class='ocr_carea' id='block_1_8' title="bbox 159 845 1775 920">
    <p class='ocr_par' dir='ltr' id='par_1_8' title="bbox 159 845 1775 920">
     <span class='ocr_line' id='line_1_8' title="bbox 159 845 1775 920; baseline 0.001 -20"><span class='ocrx_word' id='word_1_53' title='bbox 159 845 416 913; x_wconf 67' lang='lat' dir='ltr'><strong>pralati,</strong></span> <span class='ocrx_word' id='word_1_54' title='bbox 451 845 614 900; x_wconf 79' lang='lat' dir='ltr'><strong>nolite</strong></span> <span class='ocrx_word' id='word_1_55' title='bbox 642 845 974 917; x_wconf 73' lang='lat' dir='ltr'><strong>exstinguere</strong></span> <span class='ocrx_word' id='word_1_56' title='bbox 1004 845 1293 918; x_wconf 74' lang='lat' dir='ltr'><strong>Spiritum,</strong></span> <span class='ocrx_word' id='word_1_57' title='bbox 1325 857 1385 903; x_wconf 92' lang='lat' dir='ltr'><strong>ut</strong></span> <span class='ocrx_word' id='word_1_58' title='bbox 1411 863 1475 904; x_wconf 83' lang='lat' dir='ltr'><strong>ea</strong></span> <span class='ocrx_word' id='word_1_59' title='bbox 1500 864 1623 919; x_wconf 64' lang='lat' dir='ltr'><strong>quas</strong></span> <span class='ocrx_word' id='word_1_60' title='bbox 1651 846 1775 920; x_wconf 86' lang='lat' dir='ltr'><strong>Spi-</strong></span> 
     </span>
    </p>
   </div>
   <div class='ocr_carea' id='block_1_9' title="bbox 161 936 1776 1008">
    <p class='ocr_par' dir='ltr' id='par_1_9' title="bbox 161 936 1776 1008">
     <span class='ocr_line' id='line_1_9' title="bbox 161 936 1776 1008; baseline 0.003 -16"><span class='ocrx_word' id='word_1_61' title='bbox 161 936 327 993; x_wconf 83' lang='lat' dir='ltr'><strong>ritus</strong></span> <span class='ocrx_word' id='word_1_62' title='bbox 367 948 594 994; x_wconf 88' lang='lat' dir='ltr'><strong>sanctus</strong></span> <span class='ocrx_word' id='word_1_63' title='bbox 629 939 1028 996; x_wconf 85' lang='lat' dir='ltr'><strong>ministraverit</strong></span> <span class='ocrx_word' id='word_1_64' title='bbox 1064 941 1319 1008; x_wconf 89' lang='lat' dir='ltr'><strong>subditis,</strong></span> <span class='ocrx_word' id='word_1_65' title='bbox 1361 942 1664 999; x_wconf 79' lang='lat' dir='ltr'><strong>occultatis.</strong></span> <span class='ocrx_word' id='word_1_66' title='bbox 1710 940 1776 997; x_wconf 90' lang='lat' dir='ltr'><strong>Et</strong></span> 
     </span>
    </p>
   </div>
   <div class='ocr_carea' id='block_1_10' title="bbox 158 1031 1776 1104">
    <p class='ocr_par' dir='ltr' id='par_1_10' title="bbox 158 1031 1776 1104">
     <span class='ocr_line' id='line_1_10' title="bbox 158 1031 1776 1104; baseline 0.004 -23"><span class='ocrx_word' id='word_1_67' title='bbox 158 1044 302 1096; x_wconf 72' lang='lat' dir='ltr'><strong>vos,</strong></span> <span class='ocrx_word' id='word_1_68' title='bbox 322 1031 546 1098; x_wconf 43' lang='lat' dir='ltr'><strong>subditi,</strong></span> <span class='ocrx_word' id='word_1_69' title='bbox 575 1031 738 1086; x_wconf 81' lang='lat' dir='ltr'><strong>nolite</strong></span> <span class='ocrx_word' id='word_1_70' title='bbox 759 1048 1007 1104; x_wconf 70' lang='lat' dir='ltr'><strong>spernere</strong></span> <span class='ocrx_word' id='word_1_71' title='bbox 1032 1032 1356 1104; x_wconf 84' lang='lat' dir='ltr'><strong>prophetias,</strong></span> <span class='ocrx_word' id='word_1_72' title='bbox 1387 1033 1439 1087; x_wconf 87' lang='lat' dir='ltr'><strong>id</strong></span> <span class='ocrx_word' id='word_1_73' title='bbox 1465 1041 1551 1089; x_wconf 89' lang='lat' dir='ltr'><strong>est</strong></span> <span class='ocrx_word' id='word_1_74' title='bbox 1572 1032 1776 1088; x_wconf 89' lang='lat' dir='ltr'><strong>revela-</strong></span> 
     </span>
    </p>
   </div>
   <div class='ocr_carea' id='block_1_11' title="bbox 163 1119 1776 1195">
    <p class='ocr_par' dir='ltr' id='par_1_11' title="bbox 163 1119 1776 1195">
     <span class='ocr_line' id='line_1_11' title="bbox 163 1119 1776 1195; baseline 0.002 -21"><span class='ocrx_word' id='word_1_75' title='bbox 163 1119 367 1178; x_wconf 84' lang='lat' dir='ltr'><strong>tiones</strong></span> <span class='ocrx_word' id='word_1_76' title='bbox 390 1120 823 1193; x_wconf 86' lang='lat' dir='ltr'><strong>Scripturarum,</strong></span> <span class='ocrx_word' id='word_1_77' title='bbox 848 1121 1024 1180; x_wconf 86' lang='lat' dir='ltr'><strong>factas</strong></span> <span class='ocrx_word' id='word_1_78' title='bbox 1044 1124 1200 1180; x_wconf 87' lang='lat' dir='ltr'><strong>vobis</strong></span> <span class='ocrx_word' id='word_1_79' title='bbox 1220 1141 1250 1180; x_wconf 89' lang='lat' dir='ltr'><strong>a</strong></span> <span class='ocrx_word' id='word_1_80' title='bbox 1277 1125 1534 1195; x_wconf 65' lang='lat' dir='ltr'><strong>praelatis.</strong></span> <span class='ocrx_word' id='word_1_81' title='bbox 1562 1123 1627 1179; x_wconf 90' lang='lat' dir='ltr'><strong>Et</strong></span> <span class='ocrx_word' id='word_1_82' title='bbox 1650 1124 1776 1180; x_wconf 91' lang='lat' dir='ltr'><strong>licet</strong></span> 
     </span>
    </p>
   </div>
   <div class='ocr_carea' id='block_1_12' title="bbox 161 1210 1777 1288">
    <p class='ocr_par' dir='ltr' id='par_1_12' title="bbox 161 1210 1777 1288">
     <span class='ocr_line' id='line_1_12' title="bbox 161 1210 1777 1288; baseline 0.002 -22"><span class='ocrx_word' id='word_1_83' title='bbox 161 1210 367 1268; x_wconf 86' lang='lat' dir='ltr'><strong>dicam</strong></span> <span class='ocrx_word' id='word_1_84' title='bbox 403 1212 565 1269; x_wconf 83' lang='lat' dir='ltr'><strong>nolite</strong></span> <span class='ocrx_word' id='word_1_85' title='bbox 596 1231 860 1285; x_wconf 76' lang='lat' dir='ltr'><strong>spernere,</strong></span> <span class='ocrx_word' id='word_1_86' title='bbox 901 1225 1083 1272; x_wconf 89' lang='lat' dir='ltr'><strong>tamen</strong></span> <span class='ocrx_word' id='word_1_87' title='bbox 1126 1217 1306 1270; x_wconf 86' lang='lat' dir='ltr'><strong>omnia</strong></span> <span class='ocrx_word' id='word_1_88' title='bbox 1335 1216 1571 1288; x_wconf 84' lang='lat' dir='ltr'><strong>probate,</strong></span> <span class='ocrx_word' id='word_1_89' title='bbox 1602 1216 1656 1271; x_wconf 90' lang='lat' dir='ltr'><strong>id</strong></span> <span class='ocrx_word' id='word_1_90' title='bbox 1691 1224 1777 1272; x_wconf 91' lang='lat' dir='ltr'><strong>est</strong></span> 
     </span>
    </p>
   </div>
   <div class='ocr_carea' id='block_1_13' title="bbox 162 1305 1776 1378">
    <p class='ocr_par' dir='ltr' id='par_1_13' title="bbox 162 1305 1776 1378">
     <span class='ocr_line' id='line_1_13' title="bbox 162 1305 1776 1378; baseline 0.001 -18"><span class='ocrx_word' id='word_1_91' title='bbox 162 1305 560 1376; x_wconf 80' lang='lat' dir='ltr'><strong>probabiliter&#39;</strong></span> <span class='ocrx_word' id='word_1_92' title='bbox 575 1307 731 1378; x_wconf 87' lang='lat' dir='ltr'><strong>prius</strong></span> <span class='ocrx_word' id='word_1_93' title='bbox 771 1309 1140 1375; x_wconf 85' lang='lat' dir='ltr'><strong>considerate;</strong></span> <span class='ocrx_word' id='word_1_94' title='bbox 1177 1325 1244 1365; x_wconf 91' lang='lat' dir='ltr'><strong>ne</strong></span> <span class='ocrx_word' id='word_1_95' title='bbox 1272 1308 1600 1365; x_wconf 89' lang='lat' dir='ltr'><strong>admistione</strong></span> <span class='ocrx_word' id='word_1_96' title='bbox 1624 1307 1776 1364; x_wconf 90' lang='lat' dir='ltr'><strong>falsi-</strong></span> 
     </span>
    </p>
   </div>
   <div class='ocr_carea' id='block_1_14' title="bbox 163 1396 1775 1473">
    <p class='ocr_par' dir='ltr' id='par_1_14' title="bbox 163 1396 1775 1473">
     <span class='ocr_line' id='line_1_14' title="bbox 163 1396 1775 1473; baseline 0.002 -22"><span class='ocrx_word' id='word_1_97' title='bbox 163 1396 312 1451; x_wconf 84' lang='lat' dir='ltr'><strong>tatis</strong></span> <span class='ocrx_word' id='word_1_98' title='bbox 342 1397 717 1468; x_wconf 84' lang='lat' dir='ltr'><strong>decipiamini.</strong></span> <span class='ocrx_word' id='word_1_99' title='bbox 752 1399 820 1454; x_wconf 91' lang='lat' dir='ltr'><strong>Et</strong></span> <span class='ocrx_word' id='word_1_100' title='bbox 852 1410 1146 1472; x_wconf 86' lang='lat' dir='ltr'><strong>postquam</strong></span> <span class='ocrx_word' id='word_1_101' title='bbox 1172 1401 1566 1473; x_wconf 87' lang='lat' dir='ltr'><strong>probaveritis,</strong></span> <span class='ocrx_word' id='word_1_102' title='bbox 1609 1409 1775 1456; x_wconf 86' lang='lat' dir='ltr'><strong>tenete</strong></span> 
     </span>
    </p>
   </div>
   <div class='ocr_carea' id='block_1_15' title="bbox 162 1487 1774 1560">
    <p class='ocr_par' dir='ltr' id='par_1_15' title="bbox 162 1487 1774 1560">
     <span class='ocr_line' id='line_1_15' title="bbox 162 1487 1774 1560; baseline 0.002 -18"><span class='ocrx_word' id='word_1_103' title='bbox 162 1487 318 1544; x_wconf 87' lang='lat' dir='ltr'><strong>illud</strong></span> <span class='ocrx_word' id='word_1_104' title='bbox 351 1491 492 1560; x_wconf 81' lang='lat' dir='ltr'><strong>quod</strong></span> <span class='ocrx_word' id='word_1_105' title='bbox 530 1491 744 1559; x_wconf 82' lang='lat' dir='ltr'><strong>bonum,</strong></span> <span class='ocrx_word' id='word_1_106' title='bbox 788 1491 841 1546; x_wconf 91' lang='lat' dir='ltr'><strong>id</strong></span> <span class='ocrx_word' id='word_1_107' title='bbox 884 1501 970 1548; x_wconf 89' lang='lat' dir='ltr'><strong>est</strong></span> <span class='ocrx_word' id='word_1_108' title='bbox 1010 1493 1142 1548; x_wconf 84' lang='lat' dir='ltr'><strong>utile</strong></span> <span class='ocrx_word' id='word_1_109' title='bbox 1174 1502 1275 1560; x_wconf 84' lang='lat' dir='ltr'><strong>est,</strong></span> <span class='ocrx_word' id='word_1_110' title='bbox 1313 1502 1369 1548; x_wconf 90' lang='lat' dir='ltr'><strong>et</strong></span> <span class='ocrx_word' id='word_1_111' title='bbox 1401 1493 1659 1548; x_wconf 79' lang='lat' dir='ltr'><strong>abstinete</strong></span> <span class='ocrx_word' id='word_1_112' title='bbox 1686 1509 1774 1548; x_wconf 83' lang='lat' dir='ltr'><strong>vos</strong></span> 
     </span>
    </p>
   </div>
   <div class='ocr_carea' id='block_1_16' title="bbox 163 1581 1774 1654">
    <p class='ocr_par' dir='ltr' id='par_1_16' title="bbox 163 1581 1774 1654">
     <span class='ocr_line' id='line_1_16' title="bbox 163 1581 1774 1654; baseline 0.003 -21"><span class='ocrx_word' id='word_1_113' title='bbox 163 1595 292 1634; x_wconf 90' lang='lat' dir='ltr'><strong>non</strong></span> <span class='ocrx_word' id='word_1_114' title='bbox 319 1581 501 1636; x_wconf 93' lang='lat' dir='ltr'><strong>solum</strong></span> <span class='ocrx_word' id='word_1_115' title='bbox 525 1583 596 1638; x_wconf 86' lang='lat' dir='ltr'><strong>ab</strong></span> <span class='ocrx_word' id='word_1_116' title='bbox 617 1598 685 1638; x_wconf 93' lang='lat' dir='ltr'><strong>eo</strong></span> <span class='ocrx_word' id='word_1_117' title='bbox 709 1583 854 1654; x_wconf 90' lang='lat' dir='ltr'><strong>quod</strong></span> <span class='ocrx_word' id='word_1_118' title='bbox 878 1584 1082 1639; x_wconf 90' lang='lat' dir='ltr'><strong>malum</strong></span> <span class='ocrx_word' id='word_1_119' title='bbox 1108 1592 1212 1651; x_wconf 90' lang='lat' dir='ltr'><strong>est,</strong></span> <span class='ocrx_word' id='word_1_120' title='bbox 1239 1584 1332 1640; x_wconf 90' lang='lat' dir='ltr'><strong>sed</strong></span> <span class='ocrx_word' id='word_1_121' title='bbox 1354 1586 1520 1640; x_wconf 89' lang='lat' dir='ltr'><strong>etiam</strong></span> <span class='ocrx_word' id='word_1_122' title='bbox 1542 1584 1606 1639; x_wconf 86' lang='lat' dir='ltr'><strong>ab</strong></span> <span class='ocrx_word' id='word_1_123' title='bbox 1631 1586 1774 1639; x_wconf 87' lang='lat' dir='ltr'><strong>omni</strong></span> 
     </span>
    </p>
   </div>
   <div class='ocr_carea' id='block_1_17' title="bbox 162 1673 1773 1748">
    <p class='ocr_par' dir='ltr' id='par_1_17' title="bbox 162 1673 1773 1748">
     <span class='ocr_line' id='line_1_17' title="bbox 162 1673 1773 1748; baseline 0.003 -23"><span class='ocrx_word' id='word_1_124' title='bbox 162 1673 358 1742; x_wconf 79' lang='lat' dir='ltr'><strong>specie</strong></span> <span class='ocrx_word' id='word_1_125' title='bbox 399 1673 566 1741; x_wconf 86' lang='lat' dir='ltr'><strong>mala,</strong></span> <span class='ocrx_word' id='word_1_126' title='bbox 607 1675 662 1730; x_wconf 91' lang='lat' dir='ltr'><strong>id</strong></span> <span class='ocrx_word' id='word_1_127' title='bbox 698 1684 783 1731; x_wconf 91' lang='lat' dir='ltr'><strong>est</strong></span> <span class='ocrx_word' id='word_1_128' title='bbox 810 1676 881 1731; x_wconf 88' lang='lat' dir='ltr'><strong>ab</strong></span> <span class='ocrx_word' id='word_1_129' title='bbox 907 1691 974 1732; x_wconf 93' lang='lat' dir='ltr'><strong>eo</strong></span> <span class='ocrx_word' id='word_1_130' title='bbox 1021 1676 1166 1747; x_wconf 92' lang='lat' dir='ltr'><strong>quod</strong></span> <span class='ocrx_word' id='word_1_131' title='bbox 1204 1677 1444 1748; x_wconf 86' lang='lat' dir='ltr'><strong>aliquam</strong></span> <span class='ocrx_word' id='word_1_132' title='bbox 1484 1676 1773 1748; x_wconf 81' lang='lat' dir='ltr'><strong>imaginem</strong></span> 
     </span>
    </p>
   </div>
   <div class='ocr_carea' id='block_1_18' title="bbox 165 1765 1775 1834">
    <p class='ocr_par' dir='ltr' id='par_1_18' title="bbox 165 1765 1775 1834">
     <span class='ocr_line' id='line_1_18' title="bbox 165 1765 1775 1834; baseline 0.002 -16"><span class='ocrx_word' id='word_1_133' title='bbox 165 1765 312 1819; x_wconf 89' lang='lat' dir='ltr'><strong>mali</strong></span> <span class='ocrx_word' id='word_1_134' title='bbox 345 1766 565 1834; x_wconf 86' lang='lat' dir='ltr'><strong>retinet,</strong></span> <span class='ocrx_word' id='word_1_135' title='bbox 593 1767 809 1824; x_wconf 89' lang='lat' dir='ltr'><strong>etiamsi</strong></span> <span class='ocrx_word' id='word_1_136' title='bbox 843 1769 1049 1823; x_wconf 88' lang='lat' dir='ltr'><strong>malum</strong></span> <span class='ocrx_word' id='word_1_137' title='bbox 1074 1769 1163 1824; x_wconf 91' lang='lat' dir='ltr'><strong>sit.</strong></span> <span class='ocrx_word' id='word_1_138' title='bbox 1213 1767 1340 1824; x_wconf 89' lang='lat' dir='ltr'><strong>Ideo</strong></span> <span class='ocrx_word' id='word_1_139' title='bbox 1374 1767 1610 1824; x_wconf 77' lang='lat' dir='ltr'><strong>maxime</strong></span> <span class='ocrx_word' id='word_1_140' title='bbox 1638 1767 1775 1823; x_wconf 78' lang='lat' dir='ltr'><strong>dixit</strong></span> 
     </span>
    </p>
   </div>
   <div class='ocr_carea' id='block_1_19' title="bbox 164 1858 1771 1930">
    <p class='ocr_par' dir='ltr' id='par_1_19' title="bbox 164 1858 1771 1930">
     <span class='ocr_line' id='line_1_19' title="bbox 164 1858 1771 1930; baseline 0.005 -22"><span class='ocrx_word' id='word_1_141' title='bbox 164 1859 411 1926; x_wconf 83' lang='lat' dir='ltr'><strong>aspecie</strong></span> <span class='ocrx_word' id='word_1_142' title='bbox 460 1858 626 1927; x_wconf 90' lang='lat' dir='ltr'><strong>mala,</strong></span> <span class='ocrx_word' id='word_1_143' title='bbox 673 1858 802 1930; x_wconf 90' lang='lat' dir='ltr'><strong>quia</strong></span> <span class='ocrx_word' id='word_1_144' title='bbox 839 1859 918 1914; x_wconf 90' lang='lat' dir='ltr'><strong>illi</strong></span> <span class='ocrx_word' id='word_1_145' title='bbox 956 1860 1198 1916; x_wconf 76' lang='lat' dir='ltr'><strong>hzeretici</strong></span> <span class='ocrx_word' id='word_1_146' title='bbox 1240 1861 1564 1916; x_wconf 91' lang='lat' dir='ltr'><strong>mutuabant</strong></span> <span class='ocrx_word' id='word_1_147' title='bbox 1609 1876 1771 1916; x_wconf 89' lang='lat' dir='ltr'><strong>voces</strong></span> 
     </span>
    </p>
   </div>
   <div class='ocr_carea' id='block_1_20' title="bbox 166 1949 1772 2024">
    <p class='ocr_par' dir='ltr' id='par_1_20' title="bbox 166 1949 1772 2024">
     <span class='ocr_line' id='line_1_20' title="bbox 166 1949 1772 2024; baseline 0.004 -22"><span class='ocrx_word' id='word_1_148' title='bbox 166 1949 329 2015; x_wconf 81' lang='lat' dir='ltr'><strong>ﬁdei,</strong></span> <span class='ocrx_word' id='word_1_149' title='bbox 363 1960 424 2006; x_wconf 94' lang='lat' dir='ltr'><strong>ut</strong></span> <span class='ocrx_word' id='word_1_150' title='bbox 449 1967 546 2022; x_wconf 88' lang='lat' dir='ltr'><strong>per</strong></span> <span class='ocrx_word' id='word_1_151' title='bbox 571 1953 1007 2023; x_wconf 62' lang='lat' dir='ltr'><strong>atquipollentias</strong></span> <span class='ocrx_word' id='word_1_152' title='bbox 1039 1969 1258 2020; x_wconf 89' lang='lat' dir='ltr'><strong>vocum,</strong></span> <span class='ocrx_word' id='word_1_153' title='bbox 1285 1953 1562 2024; x_wconf 89' lang='lat' dir='ltr'><strong>simplices</strong></span> <span class='ocrx_word' id='word_1_154' title='bbox 1588 1953 1772 2009; x_wconf 88' lang='lat' dir='ltr'><strong>trahe—</strong></span> 
     </span>
    </p>
   </div>
   <div class='ocr_carea' id='block_1_21' title="bbox 166 2041 1771 2116">
    <p class='ocr_par' dir='ltr' id='par_1_21' title="bbox 166 2041 1771 2116">
     <span class='ocr_line' id='line_1_21' title="bbox 166 2041 1771 2116; baseline 0 -18"><span class='ocrx_word' id='word_1_155' title='bbox 166 2050 303 2098; x_wconf 83' lang='lat' dir='ltr'><strong>rent</strong></span> <span class='ocrx_word' id='word_1_156' title='bbox 335 2041 394 2097; x_wconf 89' lang='lat' dir='ltr'><strong>in</strong></span> <span class='ocrx_word' id='word_1_157' title='bbox 417 2059 682 2100; x_wconf 89' lang='lat' dir='ltr'><strong>errorem.</strong></span> <span class='ocrx_word' id='word_1_158' title='bbox 715 2043 849 2114; x_wconf 80' lang='lat' dir='ltr'><strong>Vos,</strong></span> <span class='ocrx_word' id='word_1_159' title='bbox 875 2044 1084 2116; x_wconf 73' lang='lat' dir='ltr'><strong>prtelati</strong></span> <span class='ocrx_word' id='word_1_160' title='bbox 1114 2052 1170 2101; x_wconf 87' lang='lat' dir='ltr'><strong>et</strong></span> <span class='ocrx_word' id='word_1_161' title='bbox 1194 2043 1420 2110; x_wconf 86' lang='lat' dir='ltr'><strong>subditi,</strong></span> <span class='ocrx_word' id='word_1_162' title='bbox 1440 2042 1603 2099; x_wconf 89' lang='lat' dir='ltr'><strong>facite</strong></span> <span class='ocrx_word' id='word_1_163' title='bbox 1624 2042 1771 2114; x_wconf 91' lang='lat' dir='ltr'><strong>quod</strong></span> 
     </span>
    </p>
   </div>
   <div class='ocr_carea' id='block_1_22' title="bbox 1875 575 3456 655">
    <p class='ocr_par' dir='ltr' id='par_1_22' title="bbox 1875 575 3456 655">
     <span class='ocr_line' id='line_1_22' title="bbox 1875 575 3456 655; baseline 0.008 -26"><span class='ocrx_word' id='word_1_164' title='bbox 1875 575 2007 630; x_wconf 90' lang='lat' dir='ltr'><strong>illud</strong></span> <span class='ocrx_word' id='word_1_165' title='bbox 2030 576 2088 630; x_wconf 91' lang='lat' dir='ltr'><strong>in</strong></span> <span class='ocrx_word' id='word_1_166' title='bbox 2118 593 2232 647; x_wconf 89' lang='lat' dir='ltr'><strong>quo</strong></span> <span class='ocrx_word' id='word_1_167' title='bbox 2255 577 2507 646; x_wconf 80' lang='lat' dir='ltr'><strong>deticitis,</strong></span> <span class='ocrx_word' id='word_1_168' title='bbox 2539 579 2749 636; x_wconf 85' lang='lat' dir='ltr'><strong>scilicet</strong></span> <span class='ocrx_word' id='word_1_169' title='bbox 2779 582 3075 652; x_wconf 80' lang='lat' dir='ltr'><strong>sancti/icet</strong></span> <span class='ocrx_word' id='word_1_170' title='bbox 3103 599 3192 638; x_wconf 81' lang='lat' dir='ltr'><strong>vos</strong></span> <span class='ocrx_word' id='word_1_171' title='bbox 3220 601 3313 655; x_wconf 86' lang='lat' dir='ltr'><strong>per</strong></span> <span class='ocrx_word' id='word_1_172' title='bbox 3338 602 3456 642; x_wconf 87' lang='lat' dir='ltr'><strong>om-</strong></span> 
     </span>
    </p>
   </div>
   <div class='ocr_carea' id='block_1_23' title="bbox 1873 666 3454 735">
    <p class='ocr_par' dir='ltr' id='par_1_23' title="bbox 1873 666 3454 735">
     <span class='ocr_line' id='line_1_23' title="bbox 1873 666 3454 735; baseline 0.009 -15"><span class='ocrx_word' id='word_1_173' title='bbox 1873 666 1986 732; x_wconf 89' lang='lat' dir='ltr'><strong>nia,</strong></span> <span class='ocrx_word' id='word_1_174' title='bbox 2025 674 2081 722; x_wconf 89' lang='lat' dir='ltr'><strong>et</strong></span> <span class='ocrx_word' id='word_1_175' title='bbox 2118 667 2172 721; x_wconf 90' lang='lat' dir='ltr'><strong>in</strong></span> <span class='ocrx_word' id='word_1_176' title='bbox 2219 669 2652 726; x_wconf 85' lang='lat' dir='ltr'><strong>sanctiﬁcatione</strong></span> <span class='ocrx_word' id='word_1_177' title='bbox 2678 672 2750 727; x_wconf 89' lang='lat' dir='ltr'><strong>ab</strong></span> <span class='ocrx_word' id='word_1_178' title='bbox 2778 688 2846 728; x_wconf 92' lang='lat' dir='ltr'><strong>eo</strong></span> <span class='ocrx_word' id='word_1_179' title='bbox 2886 674 3011 730; x_wconf 86' lang='lat' dir='ltr'><strong>data</strong></span> <span class='ocrx_word' id='word_1_180' title='bbox 3034 689 3134 732; x_wconf 91' lang='lat' dir='ltr'><strong>vos</strong></span> <span class='ocrx_word' id='word_1_181' title='bbox 3171 689 3454 735; x_wconf 84' lang='lat' dir='ltr'><strong>conservet</strong></span> 
     </span>
    </p>
   </div>
   <div class='ocr_carea' id='block_1_24' title="bbox 1874 759 3457 837">
    <p class='ocr_par' dir='ltr' id='par_1_24' title="bbox 1874 759 3457 837">
     <span class='ocr_line' id='line_1_24' title="bbox 1874 759 3457 837; baseline 0.007 -24"><span class='ocrx_word' id='word_1_182' title='bbox 1874 767 2303 829; x_wconf 85' lang='lat' dir='ltr'><strong>perseveranter.</strong></span> <span class='ocrx_word' id='word_1_183' title='bbox 2333 759 2491 828; x_wconf 86' lang='lat' dir='ltr'><strong>Quod</strong></span> <span class='ocrx_word' id='word_1_184' title='bbox 2527 763 2602 818; x_wconf 88' lang='lat' dir='ltr'><strong>ita</strong></span> <span class='ocrx_word' id='word_1_185' title='bbox 2625 764 2742 819; x_wconf 89' lang='lat' dir='ltr'><strong>ait:</strong></span> <span class='ocrx_word' id='word_1_186' title='bbox 2777 763 3085 837; x_wconf 81' lang='lat' dir='ltr'><strong>Sanctiﬁcet</strong></span> <span class='ocrx_word' id='word_1_187' title='bbox 3121 785 3230 836; x_wconf 76' lang='lat' dir='ltr'><strong>vos,</strong></span> <span class='ocrx_word' id='word_1_188' title='bbox 3266 776 3315 823; x_wconf 87' lang='lat' dir='ltr'><strong>et</strong></span> <span class='ocrx_word' id='word_1_189' title='bbox 3346 786 3457 824; x_wconf 86' lang='lat' dir='ltr'><strong>ser-</strong></span> 
     </span>
    </p>
   </div>
   <div class='ocr_carea' id='block_1_25' title="bbox 1875 851 3449 930">
    <p class='ocr_par' dir='ltr' id='par_1_25' title="bbox 1875 851 3449 930">
     <span class='ocr_line' id='line_1_25' title="bbox 1875 851 3449 930; baseline 0.007 -26"><span class='ocrx_word' id='word_1_190' title='bbox 1875 859 2022 905; x_wconf 81' lang='lat' dir='ltr'><strong>vetur</strong></span> <span class='ocrx_word' id='word_1_191' title='bbox 2043 851 2263 922; x_wconf 87' lang='lat' dir='ltr'><strong>integer,</strong></span> <span class='ocrx_word' id='word_1_192' title='bbox 2293 852 2346 907; x_wconf 94' lang='lat' dir='ltr'><strong>id</strong></span> <span class='ocrx_word' id='word_1_193' title='bbox 2375 862 2458 910; x_wconf 87' lang='lat' dir='ltr'><strong>est</strong></span> <span class='ocrx_word' id='word_1_194' title='bbox 2482 869 2594 910; x_wconf 89' lang='lat' dir='ltr'><strong>non</strong></span> <span class='ocrx_word' id='word_1_195' title='bbox 2619 867 2908 928; x_wconf 88' lang='lat' dir='ltr'><strong>corruptus</strong></span> <span class='ocrx_word' id='word_1_196' title='bbox 2939 860 3120 930; x_wconf 88' lang='lat' dir='ltr'><strong>aliqua</strong></span> <span class='ocrx_word' id='word_1_197' title='bbox 3144 857 3266 915; x_wconf 87' lang='lat' dir='ltr'><strong>tabe</strong></span> <span class='ocrx_word' id='word_1_198' title='bbox 3295 861 3449 929; x_wconf 90' lang='lat' dir='ltr'><strong>mali,</strong></span> 
     </span>
    </p>
   </div>
   <div class='ocr_carea' id='block_1_26' title="bbox 1873 942 3458 1018">
    <p class='ocr_par' dir='ltr' id='par_1_26' title="bbox 1873 942 3458 1018">
     <span class='ocr_line' id='line_1_26' title="bbox 1873 942 3458 1018; baseline 0.008 -22"><span class='ocrx_word' id='word_1_199' title='bbox 1873 942 2096 1012; x_wconf 86' lang='lat' dir='ltr'><strong>spiritus</strong></span> <span class='ocrx_word' id='word_1_200' title='bbox 2133 952 2318 1011; x_wconf 77' lang='lat' dir='ltr'><strong>vester,</strong></span> <span class='ocrx_word' id='word_1_201' title='bbox 2357 944 2410 999; x_wconf 91' lang='lat' dir='ltr'><strong>id</strong></span> <span class='ocrx_word' id='word_1_202' title='bbox 2451 954 2535 1002; x_wconf 90' lang='lat' dir='ltr'><strong>est</strong></span> <span class='ocrx_word' id='word_1_203' title='bbox 2569 948 2711 1004; x_wconf 87' lang='lat' dir='ltr'><strong>ratio</strong></span> <span class='ocrx_word' id='word_1_204' title='bbox 2735 959 2936 1018; x_wconf 90' lang='lat' dir='ltr'><strong>vestra,</strong></span> <span class='ocrx_word' id='word_1_205' title='bbox 2969 968 3036 1007; x_wconf 94' lang='lat' dir='ltr'><strong>ne</strong></span> <span class='ocrx_word' id='word_1_206' title='bbox 3061 953 3190 1009; x_wconf 88' lang='lat' dir='ltr'><strong>velit</strong></span> <span class='ocrx_word' id='word_1_207' title='bbox 3226 967 3458 1010; x_wconf 80' lang='lat' dir='ltr'><strong>consen-</strong></span> 
     </span>
    </p>
   </div>
   <div class='ocr_carea' id='block_1_27' title="bbox 1877 1023 3459 1112">
    <p class='ocr_par' dir='ltr' id='par_1_27' title="bbox 1877 1023 3459 1112">
     <span class='ocr_line' id='line_1_27' title="bbox 1877 1023 3459 1112; baseline 0.007 -23"><span class='ocrx_word' id='word_1_208' title='bbox 1877 1034 1979 1089; x_wconf 90' lang='lat' dir='ltr'><strong>tire</strong></span> <span class='ocrx_word' id='word_1_209' title='bbox 2026 1035 2388 1102; x_wconf 87' lang='lat' dir='ltr'><strong>sensualitati,</strong></span> <span class='ocrx_word' id='word_1_210' title='bbox 2429 1045 2480 1090; x_wconf 92' lang='lat' dir='ltr'><strong>et</strong></span> <span class='ocrx_word' id='word_1_211' title='bbox 2530 1023 2733 1108; x_wconf 74' lang='lat' dir='ltr'><strong>anima,</strong></span> <span class='ocrx_word' id='word_1_212' title='bbox 2784 1041 2837 1096; x_wconf 91' lang='lat' dir='ltr'><strong>id</strong></span> <span class='ocrx_word' id='word_1_213' title='bbox 2879 1051 2964 1098; x_wconf 88' lang='lat' dir='ltr'><strong>est</strong></span> <span class='ocrx_word' id='word_1_214' title='bbox 3008 1045 3358 1112; x_wconf 89' lang='lat' dir='ltr'><strong>sensualitas,</strong></span> <span class='ocrx_word' id='word_1_215' title='bbox 3391 1060 3459 1101; x_wconf 91' lang='lat' dir='ltr'><strong>ne</strong></span> 
     </span>
    </p>
   </div>
   <div class='ocr_carea' id='block_1_28' title="bbox 1875 1127 3456 1207">
    <p class='ocr_par' dir='ltr' id='par_1_28' title="bbox 1875 1127 3456 1207">
     <span class='ocr_line' id='line_1_28' title="bbox 1875 1127 3456 1207; baseline 0.006 -27"><span class='ocrx_word' id='word_1_216' title='bbox 1875 1127 2018 1181; x_wconf 91' lang='lat' dir='ltr'><strong>male</strong></span> <span class='ocrx_word' id='word_1_217' title='bbox 2039 1127 2267 1182; x_wconf 87' lang='lat' dir='ltr'><strong>suadeat</strong></span> <span class='ocrx_word' id='word_1_218' title='bbox 2287 1127 2509 1195; x_wconf 87' lang='lat' dir='ltr'><strong>rationi,</strong></span> <span class='ocrx_word' id='word_1_219' title='bbox 2533 1140 2584 1184; x_wconf 92' lang='lat' dir='ltr'><strong>et</strong></span> <span class='ocrx_word' id='word_1_220' title='bbox 2607 1148 2796 1202; x_wconf 85' lang='lat' dir='ltr'><strong>corpus</strong></span> <span class='ocrx_word' id='word_1_221' title='bbox 2818 1143 3066 1189; x_wconf 87' lang='lat' dir='ltr'><strong>servetur</strong></span> <span class='ocrx_word' id='word_1_222' title='bbox 3088 1137 3202 1189; x_wconf 88' lang='lat' dir='ltr'><strong>sine</strong></span> <span class='ocrx_word' id='word_1_223' title='bbox 3222 1135 3456 1207; x_wconf 88' lang='lat' dir='ltr'><strong>querela,</strong></span> 
     </span>
    </p>
   </div>
   <div class='ocr_carea' id='block_1_29' title="bbox 1875 1219 3458 1295">
    <p class='ocr_par' dir='ltr' id='par_1_29' title="bbox 1875 1219 3458 1295">
     <span class='ocr_line' id='line_1_29' title="bbox 1875 1219 3458 1295; baseline 0.006 -22"><span class='ocrx_word' id='word_1_224' title='bbox 1875 1235 1944 1274; x_wconf 92' lang='lat' dir='ltr'><strong>ne</strong></span> <span class='ocrx_word' id='word_1_225' title='bbox 1973 1219 2249 1289; x_wconf 88' lang='lat' dir='ltr'><strong>polluatur</strong></span> <span class='ocrx_word' id='word_1_226' title='bbox 2279 1235 2444 1289; x_wconf 86' lang='lat' dir='ltr'><strong>opere</strong></span> <span class='ocrx_word' id='word_1_227' title='bbox 2475 1222 2767 1292; x_wconf 85' lang='lat' dir='ltr'><strong>cujuslibet</strong></span> <span class='ocrx_word' id='word_1_228' title='bbox 2805 1226 3182 1295; x_wconf 88' lang='lat' dir='ltr'><strong>turpitudinis.</strong></span> <span class='ocrx_word' id='word_1_229' title='bbox 3208 1226 3458 1282; x_wconf 82' lang='lat' dir='ltr'><strong>Servetur</strong></span> 
     </span>
    </p>
   </div>
   <div class='ocr_carea' id='block_1_30' title="bbox 1875 1309 3453 1384">
    <p class='ocr_par' dir='ltr' id='par_1_30' title="bbox 1875 1309 3453 1384">
     <span class='ocr_line' id='line_1_30' title="bbox 1875 1309 3453 1384; baseline 0.005 -19"><span class='ocrx_word' id='word_1_230' title='bbox 1875 1310 2000 1366; x_wconf 88' lang='lat' dir='ltr'><strong>dico</strong></span> <span class='ocrx_word' id='word_1_231' title='bbox 2021 1309 2193 1379; x_wconf 44' lang='lat' dir='ltr'><strong>in,‘id</strong></span> <span class='ocrx_word' id='word_1_232' title='bbox 2234 1319 2318 1366; x_wconf 89' lang='lat' dir='ltr'><strong>est</strong></span> <span class='ocrx_word' id='word_1_233' title='bbox 2359 1328 2534 1382; x_wconf 87' lang='lat' dir='ltr'><strong>usque</strong></span> <span class='ocrx_word' id='word_1_234' title='bbox 2560 1355 2575 1380; x_wconf 94' lang='lat'><strong>,</strong></span> <span class='ocrx_word' id='word_1_235' title='bbox 2631 1315 2943 1383; x_wconf 80' lang='lat' dir='ltr'><strong>adventum,</strong></span> <span class='ocrx_word' id='word_1_236' title='bbox 2975 1318 3062 1372; x_wconf 90' lang='lat' dir='ltr'><strong>vel</strong></span> <span class='ocrx_word' id='word_1_237' title='bbox 3112 1319 3169 1372; x_wconf 87' lang='lat' dir='ltr'><strong>in</strong></span> <span class='ocrx_word' id='word_1_238' title='bbox 3209 1319 3453 1384; x_wconf 85' lang='lat' dir='ltr'><strong>adventu,</strong></span> 
     </span>
    </p>
   </div>
   <div class='ocr_carea' id='block_1_31' title="bbox 1877 1402 3456 1465">
    <p class='ocr_par' dir='ltr' id='par_1_31' title="bbox 1877 1402 3456 1465">
     <span class='ocr_line' id='line_1_31' title="bbox 1877 1402 3456 1465; baseline 0.005 -8"><span class='ocrx_word' id='word_1_239' title='bbox 1877 1402 1930 1457; x_wconf 91' lang='lat' dir='ltr'><strong>id</strong></span> <span class='ocrx_word' id='word_1_240' title='bbox 1958 1412 2042 1459; x_wconf 91' lang='lat' dir='ltr'><strong>est</strong></span> <span class='ocrx_word' id='word_1_241' title='bbox 2063 1403 2117 1458; x_wconf 92' lang='lat' dir='ltr'><strong>in</strong></span> <span class='ocrx_word' id='word_1_242' title='bbox 2145 1403 2583 1460; x_wconf 88' lang='lat' dir='ltr'><strong>consideratione</strong></span> <span class='ocrx_word' id='word_1_243' title='bbox 2608 1406 2875 1462; x_wconf 80' lang='lat' dir='ltr'><strong>adventus</strong></span> <span class='ocrx_word' id='word_1_244' title='bbox 2898 1407 3112 1464; x_wconf 82' lang='lat' dir='ltr'><strong>Domini</strong></span> <span class='ocrx_word' id='word_1_245' title='bbox 3135 1411 3303 1464; x_wconf 79' lang='lat' dir='ltr'><strong>nostri</strong></span> <span class='ocrx_word' id='word_1_246' title='bbox 3325 1409 3456 1465; x_wconf 85' lang='lat' dir='ltr'><strong>Jesu</strong></span> 
     </span>
    </p>
   </div>
   <div class='ocr_carea' id='block_1_32' title="bbox 1877 1495 3458 1570">
    <p class='ocr_par' dir='ltr' id='par_1_32' title="bbox 1877 1495 3458 1570">
     <span class='ocr_line' id='line_1_32' title="bbox 1877 1495 3458 1570; baseline 0.004 -19"><span class='ocrx_word' id='word_1_247' title='bbox 1877 1495 2100 1551; x_wconf 82' lang='lat' dir='ltr'><strong>Christi.</strong></span> <span class='ocrx_word' id='word_1_248' title='bbox 2125 1497 2284 1568; x_wconf 80' lang='lat'><strong>301</strong></span> <span class='ocrx_word' id='word_1_249' title='bbox 2314 1496 2479 1552; x_wconf 89' lang='lat' dir='ltr'><strong>Orate</strong></span> <span class='ocrx_word' id='word_1_250' title='bbox 2504 1505 2559 1552; x_wconf 92' lang='lat' dir='ltr'><strong>et</strong></span> <span class='ocrx_word' id='word_1_251' title='bbox 2579 1507 2774 1553; x_wconf 64' lang='lat' dir='ltr'><strong>caetera</strong></span> <span class='ocrx_word' id='word_1_252' title='bbox 2802 1515 2924 1569; x_wconf 63' lang='lat' dir='ltr'><strong>qua:</strong></span> <span class='ocrx_word' id='word_1_253' title='bbox 2944 1510 3250 1570; x_wconf 88' lang='lat' dir='ltr'><strong>sequuntur</strong></span> <span class='ocrx_word' id='word_1_254' title='bbox 3275 1502 3458 1568; x_wconf 90' lang='lat' dir='ltr'><strong>facite,</strong></span> 
     </span>
    </p>
   </div>
   <div class='ocr_carea' id='block_1_33' title="bbox 1876 1585 3458 1662">
    <p class='ocr_par' dir='ltr' id='par_1_33' title="bbox 1876 1585 3458 1662">
     <span class='ocr_line' id='line_1_33' title="bbox 1876 1585 3458 1662; baseline 0.004 -24"><span class='ocrx_word' id='word_1_255' title='bbox 1876 1585 2005 1655; x_wconf 89' lang='lat' dir='ltr'><strong>quia</strong></span> <span class='ocrx_word' id='word_1_256' title='bbox 2031 1586 2205 1656; x_wconf 84' lang='lat' dir='ltr'><strong>ﬁdelis</strong></span> <span class='ocrx_word' id='word_1_257' title='bbox 2229 1594 2306 1640; x_wconf 87' lang='lat' dir='ltr'><strong>est</strong></span> <span class='ocrx_word' id='word_1_258' title='bbox 2337 1585 2481 1643; x_wconf 84' lang='lat' dir='ltr'><strong>Deus</strong></span> <span class='ocrx_word' id='word_1_259' title='bbox 2501 1587 2592 1658; x_wconf 84' lang='lat' dir='ltr'><strong>qui</strong></span> <span class='ocrx_word' id='word_1_260' title='bbox 2622 1603 2709 1642; x_wconf 85' lang='lat' dir='ltr'><strong>vos</strong></span> <span class='ocrx_word' id='word_1_261' title='bbox 2738 1604 2831 1658; x_wconf 88' lang='lat' dir='ltr'><strong>per</strong></span> <span class='ocrx_word' id='word_1_262' title='bbox 2854 1589 3087 1659; x_wconf 89' lang='lat' dir='ltr'><strong>gratiam</strong></span> <span class='ocrx_word' id='word_1_263' title='bbox 3114 1594 3337 1657; x_wconf 78' lang='lat' dir='ltr'><strong>vocavit,</strong></span> <span class='ocrx_word' id='word_1_264' title='bbox 3368 1608 3458 1662; x_wconf 77' lang='lat' dir='ltr'><strong>qus</strong></span> 
     </span>
    </p>
   </div>
   <div class='ocr_carea' id='block_1_34' title="bbox 1875 1676 3461 1748">
    <p class='ocr_par' dir='ltr' id='par_1_34' title="bbox 1875 1676 3461 1748">
     <span class='ocr_line' id='line_1_34' title="bbox 1875 1676 3461 1748; baseline 0.005 -18"><span class='ocrx_word' id='word_1_265' title='bbox 1875 1676 2037 1730; x_wconf 84' lang='lat' dir='ltr'><strong>etiam</strong></span> <span class='ocrx_word' id='word_1_266' title='bbox 2085 1677 2271 1746; x_wconf 87' lang='lat' dir='ltr'><strong>faciet,</strong></span> <span class='ocrx_word' id='word_1_267' title='bbox 2304 1676 2358 1732; x_wconf 92' lang='lat' dir='ltr'><strong>id</strong></span> <span class='ocrx_word' id='word_1_268' title='bbox 2401 1686 2487 1733; x_wconf 91' lang='lat' dir='ltr'><strong>est</strong></span> <span class='ocrx_word' id='word_1_269' title='bbox 2521 1678 2577 1732; x_wconf 92' lang='lat' dir='ltr'><strong>in</strong></span> <span class='ocrx_word' id='word_1_270' title='bbox 2607 1679 2766 1734; x_wconf 86' lang='lat' dir='ltr'><strong>vobis</strong></span> <span class='ocrx_word' id='word_1_271' title='bbox 2813 1681 3241 1748; x_wconf 89' lang='lat' dir='ltr'><strong>eonsummabit,</strong></span> <span class='ocrx_word' id='word_1_272' title='bbox 3293 1683 3346 1737; x_wconf 92' lang='lat' dir='ltr'><strong>id</strong></span> <span class='ocrx_word' id='word_1_273' title='bbox 3395 1683 3461 1738; x_wconf 90' lang='lat' dir='ltr'><strong>ad</strong></span> 
     </span>
    </p>
   </div>
   <div class='ocr_carea' id='block_1_35' title="bbox 1877 1765 3460 1840">
    <p class='ocr_par' dir='ltr' id='par_1_35' title="bbox 1877 1765 3460 1840">
     <span class='ocr_line' id='line_1_35' title="bbox 1877 1765 3460 1840; baseline 0.005 -22"><span class='ocrx_word' id='word_1_274' title='bbox 1877 1765 2023 1835; x_wconf 90' lang='lat' dir='ltr'><strong>quod</strong></span> <span class='ocrx_word' id='word_1_275' title='bbox 2045 1765 2222 1821; x_wconf 89' lang='lat' dir='ltr'><strong>vocati</strong></span> <span class='ocrx_word' id='word_1_276' title='bbox 2255 1766 2408 1822; x_wconf 90' lang='lat' dir='ltr'><strong>estis.</strong></span> <span class='ocrx_word' id='word_1_277' title='bbox 2441 1765 2553 1822; x_wconf 88' lang='lat' dir='ltr'><strong>Nos</strong></span> <span class='ocrx_word' id='word_1_278' title='bbox 2590 1767 2666 1822; x_wconf 90' lang='lat' dir='ltr'><strong>ita</strong></span> <span class='ocrx_word' id='word_1_279' title='bbox 2700 1768 3018 1825; x_wconf 89' lang='lat' dir='ltr'><strong>laboramus</strong></span> <span class='ocrx_word' id='word_1_280' title='bbox 3045 1785 3146 1840; x_wconf 91' lang='lat' dir='ltr'><strong>pro</strong></span> <span class='ocrx_word' id='word_1_281' title='bbox 3179 1771 3356 1838; x_wconf 87' lang='lat' dir='ltr'><strong>vobis,</strong></span> <span class='ocrx_word' id='word_1_282' title='bbox 3385 1780 3460 1837; x_wconf 89' lang='lat' dir='ltr'><strong>et,</strong></span> 
     </span>
    </p>
   </div>
   <div class='ocr_carea' id='block_1_36' title="bbox 1878 1843 3460 1932">
    <p class='ocr_par' dir='ltr' id='par_1_36' title="bbox 1878 1843 3460 1932">
     <span class='ocr_line' id='line_1_36' title="bbox 1878 1843 3460 1932; baseline 0.003 -21"><span class='ocrx_word' id='word_1_283' title='bbox 1878 1872 1997 1924; x_wconf 82' lang='lat' dir='ltr'><strong>vos,</strong></span> <span class='ocrx_word' id='word_1_284' title='bbox 2022 1858 2237 1927; x_wconf 80' lang='lat' dir='ltr'><strong>fratres,</strong></span> <span class='ocrx_word' id='word_1_285' title='bbox 2265 1868 2413 1912; x_wconf 90' lang='lat' dir='ltr'><strong>orate</strong></span> <span class='ocrx_word' id='word_1_286' title='bbox 2436 1875 2531 1928; x_wconf 90' lang='lat' dir='ltr'><strong>pro</strong></span> <span class='ocrx_word' id='word_1_287' title='bbox 2553 1843 2784 1925; x_wconf 79' lang='lat' dir='ltr'><strong>nobis,et</strong></span> <span class='ocrx_word' id='word_1_288' title='bbox 2812 1859 3046 1915; x_wconf 90' lang='lat' dir='ltr'><strong>salutate</strong></span> <span class='ocrx_word' id='word_1_289' title='bbox 3067 1878 3244 1916; x_wconf 89' lang='lat' dir='ltr'><strong>omnes</strong></span> <span class='ocrx_word' id='word_1_290' title='bbox 3267 1863 3460 1932; x_wconf 81' lang='lat' dir='ltr'><strong>fratres</strong></span> 
     </span>
    </p>
   </div>
   <div class='ocr_carea' id='block_1_37' title="bbox 1879 1954 3462 2025">
    <p class='ocr_par' dir='ltr' id='par_1_37' title="bbox 1879 1954 3462 2025">
     <span class='ocr_line' id='line_1_37' title="bbox 1879 1954 3462 2025; baseline 0.004 -16"><span class='ocrx_word' id='word_1_291' title='bbox 1879 1968 1946 2009; x_wconf 79' lang='lat' dir='ltr'><strong>ex</strong></span> <span class='ocrx_word' id='word_1_292' title='bbox 1968 1954 2258 2010; x_wconf 86' lang='lat' dir='ltr'><strong>dilectione</strong></span> <span class='ocrx_word' id='word_1_293' title='bbox 2287 1963 2477 2011; x_wconf 90' lang='lat' dir='ltr'><strong>nostra</strong></span> <span class='ocrx_word' id='word_1_294' title='bbox 2505 1957 2559 2009; x_wconf 85' lang='lat' dir='ltr'><strong>in</strong></span> <span class='ocrx_word' id='word_1_295' title='bbox 2582 1957 2762 2010; x_wconf 86' lang='lat' dir='ltr'><strong>osculo</strong></span> <span class='ocrx_word' id='word_1_296' title='bbox 2805 1968 3011 2025; x_wconf 85' lang='lat' dir='ltr'><strong>sancto,</strong></span> <span class='ocrx_word' id='word_1_297' title='bbox 3048 1967 3107 2013; x_wconf 92' lang='lat' dir='ltr'><strong>ut</strong></span> <span class='ocrx_word' id='word_1_298' title='bbox 3136 1960 3273 2015; x_wconf 88' lang='lat' dir='ltr'><strong>alter</strong></span> <span class='ocrx_word' id='word_1_299' title='bbox 3295 1975 3462 2016; x_wconf 89' lang='lat' dir='ltr'><strong>oscu-</strong></span> 
     </span>
    </p>
   </div>
   <div class='ocr_carea' id='block_1_38' title="bbox 1880 2045 2300 2102">
    <p class='ocr_par' dir='ltr' id='par_1_38' title="bbox 1880 2045 2300 2102">
     <span class='ocr_line' id='line_1_38' title="bbox 1880 2045 2300 2102; baseline 0.005 -3"><span class='ocrx_word' id='word_1_300' title='bbox 1880 2045 2022 2102; x_wconf 88' lang='lat' dir='ltr'><strong>letur</strong></span> <span class='ocrx_word' id='word_1_301' title='bbox 2047 2047 2300 2102; x_wconf 88' lang='lat' dir='ltr'><strong>alterum.</strong></span> 
     </span>
    </p>
   </div>
   <div class='ocr_carea' id='block_1_39' title="bbox 176 2231 3446 2267">
    <p class='ocr_par' dir='ltr' id='par_1_39' title="bbox 176 2231 3446 2267">
     <span class='ocr_line' id='line_1_39' title="bbox 176 2231 3446 2267; baseline 0.006 -21"><span class='ocrx_word' id='word_1_302' title='bbox 176 2231 263 2261; x_wconf 52' lang='grc' dir='ltr'><strong>ετ.</strong></span> <span class='ocrx_word' id='word_1_303' title='bbox 277 2235 2875 2264; x_wconf 66' lang='lat'><strong>.————————————-—-——-———-——————-————-———————______...__</strong></span> <span class='ocrx_word' id='word_1_304' title='bbox 2139 2243 3302 2266; x_wconf 86' lang='lat'><strong>..__.___._.__.____—__.-</strong></span> <span class='ocrx_word' id='word_1_305' title='bbox 2933 2246 2942 2253; x_wconf 97' lang='lat'>-</span> <span class='ocrx_word' id='word_1_306' title='bbox 2971 2240 3446 2267; x_wconf 65' lang='lat' dir='ltr'><strong>—-——-—.-.=r-</strong></span> 
     </span>
    </p>
   </div>
   <div class='ocr_carea' id='block_1_40' title="bbox 645 2360 2968 2422">
    <p class='ocr_par' dir='ltr' id='par_1_40' title="bbox 645 2360 2968 2422">
     <span class='ocr_line' id='line_1_40' title="bbox 645 2360 2968 2422; baseline 0.002 -5"><span class='ocrx_word' id='word_1_307' title='bbox 645 2360 1134 2420; x_wconf 78' lang='lat' dir='ltr'><strong>ARGUMENTUM</strong></span> <span class='ocrx_word' id='word_1_308' title='bbox 1172 2362 1240 2416; x_wconf 76' lang='lat' dir='ltr'><strong>IN</strong></span> <span class='ocrx_word' id='word_1_309' title='bbox 1277 2361 1668 2419; x_wconf 82' lang='lat' dir='ltr'><strong>EPISTOLAM</strong></span> <span class='ocrx_word' id='word_1_310' title='bbox 1709 2361 2082 2418; x_wconf 78' lang='lat' dir='ltr'><strong>SECUNDAM</strong></span> <span class='ocrx_word' id='word_1_311' title='bbox 2115 2363 2206 2416; x_wconf 83' lang='lat' dir='ltr'><strong>AD</strong></span> <span class='ocrx_word' id='word_1_312' title='bbox 2244 2364 2968 2422; x_wconf 78' lang='lat' dir='ltr'><strong>TIIESSALONICENSES.</strong></span> 
     </span>
    </p>
   </div>
   <div class='ocr_carea' id='block_1_41' title="bbox 243 2497 3460 2571">
    <p class='ocr_par' dir='ltr' id='par_1_41' title="bbox 243 2497 3460 2571">
     <span class='ocr_line' id='line_1_41' title="bbox 243 2497 3460 2571; baseline 0.001 -17"><span class='ocrx_word' id='word_1_313' title='bbox 243 2500 336 2554; x_wconf 83' lang='lat' dir='ltr'><strong>Ad</strong></span> <span class='ocrx_word' id='word_1_314' title='bbox 367 2499 886 2571; x_wconf 75' lang='lat' dir='ltr'><strong>Tliessalomcenses</strong></span> <span class='ocrx_word' id='word_1_315' title='bbox 917 2497 1750 2571; x_wconf 7' lang='lat' dir='ltr'><strong>secundamgscribitEpistolam</strong></span> <span class='ocrx_word' id='word_1_316' title='bbox 1778 2497 2094 2571; x_wconf 79' lang='lat' dir='ltr'><strong>Apostolus,</strong></span> <span class='ocrx_word' id='word_1_317' title='bbox 2118 2508 2170 2552; x_wconf 90' lang='lat' dir='ltr'><strong>et</strong></span> <span class='ocrx_word' id='word_1_318' title='bbox 2193 2508 2383 2571; x_wconf 76' lang='lat' dir='ltr'><strong>notum</strong></span> <span class='ocrx_word' id='word_1_319' title='bbox 2413 2499 2542 2554; x_wconf 83' lang='lat' dir='ltr'><strong>facit</strong></span> <span class='ocrx_word' id='word_1_320' title='bbox 2560 2502 2639 2556; x_wconf 88' lang='lat' dir='ltr'><strong>eis</strong></span> <span class='ocrx_word' id='word_1_321' title='bbox 2656 2503 2722 2556; x_wconf 91' lang='lat' dir='ltr'><strong>de</strong></span> <span class='ocrx_word' id='word_1_322' title='bbox 2753 2503 3094 2571; x_wconf 80' lang='lat' dir='ltr'><strong>temporibus</strong></span> <span class='ocrx_word' id='word_1_323' title='bbox 3122 2500 3460 2570; x_wconf 86' lang='lat' dir='ltr'><strong>novissimis,</strong></span> 
     </span>
    </p>
   </div>
   <div class='ocr_carea' id='block_1_42' title="bbox 169 2567 3460 2644">
    <p class='ocr_par' dir='ltr' id='par_1_42' title="bbox 169 2567 3460 2644">
     <span class='ocr_line' id='line_1_42' title="bbox 169 2567 3460 2644; baseline 0 -18"><span class='ocrx_word' id='word_1_324' title='bbox 169 2580 228 2644; x_wconf 4' lang='lat' dir='ltr'><strong>est</strong></span> <span class='ocrx_word' id='word_1_325' title='bbox 258 2572 330 2626; x_wconf 91' lang='lat' dir='ltr'><strong>de</strong></span> <span class='ocrx_word' id='word_1_326' title='bbox 371 2570 667 2626; x_wconf 85' lang='lat' dir='ltr'><strong>adversarii</strong></span> <span class='ocrx_word' id='word_1_327' title='bbox 699 2570 1019 2640; x_wconf 85' lang='lat' dir='ltr'><strong>dejectione.</strong></span> <span class='ocrx_word' id='word_1_328' title='bbox 1054 2569 1259 2626; x_wconf 91' lang='lat' dir='ltr'><strong>Scribit</strong></span> <span class='ocrx_word' id='word_1_329' title='bbox 1286 2569 1429 2624; x_wconf 90' lang='lat' dir='ltr'><strong>hanc</strong></span> <span class='ocrx_word' id='word_1_330' title='bbox 1458 2569 1759 2640; x_wconf 90' lang='lat' dir='ltr'><strong>Epistolam</strong></span> <span class='ocrx_word' id='word_1_331' title='bbox 1783 2567 1852 2624; x_wconf 86' lang='lat' dir='ltr'><strong>ab</strong></span> <span class='ocrx_word' id='word_1_332' title='bbox 1877 2567 2105 2625; x_wconf 83' lang='lat' dir='ltr'><strong>Athenis</strong></span> <span class='ocrx_word' id='word_1_333' title='bbox 2127 2585 2224 2640; x_wconf 91' lang='lat' dir='ltr'><strong>per</strong></span> <span class='ocrx_word' id='word_1_334' title='bbox 2263 2569 2446 2625; x_wconf 90' lang='lat' dir='ltr'><strong>Titum</strong></span> <span class='ocrx_word' id='word_1_335' title='bbox 2487 2571 2782 2627; x_wconf 89' lang='lat' dir='ltr'><strong>diaconum</strong></span> <span class='ocrx_word' id='word_1_336' title='bbox 2815 2567 2883 2628; x_wconf 56' lang='lat' dir='ltr'><strong>et&#39;</strong></span> <span class='ocrx_word' id='word_1_337' title='bbox 2911 2571 3234 2628; x_wconf 90' lang='lat' dir='ltr'><strong>Onesimum</strong></span> <span class='ocrx_word' id='word_1_338' title='bbox 3274 2567 3460 2644; x_wconf 59' lang='lat' dir='ltr'><strong>acolyé</strong></span> 
     </span>
    </p>
   </div>
   <div class='ocr_carea' id='block_1_43' title="bbox 170 2643 364 2696">
    <p class='ocr_par' dir='ltr' id='par_1_43' title="bbox 170 2643 364 2696">
     <span class='ocr_line' id='line_1_43' title="bbox 170 2643 364 2696; baseline -0.005 0"><span class='ocrx_word' id='word_1_339' title='bbox 170 2643 364 2696; x_wconf 84' lang='lat' dir='ltr'><strong>thum.</strong></span> 
     </span>
    </p>
   </div>
   <div class='ocr_carea' id='block_1_44' title="bbox 1068 2906 2563 2971">
    <p class='ocr_par' dir='ltr' id='par_1_44' title="bbox 1068 2906 2563 2971">
     <span class='ocr_line' id='line_1_44' title="bbox 1068 2906 2563 2971; baseline 0.001 -3"><span class='ocrx_word' id='word_1_340' title='bbox 1068 2907 1492 2970; x_wconf 87' lang='lat' dir='ltr'><strong>PROLOGUS</strong></span> <span class='ocrx_word' id='word_1_341' title='bbox 1527 2908 1595 2968; x_wconf 87' lang='grc' dir='ltr'><strong>Β.</strong></span> <span class='ocrx_word' id='word_1_342' title='bbox 1638 2906 2035 2968; x_wconf 81' lang='lat' dir='ltr'><strong>BRUNONIS</strong></span> <span class='ocrx_word' id='word_1_343' title='bbox 2081 2908 2165 2969; x_wconf 87' lang='lat' dir='ltr'><strong>IN</strong></span> <span class='ocrx_word' id='word_1_344' title='bbox 2194 2910 2563 2971; x_wconf 81' lang='lat' dir='ltr'><strong>EAMDEM.</strong></span> 
     </span>
    </p>
   </div>
   <div class='ocr_carea' id='block_1_45' title="bbox 243 3031 3464 3122">
    <p class='ocr_par' dir='ltr' id='par_1_45' title="bbox 243 3031 3464 3122">
     <span class='ocr_line' id='line_1_45' title="bbox 243 3031 3464 3122; baseline -0.001 -14"><span class='ocrx_word' id='word_1_345' title='bbox 243 3053 408 3108; x_wconf 81' lang='lat' dir='ltr'><strong>Hanc</strong></span> <span class='ocrx_word' id='word_1_346' title='bbox 430 3051 625 3108; x_wconf 84' lang='lat' dir='ltr'><strong>iterum</strong></span> <span class='ocrx_word' id='word_1_347' title='bbox 647 3049 946 3122; x_wconf 88' lang='lat' dir='ltr'><strong>Epistolam</strong></span> <span class='ocrx_word' id='word_1_348' title='bbox 971 3049 1772 3114; x_wconf 87' lang='lat' dir='ltr'><strong>scribitThessalonicensibus,</strong></span> <span class='ocrx_word' id='word_1_349' title='bbox 1804 3052 1846 3109; x_wconf 87' lang='lat' dir='ltr'><strong>C</strong></span> <span class='ocrx_word' id='word_1_350' title='bbox 1879 3046 2003 3104; x_wconf 88' lang='lat' dir='ltr'><strong>Ideo</strong></span> <span class='ocrx_word' id='word_1_351' title='bbox 2029 3049 2192 3104; x_wconf 88' lang='lat' dir='ltr'><strong>etiam</strong></span> <span class='ocrx_word' id='word_1_352' title='bbox 2234 3049 2376 3104; x_wconf 89' lang='lat' dir='ltr'><strong>hanc</strong></span> <span class='ocrx_word' id='word_1_353' title='bbox 2405 3031 2600 3104; x_wconf 90' lang='lat' dir='ltr'><strong>iterum</strong></span> <span class='ocrx_word' id='word_1_354' title='bbox 2630 3049 2866 3120; x_wconf 84' lang='lat' dir='ltr'><strong>scripsit,</strong></span> <span class='ocrx_word' id='word_1_355' title='bbox 2897 3050 3021 3121; x_wconf 89' lang='lat' dir='ltr'><strong>quia</strong></span> <span class='ocrx_word' id='word_1_356' title='bbox 3058 3051 3133 3104; x_wconf 90' lang='lat' dir='ltr'><strong>illi</strong></span> <span class='ocrx_word' id='word_1_357' title='bbox 3175 3051 3380 3107; x_wconf 88' lang='lat' dir='ltr'><strong>curiosi</strong></span> <span class='ocrx_word' id='word_1_358' title='bbox 3409 3061 3464 3108; x_wconf 89' lang='lat' dir='ltr'><strong>et</strong></span> 
     </span>
    </p>
   </div>
   <div class='ocr_carea' id='block_1_46' title="bbox 172 3143 1774 3216">
    <p class='ocr_par' dir='ltr' id='par_1_46' title="bbox 172 3143 1774 3216">
     <span class='ocr_line' id='line_1_46' title="bbox 172 3143 1774 3216; baseline -0.005 -12"><span class='ocrx_word' id='word_1_359' title='bbox 172 3149 302 3204; x_wconf 84' lang='lat' dir='ltr'><strong>ideo</strong></span> <span class='ocrx_word' id='word_1_360' title='bbox 333 3146 466 3216; x_wconf 84' lang='lat' dir='ltr'><strong>quia</strong></span> <span class='ocrx_word' id='word_1_361' title='bbox 495 3145 550 3199; x_wconf 91' lang='lat' dir='ltr'><strong>in</strong></span> <span class='ocrx_word' id='word_1_362' title='bbox 577 3143 903 3216; x_wconf 59' lang='lat' dir='ltr'><strong>praecedenti</strong></span> <span class='ocrx_word' id='word_1_363' title='bbox 930 3143 1157 3215; x_wconf 85' lang='lat' dir='ltr'><strong>cpistola</strong></span> <span class='ocrx_word' id='word_1_364' title='bbox 1179 3160 1244 3200; x_wconf 81' lang='lat' dir='ltr'><strong>ex</strong></span> <span class='ocrx_word' id='word_1_365' title='bbox 1278 3146 1458 3200; x_wconf 84' lang='lat' dir='ltr'><strong>verbis</strong></span> <span class='ocrx_word' id='word_1_366' title='bbox 1479 3143 1656 3210; x_wconf 89' lang='lat' dir='ltr'><strong>Pauli,</strong></span> <span class='ocrx_word' id='word_1_367' title='bbox 1681 3143 1774 3197; x_wconf 92' lang='lat' dir='ltr'><strong>ubi</strong></span> 
     </span>
    </p>
   </div>
   <div class='ocr_carea' id='block_1_47' title="bbox 171 3236 1776 3307">
    <p class='ocr_par' dir='ltr' id='par_1_47' title="bbox 171 3236 1776 3307">
     <span class='ocr_line' id='line_1_47' title="bbox 171 3236 1776 3307; baseline -0.004 -13"><span class='ocrx_word' id='word_1_368' title='bbox 171 3239 441 3294; x_wconf 78' lang='lat' dir='ltr'><strong>dixerat:</strong></span> <span class='ocrx_word' id='word_1_369' title='bbox 478 3253 570 3290; x_wconf 88' lang='lat' dir='ltr'><strong>nos</strong></span> <span class='ocrx_word' id='word_1_370' title='bbox 607 3237 696 3307; x_wconf 81' lang='lat' dir='ltr'><strong>qui</strong></span> <span class='ocrx_word' id='word_1_371' title='bbox 739 3236 960 3290; x_wconf 84' lang='lat' dir='ltr'><strong>vivimus</strong></span> <span class='ocrx_word' id='word_1_372' title='bbox 1001 3237 1269 3305; x_wconf 87' lang='lat' dir='ltr'><strong>rapiemur</strong></span> <span class='ocrx_word' id='word_1_373' title='bbox 1304 3236 1510 3290; x_wconf 85' lang='lat' dir='ltr'><strong>obviam</strong></span> <span class='ocrx_word' id='word_1_374' title='bbox 1549 3236 1776 3289; x_wconf 85' lang='lat' dir='ltr'><strong>Domino</strong></span> 
     </span>
    </p>
   </div>
   <div class='ocr_carea' id='block_1_48' title="bbox 171 3327 1775 3399">
    <p class='ocr_par' dir='ltr' id='par_1_48' title="bbox 171 3327 1775 3399">
     <span class='ocr_line' id='line_1_48' title="bbox 171 3327 1775 3399; baseline -0.001 -15"><span class='ocrx_word' id='word_1_375' title='bbox 171 3332 228 3385; x_wconf 89' lang='lat' dir='ltr'><strong>in</strong></span> <span class='ocrx_word' id='word_1_376' title='bbox 252 3346 411 3395; x_wconf 72' lang='lat' dir='ltr'><strong>aera,</strong></span> <span class='ocrx_word' id='word_1_377' title='bbox 435 3339 565 3395; x_wconf 91' lang='lat' dir='ltr'><strong>etc.,</strong></span> <span class='ocrx_word' id='word_1_378' title='bbox 605 3336 954 3399; x_wconf 89' lang='lat' dir='ltr'><strong>sumpserant</strong></span> <span class='ocrx_word' id='word_1_379' title='bbox 987 3327 1128 3382; x_wconf 90' lang='lat' dir='ltr'><strong>hanc</strong></span> <span class='ocrx_word' id='word_1_380' title='bbox 1159 3327 1527 3398; x_wconf 86' lang='lat' dir='ltr'><strong>suspicionem</strong></span> <span class='ocrx_word' id='word_1_381' title='bbox 1559 3337 1618 3382; x_wconf 91' lang='lat' dir='ltr'><strong>ut</strong></span> <span class='ocrx_word' id='word_1_382' title='bbox 1641 3327 1775 3397; x_wconf 76' lang='lat' dir='ltr'><strong>ipsis</strong></span> 
     </span>
    </p>
   </div>
   <div class='ocr_carea' id='block_1_49' title="bbox 171 3417 1776 3490">
    <p class='ocr_par' dir='ltr' id='par_1_49' title="bbox 171 3417 1776 3490">
     <span class='ocr_line' id='line_1_49' title="bbox 171 3417 1776 3490; baseline -0.002 -13"><span class='ocrx_word' id='word_1_383' title='bbox 171 3421 493 3478; x_wconf 83' lang='lat' dir='ltr'><strong>viventibus</strong></span> <span class='ocrx_word' id='word_1_384' title='bbox 536 3419 778 3476; x_wconf 86' lang='lat' dir='ltr'><strong>futurum</strong></span> <span class='ocrx_word' id='word_1_385' title='bbox 813 3428 1066 3490; x_wconf 87' lang='lat' dir='ltr'><strong>putarent</strong></span> <span class='ocrx_word' id='word_1_386' title='bbox 1098 3417 1494 3475; x_wconf 85' lang='lat' dir='ltr'><strong>Antichristum</strong></span> <span class='ocrx_word' id='word_1_387' title='bbox 1523 3419 1776 3490; x_wconf 84' lang='lat' dir='ltr'><strong>diemque</strong></span> 
     </span>
    </p>
   </div>
   <div class='ocr_carea' id='block_1_50' title="bbox 166 3510 1774 3585">
    <p class='ocr_par' dir='ltr' id='par_1_50' title="bbox 166 3510 1774 3585">
     <span class='ocr_line' id='line_1_50' title="bbox 166 3510 1774 3585; baseline -0.002 -15"><span class='ocrx_word' id='word_1_388' title='bbox 166 3514 392 3585; x_wconf 87' lang='lat' dir='ltr'><strong>judicii.</strong></span> <span class='ocrx_word' id='word_1_389' title='bbox 422 3511 576 3568; x_wconf 89' lang='lat' dir='ltr'><strong>Unde</strong></span> <span class='ocrx_word' id='word_1_390' title='bbox 597 3521 651 3568; x_wconf 91' lang='lat' dir='ltr'><strong>et</strong></span> <span class='ocrx_word' id='word_1_391' title='bbox 672 3512 969 3583; x_wconf 91' lang='lat' dir='ltr'><strong>plurimum</strong></span> <span class='ocrx_word' id='word_1_392' title='bbox 997 3519 1157 3567; x_wconf 89' lang='lat' dir='ltr'><strong>erant</strong></span> <span class='ocrx_word' id='word_1_393' title='bbox 1183 3511 1476 3582; x_wconf 88' lang='lat' dir='ltr'><strong>perterriti.</strong></span> <span class='ocrx_word' id='word_1_394' title='bbox 1517 3510 1620 3566; x_wconf 87' lang='lat' dir='ltr'><strong>Sed</strong></span> <span class='ocrx_word' id='word_1_395' title='bbox 1646 3511 1774 3581; x_wconf 86' lang='lat' dir='ltr'><strong>quia</strong></span> 
     </span>
    </p>
   </div>
   <div class='ocr_carea' id='block_1_51' title="bbox 173 3601 1776 3673">
    <p class='ocr_par' dir='ltr' id='par_1_51' title="bbox 173 3601 1776 3673">
     <span class='ocr_line' id='line_1_51' title="bbox 173 3601 1776 3673; baseline -0.001 -13"><span class='ocrx_word' id='word_1_396' title='bbox 173 3607 391 3662; x_wconf 65' lang='lat' dir='ltr'><strong>malum</strong></span> <span class='ocrx_word' id='word_1_397' title='bbox 419 3613 539 3660; x_wconf 87' lang='lat' dir='ltr'><strong>erat</strong></span> <span class='ocrx_word' id='word_1_398' title='bbox 564 3619 660 3660; x_wconf 89' lang='lat' dir='ltr'><strong>eos</strong></span> <span class='ocrx_word' id='word_1_399' title='bbox 687 3604 754 3659; x_wconf 92' lang='lat' dir='ltr'><strong>de</strong></span> <span class='ocrx_word' id='word_1_400' title='bbox 774 3602 1010 3659; x_wconf 83' lang='lat' dir='ltr'><strong>falsitate</strong></span> <span class='ocrx_word' id='word_1_401' title='bbox 1037 3603 1252 3670; x_wconf 89' lang='lat' dir='ltr'><strong>terreri,</strong></span> <span class='ocrx_word' id='word_1_402' title='bbox 1271 3602 1538 3673; x_wconf 87' lang='lat' dir='ltr'><strong>judicavit</strong></span> <span class='ocrx_word' id='word_1_403' title='bbox 1573 3601 1776 3659; x_wconf 83' lang='lat' dir='ltr'><strong>Paulus</strong></span> 
     </span>
    </p>
   </div>
   <div class='ocr_carea' id='block_1_52' title="bbox 173 3693 1821 3761">
    <p class='ocr_par' dir='ltr' id='par_1_52' title="bbox 173 3693 1821 3761">
     <span class='ocr_line' id='line_1_52' title="bbox 173 3693 1821 3761; baseline -0.003 -8"><span class='ocrx_word' id='word_1_404' title='bbox 173 3697 306 3753; x_wconf 76' lang='lat' dir='ltr'><strong>ideo</strong></span> <span class='ocrx_word' id='word_1_405' title='bbox 348 3695 548 3751; x_wconf 91' lang='lat' dir='ltr'><strong>iterum</strong></span> <span class='ocrx_word' id='word_1_406' title='bbox 599 3694 840 3751; x_wconf 88' lang='lat' dir='ltr'><strong>scribere</strong></span> <span class='ocrx_word' id='word_1_407' title='bbox 876 3694 978 3761; x_wconf 91' lang='lat' dir='ltr'><strong>eis,</strong></span> <span class='ocrx_word' id='word_1_408' title='bbox 1011 3709 1079 3749; x_wconf 91' lang='lat' dir='ltr'><strong>ne</strong></span> <span class='ocrx_word' id='word_1_409' title='bbox 1105 3693 1151 3748; x_wconf 91' lang='lat' dir='ltr'><strong>si</strong></span> <span class='ocrx_word' id='word_1_410' title='bbox 1181 3709 1290 3748; x_wconf 92' lang='lat' dir='ltr'><strong>non</strong></span> <span class='ocrx_word' id='word_1_411' title='bbox 1322 3694 1776 3750; x_wconf 91' lang='lat' dir='ltr'><strong>determinaretur</strong></span> <span class='ocrx_word' id='word_1_412' title='bbox 1816 3722 1821 3727; x_wconf 91' lang='lat'><em>-</em></span> 
     </span>
    </p>
   </div>
   <div class='ocr_carea' id='block_1_53' title="bbox 173 3784 1772 3858">
    <p class='ocr_par' dir='ltr' id='par_1_53' title="bbox 173 3784 1772 3858">
     <span class='ocr_line' id='line_1_53' title="bbox 173 3784 1772 3858; baseline -0.003 -14"><span class='ocrx_word' id='word_1_413' title='bbox 173 3787 296 3844; x_wconf 68' lang='lat' dir='ltr'><strong>base</strong></span> <span class='ocrx_word' id='word_1_414' title='bbox 323 3786 674 3858; x_wconf 77' lang='lat' dir='ltr'><strong>ambiguitas,</strong></span> <span class='ocrx_word' id='word_1_415' title='bbox 697 3787 828 3842; x_wconf 91' lang='lat' dir='ltr'><strong>dum</strong></span> <span class='ocrx_word' id='word_1_416' title='bbox 856 3795 981 3857; x_wconf 91' lang='lat' dir='ltr'><strong>post</strong></span> <span class='ocrx_word' id='word_1_417' title='bbox 1003 3785 1120 3841; x_wconf 88' lang='lat' dir='ltr'><strong>dies</strong></span> <span class='ocrx_word' id='word_1_418' title='bbox 1147 3784 1298 3840; x_wconf 87' lang='lat' dir='ltr'><strong>Pauli</strong></span> <span class='ocrx_word' id='word_1_419' title='bbox 1334 3785 1641 3841; x_wconf 90' lang='lat' dir='ltr'><strong>invenirent</strong></span> <span class='ocrx_word' id='word_1_420' title='bbox 1664 3801 1772 3842; x_wconf 91' lang='lat' dir='ltr'><strong>non</strong></span> 
     </span>
    </p>
   </div>
   <div class='ocr_carea' id='block_1_54' title="bbox 173 3877 1776 3950">
    <p class='ocr_par' dir='ltr' id='par_1_54' title="bbox 173 3877 1776 3950">
     <span class='ocr_line' id='line_1_54' title="bbox 173 3877 1776 3950; baseline -0.002 -16"><span class='ocrx_word' id='word_1_421' title='bbox 173 3878 484 3950; x_wconf 77' lang='lat' dir='ltr'><strong>contigisse</strong></span> <span class='ocrx_word' id='word_1_422' title='bbox 510 3878 656 3949; x_wconf 87' lang='lat' dir='ltr'><strong>quod</strong></span> <span class='ocrx_word' id='word_1_423' title='bbox 679 3877 908 3934; x_wconf 87' lang='lat' dir='ltr'><strong>Paulum</strong></span> <span class='ocrx_word' id='word_1_424' title='bbox 936 3877 1202 3947; x_wconf 85' lang='lat' dir='ltr'><strong>putabant</strong></span> <span class='ocrx_word' id='word_1_425' title='bbox 1235 3877 1316 3932; x_wconf 92' lang='lat' dir='ltr'><strong>sic</strong></span> <span class='ocrx_word' id='word_1_426' title='bbox 1347 3877 1687 3948; x_wconf 62' lang='lat' dir='ltr'><strong>praedixisse,</strong></span> <span class='ocrx_word' id='word_1_427' title='bbox 1721 3885 1776 3933; x_wconf 92' lang='lat' dir='ltr'><strong>et</strong></span> 
     </span>
    </p>
   </div>
   <div class='ocr_carea' id='block_1_55' title="bbox 174 3968 1775 4040">
    <p class='ocr_par' dir='ltr' id='par_1_55' title="bbox 174 3968 1775 4040">
     <span class='ocr_line' id='line_1_55' title="bbox 174 3968 1775 4040; baseline 0 -16"><span class='ocrx_word' id='word_1_428' title='bbox 174 3969 230 4024; x_wconf 89' lang='lat' dir='ltr'><strong>in</strong></span> <span class='ocrx_word' id='word_1_429' title='bbox 260 3970 376 4025; x_wconf 84' lang='lat' dir='ltr'><strong>hoc</strong></span> <span class='ocrx_word' id='word_1_430' title='bbox 405 3977 460 4024; x_wconf 89' lang='lat' dir='ltr'><strong>et</strong></span> <span class='ocrx_word' id='word_1_431' title='bbox 492 3969 546 4024; x_wconf 93' lang='lat' dir='ltr'><strong>in</strong></span> <span class='ocrx_word' id='word_1_432' title='bbox 569 3970 828 4025; x_wconf 89' lang='lat' dir='ltr'><strong>omnibus</strong></span> <span class='ocrx_word' id='word_1_433' title='bbox 855 3985 978 4040; x_wconf 68' lang='lat' dir='ltr'><strong>qua:</strong></span> <span class='ocrx_word' id='word_1_434' title='bbox 1000 3968 1281 4035; x_wconf 88' lang='lat' dir='ltr'><strong>docuerat,</strong></span> <span class='ocrx_word' id='word_1_435' title='bbox 1310 3978 1601 4040; x_wconf 87' lang='lat' dir='ltr'><strong>arguerent</strong></span> <span class='ocrx_word' id='word_1_436' title='bbox 1631 3968 1775 4024; x_wconf 78' lang='lat' dir='ltr'><strong>Pau-</strong></span> 
     </span>
    </p>
   </div>
   <div class='ocr_carea' id='block_1_56' title="bbox 173 4060 1774 4131">
    <p class='ocr_par' dir='ltr' id='par_1_56' title="bbox 173 4060 1774 4131">
     <span class='ocr_line' id='line_1_56' title="bbox 173 4060 1774 4131; baseline 0 -15"><span class='ocrx_word' id='word_1_437' title='bbox 173 4061 292 4116; x_wconf 76' lang='lat' dir='ltr'><strong>lum</strong></span> <span class='ocrx_word' id='word_1_438' title='bbox 339 4062 409 4117; x_wconf 90' lang='lat' dir='ltr'><strong>de</strong></span> <span class='ocrx_word' id='word_1_439' title='bbox 436 4061 743 4128; x_wconf 89' lang='lat' dir='ltr'><strong>mendacio,</strong></span> <span class='ocrx_word' id='word_1_440' title='bbox 780 4070 836 4117; x_wconf 90' lang='lat' dir='ltr'><strong>et</strong></span> <span class='ocrx_word' id='word_1_441' title='bbox 863 4061 944 4117; x_wconf 88' lang='lat' dir='ltr'><strong>sic</strong></span> <span class='ocrx_word' id='word_1_442' title='bbox 985 4076 1015 4115; x_wconf 91' lang='lat' dir='ltr'><strong>a</strong></span> <span class='ocrx_word' id='word_1_443' title='bbox 1049 4060 1135 4116; x_wconf 90' lang='lat' dir='ltr'><strong>via</strong></span> <span class='ocrx_word' id='word_1_444' title='bbox 1165 4060 1431 4128; x_wconf 86' lang='lat' dir='ltr'><strong>veritatis,</strong></span> <span class='ocrx_word' id='word_1_445' title='bbox 1469 4076 1634 4131; x_wconf 91' lang='lat' dir='ltr'><strong>quam</strong></span> <span class='ocrx_word' id='word_1_446' title='bbox 1665 4061 1774 4116; x_wconf 91' lang='lat' dir='ltr'><strong>illis</strong></span> 
     </span>
    </p>
   </div>
   <div class='ocr_carea' id='block_1_57' title="bbox 176 4151 1772 4220">
    <p class='ocr_par' dir='ltr' id='par_1_57' title="bbox 176 4151 1772 4220">
     <span class='ocr_line' id='line_1_57' title="bbox 176 4151 1772 4220; baseline -0.001 -14"><span class='ocrx_word' id='word_1_447' title='bbox 176 4153 505 4220; x_wconf 82' lang='lat' dir='ltr'><strong>tradiderat,</strong></span> <span class='ocrx_word' id='word_1_448' title='bbox 551 4155 884 4209; x_wconf 85' lang='lat' dir='ltr'><strong>recederent.</strong></span> <span class='ocrx_word' id='word_1_449' title='bbox 944 4151 1210 4209; x_wconf 74' lang='lat' dir='ltr'><strong>Prteterea</strong></span> <span class='ocrx_word' id='word_1_450' title='bbox 1261 4153 1408 4210; x_wconf 87' lang='lat' dir='ltr'><strong>aliud</strong></span> <span class='ocrx_word' id='word_1_451' title='bbox 1449 4153 1652 4208; x_wconf 91' lang='lat' dir='ltr'><strong>malum</strong></span> <span class='ocrx_word' id='word_1_452' title='bbox 1705 4168 1772 4208; x_wconf 85' lang='lat' dir='ltr'><strong>ex</strong></span> 
     </span>
    </p>
   </div>
   <div class='ocr_carea' id='block_1_58' title="bbox 176 4243 1774 4315">
    <p class='ocr_par' dir='ltr' id='par_1_58' title="bbox 176 4243 1774 4315">
     <span class='ocr_line' id='line_1_58' title="bbox 176 4243 1774 4315; baseline -0.002 -16"><span class='ocrx_word' id='word_1_453' title='bbox 176 4244 282 4301; x_wconf 86' lang='lat' dir='ltr'><strong>hac</strong></span> <span class='ocrx_word' id='word_1_454' title='bbox 323 4245 602 4302; x_wconf 88' lang='lat' dir='ltr'><strong>dubietate</strong></span> <span class='ocrx_word' id='word_1_455' title='bbox 635 4253 819 4315; x_wconf 88' lang='lat' dir='ltr'><strong>posset</strong></span> <span class='ocrx_word' id='word_1_456' title='bbox 847 4245 1165 4312; x_wconf 80' lang='lat' dir='ltr'><strong>contingere</strong></span> <span class='ocrx_word' id='word_1_457' title='bbox 1207 4253 1266 4299; x_wconf 94' lang='lat' dir='ltr'><strong>ut</strong></span> <span class='ocrx_word' id='word_1_458' title='bbox 1305 4245 1352 4301; x_wconf 90' lang='lat' dir='ltr'><strong>si</strong></span> <span class='ocrx_word' id='word_1_459' title='bbox 1398 4244 1652 4310; x_wconf 88' lang='lat' dir='ltr'><strong>Satanas,</strong></span> <span class='ocrx_word' id='word_1_460' title='bbox 1695 4243 1774 4297; x_wconf 83' lang='lat' dir='ltr'><strong>vi-</strong></span> 
     </span>
    </p>
   </div>
   <div class='ocr_carea' id='block_1_59' title="bbox 173 4335 1770 4408">
    <p class='ocr_par' dir='ltr' id='par_1_59' title="bbox 173 4335 1770 4408">
     <span class='ocr_line' id='line_1_59' title="bbox 173 4335 1770 4408; baseline -0.001 -17"><span class='ocrx_word' id='word_1_461' title='bbox 173 4337 318 4392; x_wconf 88' lang='lat' dir='ltr'><strong>dens</strong></span> <span class='ocrx_word' id='word_1_462' title='bbox 352 4337 478 4392; x_wconf 91' lang='lat' dir='ltr'><strong>illos</strong></span> <span class='ocrx_word' id='word_1_463' title='bbox 500 4337 784 4392; x_wconf 89' lang='lat' dir='ltr'><strong>credentes</strong></span> <span class='ocrx_word' id='word_1_464' title='bbox 817 4336 874 4393; x_wconf 88' lang='lat' dir='ltr'><strong>in</strong></span> <span class='ocrx_word' id='word_1_465' title='bbox 903 4336 1154 4406; x_wconf 80' lang='lat' dir='ltr'><strong>proximo</strong></span> <span class='ocrx_word' id='word_1_466' title='bbox 1197 4335 1442 4392; x_wconf 89' lang='lat' dir='ltr'><strong>futurum</strong></span> <span class='ocrx_word' id='word_1_467' title='bbox 1480 4335 1770 4408; x_wconf 86' lang='lat' dir='ltr'><strong>judicium,</strong></span> 
     </span>
    </p>
   </div>
   <div class='ocr_carea' id='block_1_60' title="bbox 1876 3141 3462 3210">
    <p class='ocr_par' dir='ltr' id='par_1_60' title="bbox 1876 3141 3462 3210">
     <span class='ocr_line' id='line_1_60' title="bbox 1876 3141 3462 3210; baseline 0.003 -16"><span class='ocrx_word' id='word_1_468' title='bbox 1876 3141 2036 3196; x_wconf 92' lang='lat' dir='ltr'><strong>otiosi</strong></span> <span class='ocrx_word' id='word_1_469' title='bbox 2066 3157 2170 3195; x_wconf 91' lang='lat' dir='ltr'><strong>non</strong></span> <span class='ocrx_word' id='word_1_470' title='bbox 2198 3141 2265 3195; x_wconf 91' lang='lat' dir='ltr'><strong>ad</strong></span> <span class='ocrx_word' id='word_1_471' title='bbox 2289 3141 2575 3210; x_wconf 87' lang='lat' dir='ltr'><strong>imperium</strong></span> <span class='ocrx_word' id='word_1_472' title='bbox 2600 3141 2751 3196; x_wconf 91' lang='lat' dir='ltr'><strong>Pauli</strong></span> <span class='ocrx_word' id='word_1_473' title='bbox 2786 3141 3001 3196; x_wconf 83' lang='lat' dir='ltr'><strong>fuerant</strong></span> <span class='ocrx_word' id='word_1_474' title='bbox 3022 3143 3274 3198; x_wconf 89' lang='lat' dir='ltr'><strong>correcti.</strong></span> <span class='ocrx_word' id='word_1_475' title='bbox 3319 3142 3462 3198; x_wconf 62' lang='lat' dir='ltr'><strong>Serio</strong></span> 
     </span>
    </p>
   </div>
   <div class='ocr_carea' id='block_1_61' title="bbox 1874 3233 3463 3304">
    <p class='ocr_par' dir='ltr' id='par_1_61' title="bbox 1874 3233 3463 3304">
     <span class='ocr_line' id='line_1_61' title="bbox 1874 3233 3463 3304; baseline 0.003 -18"><span class='ocrx_word' id='word_1_476' title='bbox 1874 3233 1983 3302; x_wconf 89' lang='lat' dir='ltr'><strong>psit</strong></span> <span class='ocrx_word' id='word_1_477' title='bbox 2011 3233 2206 3288; x_wconf 87' lang='lat' dir='ltr'><strong>iterum</strong></span> <span class='ocrx_word' id='word_1_478' title='bbox 2245 3233 2386 3300; x_wconf 89' lang='lat' dir='ltr'><strong>ideo,</strong></span> <span class='ocrx_word' id='word_1_479' title='bbox 2419 3234 2546 3304; x_wconf 89' lang='lat' dir='ltr'><strong>quia</strong></span> <span class='ocrx_word' id='word_1_480' title='bbox 2582 3235 2990 3304; x_wconf 87' lang='lat' dir='ltr'><strong>persecutiones</strong></span> <span class='ocrx_word' id='word_1_481' title='bbox 3040 3235 3108 3290; x_wconf 90' lang='lat' dir='ltr'><strong>ad</strong></span> <span class='ocrx_word' id='word_1_482' title='bbox 3147 3236 3463 3304; x_wconf 88' lang='lat' dir='ltr'><strong>patientiam</strong></span> 
     </span>
    </p>
   </div>
   <div class='ocr_carea' id='block_1_62' title="bbox 1875 3325 3462 3395">
    <p class='ocr_par' dir='ltr' id='par_1_62' title="bbox 1875 3325 3462 3395">
     <span class='ocr_line' id='line_1_62' title="bbox 1875 3325 3462 3395; baseline 0.002 -16"><span class='ocrx_word' id='word_1_483' title='bbox 1875 3339 2110 3394; x_wconf 88' lang='lat' dir='ltr'><strong>quarum</strong></span> <span class='ocrx_word' id='word_1_484' title='bbox 2151 3340 2248 3379; x_wconf 91' lang='lat' dir='ltr'><strong>eos</strong></span> <span class='ocrx_word' id='word_1_485' title='bbox 2286 3325 2340 3379; x_wconf 92' lang='lat' dir='ltr'><strong>in</strong></span> <span class='ocrx_word' id='word_1_486' title='bbox 2373 3325 2544 3395; x_wconf 90' lang='lat' dir='ltr'><strong>priori</strong></span> <span class='ocrx_word' id='word_1_487' title='bbox 2585 3335 2912 3392; x_wconf 86' lang='lat' dir='ltr'><strong>armaverat,</strong></span> <span class='ocrx_word' id='word_1_488' title='bbox 2962 3327 3204 3381; x_wconf 86' lang='lat' dir='ltr'><strong>nondum</strong></span> <span class='ocrx_word' id='word_1_489' title='bbox 3253 3327 3462 3384; x_wconf 85' lang='lat' dir='ltr'><strong>defece-</strong></span> 
     </span>
    </p>
   </div>
   <div class='ocr_carea' id='block_1_63' title="bbox 1875 3417 3463 3490">
    <p class='ocr_par' dir='ltr' id='par_1_63' title="bbox 1875 3417 3463 3490">
     <span class='ocr_line' id='line_1_63' title="bbox 1875 3417 3463 3490; baseline 0.002 -19"><span class='ocrx_word' id='word_1_490' title='bbox 1875 3426 2028 3484; x_wconf 90' lang='lat' dir='ltr'><strong>rant;</strong></span> <span class='ocrx_word' id='word_1_491' title='bbox 2066 3418 2158 3474; x_wconf 90' lang='lat' dir='ltr'><strong>sed</strong></span> <span class='ocrx_word' id='word_1_492' title='bbox 2197 3417 2446 3474; x_wconf 86' lang='lat' dir='ltr'><strong>fortassis</strong></span> <span class='ocrx_word' id='word_1_493' title='bbox 2489 3428 2854 3490; x_wconf 70' lang='lat' dir='ltr'><strong>augmentata:</strong></span> <span class='ocrx_word' id='word_1_494' title='bbox 2901 3419 3136 3475; x_wconf 89' lang='lat' dir='ltr'><strong>fuerant.</strong></span> <span class='ocrx_word' id='word_1_495' title='bbox 3177 3419 3305 3476; x_wconf 66' lang='lat' dir='ltr'><strong>Haec</strong></span> <span class='ocrx_word' id='word_1_496' title='bbox 3336 3421 3463 3486; x_wconf 88' lang='lat' dir='ltr'><strong>tria,</strong></span> 
     </span>
    </p>
   </div>
   <div class='ocr_carea' id='block_1_64' title="bbox 1872 3507 3464 3580">
    <p class='ocr_par' dir='ltr' id='par_1_64' title="bbox 1872 3507 3464 3580">
     <span class='ocr_line' id='line_1_64' title="bbox 1872 3507 3464 3580; baseline 0.003 -17"><span class='ocrx_word' id='word_1_497' title='bbox 1872 3510 2300 3579; x_wconf 89' lang='lat' dir='ltr'><strong>persecutiones,</strong></span> <span class='ocrx_word' id='word_1_498' title='bbox 2356 3510 2500 3566; x_wconf 89' lang='lat' dir='ltr'><strong>diem</strong></span> <span class='ocrx_word' id='word_1_499' title='bbox 2551 3507 2763 3580; x_wconf 87' lang='lat' dir='ltr'><strong>judicii,</strong></span> <span class='ocrx_word' id='word_1_500' title='bbox 2823 3519 2878 3567; x_wconf 91' lang='lat' dir='ltr'><strong>et</strong></span> <span class='ocrx_word' id='word_1_501' title='bbox 2923 3513 3047 3568; x_wconf 90' lang='lat' dir='ltr'><strong>illos</strong></span> <span class='ocrx_word' id='word_1_502' title='bbox 3097 3512 3464 3580; x_wconf 78' lang='lat' dir='ltr'><strong>incorrectos,</strong></span> 
     </span>
    </p>
   </div>
   <div class='ocr_carea' id='block_1_65' title="bbox 1875 3599 3462 3677">
    <p class='ocr_par' dir='ltr' id='par_1_65' title="bbox 1875 3599 3462 3677">
     <span class='ocr_line' id='line_1_65' title="bbox 1875 3599 3462 3677; baseline 0.004 -24"><span class='ocrx_word' id='word_1_503' title='bbox 1875 3599 2157 3677; x_wconf 74' lang='lat' dir='ltr'><strong>materiam</strong></span> <span class='ocrx_word' id='word_1_504' title='bbox 2195 3599 2404 3668; x_wconf 88' lang='lat' dir='ltr'><strong>habuit,</strong></span> <span class='ocrx_word' id='word_1_505' title='bbox 2454 3602 2720 3656; x_wconf 90' lang='lat' dir='ltr'><strong>armando</strong></span> <span class='ocrx_word' id='word_1_506' title='bbox 2748 3617 2844 3658; x_wconf 91' lang='lat' dir='ltr'><strong>eos</strong></span> <span class='ocrx_word' id='word_1_507' title='bbox 2869 3603 2936 3658; x_wconf 90' lang='lat' dir='ltr'><strong>ad</strong></span> <span class='ocrx_word' id='word_1_508' title='bbox 2969 3603 3224 3675; x_wconf 90' lang='lat' dir='ltr'><strong>patienda</strong></span> <span class='ocrx_word' id='word_1_509' title='bbox 3253 3605 3462 3670; x_wconf 88' lang='lat' dir='ltr'><strong>omnia,</strong></span> 
     </span>
    </p>
   </div>
   <div class='ocr_carea' id='block_1_66' title="bbox 1873 3691 3463 3766">
    <p class='ocr_par' dir='ltr' id='par_1_66' title="bbox 1873 3691 3463 3766">
     <span class='ocr_line' id='line_1_66' title="bbox 1873 3691 3463 3766; baseline 0.004 -21"><span class='ocrx_word' id='word_1_510' title='bbox 1873 3692 2167 3747; x_wconf 89' lang='lat' dir='ltr'><strong>ostendens</strong></span> <span class='ocrx_word' id='word_1_511' title='bbox 2191 3691 2357 3762; x_wconf 91' lang='lat' dir='ltr'><strong>justis</strong></span> <span class='ocrx_word' id='word_1_512' title='bbox 2379 3693 2609 3764; x_wconf 80' lang='lat' dir='ltr'><strong>gloriam</strong></span> <span class='ocrx_word' id='word_1_513' title='bbox 2634 3694 2728 3764; x_wconf 92' lang='lat' dir='ltr'><strong>qui</strong></span> <span class='ocrx_word' id='word_1_514' title='bbox 2755 3695 3107 3763; x_wconf 89' lang='lat' dir='ltr'><strong>tribulantur,</strong></span> <span class='ocrx_word' id='word_1_515' title='bbox 3135 3711 3340 3766; x_wconf 90' lang='lat' dir='ltr'><strong>eosque</strong></span> <span class='ocrx_word' id='word_1_516' title='bbox 3367 3697 3463 3752; x_wconf 88' lang='lat' dir='ltr'><strong>tri-</strong></span> 
     </span>
    </p>
   </div>
   <div class='ocr_carea' id='block_1_67' title="bbox 1873 3782 3464 3842">
    <p class='ocr_par' dir='ltr' id='par_1_67' title="bbox 1873 3782 3464 3842">
     <span class='ocr_line' id='line_1_67' title="bbox 1873 3782 3464 3842; baseline 0.004 -6"><span class='ocrx_word' id='word_1_517' title='bbox 1873 3783 2188 3839; x_wconf 89' lang='lat' dir='ltr'><strong>bulantibus</strong></span> <span class='ocrx_word' id='word_1_518' title='bbox 2200 3782 2441 3839; x_wconf 89' lang='lat' dir='ltr'><strong>futuram</strong></span> <span class='ocrx_word' id='word_1_519' title='bbox 2453 3785 2881 3841; x_wconf 87' lang='lat' dir='ltr'><strong>damnationem.</strong></span> <span class='ocrx_word' id='word_1_520' title='bbox 2901 3786 3284 3842; x_wconf 89' lang='lat' dir='ltr'><strong>Determinans</strong></span> <span class='ocrx_word' id='word_1_521' title='bbox 3298 3789 3464 3842; x_wconf 89' lang='lat' dir='ltr'><strong>etiam</strong></span> 
     </span>
    </p>
   </div>
   <div class='ocr_carea' id='block_1_68' title="bbox 1873 3875 3462 3950">
    <p class='ocr_par' dir='ltr' id='par_1_68' title="bbox 1873 3875 3462 3950">
     <span class='ocr_line' id='line_1_68' title="bbox 1873 3875 3462 3950; baseline 0.004 -22"><span class='ocrx_word' id='word_1_522' title='bbox 1873 3875 2036 3930; x_wconf 90' lang='lat' dir='ltr'><strong>certis</strong></span> <span class='ocrx_word' id='word_1_523' title='bbox 2058 3883 2111 3930; x_wconf 86' lang='lat' dir='ltr'><strong>et</strong></span> <span class='ocrx_word' id='word_1_524' title='bbox 2139 3875 2482 3932; x_wconf 85' lang='lat' dir='ltr'><strong>evidentibus</strong></span> <span class='ocrx_word' id='word_1_525' title='bbox 2505 3877 2678 3947; x_wconf 83' lang='lat' dir='ltr'><strong>signis</strong></span> <span class='ocrx_word' id='word_1_526' title='bbox 2703 3876 2943 3932; x_wconf 89' lang='lat' dir='ltr'><strong>futuram</strong></span> <span class='ocrx_word' id='word_1_527' title='bbox 2971 3878 3115 3934; x_wconf 86' lang='lat' dir='ltr'><strong>diem</strong></span> <span class='ocrx_word' id='word_1_528' title='bbox 3135 3879 3350 3950; x_wconf 89' lang='lat' dir='ltr'><strong>judicii.</strong></span> <span class='ocrx_word' id='word_1_529' title='bbox 3391 3879 3462 3934; x_wconf 86' lang='lat' dir='ltr'><strong>Il-</strong></span> 
     </span>
    </p>
   </div>
   <div class='ocr_carea' id='block_1_69' title="bbox 1873 3966 3464 4038">
    <p class='ocr_par' dir='ltr' id='par_1_69' title="bbox 1873 3966 3464 4038">
     <span class='ocr_line' id='line_1_69' title="bbox 1873 3966 3464 4038; baseline 0.006 -19"><span class='ocrx_word' id='word_1_530' title='bbox 1873 3966 2064 4037; x_wconf 90' lang='lat' dir='ltr'><strong>losque</strong></span> <span class='ocrx_word' id='word_1_531' title='bbox 2094 3968 2428 4024; x_wconf 88' lang='lat' dir='ltr'><strong>incorrectos</strong></span> <span class='ocrx_word' id='word_1_532' title='bbox 2456 3968 2776 4038; x_wconf 69' lang='lat' dir='ltr'><strong>prazcipiens</strong></span> <span class='ocrx_word' id='word_1_533' title='bbox 2807 3985 2836 4024; x_wconf 93' lang='lat' dir='ltr'><strong>a</strong></span> <span class='ocrx_word' id='word_1_534' title='bbox 2859 3971 3245 4028; x_wconf 91' lang='lat' dir='ltr'><strong>communione</strong></span> <span class='ocrx_word' id='word_1_535' title='bbox 3274 3970 3464 4028; x_wconf 86' lang='lat' dir='ltr'><strong>Eccle-</strong></span> 
     </span>
    </p>
   </div>
   <div class='ocr_carea' id='block_1_70' title="bbox 1874 4056 3465 4130">
    <p class='ocr_par' dir='ltr' id='par_1_70' title="bbox 1874 4056 3465 4130">
     <span class='ocr_line' id='line_1_70' title="bbox 1874 4056 3465 4130; baseline 0.005 -20"><span class='ocrx_word' id='word_1_536' title='bbox 1874 4056 1968 4111; x_wconf 73' lang='lat' dir='ltr'><strong>sia:</strong></span> <span class='ocrx_word' id='word_1_537' title='bbox 2001 4057 2356 4127; x_wconf 87' lang='lat' dir='ltr'><strong>sequestrari,</strong></span> <span class='ocrx_word' id='word_1_538' title='bbox 2404 4073 2512 4113; x_wconf 90' lang='lat' dir='ltr'><strong>non</strong></span> <span class='ocrx_word' id='word_1_539' title='bbox 2557 4069 2740 4114; x_wconf 89' lang='lat' dir='ltr'><strong>tamen</strong></span> <span class='ocrx_word' id='word_1_540' title='bbox 2788 4059 2901 4130; x_wconf 89' lang='lat' dir='ltr'><strong>jam</strong></span> <span class='ocrx_word' id='word_1_541' title='bbox 2933 4060 3034 4128; x_wconf 89' lang='lat' dir='ltr'><strong>eis,</strong></span> <span class='ocrx_word' id='word_1_542' title='bbox 3083 4061 3177 4116; x_wconf 88' lang='lat' dir='ltr'><strong>sed</strong></span> <span class='ocrx_word' id='word_1_543' title='bbox 3219 4061 3465 4118; x_wconf 88' lang='lat' dir='ltr'><strong>scribens</strong></span> 
     </span>
    </p>
   </div>
   <div class='ocr_carea' id='block_1_71' title="bbox 1873 4149 3462 4226">
    <p class='ocr_par' dir='ltr' id='par_1_71' title="bbox 1873 4149 3462 4226">
     <span class='ocr_line' id='line_1_71' title="bbox 1873 4149 3462 4226; baseline 0.003 -24"><span class='ocrx_word' id='word_1_544' title='bbox 1873 4149 2128 4206; x_wconf 73' lang='lat' dir='ltr'><strong>Ecclesia:</strong></span> <span class='ocrx_word' id='word_1_545' title='bbox 2155 4151 2222 4206; x_wconf 90' lang='lat' dir='ltr'><strong>de</strong></span> <span class='ocrx_word' id='word_1_546' title='bbox 2255 4151 2380 4206; x_wconf 90' lang='lat' dir='ltr'><strong>illis.</strong></span> <span class='ocrx_word' id='word_1_547' title='bbox 2422 4149 2500 4206; x_wconf 88' lang='lat' dir='ltr'><strong>Ea</strong></span> <span class='ocrx_word' id='word_1_548' title='bbox 2536 4152 2724 4222; x_wconf 91' lang='lat' dir='ltr'><strong>utique</strong></span> <span class='ocrx_word' id='word_1_549' title='bbox 2770 4151 3071 4209; x_wconf 90' lang='lat' dir='ltr'><strong>intentione</strong></span> <span class='ocrx_word' id='word_1_550' title='bbox 3112 4154 3192 4210; x_wconf 90' lang='lat' dir='ltr'><strong>sic</strong></span> <span class='ocrx_word' id='word_1_551' title='bbox 3239 4154 3352 4226; x_wconf 91' lang='lat' dir='ltr'><strong>agit</strong></span> <span class='ocrx_word' id='word_1_552' title='bbox 3405 4164 3462 4209; x_wconf 93' lang='lat' dir='ltr'><strong>ut</strong></span> 
     </span>
    </p>
   </div>
   <div class='ocr_carea' id='block_1_72' title="bbox 1873 4242 3464 4318">
    <p class='ocr_par' dir='ltr' id='par_1_72' title="bbox 1873 4242 3464 4318">
     <span class='ocr_line' id='line_1_72' title="bbox 1873 4242 3464 4318; baseline 0.003 -22"><span class='ocrx_word' id='word_1_553' title='bbox 1873 4243 1966 4312; x_wconf 91' lang='lat' dir='ltr'><strong>qui</strong></span> <span class='ocrx_word' id='word_1_554' title='bbox 2004 4244 2285 4313; x_wconf 88' lang='lat' dir='ltr'><strong>patiuntur</strong></span> <span class='ocrx_word' id='word_1_555' title='bbox 2316 4258 2415 4313; x_wconf 88' lang='lat' dir='ltr'><strong>pro</strong></span> <span class='ocrx_word' id='word_1_556' title='bbox 2439 4242 2660 4300; x_wconf 88' lang='lat' dir='ltr'><strong>Christo</strong></span> <span class='ocrx_word' id='word_1_557' title='bbox 2702 4254 3116 4314; x_wconf 86' lang='lat' dir='ltr'><strong>perseverantes</strong></span> <span class='ocrx_word' id='word_1_558' title='bbox 3143 4247 3254 4301; x_wconf 90' lang='lat' dir='ltr'><strong>sint</strong></span> <span class='ocrx_word' id='word_1_559' title='bbox 3277 4247 3332 4301; x_wconf 92' lang='lat' dir='ltr'><strong>in</strong></span> <span class='ocrx_word' id='word_1_560' title='bbox 3363 4262 3464 4318; x_wconf 89' lang='lat' dir='ltr'><strong>pa-</strong></span> 
     </span>
    </p>
   </div>
   <div class='ocr_carea' id='block_1_73' title="bbox 1879 4334 3465 4408">
    <p class='ocr_par' dir='ltr' id='par_1_73' title="bbox 1879 4334 3465 4408">
     <span class='ocr_line' id='line_1_73' title="bbox 1879 4334 3465 4408; baseline 0.004 -21"><span class='ocrx_word' id='word_1_561' title='bbox 1879 4334 2079 4401; x_wconf 88' lang='lat' dir='ltr'><strong>tiendo,</strong></span> <span class='ocrx_word' id='word_1_562' title='bbox 2111 4343 2165 4390; x_wconf 90' lang='lat' dir='ltr'><strong>et</strong></span> <span class='ocrx_word' id='word_1_563' title='bbox 2188 4334 2282 4406; x_wconf 90' lang='lat' dir='ltr'><strong>qui</strong></span> <span class='ocrx_word' id='word_1_564' title='bbox 2316 4334 2490 4390; x_wconf 90' lang='lat' dir='ltr'><strong>territi</strong></span> <span class='ocrx_word' id='word_1_565' title='bbox 2517 4345 2676 4391; x_wconf 90' lang='lat' dir='ltr'><strong>erant</strong></span> <span class='ocrx_word' id='word_1_566' title='bbox 2716 4335 3178 4406; x_wconf 85' lang='lat' dir='ltr'><strong>propinquitatem</strong></span> <span class='ocrx_word' id='word_1_567' title='bbox 3209 4346 3465 4408; x_wconf 84' lang='lat' dir='ltr'><strong>putantes</strong></span> 
     </span>
    </p>
   </div>
   <div class='ocr_carea' id='block_1_74' title="bbox 176 4404 3461 4501">
    <p class='ocr_par' dir='ltr' id='par_1_74' title="bbox 176 4404 3461 4501">
     <span class='ocr_line' id='line_1_74' title="bbox 176 4404 3461 4501; baseline 0 -17"><span class='ocrx_word' id='word_1_568' title='bbox 176 4429 496 4486; x_wconf 86' lang='lat' dir='ltr'><strong>ostenderet</strong></span> <span class='ocrx_word' id='word_1_569' title='bbox 523 4446 582 4486; x_wconf 87' lang='lat' dir='ltr'><strong>se</strong></span> <span class='ocrx_word' id='word_1_570' title='bbox 612 4430 665 4485; x_wconf 90' lang='lat' dir='ltr'><strong>in</strong></span> <span class='ocrx_word' id='word_1_571' title='bbox 693 4446 819 4486; x_wconf 88' lang='lat' dir='ltr'><strong>aere</strong></span> <span class='ocrx_word' id='word_1_572' title='bbox 869 4404 1188 4501; x_wconf 79' lang='lat' dir='ltr'><strong>insignitum</strong></span> <span class='ocrx_word' id='word_1_573' title='bbox 1227 4404 1552 4498; x_wconf 79' lang='lat' dir='ltr'><strong>diademate,</strong></span> <span class='ocrx_word' id='word_1_574' title='bbox 1601 4444 1769 4500; x_wconf 90' lang='lat' dir='ltr'><strong>seque</strong></span> <span class='ocrx_word' id='word_1_575' title='bbox 1804 4404 1849 4459; x_wconf 70' lang='grc' dir='ltr'>Β</span> <span class='ocrx_word' id='word_1_576' title='bbox 1869 4425 2082 4497; x_wconf 83' lang='lat' dir='ltr'><strong>judicii,</strong></span> <span class='ocrx_word' id='word_1_577' title='bbox 2112 4404 2221 4482; x_wconf 82' lang='lat' dir='ltr'><strong>non</strong></span> <span class='ocrx_word' id='word_1_578' title='bbox 2244 4435 2550 4483; x_wconf 89' lang='lat' dir='ltr'><strong>terreantur</strong></span> <span class='ocrx_word' id='word_1_579' title='bbox 2574 4428 2642 4483; x_wconf 89' lang='lat' dir='ltr'><strong>de</strong></span> <span class='ocrx_word' id='word_1_580' title='bbox 2672 4404 2907 4484; x_wconf 75' lang='lat' dir='ltr'><strong>falsitate</strong></span> <span class='ocrx_word' id='word_1_581' title='bbox 2975 4437 3030 4483; x_wconf 90' lang='lat' dir='ltr'><strong>et</strong></span> <span class='ocrx_word' id='word_1_582' title='bbox 3055 4429 3150 4499; x_wconf 91' lang='lat' dir='ltr'><strong>qui</strong></span> <span class='ocrx_word' id='word_1_583' title='bbox 3173 4404 3351 4485; x_wconf 82' lang='lat' dir='ltr'><strong>adhuc</strong></span> <span class='ocrx_word' id='word_1_584' title='bbox 3373 4429 3461 4484; x_wconf 85' lang='lat' dir='ltr'><strong>in-</strong></span> 
     </span>
    </p>
   </div>
   <div class='ocr_carea' id='block_1_75' title="bbox 175 4518 1770 4591">
    <p class='ocr_par' dir='ltr' id='par_1_75' title="bbox 175 4518 1770 4591">
     <span class='ocr_line' id='line_1_75' title="bbox 175 4518 1770 4591; baseline -0.001 -17"><span class='ocrx_word' id='word_1_585' title='bbox 175 4518 464 4576; x_wconf 84' lang='lat' dir='ltr'><strong>Christutn</strong></span> <span class='ocrx_word' id='word_1_586' title='bbox 493 4523 798 4578; x_wconf 87' lang='lat' dir='ltr'><strong>venientem</strong></span> <span class='ocrx_word' id='word_1_587' title='bbox 836 4521 902 4576; x_wconf 89' lang='lat' dir='ltr'><strong>ad</strong></span> <span class='ocrx_word' id='word_1_588' title='bbox 933 4520 1202 4591; x_wconf 87' lang='lat' dir='ltr'><strong>judicium</strong></span> <span class='ocrx_word' id='word_1_589' title='bbox 1242 4536 1515 4588; x_wconf 85' lang='lat' dir='ltr'><strong>asserens,</strong></span> <span class='ocrx_word' id='word_1_590' title='bbox 1559 4519 1770 4576; x_wconf 89' lang='lat' dir='ltr'><strong>falleret</strong></span> 
     </span>
    </p>
   </div>
   <div class='ocr_carea' id='block_1_76' title="bbox 176 4607 1770 4684">
    <p class='ocr_par' dir='ltr' id='par_1_76' title="bbox 176 4607 1770 4684">
     <span class='ocr_line' id='line_1_76' title="bbox 176 4607 1770 4684; baseline 0.003 -21"><span class='ocrx_word' id='word_1_591' title='bbox 176 4607 702 4668; x_wconf 85' lang='lat' dir='ltr'><strong>Thessalonicenses</strong></span> <span class='ocrx_word' id='word_1_592' title='bbox 716 4655 732 4678; x_wconf 90' lang='lat'><strong>,</strong></span> <span class='ocrx_word' id='word_1_593' title='bbox 769 4612 836 4668; x_wconf 92' lang='lat' dir='ltr'><strong>de</strong></span> <span class='ocrx_word' id='word_1_594' title='bbox 862 4611 1063 4684; x_wconf 89' lang='lat' dir='ltr'><strong>quibus</strong></span> <span class='ocrx_word' id='word_1_595' title='bbox 1085 4611 1457 4682; x_wconf 86' lang='lat' dir='ltr'><strong>pervertendis</strong></span> <span class='ocrx_word' id='word_1_596' title='bbox 1479 4620 1631 4666; x_wconf 90' lang='lat' dir='ltr'><strong>tanto</strong></span> <span class='ocrx_word' id='word_1_597' title='bbox 1652 4627 1770 4666; x_wconf 91' lang='lat' dir='ltr'><strong>am-</strong></span> 
     </span>
    </p>
   </div>
   <div class='ocr_carea' id='block_1_77' title="bbox 177 4702 1765 4775">
    <p class='ocr_par' dir='ltr' id='par_1_77' title="bbox 177 4702 1765 4775">
     <span class='ocr_line' id='line_1_77' title="bbox 177 4702 1765 4775; baseline 0 -18"><span class='ocrx_word' id='word_1_598' title='bbox 177 4703 323 4771; x_wconf 88' lang='lat' dir='ltr'><strong>plius</strong></span> <span class='ocrx_word' id='word_1_599' title='bbox 353 4703 638 4760; x_wconf 86' lang='lat' dir='ltr'><strong>laborabat</strong></span> <span class='ocrx_word' id='word_1_600' title='bbox 661 4713 868 4775; x_wconf 91' lang='lat' dir='ltr'><strong>quanto</strong></span> <span class='ocrx_word' id='word_1_601' title='bbox 889 4719 985 4759; x_wconf 91' lang='lat' dir='ltr'><strong>eos</strong></span> <span class='ocrx_word' id='word_1_602' title='bbox 1012 4702 1363 4774; x_wconf 88' lang='lat' dir='ltr'><strong>perfectiores</strong></span> <span class='ocrx_word' id='word_1_603' title='bbox 1388 4717 1510 4757; x_wconf 91' lang='lat' dir='ltr'><strong>esse</strong></span> <span class='ocrx_word' id='word_1_604' title='bbox 1536 4703 1765 4769; x_wconf 89' lang='lat' dir='ltr'><strong>sciebat,</strong></span> 
     </span>
    </p>
   </div>
   <div class='ocr_carea' id='block_1_78' title="bbox 175 4792 1766 4866">
    <p class='ocr_par' dir='ltr' id='par_1_78' title="bbox 175 4792 1766 4866">
     <span class='ocr_line' id='line_1_78' title="bbox 175 4792 1766 4866; baseline 0.001 -18"><span class='ocrx_word' id='word_1_605' title='bbox 175 4794 292 4861; x_wconf 87' lang='lat' dir='ltr'><strong>vel,</strong></span> <span class='ocrx_word' id='word_1_606' title='bbox 325 4794 384 4849; x_wconf 93' lang='lat' dir='ltr'><strong>in</strong></span> <span class='ocrx_word' id='word_1_607' title='bbox 411 4795 640 4850; x_wconf 92' lang='lat' dir='ltr'><strong>somniis</strong></span> <span class='ocrx_word' id='word_1_608' title='bbox 665 4794 997 4866; x_wconf 88' lang='lat' dir='ltr'><strong>apparendo,</strong></span> <span class='ocrx_word' id='word_1_609' title='bbox 1027 4809 1124 4849; x_wconf 91' lang='lat' dir='ltr'><strong>eos</strong></span> <span class='ocrx_word' id='word_1_610' title='bbox 1144 4793 1199 4846; x_wconf 92' lang='lat' dir='ltr'><strong>in</strong></span> <span class='ocrx_word' id='word_1_611' title='bbox 1225 4792 1413 4848; x_wconf 90' lang='lat' dir='ltr'><strong>eodem</strong></span> <span class='ocrx_word' id='word_1_612' title='bbox 1443 4792 1766 4849; x_wconf 84' lang='lat' dir='ltr'><strong>ludificaret.</strong></span> 
     </span>
    </p>
   </div>
   <div class='ocr_carea' id='block_1_79' title="bbox 1876 4518 3461 4587">
    <p class='ocr_par' dir='ltr' id='par_1_79' title="bbox 1876 4518 3461 4587">
     <span class='ocr_line' id='line_1_79' title="bbox 1876 4518 3461 4587; baseline 0.001 -14"><span class='ocrx_word' id='word_1_613' title='bbox 1876 4519 2107 4574; x_wconf 88' lang='lat' dir='ltr'><strong>correcti</strong></span> <span class='ocrx_word' id='word_1_614' title='bbox 2132 4518 2368 4585; x_wconf 84' lang='lat' dir='ltr'><strong>fuerant,</strong></span> <span class='ocrx_word' id='word_1_615' title='bbox 2403 4520 2592 4575; x_wconf 82' lang='lat' dir='ltr'><strong>saltem</strong></span> <span class='ocrx_word' id='word_1_616' title='bbox 2620 4520 3018 4587; x_wconf 84' lang='lat' dir='ltr'><strong>erubescendo,</strong></span> <span class='ocrx_word' id='word_1_617' title='bbox 3065 4536 3124 4576; x_wconf 87' lang='lat' dir='ltr'><strong>se</strong></span> <span class='ocrx_word' id='word_1_618' title='bbox 3163 4536 3193 4574; x_wconf 92' lang='lat' dir='ltr'><strong>a</strong></span> <span class='ocrx_word' id='word_1_619' title='bbox 3223 4536 3461 4575; x_wconf 85' lang='lat' dir='ltr'><strong>commu-</strong></span> 
     </span>
    </p>
   </div>
   <div class='ocr_carea' id='block_1_80' title="bbox 1876 4610 3460 4684">
    <p class='ocr_par' dir='ltr' id='par_1_80' title="bbox 1876 4610 3460 4684">
     <span class='ocr_line' id='line_1_80' title="bbox 1876 4610 3460 4684; baseline 0 -19"><span class='ocrx_word' id='word_1_620' title='bbox 1876 4628 2036 4667; x_wconf 88' lang='lat' dir='ltr'><strong>mone</strong></span> <span class='ocrx_word' id='word_1_621' title='bbox 2084 4612 2318 4666; x_wconf 89' lang='lat' dir='ltr'><strong>aliorum</strong></span> <span class='ocrx_word' id='word_1_622' title='bbox 2368 4612 2638 4682; x_wconf 86' lang='lat' dir='ltr'><strong>projectos</strong></span> <span class='ocrx_word' id='word_1_623' title='bbox 2675 4612 3019 4684; x_wconf 90' lang='lat' dir='ltr'><strong>resipiscant.</strong></span> <span class='ocrx_word' id='word_1_624' title='bbox 3069 4610 3460 4666; x_wconf 89' lang='lat' dir='ltr'><strong>Salutationem</strong></span> 
     </span>
    </p>
   </div>
   <div class='ocr_carea' id='block_1_81' title="bbox 1875 4705 2357 4776">
    <p class='ocr_par' dir='ltr' id='par_1_81' title="bbox 1875 4705 2357 4776">
     <span class='ocr_line' id='line_1_81' title="bbox 1875 4705 2357 4776; baseline 0.002 -18"><span class='ocrx_word' id='word_1_625' title='bbox 1875 4705 2213 4776; x_wconf 72' lang='lat' dir='ltr'><strong>praemittens</strong></span> <span class='ocrx_word' id='word_1_626' title='bbox 2251 4705 2357 4759; x_wconf 87' lang='lat' dir='ltr'><strong>ait:</strong></span> 
     </span>
    </p>
   </div>
   <div class='ocr_carea' id='block_1_82' title="bbox 861 5140 2798 5226">
    <p class='ocr_par' dir='ltr' id='par_1_82' title="bbox 861 5140 2798 5226">
     <span class='ocr_line' id='line_1_82' title="bbox 861 5140 2798 5226; baseline 0.001 -10"><span class='ocrx_word' id='word_1_627' title='bbox 861 5141 1361 5219; x_wconf 79' lang='lat' dir='ltr'><strong>EPISTOLA</strong></span> <span class='ocrx_word' id='word_1_628' title='bbox 1422 5143 1496 5220; x_wconf 90' lang='lat' dir='ltr'><strong>II</strong></span> <span class='ocrx_word' id='word_1_629' title='bbox 1565 5144 1692 5220; x_wconf 86' lang='lat' dir='ltr'><strong>AD</strong></span> <span class='ocrx_word' id='word_1_630' title='bbox 1746 5140 2798 5226; x_wconf 76' lang='lat' dir='ltr'><strong>&#39;I‘IIESSALONICENSES.</strong></span> 
     </span>
    </p>
   </div>
   <div class='ocr_carea' id='block_1_83' title="bbox 691 5311 1255 5372">
    <p class='ocr_par' dir='ltr' id='par_1_83' title="bbox 691 5311 1255 5372">
     <span class='ocr_line' id='line_1_83' title="bbox 691 5311 1255 5372; baseline 0.005 -4"><span class='ocrx_word' id='word_1_631' title='bbox 691 5311 922 5368; x_wconf 81' lang='lat' dir='ltr'><strong>CAPUT</strong></span> <span class='ocrx_word' id='word_1_632' title='bbox 963 5313 1255 5372; x_wconf 77' lang='lat' dir='ltr'><strong>PRIMUM.</strong></span> 
     </span>
    </p>
   </div>
   <div class='ocr_carea' id='block_1_84' title="bbox 263 5403 1769 5480">
    <p class='ocr_par' dir='ltr' id='par_1_84' title="bbox 263 5403 1769 5480">
     <span class='ocr_line' id='line_1_84' title="bbox 263 5403 1769 5480; baseline 0.004 -20"><span class='ocrx_word' id='word_1_633' title='bbox 263 5429 284 5460; x_wconf 71' lang='grc' dir='ltr'><strong>ι</strong></span> <span class='ocrx_word' id='word_1_634' title='bbox 317 5405 525 5461; x_wconf 85' lang='lat' dir='ltr'><strong>Paulus</strong></span> <span class='ocrx_word' id='word_1_635' title='bbox 585 5413 642 5460; x_wconf 91' lang='lat' dir='ltr'><strong>et</strong></span> <span class='ocrx_word' id='word_1_636' title='bbox 699 5403 956 5480; x_wconf 82' lang='lat' dir='ltr'><strong>Silvanus</strong></span> <span class='ocrx_word' id='word_1_637' title='bbox 999 5416 1054 5462; x_wconf 92' lang='lat' dir='ltr'><strong>et</strong></span> <span class='ocrx_word' id='word_1_638' title='bbox 1113 5407 1456 5477; x_wconf 85' lang='lat' dir='ltr'><strong>Timotheus,</strong></span> <span class='ocrx_word' id='word_1_639' title='bbox 1511 5409 1769 5466; x_wconf 67' lang='lat' dir='ltr'><strong>Ecclesia:</strong></span> 
     </span>
    </p>
   </div>
   <div class='ocr_carea' id='block_1_85' title="bbox 185 5493 1766 5558">
    <p class='ocr_par' dir='ltr' id='par_1_85' title="bbox 185 5493 1766 5558">
     <span class='ocr_line' id='line_1_85' title="bbox 185 5493 1766 5558; baseline 0.007 -12"><span class='ocrx_word' id='word_1_640' title='bbox 185 5514 202 5546; x_wconf 77' lang='grc' dir='ltr'><strong>ι</strong></span> <span class='ocrx_word' id='word_1_641' title='bbox 251 5493 818 5552; x_wconf 75' lang='lat' dir='ltr'><strong>Tiiessalonicensium</strong></span> <span class='ocrx_word' id='word_1_642' title='bbox 844 5497 899 5550; x_wconf 92' lang='lat' dir='ltr'><strong>in</strong></span> <span class='ocrx_word' id='word_1_643' title='bbox 926 5496 1036 5554; x_wconf 90' lang='lat' dir='ltr'><strong>Deo</strong></span> <span class='ocrx_word' id='word_1_644' title='bbox 1060 5497 1220 5554; x_wconf 86' lang='lat' dir='ltr'><strong>Patre</strong></span> <span class='ocrx_word' id='word_1_645' title='bbox 1250 5510 1436 5556; x_wconf 92' lang='lat' dir='ltr'><strong>nostro</strong></span> <span class='ocrx_word' id='word_1_646' title='bbox 1460 5511 1515 5556; x_wconf 92' lang='lat' dir='ltr'><strong>et</strong></span> <span class='ocrx_word' id='word_1_647' title='bbox 1533 5501 1766 5558; x_wconf 91' lang='lat' dir='ltr'><strong>Domino</strong></span> 
     </span>
    </p>
   </div>
   <div class='ocr_carea' id='block_1_86' title="bbox 187 5587 1769 5660">
    <p class='ocr_par' dir='ltr' id='par_1_86' title="bbox 187 5587 1769 5660">
     <span class='ocr_line' id='line_1_86' title="bbox 187 5587 1769 5660; baseline 0.009 -24"><span class='ocrx_word' id='word_1_648' title='bbox 187 5605 204 5636; x_wconf 75' lang='grc' dir='ltr'><strong>ι</strong></span> <span class='ocrx_word' id='word_1_649' title='bbox 246 5587 375 5644; x_wconf 79' lang='lat' dir='ltr'><strong>Iesu</strong></span> <span class='ocrx_word' id='word_1_650' title='bbox 407 5587 650 5643; x_wconf 90' lang='lat' dir='ltr'><strong>Christo.</strong></span> <span class='ocrx_word' id='word_1_651' title='bbox 683 5587 870 5643; x_wconf 89' lang='lat' dir='ltr'><strong>Gratia</strong></span> <span class='ocrx_word' id='word_1_652' title='bbox 897 5589 1053 5644; x_wconf 87' lang='lat' dir='ltr'><strong>vobis</strong></span> <span class='ocrx_word' id='word_1_653' title='bbox 1089 5599 1142 5644; x_wconf 92' lang='lat' dir='ltr'><strong>et</strong></span> <span class='ocrx_word' id='word_1_654' title='bbox 1168 5605 1271 5660; x_wconf 79' lang='lat' dir='ltr'><strong>pax</strong></span> <span class='ocrx_word' id='word_1_655' title='bbox 1299 5607 1330 5645; x_wconf 91' lang='lat' dir='ltr'><strong>a</strong></span> <span class='ocrx_word' id='word_1_656' title='bbox 1352 5591 1462 5648; x_wconf 84' lang='lat' dir='ltr'><strong>Deo</strong></span> <span class='ocrx_word' id='word_1_657' title='bbox 1481 5593 1641 5650; x_wconf 89' lang='lat' dir='ltr'><strong>Patre</strong></span> <span class='ocrx_word' id='word_1_658' title='bbox 1669 5611 1769 5650; x_wconf 86' lang='lat' dir='ltr'><strong>no-</strong></span> 
     </span>
    </p>
   </div>
   <div class='ocr_carea' id='block_1_87' title="bbox 187 5677 1769 5755">
    <p class='ocr_par' dir='ltr' id='par_1_87' title="bbox 187 5677 1769 5755">
     <span class='ocr_line' id='line_1_87' title="bbox 187 5677 1769 5755; baseline 0.009 -29"><span class='ocrx_word' id='word_1_659' title='bbox 187 5697 202 5726; x_wconf 80' lang='grc' dir='ltr'><strong>ι</strong></span> <span class='ocrx_word' id='word_1_660' title='bbox 247 5687 364 5733; x_wconf 75' lang='lat' dir='ltr'><strong>stro</strong></span> <span class='ocrx_word' id='word_1_661' title='bbox 410 5686 466 5732; x_wconf 89' lang='lat' dir='ltr'><strong>et</strong></span> <span class='ocrx_word' id='word_1_662' title='bbox 506 5677 738 5733; x_wconf 90' lang='lat' dir='ltr'><strong>Domino</strong></span> <span class='ocrx_word' id='word_1_663' title='bbox 779 5677 908 5734; x_wconf 85' lang='lat' dir='ltr'><strong>Jesu</strong></span> <span class='ocrx_word' id='word_1_664' title='bbox 941 5678 1181 5735; x_wconf 87' lang='lat' dir='ltr'><strong>Christo.</strong></span> <span class='ocrx_word' id='word_1_665' title='bbox 1224 5680 1439 5738; x_wconf 84' lang='lat' dir='ltr'><strong>Gratias</strong></span> <span class='ocrx_word' id='word_1_666' title='bbox 1473 5699 1631 5755; x_wconf 73' lang='lat' dir='ltr'><strong>agerc</strong></span> <span class='ocrx_word' id='word_1_667' title='bbox 1675 5685 1769 5741; x_wconf 86' lang='lat' dir='ltr'><strong>de-</strong></span> 
     </span>
    </p>
   </div>
   <div class='ocr_carea' id='block_1_88' title="bbox 188 5769 1766 5842">
    <p class='ocr_par' dir='ltr' id='par_1_88' title="bbox 188 5769 1766 5842">
     <span class='ocr_line' id='line_1_88' title="bbox 188 5769 1766 5842; baseline 0.008 -23"><span class='ocrx_word' id='word_1_668' title='bbox 188 5787 203 5819; x_wconf 81' lang='grc' dir='ltr'><strong>ι</strong></span> <span class='ocrx_word' id='word_1_669' title='bbox 249 5772 443 5827; x_wconf 58' lang='lat' dir='ltr'><strong>iremus</strong></span> <span class='ocrx_word' id='word_1_670' title='bbox 471 5785 687 5842; x_wconf 83' lang='lat' dir='ltr'><strong>semper</strong></span> <span class='ocrx_word' id='word_1_671' title='bbox 715 5769 827 5827; x_wconf 83' lang='lat' dir='ltr'><strong>Deo</strong></span> <span class='ocrx_word' id='word_1_672' title='bbox 851 5787 949 5841; x_wconf 66' lang='lat' dir='ltr'><strong>pro</strong></span> <span class='ocrx_word' id='word_1_673' title='bbox 975 5771 1148 5840; x_wconf 77' lang='lat' dir='ltr'><strong>vobis,</strong></span> <span class='ocrx_word' id='word_1_674' title='bbox 1194 5772 1416 5842; x_wconf 75' lang='lat' dir='ltr'><strong>fratres,</strong></span> <span class='ocrx_word' id='word_1_675' title='bbox 1441 5776 1532 5830; x_wconf 78' lang='lat' dir='ltr'><strong>-ita</strong></span> <span class='ocrx_word' id='word_1_676' title='bbox 1579 5786 1639 5832; x_wconf 86' lang='lat' dir='ltr'><strong>ut</strong></span> <span class='ocrx_word' id='word_1_677' title='bbox 1679 5778 1766 5833; x_wconf 82' lang='lat' dir='ltr'><strong>di-</strong></span> 
     </span>
    </p>
   </div>
   <div class='ocr_carea' id='block_1_89' title="bbox 1885 5315 3462 5390">
    <p class='ocr_par' dir='ltr' id='par_1_89' title="bbox 1885 5315 3462 5390">
     <span class='ocr_line' id='line_1_89' title="bbox 1885 5315 3462 5390; baseline 0.003 -21"><span class='ocrx_word' id='word_1_678' title='bbox 1885 5340 1902 5369; x_wconf 76' lang='grc' dir='ltr'><strong>ι</strong></span> <span class='ocrx_word' id='word_1_679' title='bbox 1951 5336 2115 5390; x_wconf 83' lang='lat' dir='ltr'><strong>gnum</strong></span> <span class='ocrx_word' id='word_1_680' title='bbox 2151 5328 2253 5385; x_wconf 89' lang='lat' dir='ltr'><strong>est,</strong></span> <span class='ocrx_word' id='word_1_681' title='bbox 2283 5318 2543 5389; x_wconf 87' lang='lat' dir='ltr'><strong>quoniam</strong></span> <span class='ocrx_word' id='word_1_682' title='bbox 2576 5315 2938 5388; x_wconf 87' lang='lat' dir='ltr'><strong>supercrescit</strong></span> <span class='ocrx_word' id='word_1_683' title='bbox 2980 5315 3116 5373; x_wconf 85' lang='lat' dir='ltr'><strong>fides</strong></span> <span class='ocrx_word' id='word_1_684' title='bbox 3155 5325 3356 5383; x_wconf 86' lang='lat' dir='ltr'><strong>vestra,</strong></span> <span class='ocrx_word' id='word_1_685' title='bbox 3406 5327 3462 5374; x_wconf 93' lang='lat' dir='ltr'><strong>et</strong></span> 
     </span>
    </p>
   </div>
   <div class='ocr_carea' id='block_1_90' title="bbox 1875 5407 3460 5478">
    <p class='ocr_par' dir='ltr' id='par_1_90' title="bbox 1875 5407 3460 5478">
     <span class='ocr_line' id='line_1_90' title="bbox 1875 5407 3460 5478; baseline 0.001 -18"><span class='ocrx_word' id='word_1_686' title='bbox 1875 5427 1892 5458; x_wconf 78' lang='grc' dir='ltr'><strong>ι</strong></span> <span class='ocrx_word' id='word_1_687' title='bbox 1941 5407 2183 5462; x_wconf 85' lang='lat' dir='ltr'><strong>abundat</strong></span> <span class='ocrx_word' id='word_1_688' title='bbox 2205 5408 2446 5464; x_wconf 84' lang='lat' dir='ltr'><strong>Charitas</strong></span> <span class='ocrx_word' id='word_1_689' title='bbox 2477 5407 2909 5478; x_wconf 88' lang='lat' dir='ltr'><strong>uniuscujusque</strong></span> <span class='ocrx_word' id='word_1_690' title='bbox 2945 5415 3184 5463; x_wconf 89' lang='lat' dir='ltr'><strong>vestrum</strong></span> <span class='ocrx_word' id='word_1_691' title='bbox 3221 5407 3275 5460; x_wconf 93' lang='lat' dir='ltr'><strong>in</strong></span> <span class='ocrx_word' id='word_1_692' title='bbox 3320 5407 3460 5462; x_wconf 87' lang='lat' dir='ltr'><strong>invi-</strong></span> 
     </span>
    </p>
   </div>
   <div class='ocr_carea' id='block_1_91' title="bbox 1875 5497 3461 5572">
    <p class='ocr_par' dir='ltr' id='par_1_91' title="bbox 1875 5497 3461 5572">
     <span class='ocr_line' id='line_1_91' title="bbox 1875 5497 3461 5572; baseline 0.003 -23"><span class='ocrx_word' id='word_1_693' title='bbox 1875 5519 1891 5549; x_wconf 73' lang='grc' dir='ltr'><strong>ε</strong></span> <span class='ocrx_word' id='word_1_694' title='bbox 1940 5515 2081 5566; x_wconf 91' lang='lat' dir='ltr'><strong>cem,</strong></span> <span class='ocrx_word' id='word_1_695' title='bbox 2098 5499 2168 5554; x_wconf 91' lang='lat' dir='ltr'><strong>ita</strong></span> <span class='ocrx_word' id='word_1_696' title='bbox 2192 5509 2252 5555; x_wconf 89' lang='lat' dir='ltr'><strong>ut</strong></span> <span class='ocrx_word' id='word_1_697' title='bbox 2273 5509 2326 5556; x_wconf 90' lang='lat' dir='ltr'><strong>ct</strong></span> <span class='ocrx_word' id='word_1_698' title='bbox 2350 5517 2450 5556; x_wconf 92' lang='lat' dir='ltr'><strong>nos</strong></span> <span class='ocrx_word' id='word_1_699' title='bbox 2479 5501 2582 5572; x_wconf 91' lang='lat' dir='ltr'><strong>ipsi</strong></span> <span class='ocrx_word' id='word_1_700' title='bbox 2609 5501 2662 5554; x_wconf 91' lang='lat' dir='ltr'><strong>in</strong></span> <span class='ocrx_word' id='word_1_701' title='bbox 2694 5499 2850 5554; x_wconf 90' lang='lat' dir='ltr'><strong>vobis</strong></span> <span class='ocrx_word' id='word_1_702' title='bbox 2873 5498 3168 5570; x_wconf 89' lang='lat' dir='ltr'><strong>gloriemur</strong></span> <span class='ocrx_word' id='word_1_703' title='bbox 3193 5499 3245 5552; x_wconf 91' lang='lat' dir='ltr'><strong>in</strong></span> <span class='ocrx_word' id='word_1_704' title='bbox 3268 5497 3461 5554; x_wconf 81' lang='lat' dir='ltr'><strong>Eccle-</strong></span> 
     </span>
    </p>
   </div>
   <div class='ocr_carea' id='block_1_92' title="bbox 1875 5588 3459 5662">
    <p class='ocr_par' dir='ltr' id='par_1_92' title="bbox 1875 5588 3459 5662">
     <span class='ocr_line' id='line_1_92' title="bbox 1875 5588 3459 5662; baseline 0 -18"><span class='ocrx_word' id='word_1_705' title='bbox 1875 5612 1892 5644; x_wconf 77' lang='grc' dir='ltr'><strong>ι</strong></span> <span class='ocrx_word' id='word_1_706' title='bbox 1941 5591 2038 5648; x_wconf 89' lang='lat' dir='ltr'><strong>siis</strong></span> <span class='ocrx_word' id='word_1_707' title='bbox 2062 5591 2155 5648; x_wconf 90' lang='lat' dir='ltr'><strong>Dei</strong></span> <span class='ocrx_word' id='word_1_708' title='bbox 2187 5609 2287 5662; x_wconf 91' lang='lat' dir='ltr'><strong>pro</strong></span> <span class='ocrx_word' id='word_1_709' title='bbox 2316 5593 2573 5662; x_wconf 89' lang='lat' dir='ltr'><strong>patientia</strong></span> <span class='ocrx_word' id='word_1_710' title='bbox 2599 5601 2781 5647; x_wconf 83' lang='lat' dir='ltr'><strong>vestra</strong></span> <span class='ocrx_word' id='word_1_711' title='bbox 2804 5599 2858 5646; x_wconf 92' lang='lat' dir='ltr'><strong>et</strong></span> <span class='ocrx_word' id='word_1_712' title='bbox 2883 5591 3007 5654; x_wconf 79' lang='lat' dir='ltr'><strong>fide,</strong></span> <span class='ocrx_word' id='word_1_713' title='bbox 3040 5599 3095 5646; x_wconf 92' lang='lat' dir='ltr'><strong>et</strong></span> <span class='ocrx_word' id='word_1_714' title='bbox 3121 5590 3175 5644; x_wconf 90' lang='lat' dir='ltr'><strong>in</strong></span> <span class='ocrx_word' id='word_1_715' title='bbox 3201 5588 3459 5644; x_wconf 88' lang='lat' dir='ltr'><strong>omnibus</strong></span> 
     </span>
    </p>
   </div>
   <div class='ocr_carea' id='block_1_93' title="bbox 1877 5681 3458 5754">
    <p class='ocr_par' dir='ltr' id='par_1_93' title="bbox 1877 5681 3458 5754">
     <span class='ocr_line' id='line_1_93' title="bbox 1877 5681 3458 5754; baseline 0 -18"><span class='ocrx_word' id='word_1_716' title='bbox 1877 5705 1894 5736; x_wconf 73' lang='grc' dir='ltr'><strong>ι</strong></span> <span class='ocrx_word' id='word_1_717' title='bbox 1939 5684 2416 5754; x_wconf 86' lang='lat' dir='ltr'><strong>persecutionibus</strong></span> <span class='ocrx_word' id='word_1_718' title='bbox 2459 5683 2660 5739; x_wconf 86' lang='lat' dir='ltr'><strong>vestris</strong></span> <span class='ocrx_word' id='word_1_719' title='bbox 2704 5692 2758 5738; x_wconf 93' lang='lat' dir='ltr'><strong>et</strong></span> <span class='ocrx_word' id='word_1_720' title='bbox 2797 5681 3272 5743; x_wconf 85' lang='lat' dir='ltr'><strong>tribulationibus.</strong></span> <span class='ocrx_word' id='word_1_721' title='bbox 3318 5696 3458 5751; x_wconf 79' lang='lat' dir='ltr'><strong>quas</strong></span> 
     </span>
    </p>
   </div>
   <div class='ocr_carea' id='block_1_94' title="bbox 1876 5775 3454 5849">
    <p class='ocr_par' dir='ltr' id='par_1_94' title="bbox 1876 5775 3454 5849">
     <span class='ocr_line' id='line_1_94' title="bbox 1876 5775 3454 5849; baseline 0.001 -18"><span class='ocrx_word' id='word_1_722' title='bbox 1876 5797 1894 5830; x_wconf 72' lang='grc' dir='ltr'><strong>ι</strong></span> <span class='ocrx_word' id='word_1_723' title='bbox 1941 5778 2225 5834; x_wconf 82' lang='lat' dir='ltr'><strong>sustinetis</strong></span> <span class='ocrx_word' id='word_1_724' title='bbox 2253 5779 2307 5834; x_wconf 87' lang='lat' dir='ltr'><strong>in</strong></span> <span class='ocrx_word' id='word_1_725' title='bbox 2336 5778 2644 5848; x_wconf 75' lang='lat' dir='ltr'><strong>exemplum</strong></span> <span class='ocrx_word' id='word_1_726' title='bbox 2671 5777 2802 5849; x_wconf 88' lang='lat' dir='ltr'><strong>justi</strong></span> <span class='ocrx_word' id='word_1_727' title='bbox 2828 5775 3020 5847; x_wconf 89' lang='lat' dir='ltr'><strong>judicii</strong></span> <span class='ocrx_word' id='word_1_728' title='bbox 3048 5775 3164 5843; x_wconf 90' lang='lat' dir='ltr'><strong>Dei,</strong></span> <span class='ocrx_word' id='word_1_729' title='bbox 3201 5784 3260 5832; x_wconf 84' lang='lat' dir='ltr'><strong>ut</strong></span> <span class='ocrx_word' id='word_1_730' title='bbox 3305 5775 3454 5849; x_wconf 71' lang='lat' dir='ltr'><strong>digni</strong></span> 
     </span>
    </p>
   </div>
  </div>
