3988 6402
561 303 668 384 us

1100 245 1550 372 S._BliUL\‘O.;iIS
1580 249 2230 353 CARTIIUSIANOBUM
2271 293 2760 351 INSTITUTORIS
2797 291 2952 350 OPP.
2992 291 3175 348 PARS
3207 293 3231 349 1

3710 293 3801 349 416

563 433 586 467 ε
631 411 941 488 habeamini
972 413 1029 468 in
1054 428 1224 503 regno
1253 411 1370 478 Dei,
1401 427 1500 484 pro
1522 426 1633 482 quo
1677 418 1732 466 et
1773 399 2045 503 paiimini,
2092 407 2138 464 si
2166 407 2214 466 Δ
2240 408 2389 463 mini.
2429 407 2582 476 Quod
2616 409 2882 483 judicium
2926 406 3022 464 Dei
3057 407 3264 466 iustum
3309 409 3402 474 sit,
3443 419 3556 476 quo
3591 405 3719 475 justi
3744 409 3808 465 ad

565 524 586 560 ‹
631 513 814 562 tamen
829 505 1040 576 justum
1063 497 1146 562 est
1174 505 1315 577 apud
1343 503 1514 560 Deum
1536 503 1836 560 retribuere
1855 495 2018 576 302
2041 502 2140 558 ιε’-

565 617 587 651 ι
629 597 965 652 bulationem
993 594 1455 672 [retributionem]
1482 596 1588 662 his,
1615 596 1708 667 qui
1729 609 1830 652 vos
1855 595 2138 672 tribulant,

563 705 590 744 ι
627 699 682 744 et
702 689 859 744 vobis
887 689 981 760 qui
1017 671 1350 744 tribulamini
1375 687 1618 759 requiem
1653 671 1946 744 nobiscum.
1969 687 2025 743 in
2048 702 2140 744 re-

569 799 589 832 i
637 779 906 834 relatione
923 773 1140 834 Domini
1164 777 1294 832 Jesu
1319 777 1386 832 de
1410 777 1548 833 caelo
1579 793 1706 832 eum
1735 775 1942 848 angelis
1969 768 2142 832 virtu-'-

569 890 592 924 ε
633 871 706 927 tis
737 872 877 942 ejus,
909 871 967 924 in
995 870 1213 924 ﬂamma
1243 869 1386 940 ignis
1409 869 1590 924 dantis
1609 868 1903 946 vindictam
1933 867 2024 939 iis,
2046 867 2142 940 qui

573 985 592 1016 ι
637 979 748 1019 non
788 972 1052 1018 noverunt
1095 961 1286 1028 Deum,
1332 969 1388 1016 et
1418 961 1513 1032 qui
1541 977 1650 1016 non
1677 961 1936 1017 obediunt
1965 960 2145 1016 Evan-

573 1075 592 1108 ι
635 1055 773 1127 gelio
799 1053 1008 1110 Domini
1042 1054 1214 1108 nostri
1245 1051 1375 1108 Jesu
1406 1051 1632 1108 Christi.
1669 1051 1776 1120 Qui
1811 1067 2002 1123 poenas
2041 1053 2142 1108 da-

574 1167 594 1200 ι
638 1143 772 1202 bunt
802 1147 854 1200 in
881 1145 1101 1200 interitu
1139 1138 1372 1201 aeternas
1407 1159 1438 1199 a
1471 1144 1611 1200 facie
1631 1143 1866 1212 Domini,
1891 1152 1946 1200 et
1970 1159 2002 1199 a
2030 1145 2146 1216 gloo

573 1253 594 1288 ι
635 1236 714 1290 ria
746 1233 965 1289 virtutis
991 1235 1132 1305 ejus,
1167 1250 1293 1290 cum
1315 1234 1523 1290 venerit
1545 1234 1835 1306 gloriﬂcari
1865 1236 1919 1290 in
1942 1235 2146 1291 sanctis

574 1345 592 1376 ι
635 1325 770 1392 suis,
802 1329 857 1380 et
883 1324 1222 1380 admirabilis
1259 1325 1376 1379 ﬂeri
1403 1325 1457 1380 in
1485 1321 1741 1382 omnibus
1769 1327 1864 1398 qui
1905 1326 2149 1382 credide-

572 1433 592 1467 ι
636 1423 784 1477 runt,
813 1414 941 1485 quia
963 1414 1234 1470 creditum
1263 1422 1348 1470 est
1375 1415 1752 1471 testimonium
1784 1424 2034 1471 nostrum
2055 1433 2150 1472 su-

574 1525 592 1558 ‹
637 1521 735 1576 per
757 1521 856 1560 vos
886 1507 940 1560 in
976 1505 1065 1561 die
1093 1506 1204 1560 illo.
1242 1505 1300 1560 in
1349 1521 1460 1578 quo
1487 1507 1652 1562 etiam
1682 1523 1905 1564 oramus
1937 1523 2152 1579 semper

576 1617 596 1650 ι
641 1613 739 1669 pro
759 1598 937 1678 vobis,
958 1608 1020 1654 ut
1046 1598 1302 1670 dignetur
1328 1613 1428 1654 vos
1450 1599 1736 1655 vocatione
1758 1613 1860 1654 sua
1886 1599 2030 1654 Deus
2049 1613 2153 1654 no-

577 1709 596 1742 ‹
639 1699 772 1757 ster,
803 1699 858 1746 ct
895 1689 1118 1761 impleat
1143 1706 1362 1747 omnem
1393 1692 1728 1748 voluntatem
1755 1691 2013 1748 bonitatis
2039 1691 2154 1749 sua:

2239 499 3056 572 puriﬁcationem-afﬂiguntur,
3096 495 3252 569 impii
3292 494 3362 551 ad
3390 499 3806 552 consummatio-

2239 610 2362 651 nem
2387 587 2687 667 iniquitatis
2708 595 2800 651 hic
2817 598 3231 666 prosperantur,
3254 591 3447 662 probat
3465 605 3564 660 per
3577 587 3808 652 aﬂectus,

2239 697 2294 745 et
2321 687 2483 744 ﬁnem
2515 689 2802 759 utriusque
2821 687 2958 758 justi
2991 695 3047 742 et
3083 684 3262 754 impii.
3317 671 3460 739 Ideo.
3491 679 3802 752 per-ﬁnem;

2240 780 2368 852 quia
2397 795 2495 851 per
2517 781 2622 836 ista
2644 795 2766 852 qua;
2793 779 3048 834 videntur
3081 792 3190 832 non
3215 782 3403 846 posset
3434 775 3572 830 dare
3599 772 3809 828 idoneas

2241 887 2438 928 causas
2467 887 2637 944 quare
2659 871 2843 942 justus
2869 869 3218 940 aﬂligeretnr,
3241 865 3446 937 impius
3472 877 3804 935 prosperam

2243 972 2374 1032 tur;
2434 964 2589 1034 juxta
2657 963 2790 1018 iliud
2831 961 2978 1032 quod
3031 959 3109 1014 ait
3158 957 3329 1013 David
3381 956 3437 1010 in
3491 969 3563 1010 eo
3621 954 3806 1023 psalmo

2246 1054 2420 1122 Quam
2455 1055 2618 1110 bonus
2657 1054 2832 1128 (Psal.
2871 1069 3042 1120 Lxxu,
3084 1051 3172 1124 16)
3221 1069 3250 1107 2.
3274 1048 3602 1106 Existimavi
3645 1057 3701 1102 ut
3731 1064 3806 1103 eo-

2246 1159 2587 1218 gnoscerem,
2624 1160 2796 1216 quare
2826 1145 2918 1200 hic
2953 1157 3116 1214 poena
3153 1143 3326 1214 justo,
3357 1142 3696 1213 prosperitas
3725 1140 3809 1195 tri-

2245 1238 2450 1294 buatur
2470 1236 2668 1308 impio;
2694 1237 2790 1294 sed
2807 1235 3284 1322 hocgcognoseere
3315 1233 3474 1289 labor
3505 1241 3624 1300 est,
3649 1231 3700 1286 id
3719 1239 3807 1296 est,

2235 1330 2297 1385 "si
2333 1329 2554 1385 attendo
2585 1336 2798 1384 tantum
2843 1343 2909 1385 ea
2959 1342 3085 1399 quae
3129 1333 3262 1382 sunt
3309 1334 3436 1380 ante
3485 1339 3599 1390 me,
3649 1324 3700 1378 id
3741 1332 3806 1377 est

2247 1421 2560 1492 praesentia,
2605 1419 2877 1492 judicium
2931 1419 3026 1475 Dei
3065 1417 3278 1490 justum
3321 1425 3428 1484 est,
3463 1431 3580 1488 quo
3600 1414 3727 1486 justi
3755 1415 3807 1469 ad

2252 1512 2651 1584 puritlcandum
2685 1512 2741 1567 in
2773 1510 3026 1582 praesenti
3047 1509 3381 1581 aﬂliguntur,
3427 1506 3584 1579 impii
3627 1507 3691 1562 ad
3731 1522 3808 1560 au-

2253 1613 2534 1676 gmentum
2557 1603 2853 1677 impietatis
2874 1609 3288 1674 prosperantur.

2325 1691 2440 1750 [iac
2463 1703 2644 1750 tamen
2669 1693 2984 1752 conditione
3011 1693 3224 1764 justum
3257 1706 3383 1748 esse
3403 1691 3550 1757 dico,
3573 1691 3620 1745 si
3632 1691 3809 1761 justam

579 1801 597 1832 ι
643 1781 770 1854 [ηοη
813 1781 935 1836 hab.
963 1781 1120 1856 suae],
1139 1783 1203 1854 {et
1223 1799 1360 1855 opus
1384 1781 1507 1838 ﬂdei
1531 1783 1586 1838 in
1611 1783 1830 1850 virtute,
1857 1793 1916 1838 ut
1950 1781 2150 1840 clariti-
2183 1784 2226 1839 Β
2248 1795 2327 1841 est
2353 1785 2496 1850 apud
2526 1782 2715 1840 Deum.
2756 1782 2916 1856 Apud
2940 1783 3377 1840 homineseuim
3407 1783 3508 1854 qui
3539 1781 3812 1838 secundum

581 1897 599 1928 ε
641 1886 796 1932 eetur
827 1892 1024 1933 nomen
1051 1877 1265 1934 Domini
1293 1879 1467 1934 nostri
1487 1877 1625 1956 .Jesu
1652 1877 1856 1934 Christi
1883 1879 1937 1933 in
1972 1879 2150 1946 vobis,

581 1985 598 2019 ι
644 1975 698 2022 et
734 1982 832 2022 vos
847 1967 910 2022 in
943 1967 1058 2034 illo,
1101 1968 1402 2024 secundum
1449 1967 1682 2040 gratiam
1727 1967 1822 2025 Dei
1871 1969 2042 2024 nostri
2098 1979 2154 2026 et

579 2076 597 2107 σ
641 2055 858 2114 Domini
881 2055 1011 2114 Jesu
1040 2057 1264 2114 Christi.
1315 2079 1333 2110 ι

1208 2166 1512 2214 EXPOSITIO.

642 2244 870 2312 Paulus,
896 2255 944 2300 et
969 2243 1240 2314 Silvanus,
1273 2254 1324 2300 et
1357 2245 1662 2301 Timotheus
1691 2245 1940 2302 scribunt
1979 2245 2156 2304 Eccle-

572 2337 666 2390 sia:
701 2335 1246 2391 Thessalonicensium
1271 2335 1526 2394 existenti
1557 2337 1614 2391 in
1641 2336 1752 2392 Deo
1787 2336 1948 2392 Patre
1977 2347 2157 2393 nostro

575 2437 622 2498 et
649 2427 874 2481 Domino
904 2426 1034 2503 Iesu
1059 2427 1292 2484 Christo.
1333 2426 1486 2496 Sicut
1527 2428 1782 2503 totumjn
1810 2429 1982 2498 priori
2008 2429 2158 2500 ,Epi-
2204 2492 2208 2497 ,

575 2519 714 2574 stola
736 2521 1110 2590 exposuimus,
1131 2521 1189 2576 in
1216 2505 1409 2592 primis
1440 2521 1713 2576 collaudat
1735 2537 1830 2578 eos
1853 2521 1921 2578 de
1947 2523 2161 2593 passio-

577 2610 739 2666 nibus
765 2612 900 2678 suis,
930 2613 1287 2684 supponendo
1313 2613 1540 2684 gloriam
1571 2629 1763 2669 eorum
1809 2615 1903 2686 qui
1945 2615 2162 2686 patiun-

577 2710 687 2769 tur,
731 2712 785 2758 et
824 2719 1041 2774 pinnam
1065 2720 1268 2762 eorum
1317 2706 1412 2776 qui
1444 2706 1727 2777 passiones
1780 2707 2040 2775 inferunt,
2081 2707 2163 2763 sic

577 2810 674 2851 eos
705 2797 968 2852 armando
1003 2797 1069 2852 ad
1105 2798 1444 2868 patientiam,
1489 2798 1718 2855 dicens:
1759 2799 1976 2856 Gratias
2010 2817 2162 2872 agere

578 2885 824 2940 debemus
862 2884 992 2955 Deo,
1039 2887 1098 2942 id
1131 2895 1216 2944 est
1240 2903 1347 2943 non
1372 2889 1548 2945 solum
1572 2891 1775 2960 gratias
1803 2891 2038 2962 agimus,
2067 2891 2164 2946 sed

579 2992 781 3046 semper
828 2977 1102 3034 debitores
1146 2979 1444 3058 gratiarum
1479 2996 1672 3036 sumus
1715 2980 1828 3037 Deo
1864 2998 1960 3052 pro
1997 2981 2161 3049 vobis,

579 3064 710 3134 quia
756 3065 948 3136 fratres
990 3067 1143 3124 estis.
1201 3067 1376 3140 Agere
1405 3069 1550 3138 dico,
1589 3071 1666 3124 ita
1704 3079 1762 3124 ut
1801 3071 2021 3142 dignum
2048 3080 2164 3126 est:

579 3155 708 3225 quia
741 3173 937 3230 magna
963 3167 1091 3214 sunt
1117 3157 1258 3217 dona
1290 3159 1404 3228 Dei,
1430 3171 1485 3218 et
1509 3163 1701 3231 multa,
1726 3172 1940 3234 oportet
1969 3173 2022 3220 et
2047 3180 2166 3220 ma-

583 3261 717 3315 gnas
755 3255 809 3302 et
841 3248 1168 3319 multiplices
1193 3265 1368 3322 'agere
1396 3252 1620 3323 gratias,
1663 3252 1785 3310 ideo
1811 3255 2073 3325 quoniam
2099 3255 2167 3325 ﬁ-

528 3394 532 3399 .
584 3339 673 3391 des
715 3349 883 3394 vestra
931 3344 1290 3410 supercreuit.
1340 3341 1437 3399 Vel
1481 3361 1647 3415 super
1681 3346 1788 3402 hoc
1829 3347 1976 3418 quod
2013 3347 2168 3418 prius

587 3438 703 3483 erat
731 3433 1012 3501 majorata.
1054 3433 1151 3489 Vel
1185 3451 1349 3506 super
1376 3436 1754 3494 tribulationes
1787 3440 2002 3508 crescit,
2030 3456 2169 3510 quas

587 3538 779 3576 omnes
805 3522 1044 3592 superat,
1071 3536 1120 3580 et
1150 3527 1271 3581 ideo
1293 3543 1451 3597 agere
1472 3529 1697 3598 gratias,
1722 3531 1981 3600 quoniam
2008 3533 2172 3586 abun-

590 3613 732 3665 darit
766 3613 1022 3679 tinnitus,
1052 3615 1103 3670 id
1128 3627 1213 3670 est
1240 3616 1458 3672 dilectio
1489 3619 1898 3690 uniuscujusque
1939 3633 2168 3676 vestrum

587 3704 640 3756 i-i
665 3704 903 3758 invimn.
947 3705 1056 3762 Hoc
1094 3715 1306 3763 tantum
1337 3709 1404 3764 ad
1440 3708 1710 3779 perfectos
1737 3720 1983 3781 spectare
2009 3713 2170 3768 intel-

589 3799 863 3866 ngcz:“:!tn
892 3808 992 3855 cst.
1035 3799 1110 3856 Ita
1149 3803 1516 3872 supercrescit
1546 3802 1699 3882 ﬂdes,
1727 3805 1968 3862 abundat
1991 3809 2174 3863 chari-

591 3900 669 3940 m
696 3902 747 3940 ιεε
772 3891 926 3943 ﬂium
957 3885 1175 3963 uos'ipsi
1201 3894 1294 3964 qui
1320 3910 1427 3949 non
1451 3895 1814 3974 gloriaremur
1835 3898 1902 3954 de
1923 3915 2090 3968 parva
2114 3917 2173 3956 re

592 3997 643 4031 τηε
693 3980 937 4036 ῖι.·ρ¹›·δὶἰε
970 3983 1088 4048 Dei,
1113 3983 1400 4054 gloriemur
1425 3986 1480 4040 in
1511 3986 1674 4054 vobis,
1713 3989 1764 4043 id
1799 3999 1882 4044 est
1911 3995 1964 4044 in
1989 3998 2170 4047 osten-

782 4073 1131 4141 λιτ-νΐιιιςιίοιιίδ
1160 4084 1372 4132 vestrae.
1411 4075 1629 4132 Glorior
1657 4080 1799 4151 apud
1827 4081 1964 4136 alias
1987 4081 2176 4138 Eccle—

626 4187 702 4214 ..ιη
859 4186 902 4234 gn
935 4169 1117 4220 ‘i.‘m‘iu
1157 4179 1348 4235 vestra,
1385 4185 1491 4239 qua
1531 4185 1631 4239 pro
1665 4169 1884 4226 Christo
1928 4173 2176 4242 patimini

594 4275 658 4308 τῖε.
761 4275 794 4310 ι.
829 4271 868 4299 ρι
905 4277 934 4321 μ
957 4276 998 4310 ἐ)
1029 4260 1125 4312 ffde
1154 4268 1331 4314 vestra
1366 4261 1420 4315 in
1453 4261 1780 4332 integritate,
1813 4273 2022 4320 servata
2071 4265 2175 4321 ﬁde

2192 3119 2238 3181 C

2251 1877 2432 1934 visum
2455 1876 2723 1948 iudicant,
2751 1883 2973 1932 sanctos
2993 1875 3178 1947 aﬂligi,
3215 1875 3392 1930 malos
3420 1873 3730 1946 prosperari
3749 1873 3814 1926 in-

2247 1969 2460 2041 justum
2487 1977 2592 2025 est.
2637 1967 2718 2036 Si,
2758 1969 3004 2040 inquam,
3028 1966 3236 2038 justum
3275 1975 3364 2022 est.
3381 1966 3525 2036 apud
3555 1964 3725 2020 Deum
3753 1980 3814 2018 re

2257 2061 2485 2116 tribuere
2517 2061 2574 2116 in
2605 2060 2792 2116 futuro
2823 2057 3242 2125 tribulationem,
3275 2058 3367 2130 qui
3406 2071 3495 2112 vos
3535 2055 3701 2112 modo
3740 2055 3814 2108 tri-

2256 2152 2462 2220 bulam,
2515 2163 2564 2208 et
2613 2151 2756 2208 vobis
2803 2151 2895 2222 qui
2951 2150 3114 2206 modo
3172 2149 3510 2205 tribulamiui
3559 2148 3618 2202 in
3663 2147 3816 2202 futuro

2257 2247 2558 2304 retribuere
2619 2248 2880 2318 requiem,
2936 2252 3067 2300 tunc
3115 2250 3200 2300 est
3247 2234 3464 2314 justum
3516 2257 3619 2298 vos
3665 2241 3816 2312 justas

2258 2341 2350 2398 hic
2403 2356 2502 2412 per
2543 2338 2926 2398 tribulationes
2954 2336 3288 2409 'puriﬂcari,
3339 2346 3401 2391 et
3459 2335 3661 2406 impios
3705 2349 3812 2390 cou-

2259 2433 2508 2491 cessione
2532 2431 2910 2504 prosperitatis
2933 2429 3000 2485 ad
3022 2427 3265 2484 futuram
3288 2425 3692 2498 tribulationem
3712 2439 3804 2494 pra:

2259 2525 2486 2597 parari:
2531 2521 2688 2578 Vobis
2732 2522 2922 2594 utique
2957 2521 3260 2577 retribuere
3301 2517 3533 2589 requiem
3579 2515 3815 2570 nobiscum

2259 2617 2420 2690 303
2456 2615 2785 2683 habendam,
2817 2615 2873 2668 in
2903 2609 3093 2668 eadem
3120 2611 3267 2666 enim
3293 2609 3464 2682 gloria
3483 2607 3638 2664 eritis
3659 2608 3708 2662 in
3729 2620 3818 2676 qua

2260 2718 2317 2766 et
2355 2725 2459 2766 nos
2504 2707 2758 2780 apostoli.
2808 2703 2968 2761 Nunc
3016 2702 3345 2760 determinat
3397 2701 3626 2756 modum
3663 2697 3819 2769 gloria

2258 2801 2556 2872 iustorum,
2577 2807 2632 2854 et
2651 2795 3032 2854 damnationes
3059 2793 3378 2865 impiorum,
3420 2798 3483 2845 ut
3507 2790 3684 2860 justos
3707 2786 3818 2841 ireti-

2264 2893 2408 2959 ﬂcet,
2433 2891 2632 2962 impios
2663 2891 2952 2956 deterreat,
2974 2885 3164 2942 dicens
3190 2905 3204 2940 :
3227 2883 3514 2939 Retribuet
3544 2881 3717 2951 impiis
3739 2881 3820 2933 tri-

2265 2985 2626 3052 bulationem,
2657 2983 2819 3040 nobis
2849 2980 3100 3052 requiem
3126 3021 3142 3046 ,
3190 2979 3245 3033 in
3285 2976 3607 3032 reuelatione
3637 2973 3822 3028 Domini

2265 3079 2416 3148 Jesu,
2439 3079 2500 3134 id
2521 3087 2603 3134 est
2628 3076 2848 3148 quando
2869 3073 3138 3129 Dominus
3162 3069 3343 3137 Iesus,
3366 3067 3463 3140 qui
3487 3081 3638 3123 nunc
3657 3065 3824 3121 inlide—

2266 3173 2411 3230 libus
2438 3171 2687 3228 oecultus
2715 3178 2819 3236 est,
2863 3166 3121 3223 omnibus
3155 3164 3212 3220 in
3253 3162 3462 3234 judicio
3504 3159 3822 3216 revelabitur.

2266 3265 2396 3321 Iesu
2425 3265 2572 3333 dico,
2599 3261 2816 3319 venturi
2846 3261 2914 3316 ad
2943 3257 3212 3331 judicium
3255 3256 3320 3311 de
3347 3253 3499 3310 creto.
3548 3252 3653 3308 Ubi
3678 3253 3742 3307 ait
3771 3251 3824 3303 de

2268 3357 2420 3423 cazlo,
2457 3353 2755 3428 potentiam
2795 3349 3068 3406 venientis
3102 3347 3325 3404 indicat.
3371 3344 3608 3402 Venturi
3643 3343 3828 3400 dicode

2269 3447 2398 3503 cazlo
2439 3461 2558 3500 cum
2599 3443 2799 3515 angelis
2845 3441 3060 3496 virtutis
3093 3439 3228 3509 ejus.
3265 3437 3326 3492 in
3361 3436 3455 3492 illo
3485 3435 3718 3492 adventu
3741 3449 3825 3488 an-

2269 3539 2374 3611 geli
2399 3519 2610 3593 virtutis
2639 3551 2762 3591 esse
2798 3535 3086 3597 dicuntur,
3129 3530 3258 3602 quia
3283 3537 3416 3584 tunc
3449 3528 3638 3583 omnia
3663 3533 3828 3596 pim-

2270 3629 2492 3695 tialiter,
2520 3635 2576 3682 et
2609 3627 2782 3682 bonos
2817 3625 2876 3678 in
2900 3621 3167 3692 requiem,
3195 3628 3252 3674 et
3275 3619 3451 3674 malos
3493 3617 3764 3688 porrigent
3781 3614 3828 3667 in

2272 3724 2480 3795 ignem;
2513 3721 2608 3777 sed
2637 3719 2690 3786 in
2715 3717 2969 3790 praesenti
2993 3712 3324 3786 quandoque
3343 3727 3440 3766 eos
3465 3709 3634 3766 etiam
3660 3708 3830 3779 quibus

2271 3819 2516 3882 praesunt
2537 3809 2606 3864 ab
2634 3806 2816 3878 impiis
2845 3805 3126 3876 patiuntur
3153 3800 3339 3872 aﬂiigi,
3379 3808 3514 3855 tunc
3537 3806 3718 3854 autem
3739 3811 3826 3851 non

2276 3903 2376 3958 sic.
2400 3901 2458 3957 in
2481 3902 2570 3957 his
2597 3899 2784 3956 verbis
2803 3913 2958 3968 reque
2982 3904 3036 3951 et
3054 3893 3295 3950 laetiﬁcat
3308 3893 3512 3964 justos,
3539 3891 3830 3962 quibusve—

2275 3996 2389 4052 niet
2417 3994 2487 4050 ad
2515 3993 2768 4058 salutem,
2801 3999 2855 4046 et
2877 3989 3112 4044 deterret
3139 3985 3337 4052 malos,
3361 3984 3568 4056 quibus
3587 3983 3757 4038 veniet
3777 3978 3829 4034 ad

2274 4101 2514 4160 poenam.
2547 4083 2709 4139 Modo
2737 4081 2924 4138 subdit
2945 4094 3068 4150 qua:
3096 4085 3308 4133 tantum
3332 4083 3462 4132 sunt
3489 4075 3558 4130 ad
3582 4075 3831 4129 deterrea-

2275 4177 2405 4233 dum
2440 4173 2638 4240 malos,
2661 4170 2849 4228 dicens
2875 4190 2888 4226 :
2919 4167 3105 4224 Veniet
3137 4165 3299 4222 Jesus
3326 4165 3394 4220 de
3414 4165 3629 4220 caaloin
3643 4165 3828 4234 ﬂauum

2275 4268 2435 4338 ignis,
2467 4266 2522 4320 id
2563 4273 2648 4320 est
2684 4263 2740 4317 in
2789 4262 2962 4332 ignita
2994 4259 3234 4314 ﬂamma.
3285 4256 3381 4312 Illa
3413 4255 3636 4312 ﬂamma
3671 4251 3831 4326 praci-

674 4368 682 4380 ·
711 4350 946 4423 ,αέινηξὶομ
993 4353 1118 4404 Dico
1151 4352 1332 4406 habita
1367 4354 1422 4406 in
1452 4355 1692 4408 omnibus
1727 4359 2174 4425 persecutionibus
2276 4375 2382 4431 puc
2405 4357 2550 4429 ignis
2571 4371 2692 4412 esse
2731 4354 2950 4418 dicitur,
2996 4350 3124 4422 quia
3151 4349 3369 4404 ﬂamma
3398 4349 3692 4418 praesentis
3721 4342 3835 4415 ignis

627 4473 632 4482 ι
687 4454 696 4474 ι
736 4445 801 4501 ιι..
840 4442 1064 4510 quando
1089 4443 1155 4497 de
1194 4443 1312 4498 loco
1349 4445 1416 4499 ad
1462 4445 1640 4501 locum
1692 4447 1978 4520 fugamini,
2022 4461 2071 4504 et
2119 4451 2176 4505 in
2209 4471 2253 4524 ι)
2279 4456 2720 4520 contemperatur
2744 4445 3072 4501 admistione
3104 4457 3280 4513 aquae,
3312 4447 3368 4495 et
3394 4448 3718 4496 caeterorum
3741 4437 3831 4491 elc-

596 4531 1046 4601 trz‘lvuluzionibus,
1079 4537 1298 4623 quando
1319 4537 1635 4594 verberibus
1661 4550 1716 4594 et
1741 4540 2048 4610 upprobriis
2074 4543 2174 4598 tri-
2279 4541 2721 4609 mentorum,sed
2744 4537 2928 4594 futura
2947 4535 3167 4592 ﬂamma
3188 4535 3326 4590 adeo
3347 4543 3563 4588 terrens
3589 4543 3648 4587 et
3677 4542 3832 4600 aspera

595 4626 880 4711 l'nlamini,
931 4645 1064 4699 quas
1112 4631 1516 4698 persecutiones
1567 4641 1620 4686 et
1657 4632 2036 4691 tribulationes
2078 4651 2176 4692 vos
2279 4637 2386 4692 erit
2415 4634 2560 4705 quod
2594 4628 3067 4688 nulliuselementi
3095 4625 3424 4682 admistione
3441 4623 3831 4680 videbitureon-

593 4721 864 4774 sustinetis
899 4721 954 4774 iu
1001 4722 1294 4792 exenzplum
1329 4723 1464 4793 justi
1493 4724 1692 4793 judicii
1736 4724 1856 4792 Dei,
1891 4727 1946 4782 id
1986 4737 2071 4784 est
2110 4745 2178 4784 ex
2283 4725 2595 4798 temperari.
2632 4724 2698 4778 In
2737 4724 2957 4794 ﬂamma
2988 4720 3126 4791 ignis
3154 4717 3411 4773 Christus
3432 4716 3642 4773 dicitur
3665 4713 3834 4771 venire.

591 4813 740 4880 justo
762 4813 971 4882 judicio
997 4806 1360 4870 Deifiustum
1393 4816 1537 4870 enim
1567 4825 1650 4872 est
1667 4826 1887 4874 sanctos
1908 4819 2176 4886 tribulari,
2285 4836 2394 4874 non
2418 4819 2566 4889 quod
2588 4817 2806 4872 ﬂamma
2847 4814 2994 4870 circa
3018 4827 3144 4868 eum
3182 4813 3274 4876 sit,
3312 4811 3408 4865 sed
3450 4810 3585 4880 quia
3608 4824 3676 4864 eo
3701 4805 3830 4862 adve-

599 4912 657 4956 ut.
683 4906 1067 4974 p-u-ilicentnr;
1094 4909 1290 4979 impios
1313 4917 1634 4979 potestatem
1673 4910 1872 4966 habere
1898 4911 1951 4965 in
1975 4911 2178 4982 justos,
2287 4913 2470 4968 niente
2492 4916 2788 4982 consurget
2817 4907 2931 4972 illa,
2961 4905 3106 4961 sicut
3131 4902 3362 4976 quilibet
3391 4901 3656 4972 princeps
3674 4897 3833 4954 dicitur

603 5009 658 5052 ut
693 5000 940 5067 impietas
973 5017 1164 5056 corum
1203 5012 1635 5058 consummetur.
1677 5002 1744 5058 Et
1791 5003 1865 5058 ita
1901 5005 2186 5060 sustinetis
2281 5004 2468 5060 venire
2496 5003 2550 5057 in
2583 5002 2706 5073 igne
2747 5008 2802 5055 et
2841 4998 3139 5063 occisione,
3185 4996 3316 5066 quia
3356 5009 3424 5049 eo
3465 4993 3770 5048 adveniente
3795 4995 3832 5037 9!

603 5108 664 5141 (Ὗ
699 5091 848 5156 TN”
873 5093 1100 5161 indicio,
1131 5103 1188 5148 ut
1217 5095 1337 5150 sitis
1367 5095 1424 5150 in
1451 5096 1760 5167 exemplum
1795 5097 1932 5166 justi
1968 5096 2180 5167 judicii.
2283 5096 2440 5152 multi
2473 5093 2818 5158 occiduntur,
2843 5098 2898 5146 et
2924 5089 3097 5144 multa
3123 5087 3548 5142 comburuntur.
3579 5081 3714 5153 ignis
3738 5076 3832 5129 die0

607 5182 671 5234 In
723 5182 861 5236 vobis
911 5185 1057 5238 enim
1092 5187 1491 5255 exemplilicare
1529 5203 1824 5256 possumus
1867 5189 1989 5244 aliis
2018 5204 2182 5259 quam
2281 5189 2461 5244 dantis
2490 5185 2802 5250 vindictam,
2834 5181 2887 5236 id
2908 5189 2994 5236 est
3014 5193 3232 5250 poenam
3257 5177 3339 5230 Itis
3374 5177 3466 5248 qui
3493 5191 3597 5228 non
3625 5173 3830 5226 nover!!!"

599 5273 810 5343 justum
842 5275 912 5330 sit
932 5275 1201 5346 judicium
1227 5277 1341 5333 Dei.
1385 5277 1670 5334 Sustinetis
1695 5279 1818 5335 ideo
1840 5289 1896 5334 ut
1919 5281 2068 5352 digni
2095 5279 2186 5334 ha-
2285 5282 2474 5346 Deum,
2500 5278 2554 5334 id
2580 5265 2666 5333 est
2705 5275 2800 5346 qui
2837 5273 2998 5330 ﬁdem
3035 5286 3145 5326 non
3183 5269 3522 5332 habuerunt,
3551 5280 3657 5320 non
3687 5270 3832 5314 tatur"

605 5365 830 5422 beamiui
857 5366 912 5420 in
942 5383 1096 5436 regno
1123 5365 1238 5432 Dei,
1265 5369 1317 5422 Id
1339 5378 1422 5423 est
1447 5369 1499 5423 in
1523 5370 1724 5440 quibus
1751 5369 1896 5428 Deus
1917 5381 2106 5442 regnet
2127 5371 2159 5426 ii

2287 5374 2486 5439 solum,
2532 5369 2630 5426 sed
2659 5355 2824 5423 etiam
2853 5365 2934 5419 his
2958 5362 3053 5434 qui
3101 5362 3149 5418 si
3196 5361 3357 5415 iidem
3389 5358 3834 5442 Ιιιιιὶιιρέιηιιιι,χιθξ³

603 5461 880 5536 ρι’ωδεκιί.
923 5459 1020 5516 Vel
1044 5459 1191 5531 digni
1215 5459 1334 5516 sitis
1357 5459 1524 5530 recipi
1542 5437 1607 5515 vin
1644 5461 1828 5517 futuro
1859 5437 2029 5535 regno
2064 5461 2180 5518 Dei.
2288 5437 2479 5519 tamen
2496 5459 2802 5516 obedierunt
2827 5453 3113 5526 Evangelio
3141 5451 3353 5506 Domini
3376 5449 3548 5504 nostri
3567 5445 3688 5502 Iesu
3711 5437 3830 5498 ϐιά-

605 5553 740 5625 Vos,
778 5556 922 5613 sicut
951 5554 1214 5625 intelligo,
1262 5553 1542 5610 sustinetis
1584 5563 1643 5608 ut
1679 5554 1827 5627 digni
1874 5556 2184 5612 habeamini
2291 5557 2394 5624 sti;
2422 5554 2516 5626 qui
2547 5553 2786 5622 utrique,
2817 5557 2870 5604 et
2899 5563 3010 5602 non
3036 5553 3432 5616 cognoscentes
3462 5541 3650 5606 Deum,
3749 5543 3833 5584 υου

605 5663 702 5719 pro
731 5663 817 5714 eo,
839 5664 942 5720 quo
967 5647 1159 5704 eodem
1186 5656 1248 5702 ut
1265 5645 1412 5718 digni
1441 5626 1756 5702 habeamini
1783 5649 1838 5703 in
1874 5663 1992 5714 vos,
2025 5647 2184 5702 etiam
2293 5648 2606 5704 obedientes
2637 5641 2930 5714 Evangelio
2956 5639 3157 5694 dabunt
3177 5646 3412 5693 :eternas
3437 5649 3611 5706 paruas
3630 5630 3682 5684 in
3695 5626 3821 5720 illi"

608 5711 906 5798 secundum
953 5741 1283 5798 intellectum
1311 5711 1366 5797 et
1403 5741 1736 5797 voluntatem
1781 5711 2014 5798 vestram
2048 5739 2192 5810 pati-
2297 5741 2453 5805 itum,
2484 5736 2537 5792 id
2562 5744 2645 5793 est
2665 5735 2720 5791 in
2747 5711 2930 5790 locum
2959 5745 3270 5802 positarum,
3294 5726 3523 5799 projecti
3549 5742 3580 5778 a
3601 5719 3727 5796 facit
3747 5711 3829 5766 DO-
