  <div class='ocr_page' id='page_1' title='image "/cluster/home/n/w/nwhite01/storage/ocr_20150623/153/hvd.32044015473812/214.png"; bbox 0 0 3988 6430; ppageno 0'>
   <div class='ocr_carea' id='block_1_1' title="bbox 168 437 277 492">
    <p class='ocr_par' dir='ltr' id='par_1_1' title="bbox 168 437 277 492">
     <span class='ocr_line' id='line_1_1' title="bbox 168 437 277 492; baseline 0 0"><span class='ocrx_word' id='word_1_1' title='bbox 168 437 277 492; x_wconf 65' lang='grc' dir='ltr'>ιιπ</span> 
     </span>
    </p>
   </div>
   <div class='ocr_carea' id='block_1_2' title="bbox 759 424 2889 503">
    <p class='ocr_par' dir='ltr' id='par_1_2' title="bbox 759 424 2889 503">
     <span class='ocr_line' id='line_1_2' title="bbox 759 424 2889 503; baseline -0.001 -13"><span class='ocrx_word' id='word_1_2' title='bbox 759 434 1128 503; x_wconf 78' lang='lat' dir='ltr'><strong>EXPOSITIO</strong></span> <span class='ocrx_word' id='word_1_3' title='bbox 1167 433 1235 488; x_wconf 88' lang='lat' dir='ltr'><strong>IN</strong></span> <span class='ocrx_word' id='word_1_4' title='bbox 1276 428 1657 486; x_wconf 74' lang='lat' dir='ltr'><strong>EPISTOLAS</strong></span> <span class='ocrx_word' id='word_1_5' title='bbox 1700 424 1928 478; x_wconf 76' lang='lat' dir='ltr'><strong>PAIILl.</strong></span> <span class='ocrx_word' id='word_1_6' title='bbox 1968 457 2035 464; x_wconf 95' lang='lat'><strong>—</strong></span> <span class='ocrx_word' id='word_1_7' title='bbox 2071 424 2138 479; x_wconf 74' lang='lat' dir='ltr'><strong>IN</strong></span> <span class='ocrx_word' id='word_1_8' title='bbox 2178 426 2396 483; x_wconf 74' lang='lat' dir='ltr'><strong>EPIST.</strong></span> <span class='ocrx_word' id='word_1_9' title='bbox 2437 428 2480 482; x_wconf 92' lang='lat' dir='ltr'><strong>II</strong></span> <span class='ocrx_word' id='word_1_10' title='bbox 2518 429 2610 484; x_wconf 87' lang='lat' dir='ltr'><strong>AD</strong></span> <span class='ocrx_word' id='word_1_11' title='bbox 2648 429 2889 489; x_wconf 78' lang='lat' dir='ltr'><strong>TIIESS.</strong></span> 
     </span>
    </p>
   </div>
   <div class='ocr_carea' id='block_1_3' title="bbox 3343 440 3500 496">
    <p class='ocr_par' dir='ltr' id='par_1_3' title="bbox 3343 440 3500 496">
     <span class='ocr_line' id='line_1_3' title="bbox 3343 440 3500 496; baseline -0.006 0"><span class='ocrx_word' id='word_1_12' title='bbox 3343 440 3448 496; x_wconf 71' lang='lat' dir='ltr'><strong>M8</strong></span> <span class='ocrx_word' id='word_1_13' title='bbox 3484 441 3500 452; x_wconf 76' lang='grc'><strong><em>⁶</em></strong></span> 
     </span>
    </p>
   </div>
   <div class='ocr_carea' id='block_1_4' title="bbox 169 532 3451 616">
    <p class='ocr_par' dir='ltr' id='par_1_4' title="bbox 169 532 3451 616">
     <span class='ocr_line' id='line_1_4' title="bbox 169 532 3451 616; baseline 0 -11"><span class='ocrx_word' id='word_1_14' title='bbox 169 553 314 605; x_wconf 82' lang='lat' dir='ltr'><strong>mini</strong></span> <span class='ocrx_word' id='word_1_15' title='bbox 335 592 353 616; x_wconf 84' lang='lat'><strong>.</strong></span> <span class='ocrx_word' id='word_1_16' title='bbox 405 565 472 605; x_wconf 90' lang='lat' dir='ltr'><strong>ne</strong></span> <span class='ocrx_word' id='word_1_17' title='bbox 504 549 645 604; x_wconf 89' lang='lat' dir='ltr'><strong>ultra</strong></span> <span class='ocrx_word' id='word_1_18' title='bbox 680 547 1064 603; x_wconf 75' lang='lat' dir='ltr'><strong>videant°eum</strong></span> <span class='ocrx_word' id='word_1_19' title='bbox 1107 564 1120 600; x_wconf 91' lang='lat'><strong>:</strong></span> <span class='ocrx_word' id='word_1_20' title='bbox 1161 555 1210 599; x_wconf 87' lang='lat' dir='ltr'><strong>et</strong></span> <span class='ocrx_word' id='word_1_21' title='bbox 1249 540 1476 614; x_wconf 75' lang='lat' dir='ltr'><strong>Proiecti</strong></span> <span class='ocrx_word' id='word_1_22' title='bbox 1521 556 1552 592; x_wconf 91' lang='lat' dir='ltr'><strong>a</strong></span> <span class='ocrx_word' id='word_1_23' title='bbox 1596 536 1767 608; x_wconf 80' lang='lat' dir='ltr'><strong>gloria</strong></span> <span class='ocrx_word' id='word_1_24' title='bbox 1800 543 1840 594; x_wconf 81' lang='grc' dir='ltr'>Α</span> <span class='ocrx_word' id='word_1_25' title='bbox 1878 550 1895 583; x_wconf 83' lang='grc' dir='ltr'><strong>ι</strong></span> <span class='ocrx_word' id='word_1_26' title='bbox 1926 532 2287 590; x_wconf 85' lang='lat' dir='ltr'><strong>illustrationc</strong></span> <span class='ocrx_word' id='word_1_27' title='bbox 2317 538 2581 595; x_wconf 84' lang='lat' dir='ltr'><strong>adventus</strong></span> <span class='ocrx_word' id='word_1_28' title='bbox 2613 541 2697 596; x_wconf 89' lang='lat' dir='ltr'><strong>sui</strong></span> <span class='ocrx_word' id='word_1_29' title='bbox 2727 556 2853 597; x_wconf 89' lang='lat' dir='ltr'><strong>eum</strong></span> <span class='ocrx_word' id='word_1_30' title='bbox 2879 584 2894 610; x_wconf 92' lang='lat'><strong>,</strong></span> <span class='ocrx_word' id='word_1_31' title='bbox 2941 545 3100 615; x_wconf 82' lang='lat' dir='ltr'><strong>cujus</strong></span> <span class='ocrx_word' id='word_1_32' title='bbox 3142 557 3227 603; x_wconf 89' lang='lat' dir='ltr'><strong>est</strong></span> <span class='ocrx_word' id='word_1_33' title='bbox 3251 549 3451 605; x_wconf 79' lang='lat' dir='ltr'><strong>adven-</strong></span> 
     </span>
    </p>
   </div>
   <div class='ocr_carea' id='block_1_5' title="bbox 168 626 1769 709">
    <p class='ocr_par' dir='ltr' id='par_1_5' title="bbox 168 626 1769 709">
     <span class='ocr_line' id='line_1_5' title="bbox 168 626 1769 709; baseline -0.009 -13"><span class='ocrx_word' id='word_1_34' title='bbox 168 642 398 696; x_wconf 80' lang='lat' dir='ltr'><strong>virtutis</strong></span> <span class='ocrx_word' id='word_1_35' title='bbox 428 641 588 709; x_wconf 86' lang='lat' dir='ltr'><strong>ejus,_</strong></span> <span class='ocrx_word' id='word_1_36' title='bbox 601 638 757 708; x_wconf 84' lang='lat' dir='ltr'><strong>juxta</strong></span> <span class='ocrx_word' id='word_1_37' title='bbox 791 638 924 693; x_wconf 82' lang='lat' dir='ltr'><strong>illud</strong></span> <span class='ocrx_word' id='word_1_38' title='bbox 963 657 975 692; x_wconf 93' lang='lat'>:</span> <span class='ocrx_word' id='word_1_39' title='bbox 1025 657 1043 688; x_wconf 80' lang='grc' dir='ltr'><strong>ι</strong></span> <span class='ocrx_word' id='word_1_40' title='bbox 1075 635 1320 689; x_wconf 90' lang='lat' dir='ltr'><strong>Tollatur</strong></span> <span class='ocrx_word' id='word_1_41' title='bbox 1348 631 1548 701; x_wconf 88' lang='lat' dir='ltr'><strong>impius</strong></span> <span class='ocrx_word' id='word_1_42' title='bbox 1582 643 1652 682; x_wconf 89' lang='lat' dir='ltr'><strong>ne</strong></span> <span class='ocrx_word' id='word_1_43' title='bbox 1684 626 1769 681; x_wconf 90' lang='lat' dir='ltr'><strong>vi-</strong></span> 
     </span>
    </p>
   </div>
   <div class='ocr_carea' id='block_1_6' title="bbox 169 715 1772 803">
    <p class='ocr_par' dir='ltr' id='par_1_6' title="bbox 169 715 1772 803">
     <span class='ocr_line' id='line_1_6' title="bbox 169 715 1772 803; baseline -0.011 -16"><span class='ocrx_word' id='word_1_44' title='bbox 169 734 307 787; x_wconf 83' lang='lat' dir='ltr'><strong>deat</strong></span> <span class='ocrx_word' id='word_1_45' title='bbox 330 730 564 803; x_wconf 82' lang='lat' dir='ltr'><strong>gloriam</strong></span> <span class='ocrx_word' id='word_1_46' title='bbox 589 728 684 783; x_wconf 90' lang='lat' dir='ltr'><strong>Dei</strong></span> <span class='ocrx_word' id='word_1_47' title='bbox 707 726 845 800; x_wconf 88' lang='lat' dir='ltr'><strong>(Isa.</strong></span> <span class='ocrx_word' id='word_1_48' title='bbox 870 715 1020 789; x_wconf 72' lang='lat' dir='ltr'><strong>xxvt,</strong></span> <span class='ocrx_word' id='word_1_49' title='bbox 1047 725 1156 797; x_wconf 81' lang='grc'><strong>10).</strong></span> <span class='ocrx_word' id='word_1_50' title='bbox 1192 743 1209 775; x_wconf 73' lang='grc' dir='ltr'><strong>ι</strong></span> <span class='ocrx_word' id='word_1_51' title='bbox 1242 722 1454 776; x_wconf 84' lang='lat' dir='ltr'><strong>Dabunt</strong></span> <span class='ocrx_word' id='word_1_52' title='bbox 1485 736 1547 776; x_wconf 92' lang='lat' dir='ltr'><strong>ea</strong></span> <span class='ocrx_word' id='word_1_53' title='bbox 1579 717 1772 773; x_wconf 89' lang='lat' dir='ltr'><strong>simili-</strong></span> 
     </span>
    </p>
   </div>
   <div class='ocr_carea' id='block_1_7' title="bbox 170 809 1774 889">
    <p class='ocr_par' dir='ltr' id='par_1_7' title="bbox 170 809 1774 889">
     <span class='ocr_line' id='line_1_7' title="bbox 170 809 1774 889; baseline -0.009 -12"><span class='ocrx_word' id='word_1_54' title='bbox 170 822 374 877; x_wconf 82' lang='lat' dir='ltr'><strong>tudine</strong></span> <span class='ocrx_word' id='word_1_55' title='bbox 423 821 575 887; x_wconf 80' lang='lat' dir='ltr'><strong>dicit,</strong></span> <span class='ocrx_word' id='word_1_56' title='bbox 602 818 732 889; x_wconf 86' lang='lat' dir='ltr'><strong>quia</strong></span> <span class='ocrx_word' id='word_1_57' title='bbox 778 834 889 873; x_wconf 91' lang='lat' dir='ltr'><strong>non</strong></span> <span class='ocrx_word' id='word_1_58' title='bbox 932 816 1158 887; x_wconf 81' lang='lat' dir='ltr'><strong>majoris</strong></span> <span class='ocrx_word' id='word_1_59' title='bbox 1187 814 1391 869; x_wconf 89' lang='lat' dir='ltr'><strong>donum</strong></span> <span class='ocrx_word' id='word_1_60' title='bbox 1429 809 1613 882; x_wconf 83' lang='lat' dir='ltr'><strong>gaudii</strong></span> <span class='ocrx_word' id='word_1_61' title='bbox 1641 823 1774 878; x_wconf 87' lang='lat' dir='ltr'><strong>pos-</strong></span> 
     </span>
    </p>
   </div>
   <div class='ocr_carea' id='block_1_8' title="bbox 172 906 1774 979">
    <p class='ocr_par' dir='ltr' id='par_1_8' title="bbox 172 906 1774 979">
     <span class='ocr_line' id='line_1_8' title="bbox 172 906 1774 979; baseline -0.01 -11"><span class='ocrx_word' id='word_1_62' title='bbox 172 924 315 968; x_wconf 88' lang='lat' dir='ltr'><strong>sunt</strong></span> <span class='ocrx_word' id='word_1_63' title='bbox 335 912 470 966; x_wconf 90' lang='lat' dir='ltr'><strong>dare</strong></span> <span class='ocrx_word' id='word_1_64' title='bbox 493 908 700 965; x_wconf 76' lang='lat' dir='ltr'><strong>sanctis</strong></span> <span class='ocrx_word' id='word_1_65' title='bbox 728 923 868 979; x_wconf 88' lang='lat' dir='ltr'><strong>quos</strong></span> <span class='ocrx_word' id='word_1_66' title='bbox 891 906 1199 963; x_wconf 77' lang='lat' dir='ltr'><strong>afﬂixerunt</strong></span> <span class='ocrx_word' id='word_1_67' title='bbox 1224 916 1387 974; x_wconf 89' lang='lat' dir='ltr'><strong>quam</strong></span> <span class='ocrx_word' id='word_1_68' title='bbox 1417 914 1609 971; x_wconf 65' lang='lat' dir='ltr'><strong>plenas</strong></span> <span class='ocrx_word' id='word_1_69' title='bbox 1634 913 1774 969; x_wconf 87' lang='lat' dir='ltr'><strong>quas</strong></span> 
     </span>
    </p>
   </div>
   <div class='ocr_carea' id='block_1_9' title="bbox 174 1005 490 1074">
    <p class='ocr_par' dir='ltr' id='par_1_9' title="bbox 174 1005 490 1074">
     <span class='ocr_line' id='line_1_9' title="bbox 174 1005 490 1074; baseline -0.006 -16"><span class='ocrx_word' id='word_1_70' title='bbox 174 1005 490 1074; x_wconf 88' lang='lat' dir='ltr'><strong>patientur.</strong></span> 
     </span>
    </p>
   </div>
   <div class='ocr_carea' id='block_1_10' title="bbox 248 1083 1773 1162">
    <p class='ocr_par' dir='ltr' id='par_1_10' title="bbox 248 1083 1773 1162">
     <span class='ocr_line' id='line_1_10' title="bbox 248 1083 1773 1162; baseline -0.007 -15"><span class='ocrx_word' id='word_1_71' title='bbox 248 1093 313 1149; x_wconf 87' lang='lat' dir='ltr'><strong>In</strong></span> <span class='ocrx_word' id='word_1_72' title='bbox 353 1095 443 1149; x_wconf 90' lang='lat' dir='ltr'><strong>his</strong></span> <span class='ocrx_word' id='word_1_73' title='bbox 492 1092 672 1149; x_wconf 86' lang='lat' dir='ltr'><strong>verbis</strong></span> <span class='ocrx_word' id='word_1_74' title='bbox 721 1091 922 1162; x_wconf 90' lang='lat' dir='ltr'><strong>impios</strong></span> <span class='ocrx_word' id='word_1_75' title='bbox 956 1089 1270 1161; x_wconf 76' lang='lat' dir='ltr'><strong>perterruit.</strong></span> <span class='ocrx_word' id='word_1_76' title='bbox 1320 1086 1381 1141; x_wconf 90' lang='lat' dir='ltr'><strong>In</strong></span> <span class='ocrx_word' id='word_1_77' title='bbox 1414 1083 1773 1156; x_wconf 83' lang='lat' dir='ltr'><strong>sequentibus</strong></span> 
     </span>
    </p>
   </div>
   <div class='ocr_carea' id='block_1_11' title="bbox 175 1180 1773 1253">
    <p class='ocr_par' dir='ltr' id='par_1_11' title="bbox 175 1180 1773 1253">
     <span class='ocr_line' id='line_1_11' title="bbox 175 1180 1773 1253; baseline -0.008 -13"><span class='ocrx_word' id='word_1_78' title='bbox 175 1187 426 1241; x_wconf 62' lang='lat' dir='ltr'><strong>laetiﬁcat</strong></span> <span class='ocrx_word' id='word_1_79' title='bbox 453 1184 657 1253; x_wconf 87' lang='lat' dir='ltr'><strong>justos,</strong></span> <span class='ocrx_word' id='word_1_80' title='bbox 704 1182 934 1238; x_wconf 89' lang='lat' dir='ltr'><strong>dicens:</strong></span> <span class='ocrx_word' id='word_1_81' title='bbox 981 1181 1136 1252; x_wconf 85' lang='lat' dir='ltr'><strong>Impii</strong></span> <span class='ocrx_word' id='word_1_82' title='bbox 1183 1180 1392 1235; x_wconf 90' lang='lat' dir='ltr'><strong>dabunt</strong></span> <span class='ocrx_word' id='word_1_83' title='bbox 1428 1192 1621 1251; x_wconf 84' lang='lat' dir='ltr'><strong>poenas</strong></span> <span class='ocrx_word' id='word_1_84' title='bbox 1654 1191 1773 1229; x_wconf 89' lang='lat' dir='ltr'><strong>cum</strong></span> 
     </span>
    </p>
   </div>
   <div class='ocr_carea' id='block_1_12' title="bbox 175 1270 1774 1345">
    <p class='ocr_par' dir='ltr' id='par_1_12' title="bbox 175 1270 1774 1345">
     <span class='ocr_line' id='line_1_12' title="bbox 175 1270 1774 1345; baseline -0.007 -14"><span class='ocrx_word' id='word_1_85' title='bbox 175 1276 443 1331; x_wconf 78' lang='lat' dir='ltr'><strong>Christus</strong></span> <span class='ocrx_word' id='word_1_86' title='bbox 480 1276 676 1329; x_wconf 88' lang='lat' dir='ltr'><strong>venerit</strong></span> <span class='ocrx_word' id='word_1_87' title='bbox 710 1273 1024 1345; x_wconf 81' lang='lat' dir='ltr'><strong>gloriﬁcari,</strong></span> <span class='ocrx_word' id='word_1_88' title='bbox 1059 1272 1113 1327; x_wconf 91' lang='lat' dir='ltr'><strong>id</strong></span> <span class='ocrx_word' id='word_1_89' title='bbox 1152 1280 1236 1329; x_wconf 89' lang='lat' dir='ltr'><strong>est</strong></span> <span class='ocrx_word' id='word_1_90' title='bbox 1264 1278 1324 1326; x_wconf 91' lang='lat' dir='ltr'><strong>ut</strong></span> <span class='ocrx_word' id='word_1_91' title='bbox 1365 1270 1638 1342; x_wconf 88' lang='lat' dir='ltr'><strong>gloriosus</strong></span> <span class='ocrx_word' id='word_1_92' title='bbox 1678 1282 1774 1337; x_wconf 89' lang='lat' dir='ltr'><strong>ap-</strong></span> 
     </span>
    </p>
   </div>
   <div class='ocr_carea' id='block_1_13' title="bbox 175 1358 1772 1438">
    <p class='ocr_par' dir='ltr' id='par_1_13' title="bbox 175 1358 1772 1438">
     <span class='ocr_line' id='line_1_13' title="bbox 175 1358 1772 1438; baseline -0.008 -14"><span class='ocrx_word' id='word_1_93' title='bbox 175 1377 379 1438; x_wconf 82' lang='lat' dir='ltr'><strong>pareat</strong></span> <span class='ocrx_word' id='word_1_94' title='bbox 425 1368 483 1420; x_wconf 91' lang='lat' dir='ltr'><strong>in</strong></span> <span class='ocrx_word' id='word_1_95' title='bbox 515 1366 715 1420; x_wconf 79' lang='lat' dir='ltr'><strong>sanctis</strong></span> <span class='ocrx_word' id='word_1_96' title='bbox 756 1366 868 1420; x_wconf 87' lang='lat' dir='ltr'><strong>suis</strong></span> <span class='ocrx_word' id='word_1_97' title='bbox 903 1362 1341 1427; x_wconf 89' lang='lat' dir='ltr'><strong>remunerandis,</strong></span> <span class='ocrx_word' id='word_1_98' title='bbox 1385 1361 1514 1432; x_wconf 89' lang='lat' dir='ltr'><strong>quia</strong></span> <span class='ocrx_word' id='word_1_99' title='bbox 1553 1368 1608 1414; x_wconf 89' lang='lat' dir='ltr'><strong>et</strong></span> <span class='ocrx_word' id='word_1_100' title='bbox 1640 1358 1687 1414; x_wconf 91' lang='lat' dir='ltr'><strong>si</strong></span> <span class='ocrx_word' id='word_1_101' title='bbox 1716 1358 1772 1412; x_wconf 92' lang='lat' dir='ltr'><strong>in</strong></span> 
     </span>
    </p>
   </div>
   <div class='ocr_carea' id='block_1_14' title="bbox 177 1450 1773 1528">
    <p class='ocr_par' dir='ltr' id='par_1_14' title="bbox 177 1450 1773 1528">
     <span class='ocr_line' id='line_1_14' title="bbox 177 1450 1773 1528; baseline -0.006 -15"><span class='ocrx_word' id='word_1_102' title='bbox 177 1460 291 1513; x_wconf 89' lang='lat' dir='ltr'><strong>hoc</strong></span> <span class='ocrx_word' id='word_1_103' title='bbox 334 1458 545 1513; x_wconf 91' lang='lat' dir='ltr'><strong>mundo</strong></span> <span class='ocrx_word' id='word_1_104' title='bbox 574 1473 671 1528; x_wconf 89' lang='lat' dir='ltr'><strong>per</strong></span> <span class='ocrx_word' id='word_1_105' title='bbox 700 1456 964 1512; x_wconf 91' lang='lat' dir='ltr'><strong>miracula</strong></span> <span class='ocrx_word' id='word_1_106' title='bbox 997 1463 1053 1510; x_wconf 87' lang='lat' dir='ltr'><strong>et</strong></span> <span class='ocrx_word' id='word_1_107' title='bbox 1087 1452 1337 1525; x_wconf 81' lang='lat' dir='ltr'><strong>quaedam</strong></span> <span class='ocrx_word' id='word_1_108' title='bbox 1365 1453 1470 1507; x_wconf 90' lang='lat' dir='ltr'><strong>alia</strong></span> <span class='ocrx_word' id='word_1_109' title='bbox 1501 1450 1773 1523; x_wconf 88' lang='lat' dir='ltr'><strong>gloriosus</strong></span> 
     </span>
    </p>
   </div>
   <div class='ocr_carea' id='block_1_15' title="bbox 176 1540 1776 1615">
    <p class='ocr_par' dir='ltr' id='par_1_15' title="bbox 176 1540 1776 1615">
     <span class='ocr_line' id='line_1_15' title="bbox 176 1540 1776 1615; baseline -0.006 -13"><span class='ocrx_word' id='word_1_110' title='bbox 176 1549 405 1603; x_wconf 86' lang='lat' dir='ltr'><strong>videtur</strong></span> <span class='ocrx_word' id='word_1_111' title='bbox 428 1548 483 1602; x_wconf 92' lang='lat' dir='ltr'><strong>in</strong></span> <span class='ocrx_word' id='word_1_112' title='bbox 506 1546 732 1613; x_wconf 84' lang='lat' dir='ltr'><strong>sanctis,</strong></span> <span class='ocrx_word' id='word_1_113' title='bbox 761 1554 891 1601; x_wconf 89' lang='lat' dir='ltr'><strong>tunc</strong></span> <span class='ocrx_word' id='word_1_114' title='bbox 927 1545 1089 1615; x_wconf 88' lang='lat' dir='ltr'><strong>longe</strong></span> <span class='ocrx_word' id='word_1_115' title='bbox 1123 1542 1358 1613; x_wconf 88' lang='lat' dir='ltr'><strong>amplius</strong></span> <span class='ocrx_word' id='word_1_116' title='bbox 1384 1540 1776 1613; x_wconf 84' lang='lat' dir='ltr'><strong>gloriﬁcabitur</strong></span> 
     </span>
    </p>
   </div>
   <div class='ocr_carea' id='block_1_16' title="bbox 178 1632 1775 1709">
    <p class='ocr_par' dir='ltr' id='par_1_16' title="bbox 178 1632 1775 1709">
     <span class='ocr_line' id='line_1_16' title="bbox 178 1632 1775 1709; baseline -0.005 -16"><span class='ocrx_word' id='word_1_117' title='bbox 178 1639 237 1693; x_wconf 90' lang='lat' dir='ltr'><strong>in</strong></span> <span class='ocrx_word' id='word_1_118' title='bbox 279 1639 413 1705; x_wconf 88' lang='lat' dir='ltr'><strong>illis,</strong></span> <span class='ocrx_word' id='word_1_119' title='bbox 441 1637 664 1709; x_wconf 87' lang='lat' dir='ltr'><strong>quando</strong></span> <span class='ocrx_word' id='word_1_120' title='bbox 692 1637 815 1692; x_wconf 89' lang='lat' dir='ltr'><strong>illos</strong></span> <span class='ocrx_word' id='word_1_121' title='bbox 836 1637 905 1691; x_wconf 90' lang='lat' dir='ltr'><strong>ab</strong></span> <span class='ocrx_word' id='word_1_122' title='bbox 931 1634 1083 1690; x_wconf 90' lang='lat' dir='ltr'><strong>omni</strong></span> <span class='ocrx_word' id='word_1_123' title='bbox 1120 1632 1499 1705; x_wconf 89' lang='lat' dir='ltr'><strong>inquietudine</strong></span> <span class='ocrx_word' id='word_1_124' title='bbox 1536 1639 1775 1702; x_wconf 87' lang='lat' dir='ltr'><strong>ereptos,</strong></span> 
     </span>
    </p>
   </div>
   <div class='ocr_carea' id='block_1_17' title="bbox 180 1723 1778 1802">
    <p class='ocr_par' dir='ltr' id='par_1_17' title="bbox 180 1723 1778 1802">
     <span class='ocr_line' id='line_1_17' title="bbox 180 1723 1778 1802; baseline -0.005 -18"><span class='ocrx_word' id='word_1_125' title='bbox 180 1731 368 1802; x_wconf 78' lang='lat' dir='ltr'><strong>gloria</strong></span> <span class='ocrx_word' id='word_1_126' title='bbox 412 1728 742 1786; x_wconf 88' lang='lat' dir='ltr'><strong>indeﬁcienti</strong></span> <span class='ocrx_word' id='word_1_127' title='bbox 776 1726 1232 1784; x_wconf 89' lang='lat' dir='ltr'><strong>circumvallabit.</strong></span> <span class='ocrx_word' id='word_1_128' title='bbox 1271 1723 1383 1780; x_wconf 86' lang='lat' dir='ltr'><strong>Nec</strong></span> <span class='ocrx_word' id='word_1_129' title='bbox 1404 1724 1581 1781; x_wconf 89' lang='lat' dir='ltr'><strong>solum</strong></span> <span class='ocrx_word' id='word_1_130' title='bbox 1611 1723 1778 1794; x_wconf 85' lang='lat' dir='ltr'><strong>glori-</strong></span> 
     </span>
    </p>
   </div>
   <div class='ocr_carea' id='block_1_18' title="bbox 180 1815 1775 1888">
    <p class='ocr_par' dir='ltr' id='par_1_18' title="bbox 180 1815 1775 1888">
     <span class='ocr_line' id='line_1_18' title="bbox 180 1815 1775 1888; baseline -0.006 -11"><span class='ocrx_word' id='word_1_131' title='bbox 180 1821 367 1887; x_wconf 88' lang='lat' dir='ltr'><strong>ﬁcari,</strong></span> <span class='ocrx_word' id='word_1_132' title='bbox 388 1819 481 1879; x_wconf 86' lang='lat' dir='ltr'><strong>sed</strong></span> <span class='ocrx_word' id='word_1_133' title='bbox 509 1819 672 1872; x_wconf 87' lang='lat' dir='ltr'><strong>etiam</strong></span> <span class='ocrx_word' id='word_1_134' title='bbox 701 1816 867 1888; x_wconf 88' lang='lat' dir='ltr'><strong>(quod</strong></span> <span class='ocrx_word' id='word_1_135' title='bbox 892 1817 1071 1887; x_wconf 83' lang='lat' dir='ltr'><strong>majus</strong></span> <span class='ocrx_word' id='word_1_136' title='bbox 1092 1820 1197 1887; x_wconf 88' lang='lat' dir='ltr'><strong>est)</strong></span> <span class='ocrx_word' id='word_1_137' title='bbox 1216 1815 1551 1869; x_wconf 81' lang='lat' dir='ltr'><strong>admirabilis</strong></span> <span class='ocrx_word' id='word_1_138' title='bbox 1578 1816 1775 1869; x_wconf 84' lang='lat' dir='ltr'><strong>venerit</strong></span> 
     </span>
    </p>
   </div>
   <div class='ocr_carea' id='block_1_19' title="bbox 1879 629 3450 702">
    <p class='ocr_par' dir='ltr' id='par_1_19' title="bbox 1879 629 3450 702">
     <span class='ocr_line' id='line_1_19' title="bbox 1879 629 3450 702; baseline 0.01 -23"><span class='ocrx_word' id='word_1_139' title='bbox 1879 644 1898 676; x_wconf 76' lang='grc' dir='ltr'><strong>ι</strong></span> <span class='ocrx_word' id='word_1_140' title='bbox 1927 633 2016 682; x_wconf 89' lang='lat' dir='ltr'><strong>tus</strong></span> <span class='ocrx_word' id='word_1_141' title='bbox 2063 629 2363 683; x_wconf 87' lang='lat' dir='ltr'><strong>secundum</strong></span> <span class='ocrx_word' id='word_1_142' title='bbox 2395 632 2767 699; x_wconf 82' lang='lat' dir='ltr'><strong>operationem</strong></span> <span class='ocrx_word' id='word_1_143' title='bbox 2797 633 3032 702; x_wconf 76' lang='lat' dir='ltr'><strong>Satante,</strong></span> <span class='ocrx_word' id='word_1_144' title='bbox 3066 635 3122 691; x_wconf 91' lang='lat' dir='ltr'><strong>in</strong></span> <span class='ocrx_word' id='word_1_145' title='bbox 3162 639 3313 693; x_wconf 87' lang='lat' dir='ltr'><strong>onmi</strong></span> <span class='ocrx_word' id='word_1_146' title='bbox 3342 640 3450 695; x_wconf 87' lang='lat' dir='ltr'><strong>vir-</strong></span> 
     </span>
    </p>
   </div>
   <div class='ocr_carea' id='block_1_20' title="bbox 1879 719 3451 795">
    <p class='ocr_par' dir='ltr' id='par_1_20' title="bbox 1879 719 3451 795">
     <span class='ocr_line' id='line_1_20' title="bbox 1879 719 3451 795; baseline 0.011 -28"><span class='ocrx_word' id='word_1_147' title='bbox 1879 735 1896 767; x_wconf 76' lang='grc' dir='ltr'><strong>ι</strong></span> <span class='ocrx_word' id='word_1_148' title='bbox 1930 722 2064 784; x_wconf 90' lang='lat' dir='ltr'><strong>tute,</strong></span> <span class='ocrx_word' id='word_1_149' title='bbox 2092 726 2145 774; x_wconf 88' lang='lat' dir='ltr'><strong>et</strong></span> <span class='ocrx_word' id='word_1_150' title='bbox 2168 719 2361 790; x_wconf 82' lang='lat' dir='ltr'><strong>signis,</strong></span> <span class='ocrx_word' id='word_1_151' title='bbox 2384 730 2438 776; x_wconf 91' lang='lat' dir='ltr'><strong>et</strong></span> <span class='ocrx_word' id='word_1_152' title='bbox 2466 723 2726 795; x_wconf 85' lang='lat' dir='ltr'><strong>prodigiis</strong></span> <span class='ocrx_word' id='word_1_153' title='bbox 2748 727 3121 795; x_wconf 87' lang='lat' dir='ltr'><strong>mendacibus,</strong></span> <span class='ocrx_word' id='word_1_154' title='bbox 3150 737 3203 784; x_wconf 90' lang='lat' dir='ltr'><strong>et</strong></span> <span class='ocrx_word' id='word_1_155' title='bbox 3224 729 3277 784; x_wconf 90' lang='lat' dir='ltr'><strong>in</strong></span> <span class='ocrx_word' id='word_1_156' title='bbox 3300 731 3451 785; x_wconf 89' lang='lat' dir='ltr'><strong>omni</strong></span> 
     </span>
    </p>
   </div>
   <div class='ocr_carea' id='block_1_21' title="bbox 1880 810 3451 893">
    <p class='ocr_par' dir='ltr' id='par_1_21' title="bbox 1880 810 3451 893">
     <span class='ocr_line' id='line_1_21' title="bbox 1880 810 3451 893; baseline 0.008 -29"><span class='ocrx_word' id='word_1_157' title='bbox 1880 829 1898 862; x_wconf 83' lang='grc' dir='ltr'><strong>ι</strong></span> <span class='ocrx_word' id='word_1_158' title='bbox 1927 810 2243 866; x_wconf 75' lang='lat' dir='ltr'><strong>Seductione</strong></span> <span class='ocrx_word' id='word_1_159' title='bbox 2290 812 2594 883; x_wconf 84' lang='lat' dir='ltr'><strong>iniquitatis</strong></span> <span class='ocrx_word' id='word_1_160' title='bbox 2646 816 2733 872; x_wconf 90' lang='lat' dir='ltr'><strong>his</strong></span> <span class='ocrx_word' id='word_1_161' title='bbox 2778 818 2871 888; x_wconf 89' lang='lat' dir='ltr'><strong>qui</strong></span> <span class='ocrx_word' id='word_1_162' title='bbox 2909 828 3159 889; x_wconf 85' lang='lat' dir='ltr'><strong>pereunt,</strong></span> <span class='ocrx_word' id='word_1_163' title='bbox 3208 836 3274 876; x_wconf 90' lang='lat' dir='ltr'><strong>eo</strong></span> <span class='ocrx_word' id='word_1_164' title='bbox 3304 823 3451 893; x_wconf 88' lang='lat' dir='ltr'><strong>quod</strong></span> 
     </span>
    </p>
   </div>
   <div class='ocr_carea' id='block_1_22' title="bbox 1880 903 3452 980">
    <p class='ocr_par' dir='ltr' id='par_1_22' title="bbox 1880 903 3452 980">
     <span class='ocr_line' id='line_1_22' title="bbox 1880 903 3452 980; baseline 0.009 -27"><span class='ocrx_word' id='word_1_165' title='bbox 1880 922 1898 953; x_wconf 78' lang='grc' dir='ltr'><strong>ι</strong></span> <span class='ocrx_word' id='word_1_166' title='bbox 1928 903 2251 961; x_wconf 68' lang='grc' dir='ltr'><strong>οιιειιείῑθιθιν)</strong></span> <span class='ocrx_word' id='word_1_167' title='bbox 2281 906 2526 962; x_wconf 86' lang='lat' dir='ltr'><strong>veritatis</strong></span> <span class='ocrx_word' id='word_1_168' title='bbox 2558 923 2666 962; x_wconf 92' lang='lat' dir='ltr'><strong>non</strong></span> <span class='ocrx_word' id='word_1_169' title='bbox 2697 920 3040 980; x_wconf 88' lang='lat' dir='ltr'><strong>receperunt,</strong></span> <span class='ocrx_word' id='word_1_170' title='bbox 3081 920 3142 967; x_wconf 86' lang='lat' dir='ltr'><strong>ut</strong></span> <span class='ocrx_word' id='word_1_171' title='bbox 3184 912 3318 967; x_wconf 84' lang='lat' dir='ltr'><strong>salvi</strong></span> <span class='ocrx_word' id='word_1_172' title='bbox 3353 915 3452 967; x_wconf 84' lang='lat' dir='ltr'><strong>lie-</strong></span> 
     </span>
    </p>
   </div>
   <div class='ocr_carea' id='block_1_23' title="bbox 1880 989 3454 1069">
    <p class='ocr_par' dir='ltr' id='par_1_23' title="bbox 1880 989 3454 1069">
     <span class='ocr_line' id='line_1_23' title="bbox 1880 989 3454 1069; baseline 0.009 -25"><span class='ocrx_word' id='word_1_173' title='bbox 1880 1012 1899 1044; x_wconf 79' lang='grc' dir='ltr'><strong>ι</strong></span> <span class='ocrx_word' id='word_1_174' title='bbox 1932 1001 2052 1047; x_wconf 92' lang='lat' dir='ltr'><strong>rent</strong></span> <span class='ocrx_word' id='word_1_175' title='bbox 2086 992 2210 1049; x_wconf 90' lang='lat' dir='ltr'><strong>Ideo</strong></span> <span class='ocrx_word' id='word_1_176' title='bbox 2236 995 2413 1050; x_wconf 85' lang='lat' dir='ltr'><strong>mittet</strong></span> <span class='ocrx_word' id='word_1_177' title='bbox 2439 995 2547 1051; x_wconf 89' lang='lat' dir='ltr'><strong>illis</strong></span> <span class='ocrx_word' id='word_1_178' title='bbox 2576 996 2720 1053; x_wconf 90' lang='lat' dir='ltr'><strong>Deus</strong></span> <span class='ocrx_word' id='word_1_179' title='bbox 2748 1002 3116 1069; x_wconf 88' lang='lat' dir='ltr'><strong>operationem</strong></span> <span class='ocrx_word' id='word_1_180' title='bbox 3146 989 3369 1069; x_wconf 81' lang='lat' dir='ltr'><strong>erroris,</strong></span> <span class='ocrx_word' id='word_1_181' title='bbox 3393 1014 3454 1059; x_wconf 89' lang='lat' dir='ltr'><strong>ut</strong></span> 
     </span>
    </p>
   </div>
   <div class='ocr_carea' id='block_1_24' title="bbox 1883 1085 3453 1166">
    <p class='ocr_par' dir='ltr' id='par_1_24' title="bbox 1883 1085 3453 1166">
     <span class='ocr_line' id='line_1_24' title="bbox 1883 1085 3453 1166; baseline 0.008 -28"><span class='ocrx_word' id='word_1_182' title='bbox 1883 1104 1902 1138; x_wconf 82' lang='grc' dir='ltr'><strong>ι</strong></span> <span class='ocrx_word' id='word_1_183' title='bbox 1935 1085 2161 1141; x_wconf 87' lang='lat' dir='ltr'><strong>credant</strong></span> <span class='ocrx_word' id='word_1_184' title='bbox 2204 1088 2510 1155; x_wconf 89' lang='lat' dir='ltr'><strong>mendacio,</strong></span> <span class='ocrx_word' id='word_1_185' title='bbox 2543 1098 2603 1146; x_wconf 90' lang='lat' dir='ltr'><strong>ut</strong></span> <span class='ocrx_word' id='word_1_186' title='bbox 2646 1091 2963 1161; x_wconf 88' lang='lat' dir='ltr'><strong>judicentur</strong></span> <span class='ocrx_word' id='word_1_187' title='bbox 2995 1109 3185 1150; x_wconf 89' lang='lat' dir='ltr'><strong>omnes</strong></span> <span class='ocrx_word' id='word_1_188' title='bbox 3215 1096 3307 1166; x_wconf 90' lang='lat' dir='ltr'><strong>qui</strong></span> <span class='ocrx_word' id='word_1_189' title='bbox 3343 1111 3453 1151; x_wconf 89' lang='lat' dir='ltr'><strong>non</strong></span> 
     </span>
    </p>
   </div>
   <div class='ocr_carea' id='block_1_25' title="bbox 1882 1177 3451 1256">
    <p class='ocr_par' dir='ltr' id='par_1_25' title="bbox 1882 1177 3451 1256">
     <span class='ocr_line' id='line_1_25' title="bbox 1882 1177 3451 1256; baseline 0.008 -26"><span class='ocrx_word' id='word_1_190' title='bbox 1882 1196 1901 1230; x_wconf 80' lang='grc' dir='ltr'><strong>ι</strong></span> <span class='ocrx_word' id='word_1_191' title='bbox 1931 1177 2279 1232; x_wconf 88' lang='lat' dir='ltr'><strong>crediderunt</strong></span> <span class='ocrx_word' id='word_1_192' title='bbox 2308 1179 2557 1247; x_wconf 71' lang='lat' dir='ltr'><strong>veritati,</strong></span> <span class='ocrx_word' id='word_1_193' title='bbox 2605 1183 2701 1236; x_wconf 88' lang='lat' dir='ltr'><strong>sed</strong></span> <span class='ocrx_word' id='word_1_194' title='bbox 2732 1194 3130 1240; x_wconf 90' lang='lat' dir='ltr'><strong>consenserunt</strong></span> <span class='ocrx_word' id='word_1_195' title='bbox 3159 1186 3451 1256; x_wconf 85' lang='lat' dir='ltr'><strong>iniquitati.</strong></span> 
     </span>
    </p>
   </div>
   <div class='ocr_carea' id='block_1_26' title="bbox 1882 1266 3456 1348">
    <p class='ocr_par' dir='ltr' id='par_1_26' title="bbox 1882 1266 3456 1348">
     <span class='ocr_line' id='line_1_26' title="bbox 1882 1266 3456 1348; baseline 0.007 -27"><span class='ocrx_word' id='word_1_196' title='bbox 1882 1287 1902 1320; x_wconf 79' lang='grc' dir='ltr'><strong>ι</strong></span> <span class='ocrx_word' id='word_1_197' title='bbox 1929 1266 2042 1323; x_wconf 85' lang='lat' dir='ltr'><strong>Nos</strong></span> <span class='ocrx_word' id='word_1_198' title='bbox 2065 1276 2248 1324; x_wconf 89' lang='lat' dir='ltr'><strong>autem</strong></span> <span class='ocrx_word' id='word_1_199' title='bbox 2277 1270 2538 1326; x_wconf 85' lang='lat' dir='ltr'><strong>debemus</strong></span> <span class='ocrx_word' id='word_1_200' title='bbox 2568 1273 2772 1344; x_wconf 77' lang='lat' dir='ltr'><strong>gratias</strong></span> <span class='ocrx_word' id='word_1_201' title='bbox 2797 1289 2956 1344; x_wconf 86' lang='lat' dir='ltr'><strong>agere</strong></span> <span class='ocrx_word' id='word_1_202' title='bbox 2986 1274 3099 1330; x_wconf 90' lang='lat' dir='ltr'><strong>Deo</strong></span> <span class='ocrx_word' id='word_1_203' title='bbox 3123 1293 3336 1347; x_wconf 85' lang='lat' dir='ltr'><strong>semper</strong></span> <span class='ocrx_word' id='word_1_204' title='bbox 3356 1294 3456 1348; x_wconf 91' lang='lat' dir='ltr'><strong>pro</strong></span> 
     </span>
    </p>
   </div>
   <div class='ocr_carea' id='block_1_27' title="bbox 1883 1358 3455 1438">
    <p class='ocr_par' dir='ltr' id='par_1_27' title="bbox 1883 1358 3455 1438">
     <span class='ocr_line' id='line_1_27' title="bbox 1883 1358 3455 1438; baseline 0.008 -27"><span class='ocrx_word' id='word_1_205' title='bbox 1883 1378 1904 1410; x_wconf 80' lang='grc' dir='ltr'><strong>ι</strong></span> <span class='ocrx_word' id='word_1_206' title='bbox 1937 1360 2113 1427; x_wconf 83' lang='lat' dir='ltr'><strong>vobis,</strong></span> <span class='ocrx_word' id='word_1_207' title='bbox 2138 1358 2334 1416; x_wconf 86' lang='lat' dir='ltr'><strong>fratres</strong></span> <span class='ocrx_word' id='word_1_208' title='bbox 2360 1360 2540 1417; x_wconf 88' lang='lat' dir='ltr'><strong>dilecti</strong></span> <span class='ocrx_word' id='word_1_209' title='bbox 2561 1378 2591 1417; x_wconf 90' lang='lat' dir='ltr'><strong>a</strong></span> <span class='ocrx_word' id='word_1_210' title='bbox 2621 1361 2750 1429; x_wconf 90' lang='lat' dir='ltr'><strong>Deo,</strong></span> <span class='ocrx_word' id='word_1_211' title='bbox 2765 1365 2910 1434; x_wconf 89' lang='lat' dir='ltr'><strong>quod</strong></span> <span class='ocrx_word' id='word_1_212' title='bbox 2934 1366 3155 1438; x_wconf 88' lang='lat' dir='ltr'><strong>elegerit</strong></span> <span class='ocrx_word' id='word_1_213' title='bbox 3183 1383 3283 1422; x_wconf 90' lang='lat' dir='ltr'><strong>nos</strong></span> <span class='ocrx_word' id='word_1_214' title='bbox 3312 1366 3455 1423; x_wconf 90' lang='lat' dir='ltr'><strong>Deus</strong></span> 
     </span>
    </p>
   </div>
   <div class='ocr_carea' id='block_1_28' title="bbox 1884 1450 3457 1526">
    <p class='ocr_par' dir='ltr' id='par_1_28' title="bbox 1884 1450 3457 1526">
     <span class='ocr_line' id='line_1_28' title="bbox 1884 1450 3457 1526; baseline 0.006 -23"><span class='ocrx_word' id='word_1_215' title='bbox 1884 1469 1903 1501; x_wconf 80' lang='grc' dir='ltr'><strong>ι</strong></span> <span class='ocrx_word' id='word_1_216' title='bbox 1932 1450 2203 1521; x_wconf 86' lang='lat' dir='ltr'><strong>primitias</strong></span> <span class='ocrx_word' id='word_1_217' title='bbox 2233 1452 2289 1505; x_wconf 92' lang='lat' dir='ltr'><strong>in</strong></span> <span class='ocrx_word' id='word_1_218' title='bbox 2319 1452 2548 1506; x_wconf 90' lang='lat' dir='ltr'><strong>salutem</strong></span> <span class='ocrx_word' id='word_1_219' title='bbox 2582 1451 2636 1506; x_wconf 91' lang='lat' dir='ltr'><strong>in</strong></span> <span class='ocrx_word' id='word_1_220' title='bbox 2665 1454 3095 1510; x_wconf 85' lang='lat' dir='ltr'><strong>sanctiﬁcatione</strong></span> <span class='ocrx_word' id='word_1_221' title='bbox 3125 1458 3371 1526; x_wconf 87' lang='lat' dir='ltr'><strong>spiritus,</strong></span> <span class='ocrx_word' id='word_1_222' title='bbox 3403 1467 3457 1512; x_wconf 86' lang='lat' dir='ltr'><strong>et</strong></span> 
     </span>
    </p>
   </div>
   <div class='ocr_carea' id='block_1_29' title="bbox 1884 1541 3457 1619">
    <p class='ocr_par' dir='ltr' id='par_1_29' title="bbox 1884 1541 3457 1619">
     <span class='ocr_line' id='line_1_29' title="bbox 1884 1541 3457 1619; baseline 0.005 -25"><span class='ocrx_word' id='word_1_223' title='bbox 1884 1560 1902 1593; x_wconf 82' lang='grc' dir='ltr'><strong>ι</strong></span> <span class='ocrx_word' id='word_1_224' title='bbox 1935 1541 1989 1595; x_wconf 89' lang='lat' dir='ltr'><strong>in</strong></span> <span class='ocrx_word' id='word_1_225' title='bbox 2021 1541 2125 1596; x_wconf 90' lang='lat' dir='ltr'><strong>ﬁde</strong></span> <span class='ocrx_word' id='word_1_226' title='bbox 2152 1542 2398 1599; x_wconf 83' lang='lat' dir='ltr'><strong>veritatis</strong></span> <span class='ocrx_word' id='word_1_227' title='bbox 2423 1585 2438 1611; x_wconf 93' lang='lat'><strong>,</strong></span> <span class='ocrx_word' id='word_1_228' title='bbox 2486 1544 2541 1599; x_wconf 90' lang='lat' dir='ltr'><strong>in</strong></span> <span class='ocrx_word' id='word_1_229' title='bbox 2574 1561 2681 1615; x_wconf 89' lang='lat' dir='ltr'><strong>qua</strong></span> <span class='ocrx_word' id='word_1_230' title='bbox 2708 1553 2763 1600; x_wconf 91' lang='lat' dir='ltr'><strong>et</strong></span> <span class='ocrx_word' id='word_1_231' title='bbox 2790 1548 3003 1601; x_wconf 90' lang='lat' dir='ltr'><strong>vocavit</strong></span> <span class='ocrx_word' id='word_1_232' title='bbox 3026 1564 3126 1602; x_wconf 90' lang='lat' dir='ltr'><strong>vos</strong></span> <span class='ocrx_word' id='word_1_233' title='bbox 3156 1564 3252 1619; x_wconf 92' lang='lat' dir='ltr'><strong>per</strong></span> <span class='ocrx_word' id='word_1_234' title='bbox 3280 1548 3457 1603; x_wconf 84' lang='lat' dir='ltr'><strong>Evan—</strong></span> 
     </span>
    </p>
   </div>
   <div class='ocr_carea' id='block_1_30' title="bbox 1882 1634 3493 1709">
    <p class='ocr_par' dir='ltr' id='par_1_30' title="bbox 1882 1634 3493 1709">
     <span class='ocr_line' id='line_1_30' title="bbox 1882 1634 3493 1709; baseline 0.005 -24"><span class='ocrx_word' id='word_1_235' title='bbox 1882 1653 1900 1685; x_wconf 80' lang='grc' dir='ltr'><strong>ι</strong></span> <span class='ocrx_word' id='word_1_236' title='bbox 1931 1634 2131 1705; x_wconf 89' lang='lat' dir='ltr'><strong>gelium</strong></span> <span class='ocrx_word' id='word_1_237' title='bbox 2174 1642 2444 1703; x_wconf 84' lang='lat' dir='ltr'><strong>nostrum,</strong></span> <span class='ocrx_word' id='word_1_238' title='bbox 2476 1635 2532 1691; x_wconf 90' lang='lat' dir='ltr'><strong>in</strong></span> <span class='ocrx_word' id='word_1_239' title='bbox 2564 1635 2983 1708; x_wconf 87' lang='lat' dir='ltr'><strong>acquisitionem</strong></span> <span class='ocrx_word' id='word_1_240' title='bbox 3029 1638 3214 1709; x_wconf 74' lang='lat' dir='ltr'><strong>gloria:</strong></span> <span class='ocrx_word' id='word_1_241' title='bbox 3241 1638 3456 1694; x_wconf 89' lang='lat' dir='ltr'><strong>Domini</strong></span> <span class='ocrx_word' id='word_1_242' title='bbox 3488 1647 3493 1651; x_wconf 84' lang='grc'><em>’</em></span> 
     </span>
    </p>
   </div>
   <div class='ocr_carea' id='block_1_31' title="bbox 1884 1722 3459 1796">
    <p class='ocr_par' dir='ltr' id='par_1_31' title="bbox 1884 1722 3459 1796">
     <span class='ocr_line' id='line_1_31' title="bbox 1884 1722 3459 1796; baseline 0.005 -21"><span class='ocrx_word' id='word_1_243' title='bbox 1884 1743 1903 1775; x_wconf 79' lang='grc' dir='ltr'><strong>ι</strong></span> <span class='ocrx_word' id='word_1_244' title='bbox 1935 1723 2109 1778; x_wconf 89' lang='lat' dir='ltr'><strong>nostri</strong></span> <span class='ocrx_word' id='word_1_245' title='bbox 2132 1722 2260 1780; x_wconf 76' lang='lat' dir='ltr'><strong>Iesu</strong></span> <span class='ocrx_word' id='word_1_246' title='bbox 2288 1724 2516 1780; x_wconf 86' lang='lat' dir='ltr'><strong>Christi.</strong></span> <span class='ocrx_word' id='word_1_247' title='bbox 2543 1724 2754 1796; x_wconf 87' lang='lat' dir='ltr'><strong>Itaque,</strong></span> <span class='ocrx_word' id='word_1_248' title='bbox 2778 1725 3000 1794; x_wconf 84' lang='lat' dir='ltr'><strong>fratres,</strong></span> <span class='ocrx_word' id='word_1_249' title='bbox 3018 1736 3173 1795; x_wconf 87' lang='lat' dir='ltr'><strong>state,</strong></span> <span class='ocrx_word' id='word_1_250' title='bbox 3199 1737 3248 1782; x_wconf 87' lang='lat' dir='ltr'><strong>et</strong></span> <span class='ocrx_word' id='word_1_251' title='bbox 3280 1737 3459 1783; x_wconf 87' lang='lat' dir='ltr'><strong>tenete</strong></span> 
     </span>
    </p>
   </div>
   <div class='ocr_carea' id='block_1_32' title="bbox 1884 1813 3497 1889">
    <p class='ocr_par' dir='ltr' id='par_1_32' title="bbox 1884 1813 3497 1889">
     <span class='ocr_line' id='line_1_32' title="bbox 1884 1813 3497 1889; baseline 0.006 -25"><span class='ocrx_word' id='word_1_252' title='bbox 1884 1832 1903 1864; x_wconf 83' lang='grc' dir='ltr'><strong>ι</strong></span> <span class='ocrx_word' id='word_1_253' title='bbox 1932 1813 2253 1869; x_wconf 89' lang='lat' dir='ltr'><strong>traditiones</strong></span> <span class='ocrx_word' id='word_1_254' title='bbox 2304 1830 2445 1885; x_wconf 90' lang='lat' dir='ltr'><strong>quas</strong></span> <span class='ocrx_word' id='word_1_255' title='bbox 2492 1815 2761 1872; x_wconf 82' lang='lat' dir='ltr'><strong>didicistis</strong></span> <span class='ocrx_word' id='word_1_256' title='bbox 2789 1858 2805 1884; x_wconf 95' lang='lat'><strong>,</strong></span> <span class='ocrx_word' id='word_1_257' title='bbox 2859 1817 2974 1874; x_wconf 91' lang='lat' dir='ltr'><strong>sive</strong></span> <span class='ocrx_word' id='word_1_258' title='bbox 3001 1833 3096 1889; x_wconf 90' lang='lat' dir='ltr'><strong>per</strong></span> <span class='ocrx_word' id='word_1_259' title='bbox 3126 1834 3458 1885; x_wconf 85' lang='lat' dir='ltr'><strong>sermonem,</strong></span> <span class='ocrx_word' id='word_1_260' title='bbox 3490 1822 3497 1829; x_wconf 86' lang='grc'><strong><em>“</em></strong></span> 
     </span>
    </p>
   </div>
   <div class='ocr_carea' id='block_1_33' title="bbox 180 1903 3501 1979">
    <p class='ocr_par' dir='ltr' id='par_1_33' title="bbox 180 1903 3501 1979">
     <span class='ocr_line' id='line_1_33' title="bbox 180 1903 3501 1979; baseline 0 -16"><span class='ocrx_word' id='word_1_261' title='bbox 180 1910 305 1979; x_wconf 72' lang='lat' dir='ltr'><strong>ﬁeri</strong></span> <span class='ocrx_word' id='word_1_262' title='bbox 330 1911 388 1963; x_wconf 91' lang='lat' dir='ltr'><strong>in</strong></span> <span class='ocrx_word' id='word_1_263' title='bbox 419 1907 661 1963; x_wconf 88' lang='lat' dir='ltr'><strong>omnibus</strong></span> <span class='ocrx_word' id='word_1_264' title='bbox 684 1907 776 1978; x_wconf 85' lang='lat' dir='ltr'><strong>qui</strong></span> <span class='ocrx_word' id='word_1_265' title='bbox 798 1905 1158 1971; x_wconf 84' lang='lat' dir='ltr'><strong>crediderunt,</strong></span> <span class='ocrx_word' id='word_1_266' title='bbox 1185 1903 1240 1958; x_wconf 92' lang='lat' dir='ltr'><strong>id</strong></span> <span class='ocrx_word' id='word_1_267' title='bbox 1261 1912 1342 1960; x_wconf 86' lang='lat' dir='ltr'><strong>est</strong></span> <span class='ocrx_word' id='word_1_268' title='bbox 1368 1904 1462 1974; x_wconf 92' lang='lat' dir='ltr'><strong>qui</strong></span> <span class='ocrx_word' id='word_1_269' title='bbox 1484 1919 1584 1974; x_wconf 90' lang='lat' dir='ltr'><strong>per</strong></span> <span class='ocrx_word' id='word_1_270' title='bbox 1605 1903 1775 1959; x_wconf 89' lang='lat' dir='ltr'><strong>solam</strong></span> <span class='ocrx_word' id='word_1_271' title='bbox 1808 1903 1852 1960; x_wconf 82' lang='lat' dir='ltr'><strong>B</strong></span> <span class='ocrx_word' id='word_1_272' title='bbox 1888 1926 1906 1958; x_wconf 78' lang='grc' dir='ltr'><strong>ι</strong></span> <span class='ocrx_word' id='word_1_273' title='bbox 1937 1908 2052 1963; x_wconf 89' lang='lat' dir='ltr'><strong>sive</strong></span> <span class='ocrx_word' id='word_1_274' title='bbox 2080 1923 2177 1978; x_wconf 87' lang='lat' dir='ltr'><strong>per</strong></span> <span class='ocrx_word' id='word_1_275' title='bbox 2205 1906 2504 1977; x_wconf 89' lang='lat' dir='ltr'><strong>Epistolam</strong></span> <span class='ocrx_word' id='word_1_276' title='bbox 2541 1916 2806 1963; x_wconf 87' lang='lat' dir='ltr'><strong>nostram.</strong></span> <span class='ocrx_word' id='word_1_277' title='bbox 2840 1907 2959 1979; x_wconf 90' lang='lat' dir='ltr'><strong>Ipse</strong></span> <span class='ocrx_word' id='word_1_278' title='bbox 2986 1919 3167 1965; x_wconf 89' lang='lat' dir='ltr'><strong>autem</strong></span> <span class='ocrx_word' id='word_1_279' title='bbox 3197 1908 3462 1966; x_wconf 89' lang='lat' dir='ltr'><strong>Dominus</strong></span> <span class='ocrx_word' id='word_1_280' title='bbox 3496 1912 3501 1919; x_wconf 80' lang='lat'>&#39;</span> 
     </span>
    </p>
   </div>
   <div class='ocr_carea' id='block_1_34' title="bbox 181 1994 1779 2065">
    <p class='ocr_par' dir='ltr' id='par_1_34' title="bbox 181 1994 1779 2065">
     <span class='ocr_line' id='line_1_34' title="bbox 181 1994 1779 2065; baseline -0.004 -9"><span class='ocrx_word' id='word_1_281' title='bbox 181 2001 352 2056; x_wconf 89' lang='lat' dir='ltr'><strong>ﬁdem</strong></span> <span class='ocrx_word' id='word_1_282' title='bbox 383 1999 761 2064; x_wconf 84' lang='lat' dir='ltr'><strong>salvabuntur,</strong></span> <span class='ocrx_word' id='word_1_283' title='bbox 794 1996 841 2052; x_wconf 92' lang='lat' dir='ltr'><strong>si</strong></span> <span class='ocrx_word' id='word_1_284' title='bbox 886 2003 1100 2052; x_wconf 67' lang='lat' dir='ltr'><strong>aetatem</strong></span> <span class='ocrx_word' id='word_1_285' title='bbox 1127 1994 1391 2065; x_wconf 84' lang='lat' dir='ltr'><strong>cperandi</strong></span> <span class='ocrx_word' id='word_1_286' title='bbox 1434 2009 1542 2051; x_wconf 91' lang='lat' dir='ltr'><strong>non</strong></span> <span class='ocrx_word' id='word_1_287' title='bbox 1572 1994 1779 2050; x_wconf 85' lang='lat' dir='ltr'><strong>habue—</strong></span> 
     </span>
    </p>
   </div>
   <div class='ocr_carea' id='block_1_35' title="bbox 180 2085 1781 2156">
    <p class='ocr_par' dir='ltr' id='par_1_35' title="bbox 180 2085 1781 2156">
     <span class='ocr_line' id='line_1_35' title="bbox 180 2085 1781 2156; baseline -0.006 -9"><span class='ocrx_word' id='word_1_288' title='bbox 180 2092 317 2147; x_wconf 90' lang='lat' dir='ltr'><strong>rint.</strong></span> <span class='ocrx_word' id='word_1_289' title='bbox 374 2089 500 2144; x_wconf 90' lang='lat' dir='ltr'><strong>Ideo</strong></span> <span class='ocrx_word' id='word_1_290' title='bbox 533 2088 800 2144; x_wconf 88' lang='lat' dir='ltr'><strong>retribuet</strong></span> <span class='ocrx_word' id='word_1_291' title='bbox 840 2086 995 2142; x_wconf 88' lang='lat' dir='ltr'><strong>vobis</strong></span> <span class='ocrx_word' id='word_1_292' title='bbox 1046 2086 1291 2156; x_wconf 90' lang='lat' dir='ltr'><strong>requiem</strong></span> <span class='ocrx_word' id='word_1_293' title='bbox 1316 2127 1331 2153; x_wconf 90' lang='lat'><strong>,</strong></span> <span class='ocrx_word' id='word_1_294' title='bbox 1375 2085 1505 2156; x_wconf 88' lang='lat' dir='ltr'><strong>quia</strong></span> <span class='ocrx_word' id='word_1_295' title='bbox 1535 2085 1781 2139; x_wconf 86' lang='lat' dir='ltr'><strong>testimo-</strong></span> 
     </span>
    </p>
   </div>
   <div class='ocr_carea' id='block_1_36' title="bbox 182 2175 1779 2247">
    <p class='ocr_par' dir='ltr' id='par_1_36' title="bbox 182 2175 1779 2247">
     <span class='ocr_line' id='line_1_36' title="bbox 182 2175 1779 2247; baseline -0.004 -12"><span class='ocrx_word' id='word_1_296' title='bbox 182 2181 344 2236; x_wconf 89' lang='lat' dir='ltr'><strong>nium</strong></span> <span class='ocrx_word' id='word_1_297' title='bbox 373 2186 624 2234; x_wconf 89' lang='lat' dir='ltr'><strong>nostrum</strong></span> <span class='ocrx_word' id='word_1_298' title='bbox 644 2178 701 2232; x_wconf 88' lang='lat' dir='ltr'><strong>in</strong></span> <span class='ocrx_word' id='word_1_299' title='bbox 726 2178 813 2232; x_wconf 87' lang='lat' dir='ltr'><strong>die</strong></span> <span class='ocrx_word' id='word_1_300' title='bbox 842 2177 961 2244; x_wconf 91' lang='lat' dir='ltr'><strong>illo,</strong></span> <span class='ocrx_word' id='word_1_301' title='bbox 994 2177 1049 2233; x_wconf 90' lang='lat' dir='ltr'><strong>id</strong></span> <span class='ocrx_word' id='word_1_302' title='bbox 1071 2175 1302 2244; x_wconf 87' lang='lat' dir='ltr'><strong>esthoc,</strong></span> <span class='ocrx_word' id='word_1_303' title='bbox 1331 2176 1477 2247; x_wconf 91' lang='lat' dir='ltr'><strong>quod</strong></span> <span class='ocrx_word' id='word_1_304' title='bbox 1507 2175 1779 2231; x_wconf 88' lang='lat' dir='ltr'><strong>testiﬁcati</strong></span> 
     </span>
    </p>
   </div>
   <div class='ocr_carea' id='block_1_37' title="bbox 182 2267 1781 2340">
    <p class='ocr_par' dir='ltr' id='par_1_37' title="bbox 182 2267 1781 2340">
     <span class='ocr_line' id='line_1_37' title="bbox 182 2267 1781 2340; baseline -0.001 -16"><span class='ocrx_word' id='word_1_305' title='bbox 182 2285 389 2326; x_wconf 80' lang='lat' dir='ltr'><strong>sumus</strong></span> <span class='ocrx_word' id='word_1_306' title='bbox 412 2269 571 2325; x_wconf 88' lang='lat' dir='ltr'><strong>vobis</strong></span> <span class='ocrx_word' id='word_1_307' title='bbox 591 2269 658 2325; x_wconf 88' lang='lat' dir='ltr'><strong>de</strong></span> <span class='ocrx_word' id='word_1_308' title='bbox 681 2269 771 2324; x_wconf 84' lang='lat' dir='ltr'><strong>die</strong></span> <span class='ocrx_word' id='word_1_309' title='bbox 801 2269 892 2324; x_wconf 89' lang='lat' dir='ltr'><strong>illo</strong></span> <span class='ocrx_word' id='word_1_310' title='bbox 927 2283 1039 2340; x_wconf 88' lang='lat' dir='ltr'><strong>quo</strong></span> <span class='ocrx_word' id='word_1_311' title='bbox 1059 2268 1265 2324; x_wconf 88' lang='lat' dir='ltr'><strong>sanctis</strong></span> <span class='ocrx_word' id='word_1_312' title='bbox 1289 2267 1532 2338; x_wconf 86' lang='lat' dir='ltr'><strong>requiem</strong></span> <span class='ocrx_word' id='word_1_313' title='bbox 1548 2309 1565 2335; x_wconf 97' lang='lat'><strong>,</strong></span> <span class='ocrx_word' id='word_1_314' title='bbox 1600 2267 1781 2337; x_wconf 89' lang='lat' dir='ltr'><strong>impiis</strong></span> 
     </span>
    </p>
   </div>
   <div class='ocr_carea' id='block_1_38' title="bbox 184 2359 1781 2430">
    <p class='ocr_par' dir='ltr' id='par_1_38' title="bbox 184 2359 1781 2430">
     <span class='ocr_line' id='line_1_38' title="bbox 184 2359 1781 2430; baseline -0.003 -15"><span class='ocrx_word' id='word_1_315' title='bbox 184 2362 456 2417; x_wconf 86' lang='lat' dir='ltr'><strong>retribuet</strong></span> <span class='ocrx_word' id='word_1_316' title='bbox 482 2360 916 2416; x_wconf 87' lang='lat' dir='ltr'><strong>tribulationem:</strong></span> <span class='ocrx_word' id='word_1_317' title='bbox 947 2361 1073 2426; x_wconf 91' lang='lat' dir='ltr'><strong>hoc,</strong></span> <span class='ocrx_word' id='word_1_318' title='bbox 1101 2359 1347 2430; x_wconf 91' lang='lat' dir='ltr'><strong>inquam,</strong></span> <span class='ocrx_word' id='word_1_319' title='bbox 1373 2359 1631 2413; x_wconf 88' lang='lat' dir='ltr'><strong>creditum</strong></span> <span class='ocrx_word' id='word_1_320' title='bbox 1650 2367 1730 2412; x_wconf 88' lang='lat' dir='ltr'><strong>est</strong></span> <span class='ocrx_word' id='word_1_321' title='bbox 1750 2373 1781 2412; x_wconf 95' lang='lat' dir='ltr'><strong>a</strong></span> 
     </span>
    </p>
   </div>
   <div class='ocr_carea' id='block_1_39' title="bbox 185 2449 1778 2522">
    <p class='ocr_par' dir='ltr' id='par_1_39' title="bbox 185 2449 1778 2522">
     <span class='ocr_line' id='line_1_39' title="bbox 185 2449 1778 2522; baseline -0.001 -17"><span class='ocrx_word' id='word_1_322' title='bbox 185 2452 368 2517; x_wconf 80' lang='lat' dir='ltr'><strong>vobis,</strong></span> <span class='ocrx_word' id='word_1_323' title='bbox 396 2451 526 2522; x_wconf 89' lang='lat' dir='ltr'><strong>quia</strong></span> <span class='ocrx_word' id='word_1_324' title='bbox 553 2451 692 2507; x_wconf 88' lang='lat' dir='ltr'><strong>bene</strong></span> <span class='ocrx_word' id='word_1_325' title='bbox 720 2451 1029 2507; x_wconf 89' lang='lat' dir='ltr'><strong>credidistis</strong></span> <span class='ocrx_word' id='word_1_326' title='bbox 1058 2451 1187 2506; x_wconf 86' lang='lat' dir='ltr'><strong>huic</strong></span> <span class='ocrx_word' id='word_1_327' title='bbox 1220 2449 1538 2504; x_wconf 90' lang='lat' dir='ltr'><strong>testimonio</strong></span> <span class='ocrx_word' id='word_1_328' title='bbox 1564 2455 1778 2515; x_wconf 85' lang='lat' dir='ltr'><strong>nostro,</strong></span> 
     </span>
    </p>
   </div>
   <div class='ocr_carea' id='block_1_40' title="bbox 186 2541 1782 2614">
    <p class='ocr_par' dir='ltr' id='par_1_40' title="bbox 186 2541 1782 2614">
     <span class='ocr_line' id='line_1_40' title="bbox 186 2541 1782 2614; baseline 0 -19"><span class='ocrx_word' id='word_1_329' title='bbox 186 2543 340 2614; x_wconf 88' lang='lat' dir='ltr'><strong>quod</strong></span> <span class='ocrx_word' id='word_1_330' title='bbox 378 2543 741 2597; x_wconf 83' lang='lat' dir='ltr'><strong>testimonium</strong></span> <span class='ocrx_word' id='word_1_331' title='bbox 770 2541 875 2597; x_wconf 89' lang='lat' dir='ltr'><strong>fuit</strong></span> <span class='ocrx_word' id='word_1_332' title='bbox 907 2559 1069 2612; x_wconf 42' lang='lat' dir='ltr'><strong>super,</strong></span> <span class='ocrx_word' id='word_1_333' title='bbox 1092 2558 1201 2608; x_wconf 86' lang='lat' dir='ltr'><strong>vos,</strong></span> <span class='ocrx_word' id='word_1_334' title='bbox 1234 2541 1364 2613; x_wconf 85' lang='lat' dir='ltr'><strong>quia</strong></span> <span class='ocrx_word' id='word_1_335' title='bbox 1398 2541 1537 2597; x_wconf 84' lang='lat' dir='ltr'><strong>bene</strong></span> <span class='ocrx_word' id='word_1_336' title='bbox 1577 2554 1782 2610; x_wconf 88' lang='lat' dir='ltr'><strong>suppo-</strong></span> 
     </span>
    </p>
   </div>
   <div class='ocr_carea' id='block_1_41' title="bbox 186 2617 1778 2703">
    <p class='ocr_par' dir='ltr' id='par_1_41' title="bbox 186 2617 1778 2703">
     <span class='ocr_line' id='line_1_41' title="bbox 186 2617 1778 2703; baseline -0.002 -15"><span class='ocrx_word' id='word_1_337' title='bbox 186 2632 387 2688; x_wconf 86' lang='lat' dir='ltr'><strong>suistis</strong></span> <span class='ocrx_word' id='word_1_338' title='bbox 446 2631 670 2687; x_wconf 86' lang='lat' dir='ltr'><strong>dorsum</strong></span> <span class='ocrx_word' id='word_1_339' title='bbox 723 2633 878 2689; x_wconf 89' lang='lat' dir='ltr'><strong>oneri</strong></span> <span class='ocrx_word' id='word_1_340' title='bbox 928 2617 1293 2703; x_wconf 84' lang='lat' dir='ltr'><strong>quodcunque</strong></span> <span class='ocrx_word' id='word_1_341' title='bbox 1343 2631 1778 2702; x_wconf 89' lang='lat' dir='ltr'><strong>imponebamus,</strong></span> 
     </span>
    </p>
   </div>
   <div class='ocr_carea' id='block_1_42' title="bbox 187 2719 1817 2792">
    <p class='ocr_par' dir='ltr' id='par_1_42' title="bbox 187 2719 1817 2792">
     <span class='ocr_line' id='line_1_42' title="bbox 187 2719 1817 2792; baseline -0.002 -15"><span class='ocrx_word' id='word_1_342' title='bbox 187 2720 481 2777; x_wconf 86' lang='lat' dir='ltr'><strong>credentes</strong></span> <span class='ocrx_word' id='word_1_343' title='bbox 507 2730 562 2776; x_wconf 89' lang='lat' dir='ltr'><strong>et</strong></span> <span class='ocrx_word' id='word_1_344' title='bbox 588 2731 874 2791; x_wconf 84' lang='lat' dir='ltr'><strong>operantes</strong></span> <span class='ocrx_word' id='word_1_345' title='bbox 898 2721 1046 2792; x_wconf 89' lang='lat' dir='ltr'><strong>quod</strong></span> <span class='ocrx_word' id='word_1_346' title='bbox 1074 2720 1431 2786; x_wconf 89' lang='lat' dir='ltr'><strong>docebamus,</strong></span> <span class='ocrx_word' id='word_1_347' title='bbox 1471 2721 1529 2773; x_wconf 89' lang='lat' dir='ltr'><strong>in</strong></span> <span class='ocrx_word' id='word_1_348' title='bbox 1557 2737 1659 2791; x_wconf 88' lang='lat' dir='ltr'><strong>quo</strong></span> <span class='ocrx_word' id='word_1_349' title='bbox 1695 2719 1782 2774; x_wconf 88' lang='lat' dir='ltr'><strong>die</strong></span> <span class='ocrx_word' id='word_1_350' title='bbox 1811 2732 1817 2737; x_wconf 81' lang='lat'>&#39;</span> 
     </span>
    </p>
   </div>
   <div class='ocr_carea' id='block_1_43' title="bbox 189 2809 1781 2883">
    <p class='ocr_par' dir='ltr' id='par_1_43' title="bbox 189 2809 1781 2883">
     <span class='ocr_line' id='line_1_43' title="bbox 189 2809 1781 2883; baseline -0.002 -18"><span class='ocrx_word' id='word_1_351' title='bbox 189 2820 250 2865; x_wconf 83' lang='lat' dir='ltr'><strong>ut</strong></span> <span class='ocrx_word' id='word_1_352' title='bbox 278 2811 556 2868; x_wconf 89' lang='lat' dir='ltr'><strong>Dominus</strong></span> <span class='ocrx_word' id='word_1_353' title='bbox 607 2812 871 2883; x_wconf 80' lang='lat' dir='ltr'><strong>dignetur,</strong></span> <span class='ocrx_word' id='word_1_354' title='bbox 923 2811 978 2867; x_wconf 92' lang='lat' dir='ltr'><strong>id</strong></span> <span class='ocrx_word' id='word_1_355' title='bbox 1021 2819 1106 2867; x_wconf 87' lang='lat' dir='ltr'><strong>est</strong></span> <span class='ocrx_word' id='word_1_356' title='bbox 1153 2809 1320 2866; x_wconf 77' lang='lat' dir='ltr'><strong>faciat</strong></span> <span class='ocrx_word' id='word_1_357' title='bbox 1345 2826 1432 2864; x_wconf 89' lang='lat' dir='ltr'><strong>vos</strong></span> <span class='ocrx_word' id='word_1_358' title='bbox 1461 2809 1663 2880; x_wconf 85' lang='lat' dir='ltr'><strong>dignos</strong></span> <span class='ocrx_word' id='word_1_359' title='bbox 1683 2825 1781 2863; x_wconf 86' lang='lat' dir='ltr'><strong>sua</strong></span> 
     </span>
    </p>
   </div>
   <div class='ocr_carea' id='block_1_44' title="bbox 191 2900 1817 2974">
    <p class='ocr_par' dir='ltr' id='par_1_44' title="bbox 191 2900 1817 2974">
     <span class='ocr_line' id='line_1_44' title="bbox 191 2900 1817 2974; baseline -0.001 -17"><span class='ocrx_word' id='word_1_360' title='bbox 191 2905 473 2957; x_wconf 84' lang='lat' dir='ltr'><strong>vocatione</strong></span> <span class='ocrx_word' id='word_1_361' title='bbox 490 2943 505 2970; x_wconf 95' lang='lat'><strong>,</strong></span> <span class='ocrx_word' id='word_1_362' title='bbox 531 2918 624 2957; x_wconf 85' lang='lat' dir='ltr'><strong>nos</strong></span> <span class='ocrx_word' id='word_1_363' title='bbox 656 2903 819 2957; x_wconf 88' lang='lat' dir='ltr'><strong>etiam</strong></span> <span class='ocrx_word' id='word_1_364' title='bbox 841 2919 1043 2974; x_wconf 84' lang='lat' dir='ltr'><strong>semper</strong></span> <span class='ocrx_word' id='word_1_365' title='bbox 1068 2917 1283 2957; x_wconf 88' lang='lat' dir='ltr'><strong>oramus</strong></span> <span class='ocrx_word' id='word_1_366' title='bbox 1326 2918 1422 2972; x_wconf 81' lang='lat' dir='ltr'><strong>pro</strong></span> <span class='ocrx_word' id='word_1_367' title='bbox 1449 2902 1614 2968; x_wconf 82' lang='lat' dir='ltr'><strong>vobis,</strong></span> <span class='ocrx_word' id='word_1_368' title='bbox 1637 2909 1697 2956; x_wconf 91' lang='lat' dir='ltr'><strong>ut</strong></span> <span class='ocrx_word' id='word_1_369' title='bbox 1724 2900 1780 2955; x_wconf 89' lang='lat' dir='ltr'><strong>in</strong></span> <span class='ocrx_word' id='word_1_370' title='bbox 1812 2912 1817 2915; x_wconf 72' lang='lat'>‘</span> 
     </span>
    </p>
   </div>
   <div class='ocr_carea' id='block_1_45' title="bbox 192 2993 1783 3065">
    <p class='ocr_par' dir='ltr' id='par_1_45' title="bbox 192 2993 1783 3065">
     <span class='ocr_line' id='line_1_45' title="bbox 192 2993 1783 3065; baseline -0.003 -17"><span class='ocrx_word' id='word_1_371' title='bbox 192 2993 386 3049; x_wconf 88' lang='lat' dir='ltr'><strong>futuro</strong></span> <span class='ocrx_word' id='word_1_372' title='bbox 414 2994 661 3065; x_wconf 88' lang='lat' dir='ltr'><strong>dignetur</strong></span> <span class='ocrx_word' id='word_1_373' title='bbox 684 3010 793 3061; x_wconf 86' lang='lat' dir='ltr'><strong>vos,</strong></span> <span class='ocrx_word' id='word_1_374' title='bbox 816 3003 869 3049; x_wconf 92' lang='lat' dir='ltr'><strong>et</strong></span> <span class='ocrx_word' id='word_1_375' title='bbox 888 3001 949 3049; x_wconf 89' lang='lat' dir='ltr'><strong>ut</strong></span> <span class='ocrx_word' id='word_1_376' title='bbox 979 2994 1034 3048; x_wconf 90' lang='lat' dir='ltr'><strong>in</strong></span> <span class='ocrx_word' id='word_1_377' title='bbox 1062 2993 1316 3065; x_wconf 77' lang='lat' dir='ltr'><strong>praesenti</strong></span> <span class='ocrx_word' id='word_1_378' title='bbox 1336 2993 1555 3063; x_wconf 89' lang='lat' dir='ltr'><strong>impleat</strong></span> <span class='ocrx_word' id='word_1_379' title='bbox 1577 3007 1783 3045; x_wconf 89' lang='lat' dir='ltr'><strong>omnem</strong></span> 
     </span>
    </p>
   </div>
   <div class='ocr_carea' id='block_1_46' title="bbox 192 3085 1780 3155">
    <p class='ocr_par' dir='ltr' id='par_1_46' title="bbox 192 3085 1780 3155">
     <span class='ocr_line' id='line_1_46' title="bbox 192 3085 1780 3155; baseline -0.002 -14"><span class='ocrx_word' id='word_1_380' title='bbox 192 3085 524 3141; x_wconf 79' lang='lat' dir='ltr'><strong>voluntatem</strong></span> <span class='ocrx_word' id='word_1_381' title='bbox 559 3086 843 3154; x_wconf 80' lang='lat' dir='ltr'><strong>bonitatis,</strong></span> <span class='ocrx_word' id='word_1_382' title='bbox 879 3086 932 3140; x_wconf 90' lang='lat' dir='ltr'><strong>id</strong></span> <span class='ocrx_word' id='word_1_383' title='bbox 962 3093 1046 3141; x_wconf 90' lang='lat' dir='ltr'><strong>est</strong></span> <span class='ocrx_word' id='word_1_384' title='bbox 1073 3086 1131 3140; x_wconf 89' lang='lat' dir='ltr'><strong>in</strong></span> <span class='ocrx_word' id='word_1_385' title='bbox 1169 3085 1427 3141; x_wconf 91' lang='lat' dir='ltr'><strong>omnibus</strong></span> <span class='ocrx_word' id='word_1_386' title='bbox 1464 3085 1532 3140; x_wconf 91' lang='lat' dir='ltr'><strong>ad</strong></span> <span class='ocrx_word' id='word_1_387' title='bbox 1559 3085 1780 3155; x_wconf 84' lang='lat' dir='ltr'><strong>plenum</strong></span> 
     </span>
    </p>
   </div>
   <div class='ocr_carea' id='block_1_47' title="bbox 191 3175 1781 3246">
    <p class='ocr_par' dir='ltr' id='par_1_47' title="bbox 191 3175 1781 3246">
     <span class='ocr_line' id='line_1_47' title="bbox 191 3175 1781 3246; baseline -0.004 -11"><span class='ocrx_word' id='word_1_388' title='bbox 191 3179 400 3235; x_wconf 81' lang='lat' dir='ltr'><strong>bonam</strong></span> <span class='ocrx_word' id='word_1_389' title='bbox 446 3177 781 3232; x_wconf 84' lang='lat' dir='ltr'><strong>voluntatem</strong></span> <span class='ocrx_word' id='word_1_390' title='bbox 812 3177 1078 3243; x_wconf 85' lang='lat' dir='ltr'><strong>habeatis,</strong></span> <span class='ocrx_word' id='word_1_391' title='bbox 1116 3185 1166 3231; x_wconf 89' lang='lat' dir='ltr'><strong>et</strong></span> <span class='ocrx_word' id='word_1_392' title='bbox 1197 3184 1257 3231; x_wconf 88' lang='lat' dir='ltr'><strong>ut</strong></span> <span class='ocrx_word' id='word_1_393' title='bbox 1286 3175 1508 3246; x_wconf 86' lang='lat' dir='ltr'><strong>impleat</strong></span> <span class='ocrx_word' id='word_1_394' title='bbox 1536 3182 1591 3230; x_wconf 85' lang='lat' dir='ltr'><strong>in</strong></span> <span class='ocrx_word' id='word_1_395' title='bbox 1623 3175 1781 3230; x_wconf 82' lang='lat' dir='ltr'><strong>vobis</strong></span> 
     </span>
    </p>
   </div>
   <div class='ocr_carea' id='block_1_48' title="bbox 196 3266 1783 3339">
    <p class='ocr_par' dir='ltr' id='par_1_48' title="bbox 196 3266 1783 3339">
     <span class='ocr_line' id='line_1_48' title="bbox 196 3266 1783 3339; baseline -0.001 -18"><span class='ocrx_word' id='word_1_396' title='bbox 196 3285 330 3339; x_wconf 83' lang='lat' dir='ltr'><strong>opus</strong></span> <span class='ocrx_word' id='word_1_397' title='bbox 359 3268 509 3338; x_wconf 81' lang='lat' dir='ltr'><strong>ﬁdei.</strong></span> <span class='ocrx_word' id='word_1_398' title='bbox 550 3266 810 3323; x_wconf 90' lang='lat' dir='ltr'><strong>Conﬁteri</strong></span> <span class='ocrx_word' id='word_1_399' title='bbox 834 3267 1114 3337; x_wconf 88' lang='lat' dir='ltr'><strong>Christum</strong></span> <span class='ocrx_word' id='word_1_400' title='bbox 1147 3268 1203 3322; x_wconf 87' lang='lat' dir='ltr'><strong>in</strong></span> <span class='ocrx_word' id='word_1_401' title='bbox 1232 3267 1405 3325; x_wconf 89' lang='lat' dir='ltr'><strong>oculis</strong></span> <span class='ocrx_word' id='word_1_402' title='bbox 1449 3281 1783 3337; x_wconf 87' lang='lat' dir='ltr'><strong>persequen-</strong></span> 
     </span>
    </p>
   </div>
   <div class='ocr_carea' id='block_1_49' title="bbox 192 3356 1780 3464">
    <p class='ocr_par' dir='ltr' id='par_1_49' title="bbox 192 3356 1780 3464">
     <span class='ocr_line' id='line_1_49' title="bbox 192 3356 1780 3464; baseline -0.003 -48"><span class='ocrx_word' id='word_1_403' title='bbox 192 3362 361 3464; x_wconf 53' lang='lat' dir='ltr'><strong>tium,</strong></span> <span class='ocrx_word' id='word_1_404' title='bbox 384 3361 490 3415; x_wconf 90' lang='lat' dir='ltr'><strong>hoc</strong></span> <span class='ocrx_word' id='word_1_405' title='bbox 510 3367 593 3416; x_wconf 91' lang='lat' dir='ltr'><strong>est</strong></span> <span class='ocrx_word' id='word_1_406' title='bbox 619 3374 758 3429; x_wconf 88' lang='lat' dir='ltr'><strong>opus</strong></span> <span class='ocrx_word' id='word_1_407' title='bbox 775 3360 923 3463; x_wconf 83' lang='lat' dir='ltr'><strong>quod</strong></span> <span class='ocrx_word' id='word_1_408' title='bbox 952 3359 1087 3464; x_wconf 76' lang='lat' dir='ltr'><strong>ﬁdes</strong></span> <span class='ocrx_word' id='word_1_409' title='bbox 1114 3359 1298 3429; x_wconf 83' lang='lat' dir='ltr'><strong>exigit.</strong></span> <span class='ocrx_word' id='word_1_410' title='bbox 1312 3356 1614 3464; x_wconf 50' lang='lat' dir='ltr'><strong>Dptis‘ﬁdei</strong></span> <span class='ocrx_word' id='word_1_411' title='bbox 1637 3358 1780 3424; x_wconf 90' lang='lat' dir='ltr'><strong>dico,</strong></span> 
     </span>
    </p>
   </div>
   <div class='ocr_carea' id='block_1_50' title="bbox 196 3449 1781 3521">
    <p class='ocr_par' dir='ltr' id='par_1_50' title="bbox 196 3449 1781 3521">
     <span class='ocr_line' id='line_1_50' title="bbox 196 3449 1781 3521; baseline -0.001 -16"><span class='ocrx_word' id='word_1_412' title='bbox 196 3449 255 3505; x_wconf 84' lang='lat' dir='ltr'><strong>in</strong></span> <span class='ocrx_word' id='word_1_413' title='bbox 293 3452 493 3506; x_wconf 80' lang='lat' dir='ltr'><strong>virtute</strong></span> <span class='ocrx_word' id='word_1_414' title='bbox 518 3466 538 3505; x_wconf 92' lang='lat'><strong><em>:</em></strong></span> <span class='ocrx_word' id='word_1_415' title='bbox 577 3466 702 3506; x_wconf 92' lang='lat' dir='ltr'><strong>cum</strong></span> <span class='ocrx_word' id='word_1_416' title='bbox 728 3451 871 3507; x_wconf 88' lang='lat' dir='ltr'><strong>enim</strong></span> <span class='ocrx_word' id='word_1_417' title='bbox 902 3452 1191 3506; x_wconf 86' lang='lat' dir='ltr'><strong>conﬁtetur</strong></span> <span class='ocrx_word' id='word_1_418' title='bbox 1237 3451 1362 3521; x_wconf 90' lang='lat' dir='ltr'><strong>quis</strong></span> <span class='ocrx_word' id='word_1_419' title='bbox 1406 3449 1568 3506; x_wconf 89' lang='lat' dir='ltr'><strong>ﬁdem</strong></span> <span class='ocrx_word' id='word_1_420' title='bbox 1599 3464 1781 3504; x_wconf 89' lang='lat' dir='ltr'><strong>coram</strong></span> 
     </span>
    </p>
   </div>
   <div class='ocr_carea' id='block_1_51' title="bbox 196 3540 1780 3613">
    <p class='ocr_par' dir='ltr' id='par_1_51' title="bbox 196 3540 1780 3613">
     <span class='ocr_line' id='line_1_51' title="bbox 196 3540 1780 3613; baseline -0.003 -14"><span class='ocrx_word' id='word_1_421' title='bbox 196 3552 581 3613; x_wconf 77' lang='lat' dir='ltr'><strong>persequente,</strong></span> <span class='ocrx_word' id='word_1_422' title='bbox 621 3552 753 3598; x_wconf 90' lang='lat' dir='ltr'><strong>tunc</strong></span> <span class='ocrx_word' id='word_1_423' title='bbox 793 3542 1101 3598; x_wconf 90' lang='lat' dir='ltr'><strong>necessaria</strong></span> <span class='ocrx_word' id='word_1_424' title='bbox 1127 3550 1211 3598; x_wconf 86' lang='lat' dir='ltr'><strong>est</strong></span> <span class='ocrx_word' id='word_1_425' title='bbox 1237 3542 1412 3597; x_wconf 88' lang='lat' dir='ltr'><strong>virtus</strong></span> <span class='ocrx_word' id='word_1_426' title='bbox 1442 3540 1780 3597; x_wconf 60' lang='lat' dir='ltr'><strong>constantiae.</strong></span> 
     </span>
    </p>
   </div>
   <div class='ocr_carea' id='block_1_52' title="bbox 199 3631 1785 3691">
    <p class='ocr_par' dir='ltr' id='par_1_52' title="bbox 199 3631 1785 3691">
     <span class='ocr_line' id='line_1_52' title="bbox 199 3631 1785 3691; baseline -0.003 -2"><span class='ocrx_word' id='word_1_427' title='bbox 199 3632 441 3690; x_wconf 86' lang='lat' dir='ltr'><strong>Oramus</strong></span> <span class='ocrx_word' id='word_1_428' title='bbox 468 3635 718 3690; x_wconf 79' lang='lat' dir='ltr'><strong>etiam&#39;ut</strong></span> <span class='ocrx_word' id='word_1_429' title='bbox 745 3651 930 3689; x_wconf 85' lang='lat' dir='ltr'><strong>nomen</strong></span> <span class='ocrx_word' id='word_1_430' title='bbox 971 3632 1186 3691; x_wconf 85' lang='lat' dir='ltr'><strong>Domini</strong></span> <span class='ocrx_word' id='word_1_431' title='bbox 1223 3635 1389 3689; x_wconf 83' lang='lat' dir='ltr'><strong>nostri</strong></span> <span class='ocrx_word' id='word_1_432' title='bbox 1415 3632 1542 3687; x_wconf 75' lang='lat' dir='ltr'><strong>Iesu</strong></span> <span class='ocrx_word' id='word_1_433' title='bbox 1583 3631 1785 3689; x_wconf 82' lang='lat' dir='ltr'><strong>Christi</strong></span> 
     </span>
    </p>
   </div>
   <div class='ocr_carea' id='block_1_53' title="bbox 199 3722 1784 3796">
    <p class='ocr_par' dir='ltr' id='par_1_53' title="bbox 199 3722 1784 3796">
     <span class='ocr_line' id='line_1_53' title="bbox 199 3722 1784 3796; baseline -0.003 -15"><span class='ocrx_word' id='word_1_434' title='bbox 199 3727 257 3782; x_wconf 87' lang='lat' dir='ltr'><strong>in</strong></span> <span class='ocrx_word' id='word_1_435' title='bbox 278 3727 377 3781; x_wconf 78' lang='lat' dir='ltr'><strong>hoc</strong></span> <span class='ocrx_word' id='word_1_436' title='bbox 408 3727 604 3791; x_wconf 89' lang='lat' dir='ltr'><strong>mundo</strong></span> <span class='ocrx_word' id='word_1_437' title='bbox 644 3725 968 3796; x_wconf 80' lang='lat' dir='ltr'><strong>clariﬁcetur</strong></span> <span class='ocrx_word' id='word_1_438' title='bbox 992 3726 1045 3779; x_wconf 92' lang='lat' dir='ltr'><strong>in</strong></span> <span class='ocrx_word' id='word_1_439' title='bbox 1087 3726 1252 3791; x_wconf 83' lang='lat' dir='ltr'><strong>vobis,</strong></span> <span class='ocrx_word' id='word_1_440' title='bbox 1291 3722 1591 3781; x_wconf 89' lang='lat' dir='ltr'><strong>secundum</strong></span> <span class='ocrx_word' id='word_1_441' title='bbox 1622 3722 1784 3780; x_wconf 90' lang='lat' dir='ltr'><strong>ﬁdem</strong></span> 
     </span>
    </p>
   </div>
   <div class='ocr_carea' id='block_1_54' title="bbox 199 3815 1785 3889">
    <p class='ocr_par' dir='ltr' id='par_1_54' title="bbox 199 3815 1785 3889">
     <span class='ocr_line' id='line_1_54' title="bbox 199 3815 1785 3889; baseline -0.001 -17"><span class='ocrx_word' id='word_1_442' title='bbox 199 3819 515 3889; x_wconf 88' lang='lat' dir='ltr'><strong>agentibus,</strong></span> <span class='ocrx_word' id='word_1_443' title='bbox 544 3828 594 3873; x_wconf 85' lang='lat' dir='ltr'><strong>et</strong></span> <span class='ocrx_word' id='word_1_444' title='bbox 639 3827 699 3874; x_wconf 90' lang='lat' dir='ltr'><strong>ut</strong></span> <span class='ocrx_word' id='word_1_445' title='bbox 732 3834 819 3873; x_wconf 90' lang='lat' dir='ltr'><strong>vos</strong></span> <span class='ocrx_word' id='word_1_446' title='bbox 862 3819 918 3873; x_wconf 92' lang='lat' dir='ltr'><strong>in</strong></span> <span class='ocrx_word' id='word_1_447' title='bbox 969 3818 1154 3873; x_wconf 75' lang='lat' dir='ltr'><strong>futuro</strong></span> <span class='ocrx_word' id='word_1_448' title='bbox 1182 3818 1553 3876; x_wconf 87' lang='lat' dir='ltr'><strong>clariﬁcemini</strong></span> <span class='ocrx_word' id='word_1_449' title='bbox 1588 3817 1645 3870; x_wconf 91' lang='lat' dir='ltr'><strong>in</strong></span> <span class='ocrx_word' id='word_1_450' title='bbox 1689 3815 1785 3871; x_wconf 88' lang='lat' dir='ltr'><strong>illo</strong></span> 
     </span>
    </p>
   </div>
   <div class='ocr_carea' id='block_1_55' title="bbox 198 3909 1783 3977">
    <p class='ocr_par' dir='ltr' id='par_1_55' title="bbox 198 3909 1783 3977">
     <span class='ocr_line' id='line_1_55' title="bbox 198 3909 1783 3977; baseline -0.001 -13"><span class='ocrx_word' id='word_1_451' title='bbox 198 3920 588 3965; x_wconf 86' lang='lat' dir='ltr'><strong>remunerante</strong></span> <span class='ocrx_word' id='word_1_452' title='bbox 605 3909 780 3977; x_wconf 87' lang='lat' dir='ltr'><strong>vobis,</strong></span> <span class='ocrx_word' id='word_1_453' title='bbox 803 3924 914 3966; x_wconf 90' lang='lat' dir='ltr'><strong>non</strong></span> <span class='ocrx_word' id='word_1_454' title='bbox 937 3910 1222 3964; x_wconf 87' lang='lat' dir='ltr'><strong>secundum</strong></span> <span class='ocrx_word' id='word_1_455' title='bbox 1245 3910 1498 3965; x_wconf 90' lang='lat' dir='ltr'><strong>meritum</strong></span> <span class='ocrx_word' id='word_1_456' title='bbox 1521 3916 1783 3973; x_wconf 86' lang='lat' dir='ltr'><strong>vestrum,</strong></span> 
     </span>
    </p>
   </div>
   <div class='ocr_carea' id='block_1_56' title="bbox 202 3998 1786 4073">
    <p class='ocr_par' dir='ltr' id='par_1_56' title="bbox 202 3998 1786 4073">
     <span class='ocr_line' id='line_1_56' title="bbox 202 3998 1786 4073; baseline -0.003 -17"><span class='ocrx_word' id='word_1_457' title='bbox 202 3999 300 4056; x_wconf 84' lang='lat' dir='ltr'><strong>sed</strong></span> <span class='ocrx_word' id='word_1_458' title='bbox 334 4002 637 4057; x_wconf 83' lang='lat' dir='ltr'><strong>secundum</strong></span> <span class='ocrx_word' id='word_1_459' title='bbox 685 4002 1053 4058; x_wconf 86' lang='lat' dir='ltr'><strong>abundantem</strong></span> <span class='ocrx_word' id='word_1_460' title='bbox 1087 4003 1320 4073; x_wconf 83' lang='lat' dir='ltr'><strong>gratiam</strong></span> <span class='ocrx_word' id='word_1_461' title='bbox 1352 4000 1568 4055; x_wconf 87' lang='lat' dir='ltr'><strong>Domini</strong></span> <span class='ocrx_word' id='word_1_462' title='bbox 1617 3998 1786 4053; x_wconf 85' lang='lat' dir='ltr'><strong>nostri</strong></span> 
     </span>
    </p>
   </div>
   <div class='ocr_carea' id='block_1_57' title="bbox 201 4087 578 4145">
    <p class='ocr_par' dir='ltr' id='par_1_57' title="bbox 201 4087 578 4145">
     <span class='ocr_line' id='line_1_57' title="bbox 201 4087 578 4145; baseline 0 -1"><span class='ocrx_word' id='word_1_463' title='bbox 201 4088 333 4145; x_wconf 68' lang='lat' dir='ltr'><strong>Iesu</strong></span> <span class='ocrx_word' id='word_1_464' title='bbox 356 4087 578 4144; x_wconf 81' lang='lat' dir='ltr'><strong>Christi.</strong></span> 
     </span>
    </p>
   </div>
   <div class='ocr_carea' id='block_1_58' title="bbox 645 4177 1250 4252">
    <p class='ocr_par' dir='ltr' id='par_1_58' title="bbox 645 4177 1250 4252">
     <span class='ocr_line' id='line_1_58' title="bbox 645 4177 1250 4252; baseline -0.002 -18"><span class='ocrx_word' id='word_1_465' title='bbox 645 4191 659 4204; x_wconf 74' lang='grc' dir='ltr'><strong><em>ο</em></strong></span> <span class='ocrx_word' id='word_1_466' title='bbox 716 4178 881 4252; x_wconf 65' lang='grc'><strong>304</strong></span> <span class='ocrx_word' id='word_1_467' title='bbox 917 4177 1148 4234; x_wconf 80' lang='lat' dir='ltr'><strong>CAPUT</strong></span> <span class='ocrx_word' id='word_1_468' title='bbox 1186 4177 1250 4234; x_wconf 80' lang='grc' dir='ltr'>ιι.</span> 
     </span>
    </p>
   </div>
   <div class='ocr_carea' id='block_1_59' title="bbox 283 4261 1821 4344">
    <p class='ocr_par' dir='ltr' id='par_1_59' title="bbox 283 4261 1821 4344">
     <span class='ocr_line' id='line_1_59' title="bbox 283 4261 1821 4344; baseline 0.002 -20"><span class='ocrx_word' id='word_1_469' title='bbox 283 4293 303 4324; x_wconf 74' lang='grc' dir='ltr'><strong>ι</strong></span> <span class='ocrx_word' id='word_1_470' title='bbox 334 4271 618 4344; x_wconf 80' lang='lat' dir='ltr'><strong>Rogamus</strong></span> <span class='ocrx_word' id='word_1_471' title='bbox 641 4281 824 4327; x_wconf 89' lang='lat' dir='ltr'><strong>autem</strong></span> <span class='ocrx_word' id='word_1_472' title='bbox 853 4287 971 4339; x_wconf 90' lang='lat' dir='ltr'><strong>vos,</strong></span> <span class='ocrx_word' id='word_1_473' title='bbox 1003 4269 1221 4338; x_wconf 83' lang='lat' dir='ltr'><strong>fratres,</strong></span> <span class='ocrx_word' id='word_1_474' title='bbox 1245 4287 1343 4343; x_wconf 91' lang='lat' dir='ltr'><strong>per</strong></span> <span class='ocrx_word' id='word_1_475' title='bbox 1371 4261 1660 4328; x_wconf 81' lang='lat' dir='ltr'><strong>adventum</strong></span> <span class='ocrx_word' id='word_1_476' title='bbox 1686 4271 1789 4327; x_wconf 92' lang='lat' dir='ltr'><strong>Do-</strong></span> <span class='ocrx_word' id='word_1_477' title='bbox 1818 4278 1821 4281; x_wconf 72' lang='lat'><em>&#39;</em></span> 
     </span>
    </p>
   </div>
   <div class='ocr_carea' id='block_1_60' title="bbox 210 4363 1788 4436">
    <p class='ocr_par' dir='ltr' id='par_1_60' title="bbox 210 4363 1788 4436">
     <span class='ocr_line' id='line_1_60' title="bbox 210 4363 1788 4436; baseline 0 -17"><span class='ocrx_word' id='word_1_478' title='bbox 210 4384 232 4419; x_wconf 75' lang='grc' dir='ltr'><strong>ι</strong></span> <span class='ocrx_word' id='word_1_479' title='bbox 260 4365 398 4419; x_wconf 90' lang='lat' dir='ltr'><strong>mini</strong></span> <span class='ocrx_word' id='word_1_480' title='bbox 426 4364 600 4420; x_wconf 90' lang='lat' dir='ltr'><strong>nostri</strong></span> <span class='ocrx_word' id='word_1_481' title='bbox 628 4363 757 4419; x_wconf 82' lang='lat' dir='ltr'><strong>Jesu</strong></span> <span class='ocrx_word' id='word_1_482' title='bbox 782 4364 988 4420; x_wconf 88' lang='lat' dir='ltr'><strong>Christi</strong></span> <span class='ocrx_word' id='word_1_483' title='bbox 1019 4372 1073 4419; x_wconf 92' lang='lat' dir='ltr'><strong>et</strong></span> <span class='ocrx_word' id='word_1_484' title='bbox 1120 4372 1324 4418; x_wconf 64' lang='lat' dir='ltr'><strong>nostra:</strong></span> <span class='ocrx_word' id='word_1_485' title='bbox 1351 4363 1788 4436; x_wconf 86' lang='lat' dir='ltr'><strong>congregationis</strong></span> 
     </span>
    </p>
   </div>
   <div class='ocr_carea' id='block_1_61' title="bbox 211 4453 1783 4525">
    <p class='ocr_par' dir='ltr' id='par_1_61' title="bbox 211 4453 1783 4525">
     <span class='ocr_line' id='line_1_61' title="bbox 211 4453 1783 4525; baseline -0.002 -15"><span class='ocrx_word' id='word_1_486' title='bbox 211 4475 231 4509; x_wconf 80' lang='grc' dir='ltr'><strong>ι</strong></span> <span class='ocrx_word' id='word_1_487' title='bbox 261 4457 317 4510; x_wconf 92' lang='lat' dir='ltr'><strong>in</strong></span> <span class='ocrx_word' id='word_1_488' title='bbox 346 4456 552 4525; x_wconf 88' lang='lat' dir='ltr'><strong>ipsum,</strong></span> <span class='ocrx_word' id='word_1_489' title='bbox 582 4462 646 4509; x_wconf 91' lang='lat' dir='ltr'><strong>ut</strong></span> <span class='ocrx_word' id='word_1_490' title='bbox 671 4470 780 4509; x_wconf 89' lang='lat' dir='ltr'><strong>non</strong></span> <span class='ocrx_word' id='word_1_491' title='bbox 825 4455 937 4510; x_wconf 87' lang='lat' dir='ltr'><strong>cito</strong></span> <span class='ocrx_word' id='word_1_492' title='bbox 976 4453 1304 4510; x_wconf 83' lang='lat' dir='ltr'><strong>moveamini</strong></span> <span class='ocrx_word' id='word_1_493' title='bbox 1334 4469 1365 4508; x_wconf 90' lang='lat' dir='ltr'><strong>a</strong></span> <span class='ocrx_word' id='word_1_494' title='bbox 1392 4461 1574 4508; x_wconf 89' lang='lat' dir='ltr'><strong>vestro</strong></span> <span class='ocrx_word' id='word_1_495' title='bbox 1599 4468 1783 4508; x_wconf 90' lang='lat' dir='ltr'><strong>sensu.</strong></span> 
     </span>
    </p>
   </div>
   <div class='ocr_carea' id='block_1_62' title="bbox 1887 1997 3459 2072">
    <p class='ocr_par' dir='ltr' id='par_1_62' title="bbox 1887 1997 3459 2072">
     <span class='ocr_line' id='line_1_62' title="bbox 1887 1997 3459 2072; baseline 0.004 -21"><span class='ocrx_word' id='word_1_496' title='bbox 1887 2018 1905 2051; x_wconf 77' lang='grc' dir='ltr'><strong>ι</strong></span> <span class='ocrx_word' id='word_1_497' title='bbox 1935 2007 2121 2055; x_wconf 90' lang='lat' dir='ltr'><strong>noster</strong></span> <span class='ocrx_word' id='word_1_498' title='bbox 2141 1997 2303 2054; x_wconf 85' lang='lat' dir='ltr'><strong>Jesus</strong></span> <span class='ocrx_word' id='word_1_499' title='bbox 2326 1997 2600 2066; x_wconf 86' lang='lat' dir='ltr'><strong>Christus,</strong></span> <span class='ocrx_word' id='word_1_500' title='bbox 2626 2007 2681 2055; x_wconf 87' lang='lat' dir='ltr'><strong>et</strong></span> <span class='ocrx_word' id='word_1_501' title='bbox 2701 1997 2845 2055; x_wconf 90' lang='lat' dir='ltr'><strong>Deus</strong></span> <span class='ocrx_word' id='word_1_502' title='bbox 2874 2006 2928 2055; x_wconf 88' lang='lat' dir='ltr'><strong>et</strong></span> <span class='ocrx_word' id='word_1_503' title='bbox 2951 1998 3112 2056; x_wconf 89' lang='lat' dir='ltr'><strong>Pater</strong></span> <span class='ocrx_word' id='word_1_504' title='bbox 3135 2012 3342 2068; x_wconf 87' lang='lat' dir='ltr'><strong>noster,</strong></span> <span class='ocrx_word' id='word_1_505' title='bbox 3367 2002 3459 2072; x_wconf 89' lang='lat' dir='ltr'><strong>qui</strong></span> 
     </span>
    </p>
   </div>
   <div class='ocr_carea' id='block_1_63' title="bbox 1887 2090 3503 2155">
    <p class='ocr_par' dir='ltr' id='par_1_63' title="bbox 1887 2090 3503 2155">
     <span class='ocr_line' id='line_1_63' title="bbox 1887 2090 3503 2155; baseline 0.003 -12"><span class='ocrx_word' id='word_1_506' title='bbox 1887 2110 1905 2143; x_wconf 73' lang='grc' dir='ltr'><strong>ι</strong></span> <span class='ocrx_word' id='word_1_507' title='bbox 1935 2090 2122 2145; x_wconf 81' lang='lat' dir='ltr'><strong>dilexit</strong></span> <span class='ocrx_word' id='word_1_508' title='bbox 2170 2105 2295 2155; x_wconf 90' lang='lat' dir='ltr'><strong>nos,</strong></span> <span class='ocrx_word' id='word_1_509' title='bbox 2330 2098 2385 2144; x_wconf 89' lang='lat' dir='ltr'><strong>et</strong></span> <span class='ocrx_word' id='word_1_510' title='bbox 2429 2090 2577 2145; x_wconf 91' lang='lat' dir='ltr'><strong>dedit</strong></span> <span class='ocrx_word' id='word_1_511' title='bbox 2629 2090 3056 2147; x_wconf 88' lang='lat' dir='ltr'><strong>consolationem</strong></span> <span class='ocrx_word' id='word_1_512' title='bbox 3103 2103 3361 2148; x_wconf 81' lang='lat' dir='ltr'><strong>aeternam</strong></span> <span class='ocrx_word' id='word_1_513' title='bbox 3409 2093 3503 2148; x_wconf 62' lang='lat' dir='ltr'><strong>et‘</strong></span> 
     </span>
    </p>
   </div>
   <div class='ocr_carea' id='block_1_64' title="bbox 1887 2180 3461 2252">
    <p class='ocr_par' dir='ltr' id='par_1_64' title="bbox 1887 2180 3461 2252">
     <span class='ocr_line' id='line_1_64' title="bbox 1887 2180 3461 2252; baseline 0.003 -20"><span class='ocrx_word' id='word_1_514' title='bbox 1887 2201 1905 2232; x_wconf 78' lang='grc' dir='ltr'><strong>ι</strong></span> <span class='ocrx_word' id='word_1_515' title='bbox 1934 2197 2083 2252; x_wconf 90' lang='lat' dir='ltr'><strong>spem</strong></span> <span class='ocrx_word' id='word_1_516' title='bbox 2112 2181 2312 2236; x_wconf 84' lang='lat' dir='ltr'><strong>bonam</strong></span> <span class='ocrx_word' id='word_1_517' title='bbox 2344 2180 2399 2235; x_wconf 89' lang='lat' dir='ltr'><strong>in</strong></span> <span class='ocrx_word' id='word_1_518' title='bbox 2431 2181 2625 2251; x_wconf 88' lang='lat' dir='ltr'><strong>gratia,</strong></span> <span class='ocrx_word' id='word_1_519' title='bbox 2655 2181 2974 2236; x_wconf 74' lang='lat' dir='ltr'><strong>exhortatur</strong></span> <span class='ocrx_word' id='word_1_520' title='bbox 3000 2183 3165 2237; x_wconf 88' lang='lat' dir='ltr'><strong>corda</strong></span> <span class='ocrx_word' id='word_1_521' title='bbox 3195 2191 3377 2238; x_wconf 87' lang='lat' dir='ltr'><strong>vestra</strong></span> <span class='ocrx_word' id='word_1_522' title='bbox 3409 2191 3461 2237; x_wconf 91' lang='lat' dir='ltr'><strong>et</strong></span> 
     </span>
    </p>
   </div>
   <div class='ocr_carea' id='block_1_65' title="bbox 1887 2271 3278 2341">
    <p class='ocr_par' dir='ltr' id='par_1_65' title="bbox 1887 2271 3278 2341">
     <span class='ocr_line' id='line_1_65' title="bbox 1887 2271 3278 2341; baseline -0.001 -16"><span class='ocrx_word' id='word_1_523' title='bbox 1887 2292 1906 2325; x_wconf 78' lang='grc' dir='ltr'><strong>ι</strong></span> <span class='ocrx_word' id='word_1_524' title='bbox 1935 2271 2218 2329; x_wconf 90' lang='lat' dir='ltr'><strong>conﬁrmet</strong></span> <span class='ocrx_word' id='word_1_525' title='bbox 2246 2272 2301 2325; x_wconf 92' lang='lat' dir='ltr'><strong>in</strong></span> <span class='ocrx_word' id='word_1_526' title='bbox 2331 2271 2478 2327; x_wconf 90' lang='lat' dir='ltr'><strong>omni</strong></span> <span class='ocrx_word' id='word_1_527' title='bbox 2506 2286 2668 2341; x_wconf 90' lang='lat' dir='ltr'><strong>opere</strong></span> <span class='ocrx_word' id='word_1_528' title='bbox 2698 2280 2752 2326; x_wconf 88' lang='lat' dir='ltr'><strong>et</strong></span> <span class='ocrx_word' id='word_1_529' title='bbox 2783 2274 3034 2327; x_wconf 85' lang='lat' dir='ltr'><strong>sermone</strong></span> <span class='ocrx_word' id='word_1_530' title='bbox 3060 2273 3224 2326; x_wconf 91' lang='lat' dir='ltr'><strong>bono.</strong></span> <span class='ocrx_word' id='word_1_531' title='bbox 3260 2291 3278 2323; x_wconf 74' lang='grc' dir='ltr'><strong>ι</strong></span> 
     </span>
    </p>
   </div>
   <div class='ocr_carea' id='block_1_66' title="bbox 2517 2378 2823 2418">
    <p class='ocr_par' dir='ltr' id='par_1_66' title="bbox 2517 2378 2823 2418">
     <span class='ocr_line' id='line_1_66' title="bbox 2517 2378 2823 2418; baseline -0.003 -1"><span class='ocrx_word' id='word_1_532' title='bbox 2517 2378 2823 2418; x_wconf 70' lang='lat' dir='ltr'><strong>EXPOSI‘I‘IO.</strong></span> 
     </span>
    </p>
   </div>
   <div class='ocr_carea' id='block_1_67' title="bbox 1952 2450 3456 2522">
    <p class='ocr_par' dir='ltr' id='par_1_67' title="bbox 1952 2450 3456 2522">
     <span class='ocr_line' id='line_1_67' title="bbox 1952 2450 3456 2522; baseline -0.002 -15"><span class='ocrx_word' id='word_1_533' title='bbox 1952 2450 2250 2522; x_wconf 86' lang='lat' dir='ltr'><strong>Postquam</strong></span> <span class='ocrx_word' id='word_1_534' title='bbox 2281 2450 2348 2507; x_wconf 88' lang='lat' dir='ltr'><strong>ad</strong></span> <span class='ocrx_word' id='word_1_535' title='bbox 2380 2450 2696 2522; x_wconf 88' lang='lat' dir='ltr'><strong>patientiam</strong></span> <span class='ocrx_word' id='word_1_536' title='bbox 2726 2450 3054 2507; x_wconf 77' lang='lat' dir='ltr'><strong>sufﬁcienter</strong></span> <span class='ocrx_word' id='word_1_537' title='bbox 3077 2466 3174 2506; x_wconf 90' lang='lat' dir='ltr'><strong>eos</strong></span> <span class='ocrx_word' id='word_1_538' title='bbox 3201 2451 3456 2521; x_wconf 77' lang='lat' dir='ltr'><strong>armavit,</strong></span> 
     </span>
    </p>
   </div>
   <div class='ocr_carea' id='block_1_68' title="bbox 1881 2539 3459 2612">
    <p class='ocr_par' dir='ltr' id='par_1_68' title="bbox 1881 2539 3459 2612">
     <span class='ocr_line' id='line_1_68' title="bbox 1881 2539 3459 2612; baseline 0 -17"><span class='ocrx_word' id='word_1_539' title='bbox 1881 2540 2208 2597; x_wconf 87' lang='lat' dir='ltr'><strong>determinat</strong></span> <span class='ocrx_word' id='word_1_540' title='bbox 2233 2548 2381 2595; x_wconf 84' lang='lat' dir='ltr'><strong>certa</strong></span> <span class='ocrx_word' id='word_1_541' title='bbox 2426 2547 2481 2594; x_wconf 91' lang='lat' dir='ltr'><strong>et</strong></span> <span class='ocrx_word' id='word_1_542' title='bbox 2524 2539 2793 2594; x_wconf 79' lang='lat' dir='ltr'><strong>evidentia</strong></span> <span class='ocrx_word' id='word_1_543' title='bbox 2822 2539 2976 2612; x_wconf 81' lang='lat' dir='ltr'><strong>signa</strong></span> <span class='ocrx_word' id='word_1_544' title='bbox 3006 2539 3185 2596; x_wconf 88' lang='lat' dir='ltr'><strong>dando</strong></span> <span class='ocrx_word' id='word_1_545' title='bbox 3213 2540 3459 2601; x_wconf 85' lang='lat' dir='ltr'><strong>futurum</strong></span> 
     </span>
    </p>
   </div>
   <div class='ocr_carea' id='block_1_69' title="bbox 1880 2629 3457 2702">
    <p class='ocr_par' dir='ltr' id='par_1_69' title="bbox 1880 2629 3457 2702">
     <span class='ocr_line' id='line_1_69' title="bbox 1880 2629 3457 2702; baseline 0.001 -16"><span class='ocrx_word' id='word_1_546' title='bbox 1880 2631 2046 2698; x_wconf 89' lang='lat' dir='ltr'><strong>diem,</strong></span> <span class='ocrx_word' id='word_1_547' title='bbox 2076 2644 2185 2701; x_wconf 89' lang='lat' dir='ltr'><strong>pro</strong></span> <span class='ocrx_word' id='word_1_548' title='bbox 2204 2646 2314 2701; x_wconf 90' lang='lat' dir='ltr'><strong>quo</strong></span> <span class='ocrx_word' id='word_1_549' title='bbox 2345 2629 2421 2685; x_wconf 88' lang='lat' dir='ltr'><strong>illi</strong></span> <span class='ocrx_word' id='word_1_550' title='bbox 2450 2631 2625 2686; x_wconf 88' lang='lat' dir='ltr'><strong>territi</strong></span> <span class='ocrx_word' id='word_1_551' title='bbox 2667 2637 2844 2697; x_wconf 90' lang='lat' dir='ltr'><strong>erant,</strong></span> <span class='ocrx_word' id='word_1_552' title='bbox 2876 2638 3131 2701; x_wconf 88' lang='lat' dir='ltr'><strong>putantes</strong></span> <span class='ocrx_word' id='word_1_553' title='bbox 3157 2647 3326 2702; x_wconf 90' lang='lat' dir='ltr'><strong>prope</strong></span> <span class='ocrx_word' id='word_1_554' title='bbox 3372 2631 3457 2687; x_wconf 87' lang='lat' dir='ltr'><strong>in-</strong></span> 
     </span>
    </p>
   </div>
   <div class='ocr_carea' id='block_1_70' title="bbox 1885 2716 3460 2790">
    <p class='ocr_par' dir='ltr' id='par_1_70' title="bbox 1885 2716 3460 2790">
     <span class='ocr_line' id='line_1_70' title="bbox 1885 2716 3460 2790; baseline -0.001 -15"><span class='ocrx_word' id='word_1_555' title='bbox 1885 2729 2035 2776; x_wconf 87' lang='lat' dir='ltr'><strong>stare</strong></span> <span class='ocrx_word' id='word_1_556' title='bbox 2062 2720 2217 2773; x_wconf 85' lang='lat' dir='ltr'><strong>illum</strong></span> <span class='ocrx_word' id='word_1_557' title='bbox 2248 2719 2413 2774; x_wconf 90' lang='lat' dir='ltr'><strong>diem.</strong></span> <span class='ocrx_word' id='word_1_558' title='bbox 2444 2718 2611 2785; x_wconf 86' lang='lat' dir='ltr'><strong>Quasi</strong></span> <span class='ocrx_word' id='word_1_559' title='bbox 2641 2718 2846 2775; x_wconf 81' lang='lat' dir='ltr'><strong>diceret</strong></span> <span class='ocrx_word' id='word_1_560' title='bbox 2877 2738 2891 2774; x_wconf 92' lang='lat'><strong>:</strong></span> <span class='ocrx_word' id='word_1_561' title='bbox 2922 2716 3029 2790; x_wconf 87' lang='lat' dir='ltr'><strong>Spe</strong></span> <span class='ocrx_word' id='word_1_562' title='bbox 3071 2718 3271 2776; x_wconf 69' lang='lat' dir='ltr'><strong>futura:</strong></span> <span class='ocrx_word' id='word_1_563' title='bbox 3299 2721 3460 2775; x_wconf 86' lang='lat' dir='ltr'><strong>retri-</strong></span> 
     </span>
    </p>
   </div>
   <div class='ocr_carea' id='block_1_71' title="bbox 1880 2800 3501 2881">
    <p class='ocr_par' dir='ltr' id='par_1_71' title="bbox 1880 2800 3501 2881">
     <span class='ocr_line' id='line_1_71' title="bbox 1880 2800 3501 2881; baseline 0.001 -16"><span class='ocrx_word' id='word_1_564' title='bbox 1880 2810 2123 2866; x_wconf 88' lang='lat' dir='ltr'><strong>butionis</strong></span> <span class='ocrx_word' id='word_1_565' title='bbox 2153 2810 2226 2865; x_wconf 87' lang='lat' dir='ltr'><strong>ad’</strong></span> <span class='ocrx_word' id='word_1_566' title='bbox 2248 2810 2566 2881; x_wconf 89' lang='lat' dir='ltr'><strong>patientiam</strong></span> <span class='ocrx_word' id='word_1_567' title='bbox 2598 2810 2679 2866; x_wconf 91' lang='lat' dir='ltr'><strong>sic</strong></span> <span class='ocrx_word' id='word_1_568' title='bbox 2705 2825 2804 2865; x_wconf 91' lang='lat' dir='ltr'><strong>vos</strong></span> <span class='ocrx_word' id='word_1_569' title='bbox 2833 2826 3113 2866; x_wconf 91' lang='lat' dir='ltr'><strong>armamus</strong></span> <span class='ocrx_word' id='word_1_570' title='bbox 3140 2828 3154 2877; x_wconf 89' lang='lat'><strong>;</strong></span> <span class='ocrx_word' id='word_1_571' title='bbox 3179 2827 3248 2867; x_wconf 92' lang='lat' dir='ltr'><strong>ne</strong></span> <span class='ocrx_word' id='word_1_572' title='bbox 3277 2800 3459 2867; x_wconf 84' lang='lat' dir='ltr'><strong>autem</strong></span> <span class='ocrx_word' id='word_1_573' title='bbox 3496 2814 3501 2817; x_wconf 47' lang='grc'><strong>⁴</strong></span> 
     </span>
    </p>
   </div>
   <div class='ocr_carea' id='block_1_72' title="bbox 1882 2896 3503 2975">
    <p class='ocr_par' dir='ltr' id='par_1_72' title="bbox 1882 2896 3503 2975">
     <span class='ocr_line' id='line_1_72' title="bbox 1882 2896 3503 2975; baseline -0.002 -15"><span class='ocrx_word' id='word_1_574' title='bbox 1882 2905 1992 2960; x_wconf 88' lang='lat' dir='ltr'><strong>cito</strong></span> <span class='ocrx_word' id='word_1_575' title='bbox 2015 2902 2368 2970; x_wconf 89' lang='lat' dir='ltr'><strong>moveamini,</strong></span> <span class='ocrx_word' id='word_1_576' title='bbox 2390 2918 2652 2974; x_wconf 88' lang='lat' dir='ltr'><strong>rogamus</strong></span> <span class='ocrx_word' id='word_1_577' title='bbox 2677 2919 2764 2956; x_wconf 91' lang='lat' dir='ltr'><strong>vos</strong></span> <span class='ocrx_word' id='word_1_578' title='bbox 2789 2898 2916 2972; x_wconf 89' lang='lat' dir='ltr'><strong>quia</strong></span> <span class='ocrx_word' id='word_1_579' title='bbox 2942 2902 3136 2972; x_wconf 80' lang='lat' dir='ltr'><strong>fratres</strong></span> <span class='ocrx_word' id='word_1_580' title='bbox 3152 2918 3170 2955; x_wconf 92' lang='lat'><strong><em>:</em></strong></span> <span class='ocrx_word' id='word_1_581' title='bbox 3188 2919 3459 2975; x_wconf 85' lang='lat' dir='ltr'><strong>rogamus,</strong></span> <span class='ocrx_word' id='word_1_582' title='bbox 3498 2896 3503 2907; x_wconf 85' lang='grc'><strong>’</strong></span> 
     </span>
    </p>
   </div>
   <div class='ocr_carea' id='block_1_73' title="bbox 1878 2991 3462 3067">
    <p class='ocr_par' dir='ltr' id='par_1_73' title="bbox 1878 2991 3462 3067">
     <span class='ocr_line' id='line_1_73' title="bbox 1878 2991 3462 3067; baseline -0.003 -16"><span class='ocrx_word' id='word_1_583' title='bbox 1878 2997 2127 3067; x_wconf 83' lang='lat' dir='ltr'><strong>inquam,</strong></span> <span class='ocrx_word' id='word_1_584' title='bbox 2169 3010 2261 3065; x_wconf 91' lang='lat' dir='ltr'><strong>per</strong></span> <span class='ocrx_word' id='word_1_585' title='bbox 2291 2993 2573 3048; x_wconf 84' lang='lat' dir='ltr'><strong>adventum</strong></span> <span class='ocrx_word' id='word_1_586' title='bbox 2608 2992 2825 3046; x_wconf 85' lang='lat' dir='ltr'><strong>Domini</strong></span> <span class='ocrx_word' id='word_1_587' title='bbox 2873 2992 3042 3045; x_wconf 87' lang='lat' dir='ltr'><strong>nostri</strong></span> <span class='ocrx_word' id='word_1_588' title='bbox 3074 2991 3204 3046; x_wconf 84' lang='lat' dir='ltr'><strong>Jesu</strong></span> <span class='ocrx_word' id='word_1_589' title='bbox 3238 2993 3462 3061; x_wconf 81' lang='lat' dir='ltr'><strong>Christi,</strong></span> 
     </span>
    </p>
   </div>
   <div class='ocr_carea' id='block_1_74' title="bbox 1883 3082 3503 3161">
    <p class='ocr_par' dir='ltr' id='par_1_74' title="bbox 1883 3082 3503 3161">
     <span class='ocr_line' id='line_1_74' title="bbox 1883 3082 3503 3161; baseline 0.001 -20"><span class='ocrx_word' id='word_1_590' title='bbox 1883 3086 1939 3141; x_wconf 90' lang='lat' dir='ltr'><strong>id</strong></span> <span class='ocrx_word' id='word_1_591' title='bbox 1964 3094 2068 3154; x_wconf 90' lang='lat' dir='ltr'><strong>est,</strong></span> <span class='ocrx_word' id='word_1_592' title='bbox 2088 3085 2135 3141; x_wconf 89' lang='lat' dir='ltr'><strong>si</strong></span> <span class='ocrx_word' id='word_1_593' title='bbox 2153 3086 2207 3139; x_wconf 92' lang='lat' dir='ltr'><strong>in</strong></span> <span class='ocrx_word' id='word_1_594' title='bbox 2236 3084 2356 3155; x_wconf 90' lang='lat' dir='ltr'><strong>ipso</strong></span> <span class='ocrx_word' id='word_1_595' title='bbox 2378 3085 2614 3140; x_wconf 88' lang='lat' dir='ltr'><strong>adventu</strong></span> <span class='ocrx_word' id='word_1_596' title='bbox 2635 3082 2913 3139; x_wconf 89' lang='lat' dir='ltr'><strong>Christum</strong></span> <span class='ocrx_word' id='word_1_597' title='bbox 2943 3083 3235 3139; x_wconf 83' lang='lat' dir='ltr'><strong>salutarem</strong></span> <span class='ocrx_word' id='word_1_598' title='bbox 3263 3084 3467 3142; x_wconf 84' lang='lat' dir='ltr'><strong>habere</strong></span> <span class='ocrx_word' id='word_1_599' title='bbox 3502 3158 3503 3161; x_wconf 17' lang='grc' dir='ltr'><strong>η</strong></span> 
     </span>
    </p>
   </div>
   <div class='ocr_carea' id='block_1_75' title="bbox 1882 3172 3464 3248">
    <p class='ocr_par' dir='ltr' id='par_1_75' title="bbox 1882 3172 3464 3248">
     <span class='ocr_line' id='line_1_75' title="bbox 1882 3172 3464 3248; baseline 0 -15"><span class='ocrx_word' id='word_1_600' title='bbox 1882 3178 2077 3243; x_wconf 86' lang='lat' dir='ltr'><strong>vultis,</strong></span> <span class='ocrx_word' id='word_1_601' title='bbox 2125 3186 2175 3232; x_wconf 86' lang='lat' dir='ltr'><strong>et</strong></span> <span class='ocrx_word' id='word_1_602' title='bbox 2215 3193 2313 3248; x_wconf 92' lang='lat' dir='ltr'><strong>per</strong></span> <span class='ocrx_word' id='word_1_603' title='bbox 2357 3178 2653 3233; x_wconf 88' lang='lat' dir='ltr'><strong>adventum</strong></span> <span class='ocrx_word' id='word_1_604' title='bbox 2704 3184 2898 3231; x_wconf 71' lang='lat' dir='ltr'><strong>nostra:</strong></span> <span class='ocrx_word' id='word_1_605' title='bbox 2936 3172 3361 3246; x_wconf 82' lang='lat' dir='ltr'><strong>congregationis</strong></span> <span class='ocrx_word' id='word_1_606' title='bbox 3407 3179 3464 3233; x_wconf 85' lang='lat' dir='ltr'><strong>in</strong></span> 
     </span>
    </p>
   </div>
   <div class='ocr_carea' id='block_1_76' title="bbox 1884 3266 3463 3341">
    <p class='ocr_par' dir='ltr' id='par_1_76' title="bbox 1884 3266 3463 3341">
     <span class='ocr_line' id='line_1_76' title="bbox 1884 3266 3463 3341; baseline 0.001 -17"><span class='ocrx_word' id='word_1_607' title='bbox 1884 3272 2077 3341; x_wconf 86' lang='lat' dir='ltr'><strong>ipsum,</strong></span> <span class='ocrx_word' id='word_1_608' title='bbox 2101 3269 2152 3324; x_wconf 89' lang='lat' dir='ltr'><strong>id</strong></span> <span class='ocrx_word' id='word_1_609' title='bbox 2182 3276 2285 3335; x_wconf 82' lang='lat' dir='ltr'><strong>est,</strong></span> <span class='ocrx_word' id='word_1_610' title='bbox 2311 3269 2357 3325; x_wconf 91' lang='lat' dir='ltr'><strong>si</strong></span> <span class='ocrx_word' id='word_1_611' title='bbox 2385 3272 2509 3325; x_wconf 86' lang='lat' dir='ltr'><strong>cum</strong></span> <span class='ocrx_word' id='word_1_612' title='bbox 2535 3266 2956 3339; x_wconf 80' lang='lat' dir='ltr'><strong>congregatione</strong></span> <span class='ocrx_word' id='word_1_613' title='bbox 2980 3267 3221 3323; x_wconf 84' lang='lat' dir='ltr'><strong>ﬁdelium</strong></span> <span class='ocrx_word' id='word_1_614' title='bbox 3245 3269 3463 3325; x_wconf 86' lang='lat' dir='ltr'><strong>obviam</strong></span> 
     </span>
    </p>
   </div>
   <div class='ocr_carea' id='block_1_77' title="bbox 1883 3357 3466 3430">
    <p class='ocr_par' dir='ltr' id='par_1_77' title="bbox 1883 3357 3466 3430">
     <span class='ocr_line' id='line_1_77' title="bbox 1883 3357 3466 3430; baseline 0.002 -16"><span class='ocrx_word' id='word_1_615' title='bbox 1883 3359 2103 3415; x_wconf 87' lang='lat' dir='ltr'><strong>Christo</strong></span> <span class='ocrx_word' id='word_1_616' title='bbox 2128 3357 2383 3415; x_wconf 89' lang='lat' dir='ltr'><strong>advenire</strong></span> <span class='ocrx_word' id='word_1_617' title='bbox 2410 3360 2595 3425; x_wconf 82' lang='lat' dir='ltr'><strong>vultis,</strong></span> <span class='ocrx_word' id='word_1_618' title='bbox 2642 3358 2729 3415; x_wconf 88' lang='lat' dir='ltr'><strong>vel</strong></span> <span class='ocrx_word' id='word_1_619' title='bbox 2772 3360 3190 3430; x_wconf 85' lang='lat' dir='ltr'><strong>congregationis</strong></span> <span class='ocrx_word' id='word_1_620' title='bbox 3222 3369 3466 3417; x_wconf 67' lang='lat' dir='ltr'><strong>ventura!</strong></span> 
     </span>
    </p>
   </div>
   <div class='ocr_carea' id='block_1_78' title="bbox 1884 3449 3463 3522">
    <p class='ocr_par' dir='ltr' id='par_1_78' title="bbox 1884 3449 3463 3522">
     <span class='ocr_line' id='line_1_78' title="bbox 1884 3449 3463 3522; baseline 0.002 -17"><span class='ocrx_word' id='word_1_621' title='bbox 1884 3450 1940 3505; x_wconf 91' lang='lat' dir='ltr'><strong>in</strong></span> <span class='ocrx_word' id='word_1_622' title='bbox 1972 3450 2204 3522; x_wconf 91' lang='lat' dir='ltr'><strong>idipsum</strong></span> <span class='ocrx_word' id='word_1_623' title='bbox 2237 3450 2383 3522; x_wconf 86' lang='lat' dir='ltr'><strong>quod</strong></span> <span class='ocrx_word' id='word_1_624' title='bbox 2410 3449 2664 3505; x_wconf 87' lang='lat' dir='ltr'><strong>Christus</strong></span> <span class='ocrx_word' id='word_1_625' title='bbox 2710 3458 2796 3506; x_wconf 86' lang='lat' dir='ltr'><strong>est</strong></span> <span class='ocrx_word' id='word_1_626' title='bbox 2817 3492 2832 3517; x_wconf 95' lang='lat'><strong>,</strong></span> <span class='ocrx_word' id='word_1_627' title='bbox 2884 3450 3094 3507; x_wconf 88' lang='lat' dir='ltr'><strong>scilicet</strong></span> <span class='ocrx_word' id='word_1_628' title='bbox 3120 3451 3176 3506; x_wconf 92' lang='lat' dir='ltr'><strong>in</strong></span> <span class='ocrx_word' id='word_1_629' title='bbox 3210 3452 3463 3508; x_wconf 89' lang='lat' dir='ltr'><strong>incorru-</strong></span> 
     </span>
    </p>
   </div>
   <div class='ocr_carea' id='block_1_79' title="bbox 1884 3541 3464 3613">
    <p class='ocr_par' dir='ltr' id='par_1_79' title="bbox 1884 3541 3464 3613">
     <span class='ocr_line' id='line_1_79' title="bbox 1884 3541 3464 3613; baseline -0.001 -15"><span class='ocrx_word' id='word_1_630' title='bbox 1884 3542 2123 3613; x_wconf 88' lang='lat' dir='ltr'><strong>ptionem</strong></span> <span class='ocrx_word' id='word_1_631' title='bbox 2146 3562 2158 3596; x_wconf 91' lang='lat'><strong>:</strong></span> <span class='ocrx_word' id='word_1_632' title='bbox 2195 3543 2317 3610; x_wconf 89' lang='lat' dir='ltr'><strong>hoc,</strong></span> <span class='ocrx_word' id='word_1_633' title='bbox 2344 3541 2591 3612; x_wconf 87' lang='lat' dir='ltr'><strong>inquam,</strong></span> <span class='ocrx_word' id='word_1_634' title='bbox 2618 3558 2865 3613; x_wconf 89' lang='lat' dir='ltr'><strong>rogamus</strong></span> <span class='ocrx_word' id='word_1_635' title='bbox 2882 3558 2992 3611; x_wconf 91' lang='lat' dir='ltr'><strong>vos,</strong></span> <span class='ocrx_word' id='word_1_636' title='bbox 3016 3552 3075 3597; x_wconf 90' lang='lat' dir='ltr'><strong>ut</strong></span> <span class='ocrx_word' id='word_1_637' title='bbox 3104 3559 3208 3597; x_wconf 91' lang='lat' dir='ltr'><strong>non</strong></span> <span class='ocrx_word' id='word_1_638' title='bbox 3232 3545 3336 3597; x_wconf 88' lang='lat' dir='ltr'><strong>cito</strong></span> <span class='ocrx_word' id='word_1_639' title='bbox 3352 3560 3464 3598; x_wconf 86' lang='lat' dir='ltr'><strong>mo-</strong></span> 
     </span>
    </p>
   </div>
   <div class='ocr_carea' id='block_1_80' title="bbox 1886 3619 3464 3713">
    <p class='ocr_par' dir='ltr' id='par_1_80' title="bbox 1886 3619 3464 3713">
     <span class='ocr_line' id='line_1_80' title="bbox 1886 3619 3464 3713; baseline 0.003 -26"><span class='ocrx_word' id='word_1_640' title='bbox 1886 3633 2285 3690; x_wconf 71' lang='lat' dir='ltr'><strong>veamini.‘Cito</strong></span> <span class='ocrx_word' id='word_1_641' title='bbox 2310 3643 2478 3700; x_wconf 89' lang='lat' dir='ltr'><strong>esset,</strong></span> <span class='ocrx_word' id='word_1_642' title='bbox 2509 3632 2701 3713; x_wconf 83' lang='lat' dir='ltr'><strong>sitoto</strong></span> <span class='ocrx_word' id='word_1_643' title='bbox 2728 3642 2975 3705; x_wconf 88' lang='lat' dir='ltr'><strong>tempore</strong></span> <span class='ocrx_word' id='word_1_644' title='bbox 3020 3619 3146 3690; x_wconf 70' lang='lat' dir='ltr'><strong>vitat</strong></span> <span class='ocrx_word' id='word_1_645' title='bbox 3178 3650 3464 3691; x_wconf 89' lang='lat' dir='ltr'><strong>moveren-</strong></span> 
     </span>
    </p>
   </div>
   <div class='ocr_carea' id='block_1_81' title="bbox 1887 3718 3505 3796">
    <p class='ocr_par' dir='ltr' id='par_1_81' title="bbox 1887 3718 3505 3796">
     <span class='ocr_line' id='line_1_81' title="bbox 1887 3718 3505 3796; baseline 0.001 -17"><span class='ocrx_word' id='word_1_646' title='bbox 1887 3732 1992 3779; x_wconf 88' lang='lat' dir='ltr'><strong>tur.</strong></span> <span class='ocrx_word' id='word_1_647' title='bbox 2024 3723 2342 3778; x_wconf 77' lang='lat' dir='ltr'><strong>Moveamini</strong></span> <span class='ocrx_word' id='word_1_648' title='bbox 2365 3725 2487 3780; x_wconf 79' lang='lat' dir='ltr'><strong>diCo</strong></span> <span class='ocrx_word' id='word_1_649' title='bbox 2515 3742 2547 3778; x_wconf 93' lang='lat' dir='ltr'><strong>a</strong></span> <span class='ocrx_word' id='word_1_650' title='bbox 2573 3734 2740 3779; x_wconf 87' lang='lat' dir='ltr'><strong>vestro</strong></span> <span class='ocrx_word' id='word_1_651' title='bbox 2762 3741 2940 3793; x_wconf 86' lang='lat' dir='ltr'><strong>sensu,</strong></span> <span class='ocrx_word' id='word_1_652' title='bbox 2965 3725 3017 3781; x_wconf 85' lang='lat' dir='ltr'><strong>id</strong></span> <span class='ocrx_word' id='word_1_653' title='bbox 3039 3733 3125 3781; x_wconf 87' lang='lat' dir='ltr'><strong>est</strong></span> <span class='ocrx_word' id='word_1_654' title='bbox 3142 3726 3210 3781; x_wconf 89' lang='lat' dir='ltr'><strong>ab</strong></span> <span class='ocrx_word' id='word_1_655' title='bbox 3232 3741 3297 3781; x_wconf 88' lang='lat' dir='ltr'><strong>eo</strong></span> <span class='ocrx_word' id='word_1_656' title='bbox 3316 3726 3465 3796; x_wconf 87' lang='lat' dir='ltr'><strong>quod</strong></span> <span class='ocrx_word' id='word_1_657' title='bbox 3504 3718 3505 3721; x_wconf 37' lang='grc'><em>“</em></span> 
     </span>
    </p>
   </div>
   <div class='ocr_carea' id='block_1_82' title="bbox 1887 3814 3466 3888">
    <p class='ocr_par' dir='ltr' id='par_1_82' title="bbox 1887 3814 3466 3888">
     <span class='ocr_line' id='line_1_82' title="bbox 1887 3814 3466 3888; baseline 0.001 -17"><span class='ocrx_word' id='word_1_658' title='bbox 1887 3814 2159 3882; x_wconf 87' lang='lat' dir='ltr'><strong>sensistis,</strong></span> <span class='ocrx_word' id='word_1_659' title='bbox 2204 3824 2259 3870; x_wconf 89' lang='lat' dir='ltr'><strong>et</strong></span> <span class='ocrx_word' id='word_1_660' title='bbox 2302 3832 2399 3886; x_wconf 90' lang='lat' dir='ltr'><strong>per</strong></span> <span class='ocrx_word' id='word_1_661' title='bbox 2426 3832 2514 3871; x_wconf 92' lang='lat' dir='ltr'><strong>me</strong></span> <span class='ocrx_word' id='word_1_662' title='bbox 2561 3816 2844 3872; x_wconf 88' lang='lat' dir='ltr'><strong>docentem</strong></span> <span class='ocrx_word' id='word_1_663' title='bbox 2874 3815 3233 3873; x_wconf 80' lang='lat' dir='ltr'><strong>intellexistis.</strong></span> <span class='ocrx_word' id='word_1_664' title='bbox 3285 3815 3466 3888; x_wconf 73' lang='lat' dir='ltr'><strong>Neque</strong></span> 
     </span>
    </p>
   </div>
   <div class='ocr_carea' id='block_1_83' title="bbox 1887 3903 3465 3976">
    <p class='ocr_par' dir='ltr' id='par_1_83' title="bbox 1887 3903 3465 3976">
     <span class='ocr_line' id='line_1_83' title="bbox 1887 3903 3465 3976; baseline 0.001 -16"><span class='ocrx_word' id='word_1_665' title='bbox 1887 3907 2191 3960; x_wconf 89' lang='lat' dir='ltr'><strong>terreamiui</strong></span> <span class='ocrx_word' id='word_1_666' title='bbox 2213 3907 2366 3976; x_wconf 88' lang='lat' dir='ltr'><strong>quasi</strong></span> <span class='ocrx_word' id='word_1_667' title='bbox 2390 3907 2547 3960; x_wconf 88' lang='lat' dir='ltr'><strong>instet</strong></span> <span class='ocrx_word' id='word_1_668' title='bbox 2575 3907 2687 3960; x_wconf 86' lang='lat' dir='ltr'><strong>dies</strong></span> <span class='ocrx_word' id='word_1_669' title='bbox 2715 3903 2951 3972; x_wconf 89' lang='lat' dir='ltr'><strong>Domini,</strong></span> <span class='ocrx_word' id='word_1_670' title='bbox 2975 3906 3103 3976; x_wconf 88' lang='lat' dir='ltr'><strong>quia</strong></span> <span class='ocrx_word' id='word_1_671' title='bbox 3132 3921 3320 3961; x_wconf 85' lang='lat' dir='ltr'><strong>revera</strong></span> <span class='ocrx_word' id='word_1_672' title='bbox 3352 3922 3465 3961; x_wconf 90' lang='lat' dir='ltr'><strong>non</strong></span> 
     </span>
    </p>
   </div>
   <div class='ocr_carea' id='block_1_84' title="bbox 1885 3997 3463 4069">
    <p class='ocr_par' dir='ltr' id='par_1_84' title="bbox 1885 3997 3463 4069">
     <span class='ocr_line' id='line_1_84' title="bbox 1885 3997 3463 4069; baseline -0.002 -15"><span class='ocrx_word' id='word_1_673' title='bbox 1885 3999 2072 4055; x_wconf 85' lang='lat' dir='ltr'><strong>instat.</strong></span> <span class='ocrx_word' id='word_1_674' title='bbox 2101 3997 2423 4053; x_wconf 88' lang='lat' dir='ltr'><strong>Terreamini</strong></span> <span class='ocrx_word' id='word_1_675' title='bbox 2443 3998 2567 4054; x_wconf 86' lang='lat' dir='ltr'><strong>dico</strong></span> <span class='ocrx_word' id='word_1_676' title='bbox 2587 4014 2745 4069; x_wconf 87' lang='lat' dir='ltr'><strong>neque</strong></span> <span class='ocrx_word' id='word_1_677' title='bbox 2765 4015 2858 4068; x_wconf 85' lang='lat' dir='ltr'><strong>per</strong></span> <span class='ocrx_word' id='word_1_678' title='bbox 2872 3998 3121 4068; x_wconf 86' lang='lat' dir='ltr'><strong>spiritum</strong></span> <span class='ocrx_word' id='word_1_679' title='bbox 3144 3997 3463 4068; x_wconf 88' lang='lat' dir='ltr'><strong>malignum,</strong></span> 
     </span>
    </p>
   </div>
   <div class='ocr_carea' id='block_1_85' title="bbox 1887 4086 3466 4159">
    <p class='ocr_par' dir='ltr' id='par_1_85' title="bbox 1887 4086 3466 4159">
     <span class='ocr_line' id='line_1_85' title="bbox 1887 4086 3466 4159; baseline 0 -17"><span class='ocrx_word' id='word_1_680' title='bbox 1887 4102 2215 4159; x_wconf 89' lang='lat' dir='ltr'><strong>quocunque</strong></span> <span class='ocrx_word' id='word_1_681' title='bbox 2242 4086 2408 4143; x_wconf 88' lang='lat' dir='ltr'><strong>modo</strong></span> <span class='ocrx_word' id='word_1_682' title='bbox 2457 4087 2853 4158; x_wconf 87' lang='lat' dir='ltr'><strong>signiﬁcantem</strong></span> <span class='ocrx_word' id='word_1_683' title='bbox 2900 4086 3017 4142; x_wconf 62' lang='lat' dir='ltr'><strong>haec</strong></span> <span class='ocrx_word' id='word_1_684' title='bbox 3061 4086 3256 4154; x_wconf 89' lang='lat' dir='ltr'><strong>vobis;</strong></span> <span class='ocrx_word' id='word_1_685' title='bbox 3303 4104 3466 4158; x_wconf 87' lang='lat' dir='ltr'><strong>neque</strong></span> 
     </span>
    </p>
   </div>
   <div class='ocr_carea' id='block_1_86' title="bbox 1886 4177 3463 4251">
    <p class='ocr_par' dir='ltr' id='par_1_86' title="bbox 1886 4177 3463 4251">
     <span class='ocr_line' id='line_1_86' title="bbox 1886 4177 3463 4251; baseline 0.001 -18"><span class='ocrx_word' id='word_1_686' title='bbox 1886 4195 1979 4249; x_wconf 88' lang='lat' dir='ltr'><strong>per</strong></span> <span class='ocrx_word' id='word_1_687' title='bbox 2002 4191 2312 4251; x_wconf 86' lang='lat' dir='ltr'><strong>sermonem,</strong></span> <span class='ocrx_word' id='word_1_688' title='bbox 2340 4177 2391 4234; x_wconf 91' lang='lat' dir='ltr'><strong>id</strong></span> <span class='ocrx_word' id='word_1_689' title='bbox 2421 4179 2505 4234; x_wconf 81' lang='lat' dir='ltr'><strong>est</strong></span> <span class='ocrx_word' id='word_1_690' title='bbox 2530 4193 2627 4249; x_wconf 90' lang='lat' dir='ltr'><strong>per</strong></span> <span class='ocrx_word' id='word_1_691' title='bbox 2651 4177 2960 4234; x_wconf 83' lang='lat' dir='ltr'><strong>doctrinam</strong></span> <span class='ocrx_word' id='word_1_692' title='bbox 2989 4177 3207 4233; x_wconf 82' lang='lat' dir='ltr'><strong>illorum</strong></span> <span class='ocrx_word' id='word_1_693' title='bbox 3236 4179 3463 4249; x_wconf 77' lang='lat' dir='ltr'><strong>pseudo;</strong></span> 
     </span>
    </p>
   </div>
   <div class='ocr_carea' id='block_1_87' title="bbox 1890 4260 3464 4340">
    <p class='ocr_par' dir='ltr' id='par_1_87' title="bbox 1890 4260 3464 4340">
     <span class='ocr_line' id='line_1_87' title="bbox 1890 4260 3464 4340; baseline 0 -17"><span class='ocrx_word' id='word_1_694' title='bbox 1890 4286 2050 4340; x_wconf 76' lang='lat' dir='ltr'><strong>neque</strong></span> <span class='ocrx_word' id='word_1_695' title='bbox 2092 4285 2184 4339; x_wconf 88' lang='lat' dir='ltr'><strong>per</strong></span> <span class='ocrx_word' id='word_1_696' title='bbox 2226 4269 2509 4339; x_wconf 85' lang='lat' dir='ltr'><strong>epistolam</strong></span> <span class='ocrx_word' id='word_1_697' title='bbox 2558 4260 2775 4324; x_wconf 84' lang='lat' dir='ltr'><strong>missam</strong></span> <span class='ocrx_word' id='word_1_698' title='bbox 2810 4284 2842 4323; x_wconf 93' lang='lat' dir='ltr'><strong>a</strong></span> <span class='ocrx_word' id='word_1_699' title='bbox 2897 4269 3308 4340; x_wconf 87' lang='lat' dir='ltr'><strong>deceptoribus,</strong></span> <span class='ocrx_word' id='word_1_700' title='bbox 3339 4279 3464 4324; x_wconf 88' lang='lat' dir='ltr'><strong>tan-</strong></span> 
     </span>
    </p>
   </div>
   <div class='ocr_carea' id='block_1_88' title="bbox 1887 4360 3468 4434">
    <p class='ocr_par' dir='ltr' id='par_1_88' title="bbox 1887 4360 3468 4434">
     <span class='ocr_line' id='line_1_88' title="bbox 1887 4360 3468 4434; baseline 0.003 -20"><span class='ocrx_word' id='word_1_701' title='bbox 1887 4377 2046 4432; x_wconf 89' lang='lat' dir='ltr'><strong>quam</strong></span> <span class='ocrx_word' id='word_1_702' title='bbox 2089 4369 2182 4431; x_wconf 81' lang='lat' dir='ltr'><strong>per</strong></span> <span class='ocrx_word' id='word_1_703' title='bbox 2226 4377 2341 4416; x_wconf 89' lang='lat' dir='ltr'><strong>nos.</strong></span> <span class='ocrx_word' id='word_1_704' title='bbox 2386 4360 2686 4434; x_wconf 89' lang='lat' dir='ltr'><strong>Signabant</strong></span> <span class='ocrx_word' id='word_1_705' title='bbox 2741 4360 2887 4416; x_wconf 90' lang='lat' dir='ltr'><strong>enim</strong></span> <span class='ocrx_word' id='word_1_706' title='bbox 2923 4362 3199 4433; x_wconf 74' lang='lat' dir='ltr'><strong>epistolas</strong></span> <span class='ocrx_word' id='word_1_707' title='bbox 3245 4363 3468 4419; x_wconf 89' lang='lat' dir='ltr'><strong>nomine</strong></span> 
     </span>
    </p>
   </div>
   <div class='ocr_carea' id='block_1_89' title="bbox 1888 4450 3507 4525">
    <p class='ocr_par' dir='ltr' id='par_1_89' title="bbox 1888 4450 3507 4525">
     <span class='ocr_line' id='line_1_89' title="bbox 1888 4450 3507 4525; baseline 0.003 -19"><span class='ocrx_word' id='word_1_708' title='bbox 1888 4452 2066 4520; x_wconf 89' lang='lat' dir='ltr'><strong>Pauli,</strong></span> <span class='ocrx_word' id='word_1_709' title='bbox 2096 4461 2156 4507; x_wconf 92' lang='lat' dir='ltr'><strong>ut</strong></span> <span class='ocrx_word' id='word_1_710' title='bbox 2184 4453 2289 4508; x_wconf 90' lang='lat' dir='ltr'><strong>hoc</strong></span> <span class='ocrx_word' id='word_1_711' title='bbox 2318 4468 2515 4525; x_wconf 88' lang='lat' dir='ltr'><strong>genere</strong></span> <span class='ocrx_word' id='word_1_712' title='bbox 2563 4452 2773 4508; x_wconf 90' lang='lat' dir='ltr'><strong>fraudis</strong></span> <span class='ocrx_word' id='word_1_713' title='bbox 2821 4453 3143 4510; x_wconf 89' lang='lat' dir='ltr'><strong>seducerent</strong></span> <span class='ocrx_word' id='word_1_714' title='bbox 3192 4452 3468 4511; x_wconf 87' lang='lat' dir='ltr'><strong>Ecclesias</strong></span> <span class='ocrx_word' id='word_1_715' title='bbox 3502 4450 3507 4455; x_wconf 83' lang='grc'><em>’</em></span> 
     </span>
    </p>
   </div>
   <div class='ocr_carea' id='block_1_90' title="bbox 214 4539 3466 4617">
    <p class='ocr_par' dir='ltr' id='par_1_90' title="bbox 214 4539 3466 4617">
     <span class='ocr_line' id='line_1_90' title="bbox 214 4539 3466 4617; baseline -0.001 -15"><span class='ocrx_word' id='word_1_716' title='bbox 214 4566 236 4602; x_wconf 75' lang='grc' dir='ltr'><strong>ι</strong></span> <span class='ocrx_word' id='word_1_717' title='bbox 264 4547 455 4617; x_wconf 78' lang='lat' dir='ltr'><strong>Neque</strong></span> <span class='ocrx_word' id='word_1_718' title='bbox 487 4545 820 4611; x_wconf 87' lang='lat' dir='ltr'><strong>terreamiui,</strong></span> <span class='ocrx_word' id='word_1_719' title='bbox 851 4560 1029 4615; x_wconf 90' lang='lat' dir='ltr'><strong>neque</strong></span> <span class='ocrx_word' id='word_1_720' title='bbox 1054 4559 1152 4615; x_wconf 91' lang='lat' dir='ltr'><strong>per</strong></span> <span class='ocrx_word' id='word_1_721' title='bbox 1180 4543 1456 4613; x_wconf 89' lang='lat' dir='ltr'><strong>spiritum,</strong></span> <span class='ocrx_word' id='word_1_722' title='bbox 1486 4560 1663 4615; x_wconf 88' lang='lat' dir='ltr'><strong>neque</strong></span> <span class='ocrx_word' id='word_1_723' title='bbox 1693 4559 1789 4615; x_wconf 89' lang='lat' dir='ltr'><strong>per</strong></span> <span class='ocrx_word' id='word_1_724' title='bbox 1820 4558 1865 4613; x_wconf 76' lang='grc' dir='ltr'>ι)</span> <span class='ocrx_word' id='word_1_725' title='bbox 1888 4543 2064 4613; x_wconf 71' lang='lat' dir='ltr'><strong>Pauli,</strong></span> <span class='ocrx_word' id='word_1_726' title='bbox 2086 4542 2383 4615; x_wconf 83' lang='lat' dir='ltr'><strong>Rogamus,</strong></span> <span class='ocrx_word' id='word_1_727' title='bbox 2408 4558 2478 4599; x_wconf 85' lang='lat' dir='ltr'><strong>ne</strong></span> <span class='ocrx_word' id='word_1_728' title='bbox 2503 4544 2834 4611; x_wconf 84' lang='lat' dir='ltr'><strong>terreamiui,</strong></span> <span class='ocrx_word' id='word_1_729' title='bbox 2857 4539 2992 4612; x_wconf 65' lang='lat' dir='ltr'><strong>etjne</strong></span> <span class='ocrx_word' id='word_1_730' title='bbox 3008 4545 3203 4616; x_wconf 86' lang='lat' dir='ltr'><strong>aliquis</strong></span> <span class='ocrx_word' id='word_1_731' title='bbox 3225 4562 3466 4616; x_wconf 88' lang='lat' dir='ltr'><strong>unquam</strong></span> 
     </span>
    </p>
   </div>
   <div class='ocr_carea' id='block_1_91' title="bbox 212 4634 1791 4713">
    <p class='ocr_par' dir='ltr' id='par_1_91' title="bbox 212 4634 1791 4713">
     <span class='ocr_line' id='line_1_91' title="bbox 212 4634 1791 4713; baseline 0 -22"><span class='ocrx_word' id='word_1_732' title='bbox 212 4655 234 4691; x_wconf 77' lang='grc' dir='ltr'><strong>ι</strong></span> <span class='ocrx_word' id='word_1_733' title='bbox 263 4651 601 4703; x_wconf 77' lang='lat' dir='ltr'><strong>sermonem,</strong></span> <span class='ocrx_word' id='word_1_734' title='bbox 622 4650 800 4706; x_wconf 91' lang='lat' dir='ltr'><strong>neque</strong></span> <span class='ocrx_word' id='word_1_735' title='bbox 823 4650 920 4706; x_wconf 88' lang='lat' dir='ltr'><strong>per</strong></span> <span class='ocrx_word' id='word_1_736' title='bbox 947 4634 1249 4705; x_wconf 85' lang='lat' dir='ltr'><strong>Epistolam</strong></span> <span class='ocrx_word' id='word_1_737' title='bbox 1278 4643 1537 4706; x_wconf 86' lang='lat' dir='ltr'><strong>tanquam</strong></span> <span class='ocrx_word' id='word_1_738' title='bbox 1568 4650 1663 4713; x_wconf 71' lang='lat' dir='ltr'><strong>per</strong></span> <span class='ocrx_word' id='word_1_739' title='bbox 1689 4651 1791 4692; x_wconf 89' lang='lat' dir='ltr'><strong>nos</strong></span> 
     </span>
    </p>
   </div>
   <div class='ocr_carea' id='block_1_92' title="bbox 212 4716 1793 4798">
    <p class='ocr_par' dir='ltr' id='par_1_92' title="bbox 212 4716 1793 4798">
     <span class='ocr_line' id='line_1_92' title="bbox 212 4716 1793 4798; baseline 0.001 -16"><span class='ocrx_word' id='word_1_740' title='bbox 212 4749 232 4782; x_wconf 73' lang='grc' dir='ltr'><strong>ι</strong></span> <span class='ocrx_word' id='word_1_741' title='bbox 258 4730 514 4794; x_wconf 89' lang='lat' dir='ltr'><strong>missam,</strong></span> <span class='ocrx_word' id='word_1_742' title='bbox 543 4716 708 4797; x_wconf 23' lang='lat' dir='ltr'><strong>quasi.</strong></span> <span class='ocrx_word' id='word_1_743' title='bbox 725 4727 890 4781; x_wconf 89' lang='lat' dir='ltr'><strong>instet</strong></span> <span class='ocrx_word' id='word_1_744' title='bbox 918 4726 1037 4781; x_wconf 79' lang='lat' dir='ltr'><strong>dies</strong></span> <span class='ocrx_word' id='word_1_745' title='bbox 1065 4725 1301 4781; x_wconf 91' lang='lat' dir='ltr'><strong>Domini.</strong></span> <span class='ocrx_word' id='word_1_746' title='bbox 1330 4725 1408 4781; x_wconf 89' lang='lat' dir='ltr'><strong>Ne</strong></span> <span class='ocrx_word' id='word_1_747' title='bbox 1433 4728 1558 4798; x_wconf 89' lang='lat' dir='ltr'><strong>quis</strong></span> <span class='ocrx_word' id='word_1_748' title='bbox 1586 4742 1683 4781; x_wconf 89' lang='lat' dir='ltr'><strong>vos</strong></span> <span class='ocrx_word' id='word_1_749' title='bbox 1705 4741 1793 4783; x_wconf 83' lang='lat' dir='ltr'><strong>se-</strong></span> 
     </span>
    </p>
   </div>
   <div class='ocr_carea' id='block_1_93' title="bbox 215 4816 1792 4884">
    <p class='ocr_par' dir='ltr' id='par_1_93' title="bbox 215 4816 1792 4884">
     <span class='ocr_line' id='line_1_93' title="bbox 215 4816 1792 4884; baseline -0.001 -9"><span class='ocrx_word' id='word_1_750' title='bbox 215 4841 235 4875; x_wconf 77' lang='grc' dir='ltr'><strong>ι</strong></span> <span class='ocrx_word' id='word_1_751' title='bbox 263 4823 434 4877; x_wconf 88' lang='lat' dir='ltr'><strong>ducat</strong></span> <span class='ocrx_word' id='word_1_752' title='bbox 452 4817 577 4875; x_wconf 73' lang='grc' dir='ltr'>ιιιΠο</span> <span class='ocrx_word' id='word_1_753' title='bbox 607 4816 791 4874; x_wconf 92' lang='lat' dir='ltr'><strong>modo.</strong></span> <span class='ocrx_word' id='word_1_754' title='bbox 840 4816 1112 4884; x_wconf 81' lang='lat' dir='ltr'><strong>Quoniam</strong></span> <span class='ocrx_word' id='word_1_755' title='bbox 1154 4817 1261 4873; x_wconf 91' lang='lat' dir='ltr'><strong>nisi</strong></span> <span class='ocrx_word' id='word_1_756' title='bbox 1289 4819 1499 4874; x_wconf 90' lang='lat' dir='ltr'><strong>venerit</strong></span> <span class='ocrx_word' id='word_1_757' title='bbox 1526 4818 1792 4873; x_wconf 88' lang='lat' dir='ltr'><strong>discessio</strong></span> 
     </span>
    </p>
   </div>
   <div class='ocr_carea' id='block_1_94' title="bbox 212 4908 1793 4985">
    <p class='ocr_par' dir='ltr' id='par_1_94' title="bbox 212 4908 1793 4985">
     <span class='ocr_line' id='line_1_94' title="bbox 212 4908 1793 4985; baseline 0.001 -20"><span class='ocrx_word' id='word_1_758' title='bbox 212 4932 234 4965; x_wconf 75' lang='grc' dir='ltr'><strong>ι</strong></span> <span class='ocrx_word' id='word_1_759' title='bbox 263 4908 590 4985; x_wconf 88' lang='lat' dir='ltr'><strong>[dissensio]</strong></span> <span class='ocrx_word' id='word_1_760' title='bbox 620 4909 882 4981; x_wconf 87' lang='lat' dir='ltr'><strong>primum,</strong></span> <span class='ocrx_word' id='word_1_761' title='bbox 906 4916 961 4963; x_wconf 91' lang='lat' dir='ltr'><strong>et</strong></span> <span class='ocrx_word' id='word_1_762' title='bbox 991 4909 1261 4966; x_wconf 88' lang='lat' dir='ltr'><strong>revelatus</strong></span> <span class='ocrx_word' id='word_1_763' title='bbox 1291 4908 1453 4965; x_wconf 90' lang='lat' dir='ltr'><strong>fuerit</strong></span> <span class='ocrx_word' id='word_1_764' title='bbox 1481 4911 1647 4977; x_wconf 84' lang='lat' dir='ltr'><strong>homo</strong></span> <span class='ocrx_word' id='word_1_765' title='bbox 1667 4926 1793 4981; x_wconf 90' lang='lat' dir='ltr'><strong>pec-</strong></span> 
     </span>
    </p>
   </div>
   <div class='ocr_carea' id='block_1_95' title="bbox 215 4997 1790 5069">
    <p class='ocr_par' dir='ltr' id='par_1_95' title="bbox 215 4997 1790 5069">
     <span class='ocr_line' id='line_1_95' title="bbox 215 4997 1790 5069; baseline -0.002 -14"><span class='ocrx_word' id='word_1_766' title='bbox 215 5023 234 5055; x_wconf 75' lang='grc' dir='ltr'><strong>ι</strong></span> <span class='ocrx_word' id='word_1_767' title='bbox 262 5002 394 5065; x_wconf 65' lang='lat' dir='ltr'><strong>uiti,</strong></span> <span class='ocrx_word' id='word_1_768' title='bbox 428 4999 573 5053; x_wconf 90' lang='lat' dir='ltr'><strong>ﬁlius</strong></span> <span class='ocrx_word' id='word_1_769' title='bbox 602 4997 946 5069; x_wconf 88' lang='lat' dir='ltr'><strong>perditionis,</strong></span> <span class='ocrx_word' id='word_1_770' title='bbox 979 4997 1071 5066; x_wconf 84' lang='lat' dir='ltr'><strong>qui</strong></span> <span class='ocrx_word' id='word_1_771' title='bbox 1104 4997 1421 5053; x_wconf 90' lang='lat' dir='ltr'><strong>adversatur</strong></span> <span class='ocrx_word' id='word_1_772' title='bbox 1469 5008 1524 5053; x_wconf 88' lang='lat' dir='ltr'><strong>et</strong></span> <span class='ocrx_word' id='word_1_773' title='bbox 1570 4999 1790 5054; x_wconf 83' lang='lat' dir='ltr'><strong>extolli-</strong></span> 
     </span>
    </p>
   </div>
   <div class='ocr_carea' id='block_1_96' title="bbox 216 5087 1791 5160">
    <p class='ocr_par' dir='ltr' id='par_1_96' title="bbox 216 5087 1791 5160">
     <span class='ocr_line' id='line_1_96' title="bbox 216 5087 1791 5160; baseline -0.003 -14"><span class='ocrx_word' id='word_1_774' title='bbox 216 5114 235 5146; x_wconf 81' lang='grc' dir='ltr'><strong>ι</strong></span> <span class='ocrx_word' id='word_1_775' title='bbox 264 5103 357 5148; x_wconf 89' lang='lat' dir='ltr'><strong>tur</strong></span> <span class='ocrx_word' id='word_1_776' title='bbox 387 5104 554 5160; x_wconf 89' lang='lat' dir='ltr'><strong>supra</strong></span> <span class='ocrx_word' id='word_1_777' title='bbox 581 5103 741 5143; x_wconf 92' lang='lat' dir='ltr'><strong>omne</strong></span> <span class='ocrx_word' id='word_1_778' title='bbox 769 5087 917 5157; x_wconf 91' lang='lat' dir='ltr'><strong>quod</strong></span> <span class='ocrx_word' id='word_1_779' title='bbox 962 5087 1162 5142; x_wconf 88' lang='lat' dir='ltr'><strong>dicitur</strong></span> <span class='ocrx_word' id='word_1_780' title='bbox 1194 5087 1357 5154; x_wconf 90' lang='lat' dir='ltr'><strong>Dens,</strong></span> <span class='ocrx_word' id='word_1_781' title='bbox 1398 5096 1492 5142; x_wconf 90' lang='lat' dir='ltr'><strong>aut</strong></span> <span class='ocrx_word' id='word_1_782' title='bbox 1519 5090 1665 5158; x_wconf 89' lang='lat' dir='ltr'><strong>quod</strong></span> <span class='ocrx_word' id='word_1_783' title='bbox 1695 5104 1791 5145; x_wconf 87' lang='lat' dir='ltr'><strong>co-</strong></span> 
     </span>
    </p>
   </div>
   <div class='ocr_carea' id='block_1_97' title="bbox 219 5176 1794 5249">
    <p class='ocr_par' dir='ltr' id='par_1_97' title="bbox 219 5176 1794 5249">
     <span class='ocr_line' id='line_1_97' title="bbox 219 5176 1794 5249; baseline -0.001 -12"><span class='ocrx_word' id='word_1_784' title='bbox 219 5186 418 5249; x_wconf 71' lang='lat' dir='ltr'><strong>clitur,</strong></span> <span class='ocrx_word' id='word_1_785' title='bbox 452 5182 526 5236; x_wconf 89' lang='lat' dir='ltr'><strong>ita</strong></span> <span class='ocrx_word' id='word_1_786' title='bbox 557 5189 617 5235; x_wconf 92' lang='lat' dir='ltr'><strong>ut</strong></span> <span class='ocrx_word' id='word_1_787' title='bbox 644 5179 698 5233; x_wconf 91' lang='lat' dir='ltr'><strong>in</strong></span> <span class='ocrx_word' id='word_1_788' title='bbox 744 5178 947 5248; x_wconf 91' lang='lat' dir='ltr'><strong>templo</strong></span> <span class='ocrx_word' id='word_1_789' title='bbox 996 5176 1092 5232; x_wconf 89' lang='lat' dir='ltr'><strong>Dei</strong></span> <span class='ocrx_word' id='word_1_790' title='bbox 1148 5178 1367 5245; x_wconf 87' lang='lat' dir='ltr'><strong>sedeat,</strong></span> <span class='ocrx_word' id='word_1_791' title='bbox 1419 5179 1711 5235; x_wconf 89' lang='lat' dir='ltr'><strong>ostendens</strong></span> <span class='ocrx_word' id='word_1_792' title='bbox 1735 5194 1794 5235; x_wconf 87' lang='lat' dir='ltr'><strong>se</strong></span> 
     </span>
    </p>
   </div>
   <div class='ocr_carea' id='block_1_98' title="bbox 219 5265 1791 5342">
    <p class='ocr_par' dir='ltr' id='par_1_98' title="bbox 219 5265 1791 5342">
     <span class='ocr_line' id='line_1_98' title="bbox 219 5265 1791 5342; baseline -0.003 -16"><span class='ocrx_word' id='word_1_793' title='bbox 219 5294 237 5326; x_wconf 79' lang='grc' dir='ltr'><strong>ι</strong></span> <span class='ocrx_word' id='word_1_794' title='bbox 263 5282 529 5342; x_wconf 88' lang='lat' dir='ltr'><strong>tanquam</strong></span> <span class='ocrx_word' id='word_1_795' title='bbox 582 5269 653 5324; x_wconf 90' lang='lat' dir='ltr'><strong>sit</strong></span> <span class='ocrx_word' id='word_1_796' title='bbox 697 5268 861 5322; x_wconf 72' lang='lat' dir='ltr'><strong>Deus.</strong></span> <span class='ocrx_word' id='word_1_797' title='bbox 914 5265 1107 5322; x_wconf 86' lang='lat' dir='ltr'><strong>Nonne</strong></span> <span class='ocrx_word' id='word_1_798' title='bbox 1156 5267 1401 5323; x_wconf 89' lang='lat' dir='ltr'><strong>retinetis</strong></span> <span class='ocrx_word' id='word_1_799' title='bbox 1447 5268 1590 5337; x_wconf 91' lang='lat' dir='ltr'><strong>quod</strong></span> <span class='ocrx_word' id='word_1_800' title='bbox 1621 5310 1636 5335; x_wconf 93' lang='lat'><strong>,</strong></span> <span class='ocrx_word' id='word_1_801' title='bbox 1666 5284 1791 5323; x_wconf 89' lang='lat' dir='ltr'><strong>cum</strong></span> 
     </span>
    </p>
   </div>
   <div class='ocr_carea' id='block_1_99' title="bbox 217 5358 1796 5431">
    <p class='ocr_par' dir='ltr' id='par_1_99' title="bbox 217 5358 1796 5431">
     <span class='ocr_line' id='line_1_99' title="bbox 217 5358 1796 5431; baseline -0.002 -13"><span class='ocrx_word' id='word_1_802' title='bbox 217 5384 239 5418; x_wconf 73' lang='grc' dir='ltr'><strong>ι</strong></span> <span class='ocrx_word' id='word_1_803' title='bbox 266 5363 451 5420; x_wconf 87' lang='lat' dir='ltr'><strong>adhuc</strong></span> <span class='ocrx_word' id='word_1_804' title='bbox 492 5375 670 5417; x_wconf 89' lang='lat' dir='ltr'><strong>essem</strong></span> <span class='ocrx_word' id='word_1_805' title='bbox 705 5359 849 5431; x_wconf 88' lang='lat' dir='ltr'><strong>apud</strong></span> <span class='ocrx_word' id='word_1_806' title='bbox 876 5373 975 5414; x_wconf 90' lang='lat' dir='ltr'><strong>vos</strong></span> <span class='ocrx_word' id='word_1_807' title='bbox 998 5400 1014 5425; x_wconf 95' lang='lat'><strong>,</strong></span> <span class='ocrx_word' id='word_1_808' title='bbox 1051 5358 1170 5414; x_wconf 81' lang='lat' dir='ltr'><strong>haec</strong></span> <span class='ocrx_word' id='word_1_809' title='bbox 1193 5360 1439 5415; x_wconf 90' lang='lat' dir='ltr'><strong>dicebam</strong></span> <span class='ocrx_word' id='word_1_810' title='bbox 1466 5359 1622 5414; x_wconf 90' lang='lat' dir='ltr'><strong>vobis</strong></span> <span class='ocrx_word' id='word_1_811' title='bbox 1647 5360 1672 5413; x_wconf 86' lang='lat'><strong>?</strong></span> <span class='ocrx_word' id='word_1_812' title='bbox 1726 5358 1796 5415; x_wconf 87' lang='lat' dir='ltr'><strong>Et</strong></span> 
     </span>
    </p>
   </div>
   <div class='ocr_carea' id='block_1_100' title="bbox 220 5449 1793 5520">
    <p class='ocr_par' dir='ltr' id='par_1_100' title="bbox 220 5449 1793 5520">
     <span class='ocr_line' id='line_1_100' title="bbox 220 5449 1793 5520; baseline -0.003 -12"><span class='ocrx_word' id='word_1_813' title='bbox 220 5474 240 5507; x_wconf 80' lang='grc' dir='ltr'><strong>ι</strong></span> <span class='ocrx_word' id='word_1_814' title='bbox 266 5467 418 5508; x_wconf 90' lang='lat' dir='ltr'><strong>nunc</strong></span> <span class='ocrx_word' id='word_1_815' title='bbox 445 5451 578 5520; x_wconf 89' lang='lat' dir='ltr'><strong>quid</strong></span> <span class='ocrx_word' id='word_1_816' title='bbox 604 5450 843 5506; x_wconf 88' lang='lat' dir='ltr'><strong>detineat</strong></span> <span class='ocrx_word' id='word_1_817' title='bbox 862 5449 1036 5515; x_wconf 91' lang='lat' dir='ltr'><strong>scitis,</strong></span> <span class='ocrx_word' id='word_1_818' title='bbox 1066 5456 1128 5504; x_wconf 91' lang='lat' dir='ltr'><strong>ut</strong></span> <span class='ocrx_word' id='word_1_819' title='bbox 1157 5450 1426 5504; x_wconf 88' lang='lat' dir='ltr'><strong>reveletur</strong></span> <span class='ocrx_word' id='word_1_820' title='bbox 1449 5450 1505 5504; x_wconf 91' lang='lat' dir='ltr'><strong>in</strong></span> <span class='ocrx_word' id='word_1_821' title='bbox 1537 5465 1637 5505; x_wconf 91' lang='lat' dir='ltr'><strong>suo</strong></span> <span class='ocrx_word' id='word_1_822' title='bbox 1658 5459 1793 5506; x_wconf 90' lang='lat' dir='ltr'><strong>tem-</strong></span> 
     </span>
    </p>
   </div>
   <div class='ocr_carea' id='block_1_101' title="bbox 221 5540 1791 5615">
    <p class='ocr_par' dir='ltr' id='par_1_101' title="bbox 221 5540 1791 5615">
     <span class='ocr_line' id='line_1_101' title="bbox 221 5540 1791 5615; baseline -0.001 -17"><span class='ocrx_word' id='word_1_823' title='bbox 221 5564 241 5598; x_wconf 78' lang='grc' dir='ltr'>σ</span> <span class='ocrx_word' id='word_1_824' title='bbox 266 5560 422 5615; x_wconf 90' lang='lat' dir='ltr'><strong>pore.</strong></span> <span class='ocrx_word' id='word_1_825' title='bbox 479 5540 615 5596; x_wconf 83' lang='lat' dir='ltr'><strong>Nam</strong></span> <span class='ocrx_word' id='word_1_826' title='bbox 662 5542 984 5613; x_wconf 82' lang='lat' dir='ltr'><strong>mysterium</strong></span> <span class='ocrx_word' id='word_1_827' title='bbox 1026 5540 1142 5610; x_wconf 88' lang='lat' dir='ltr'><strong>jam</strong></span> <span class='ocrx_word' id='word_1_828' title='bbox 1184 5550 1440 5611; x_wconf 85' lang='lat' dir='ltr'><strong>operatur</strong></span> <span class='ocrx_word' id='word_1_829' title='bbox 1470 5540 1791 5612; x_wconf 89' lang='lat' dir='ltr'><strong>iniquitatis,</strong></span> 
     </span>
    </p>
   </div>
   <div class='ocr_carea' id='block_1_102' title="bbox 222 5631 1793 5701">
    <p class='ocr_par' dir='ltr' id='par_1_102' title="bbox 222 5631 1793 5701">
     <span class='ocr_line' id='line_1_102' title="bbox 222 5631 1793 5701; baseline 0.001 -15"><span class='ocrx_word' id='word_1_830' title='bbox 222 5654 242 5686; x_wconf 82' lang='grc' dir='ltr'><strong>ι</strong></span> <span class='ocrx_word' id='word_1_831' title='bbox 275 5642 492 5689; x_wconf 89' lang='lat' dir='ltr'><strong>tantum</strong></span> <span class='ocrx_word' id='word_1_832' title='bbox 534 5640 595 5685; x_wconf 89' lang='lat' dir='ltr'><strong>ut</strong></span> <span class='ocrx_word' id='word_1_833' title='bbox 623 5633 719 5701; x_wconf 85' lang='lat' dir='ltr'><strong>qui</strong></span> <span class='ocrx_word' id='word_1_834' title='bbox 746 5640 894 5686; x_wconf 89' lang='lat' dir='ltr'><strong>tenet</strong></span> <span class='ocrx_word' id='word_1_835' title='bbox 918 5646 1083 5696; x_wconf 90' lang='lat' dir='ltr'><strong>nunc,</strong></span> <span class='ocrx_word' id='word_1_836' title='bbox 1115 5638 1293 5685; x_wconf 72' lang='lat' dir='ltr'><strong>teneat</strong></span> <span class='ocrx_word' id='word_1_837' title='bbox 1319 5631 1492 5687; x_wconf 90' lang='lat' dir='ltr'><strong>donec</strong></span> <span class='ocrx_word' id='word_1_838' title='bbox 1518 5632 1586 5687; x_wconf 88' lang='lat' dir='ltr'><strong>de</strong></span> <span class='ocrx_word' id='word_1_839' title='bbox 1612 5632 1793 5687; x_wconf 91' lang='lat' dir='ltr'><strong>medio</strong></span> 
     </span>
    </p>
   </div>
   <div class='ocr_carea' id='block_1_103' title="bbox 225 5722 1795 5794">
    <p class='ocr_par' dir='ltr' id='par_1_103' title="bbox 225 5722 1795 5794">
     <span class='ocr_line' id='line_1_103' title="bbox 225 5722 1795 5794; baseline 0.001 -16"><span class='ocrx_word' id='word_1_840' title='bbox 225 5745 245 5778; x_wconf 75' lang='grc' dir='ltr'><strong>ι</strong></span> <span class='ocrx_word' id='word_1_841' title='bbox 272 5725 387 5780; x_wconf 77' lang='lat' dir='ltr'><strong>ﬁat.</strong></span> <span class='ocrx_word' id='word_1_842' title='bbox 421 5722 491 5777; x_wconf 86' lang='lat' dir='ltr'><strong>Et</strong></span> <span class='ocrx_word' id='word_1_843' title='bbox 516 5731 648 5779; x_wconf 90' lang='lat' dir='ltr'><strong>tunc</strong></span> <span class='ocrx_word' id='word_1_844' title='bbox 674 5723 1003 5779; x_wconf 87' lang='lat' dir='ltr'><strong>revelabitur</strong></span> <span class='ocrx_word' id='word_1_845' title='bbox 1024 5723 1118 5778; x_wconf 90' lang='lat' dir='ltr'><strong>ille</strong></span> <span class='ocrx_word' id='word_1_846' title='bbox 1146 5722 1390 5794; x_wconf 89' lang='lat' dir='ltr'><strong>iniquus,</strong></span> <span class='ocrx_word' id='word_1_847' title='bbox 1425 5739 1588 5794; x_wconf 91' lang='lat' dir='ltr'><strong>quem</strong></span> <span class='ocrx_word' id='word_1_848' title='bbox 1618 5724 1795 5780; x_wconf 89' lang='lat' dir='ltr'><strong>Domi-</strong></span> 
     </span>
    </p>
   </div>
   <div class='ocr_carea' id='block_1_104' title="bbox 227 5814 1794 5886">
    <p class='ocr_par' dir='ltr' id='par_1_104' title="bbox 227 5814 1794 5886">
     <span class='ocr_line' id='line_1_104' title="bbox 227 5814 1794 5886; baseline 0.002 -17"><span class='ocrx_word' id='word_1_849' title='bbox 227 5837 246 5869; x_wconf 77' lang='grc' dir='ltr'><strong>ι</strong></span> <span class='ocrx_word' id='word_1_850' title='bbox 272 5832 381 5873; x_wconf 82' lang='lat' dir='ltr'><strong>nus</strong></span> <span class='ocrx_word' id='word_1_851' title='bbox 425 5816 586 5872; x_wconf 83' lang='lat' dir='ltr'><strong>Jcsus</strong></span> <span class='ocrx_word' id='word_1_852' title='bbox 632 5815 919 5872; x_wconf 87' lang='lat' dir='ltr'><strong>interﬁciet</strong></span> <span class='ocrx_word' id='word_1_853' title='bbox 962 5815 1155 5886; x_wconf 82' lang='lat' dir='ltr'><strong>spiritu</strong></span> <span class='ocrx_word' id='word_1_854' title='bbox 1199 5814 1312 5868; x_wconf 85' lang='lat' dir='ltr'><strong>oris</strong></span> <span class='ocrx_word' id='word_1_855' title='bbox 1340 5815 1447 5880; x_wconf 88' lang='lat' dir='ltr'><strong>sui,</strong></span> <span class='ocrx_word' id='word_1_856' title='bbox 1475 5823 1527 5870; x_wconf 91' lang='lat' dir='ltr'><strong>et</strong></span> <span class='ocrx_word' id='word_1_857' title='bbox 1551 5815 1794 5872; x_wconf 88' lang='lat' dir='ltr'><strong>destruet</strong></span> 
     </span>
    </p>
   </div>
   <div class='ocr_carea' id='block_1_105' title="bbox 1891 4629 3506 4705">
    <p class='ocr_par' dir='ltr' id='par_1_105' title="bbox 1891 4629 3506 4705">
     <span class='ocr_line' id='line_1_105' title="bbox 1891 4629 3506 4705; baseline 0.001 -16"><span class='ocrx_word' id='word_1_858' title='bbox 1891 4636 2106 4692; x_wconf 83' lang='lat' dir='ltr'><strong>seducat</strong></span> <span class='ocrx_word' id='word_1_859' title='bbox 2138 4651 2226 4689; x_wconf 88' lang='lat' dir='ltr'><strong>vos</strong></span> <span class='ocrx_word' id='word_1_860' title='bbox 2254 4634 2552 4705; x_wconf 65' lang='lat' dir='ltr'><strong>praemissis</strong></span> <span class='ocrx_word' id='word_1_861' title='bbox 2579 4635 2780 4701; x_wconf 89' lang='lat' dir='ltr'><strong>modis,</strong></span> <span class='ocrx_word' id='word_1_862' title='bbox 2808 4634 2894 4689; x_wconf 89' lang='lat' dir='ltr'><strong>vel</strong></span> <span class='ocrx_word' id='word_1_863' title='bbox 2920 4634 3031 4688; x_wconf 87' lang='lat' dir='ltr'><strong>ullo</strong></span> <span class='ocrx_word' id='word_1_864' title='bbox 3067 4636 3174 4690; x_wconf 89' lang='lat' dir='ltr'><strong>alio</strong></span> <span class='ocrx_word' id='word_1_865' title='bbox 3202 4637 3378 4702; x_wconf 87' lang='lat' dir='ltr'><strong>modo,</strong></span> <span class='ocrx_word' id='word_1_866' title='bbox 3407 4646 3467 4691; x_wconf 90' lang='lat' dir='ltr'><strong>ut</strong></span> <span class='ocrx_word' id='word_1_867' title='bbox 3499 4629 3506 4637; x_wconf 80' lang='grc'><em>’</em></span> 
     </span>
    </p>
   </div>
   <div class='ocr_carea' id='block_1_106' title="bbox 1892 4725 3468 4796">
    <p class='ocr_par' dir='ltr' id='par_1_106' title="bbox 1892 4725 3468 4796">
     <span class='ocr_line' id='line_1_106' title="bbox 1892 4725 3468 4796; baseline -0.001 -12"><span class='ocrx_word' id='word_1_868' title='bbox 1892 4728 2124 4784; x_wconf 89' lang='lat' dir='ltr'><strong>credatis</strong></span> <span class='ocrx_word' id='word_1_869' title='bbox 2153 4728 2357 4783; x_wconf 88' lang='lat' dir='ltr'><strong>instare</strong></span> <span class='ocrx_word' id='word_1_870' title='bbox 2382 4727 2524 4781; x_wconf 89' lang='lat' dir='ltr'><strong>diem</strong></span> <span class='ocrx_word' id='word_1_871' title='bbox 2553 4725 2788 4791; x_wconf 90' lang='lat' dir='ltr'><strong>Domini,</strong></span> <span class='ocrx_word' id='word_1_872' title='bbox 2817 4727 3069 4796; x_wconf 88' lang='lat' dir='ltr'><strong>quoniam</strong></span> <span class='ocrx_word' id='word_1_873' title='bbox 3099 4743 3206 4782; x_wconf 90' lang='lat' dir='ltr'><strong>non</strong></span> <span class='ocrx_word' id='word_1_874' title='bbox 3242 4728 3468 4783; x_wconf 69' lang='lat' dir='ltr'><strong>iit-stabit</strong></span> 
     </span>
    </p>
   </div>
   <div class='ocr_carea' id='block_1_107' title="bbox 1893 4815 3467 4887">
    <p class='ocr_par' dir='ltr' id='par_1_107' title="bbox 1893 4815 3467 4887">
     <span class='ocr_line' id='line_1_107' title="bbox 1893 4815 3467 4887; baseline 0.001 -15"><span class='ocrx_word' id='word_1_875' title='bbox 1893 4819 1984 4874; x_wconf 88' lang='lat' dir='ltr'><strong>hic</strong></span> <span class='ocrx_word' id='word_1_876' title='bbox 2016 4818 2163 4883; x_wconf 85' lang='lat' dir='ltr'><strong>dies,</strong></span> <span class='ocrx_word' id='word_1_877' title='bbox 2219 4818 2324 4871; x_wconf 88' lang='lat' dir='ltr'><strong>nisi</strong></span> <span class='ocrx_word' id='word_1_878' title='bbox 2354 4817 2585 4887; x_wconf 85' lang='lat' dir='ltr'><strong>primum</strong></span> <span class='ocrx_word' id='word_1_879' title='bbox 2616 4815 2813 4870; x_wconf 85' lang='lat' dir='ltr'><strong>venerit</strong></span> <span class='ocrx_word' id='word_1_880' title='bbox 2845 4816 3121 4879; x_wconf 77' lang='lat' dir='ltr'><strong>discessio.</strong></span> <span class='ocrx_word' id='word_1_881' title='bbox 3168 4815 3467 4873; x_wconf 84' lang='lat' dir='ltr'><strong>Disecssio-</strong></span> 
     </span>
    </p>
   </div>
   <div class='ocr_carea' id='block_1_108' title="bbox 1894 4903 3467 4976">
    <p class='ocr_par' dir='ltr' id='par_1_108' title="bbox 1894 4903 3467 4976">
     <span class='ocr_line' id='line_1_108' title="bbox 1894 4903 3467 4976; baseline -0.001 -14"><span class='ocrx_word' id='word_1_882' title='bbox 1894 4923 2019 4962; x_wconf 91' lang='lat' dir='ltr'><strong>nem</strong></span> <span class='ocrx_word' id='word_1_883' title='bbox 2048 4914 2209 4962; x_wconf 90' lang='lat' dir='ltr'><strong>vocat</strong></span> <span class='ocrx_word' id='word_1_884' title='bbox 2233 4904 2578 4973; x_wconf 80' lang='lat' dir='ltr'><strong>Ambrosius,</strong></span> <span class='ocrx_word' id='word_1_885' title='bbox 2610 4905 2873 4976; x_wconf 83' lang='lat' dir='ltr'><strong>quoniam</strong></span> <span class='ocrx_word' id='word_1_886' title='bbox 2900 4903 3207 4959; x_wconf 83' lang='lat' dir='ltr'><strong>Romanum</strong></span> <span class='ocrx_word' id='word_1_887' title='bbox 3234 4947 3249 4973; x_wconf 93' lang='lat'><strong>,</strong></span> <span class='ocrx_word' id='word_1_888' title='bbox 3298 4906 3351 4961; x_wconf 92' lang='lat' dir='ltr'><strong>id</strong></span> <span class='ocrx_word' id='word_1_889' title='bbox 3388 4916 3467 4961; x_wconf 88' lang='lat' dir='ltr'><strong>est</strong></span> 
     </span>
    </p>
   </div>
   <div class='ocr_carea' id='block_1_109' title="bbox 1894 4993 3469 5064">
    <p class='ocr_par' dir='ltr' id='par_1_109' title="bbox 1894 4993 3469 5064">
     <span class='ocr_line' id='line_1_109' title="bbox 1894 4993 3469 5064; baseline -0.002 -14"><span class='ocrx_word' id='word_1_890' title='bbox 1894 4994 2267 5050; x_wconf 88' lang='lat' dir='ltr'><strong>Christianum</strong></span> <span class='ocrx_word' id='word_1_891' title='bbox 2319 4993 2629 5064; x_wconf 89' lang='lat' dir='ltr'><strong>imperium,</strong></span> <span class='ocrx_word' id='word_1_892' title='bbox 2684 5008 3015 5064; x_wconf 85' lang='lat' dir='ltr'><strong>quocunque</strong></span> <span class='ocrx_word' id='word_1_893' title='bbox 3044 5000 3314 5062; x_wconf 79' lang='lat' dir='ltr'><strong>mutetur,</strong></span> <span class='ocrx_word' id='word_1_894' title='bbox 3356 4995 3469 5050; x_wconf 80' lang='lat' dir='ltr'><strong>sive</strong></span> 
     </span>
    </p>
   </div>
   <div class='ocr_carea' id='block_1_110' title="bbox 1872 5083 3465 5155">
    <p class='ocr_par' dir='ltr' id='par_1_110' title="bbox 1872 5083 3465 5155">
     <span class='ocr_line' id='line_1_110' title="bbox 1872 5083 3465 5155; baseline -0.001 -14"><span class='ocrx_word' id='word_1_895' title='bbox 1872 5084 2404 5155; x_wconf 73' lang='lat' dir='ltr'><strong>Constantinopoli,</strong></span> <span class='ocrx_word' id='word_1_896' title='bbox 2456 5084 2570 5139; x_wconf 92' lang='lat' dir='ltr'><strong>sive</strong></span> <span class='ocrx_word' id='word_1_897' title='bbox 2616 5083 2784 5149; x_wconf 91' lang='lat' dir='ltr'><strong>alibi,</strong></span> <span class='ocrx_word' id='word_1_898' title='bbox 2833 5083 2972 5138; x_wconf 88' lang='lat' dir='ltr'><strong>nihil</strong></span> <span class='ocrx_word' id='word_1_899' title='bbox 3010 5083 3233 5154; x_wconf 87' lang='lat' dir='ltr'><strong>impedit</strong></span> <span class='ocrx_word' id='word_1_900' title='bbox 3265 5084 3465 5140; x_wconf 87' lang='lat' dir='ltr'><strong>solum-</strong></span> 
     </span>
    </p>
   </div>
   <div class='ocr_carea' id='block_1_111' title="bbox 1896 5173 3441 5244">
    <p class='ocr_par' dir='ltr' id='par_1_111' title="bbox 1896 5173 3441 5244">
     <span class='ocr_line' id='line_1_111' title="bbox 1896 5173 3441 5244; baseline -0.001 -15"><span class='ocrx_word' id='word_1_901' title='bbox 1896 5174 2062 5230; x_wconf 92' lang='lat' dir='ltr'><strong>modo</strong></span> <span class='ocrx_word' id='word_1_902' title='bbox 2089 5173 2463 5229; x_wconf 90' lang='lat' dir='ltr'><strong>Christianum</strong></span> <span class='ocrx_word' id='word_1_903' title='bbox 2493 5174 2653 5228; x_wconf 89' lang='lat' dir='ltr'><strong>duret</strong></span> <span class='ocrx_word' id='word_1_904' title='bbox 2680 5173 2991 5244; x_wconf 91' lang='lat' dir='ltr'><strong>imperium.</strong></span> <span class='ocrx_word' id='word_1_905' title='bbox 3044 5173 3347 5241; x_wconf 89' lang='lat' dir='ltr'><strong>Quoniam,</strong></span> <span class='ocrx_word' id='word_1_906' title='bbox 3389 5178 3441 5230; x_wconf 63' lang='lat' dir='ltr'><strong>in</strong></span> 
     </span>
    </p>
   </div>
   <div class='ocr_carea' id='block_1_112' title="bbox 1895 5263 3469 5337">
    <p class='ocr_par' dir='ltr' id='par_1_112' title="bbox 1895 5263 3469 5337">
     <span class='ocr_line' id='line_1_112' title="bbox 1895 5263 3469 5337; baseline -0.003 -17"><span class='ocrx_word' id='word_1_907' title='bbox 1895 5281 2083 5337; x_wconf 90' lang='lat' dir='ltr'><strong>quam,</strong></span> <span class='ocrx_word' id='word_1_908' title='bbox 2112 5266 2215 5320; x_wconf 93' lang='lat' dir='ltr'><strong>hoc</strong></span> <span class='ocrx_word' id='word_1_909' title='bbox 2240 5263 2611 5319; x_wconf 90' lang='lat' dir='ltr'><strong>Christianum</strong></span> <span class='ocrx_word' id='word_1_910' title='bbox 2641 5263 2928 5333; x_wconf 90' lang='lat' dir='ltr'><strong>imperium</strong></span> <span class='ocrx_word' id='word_1_911' title='bbox 2953 5265 3298 5328; x_wconf 74' lang='lat' dir='ltr'><strong>dissolvetur,</strong></span> <span class='ocrx_word' id='word_1_912' title='bbox 3327 5282 3435 5335; x_wconf 70' lang='lat' dir='ltr'><strong>qua</strong></span> <span class='ocrx_word' id='word_1_913' title='bbox 3460 5270 3469 5315; x_wconf 65' lang='grc' dir='ltr'>ξ</span> 
     </span>
    </p>
   </div>
   <div class='ocr_carea' id='block_1_113' title="bbox 1896 5355 3471 5428">
    <p class='ocr_par' dir='ltr' id='par_1_113' title="bbox 1896 5355 3471 5428">
     <span class='ocr_line' id='line_1_113' title="bbox 1896 5355 3471 5428; baseline -0.003 -15"><span class='ocrx_word' id='word_1_914' title='bbox 1896 5373 1999 5413; x_wconf 91' lang='lat' dir='ltr'><strong>nec</strong></span> <span class='ocrx_word' id='word_1_915' title='bbox 2047 5371 2204 5428; x_wconf 86' lang='lat' dir='ltr'><strong>reges</strong></span> <span class='ocrx_word' id='word_1_916' title='bbox 2252 5362 2415 5411; x_wconf 91' lang='lat' dir='ltr'><strong>erunt</strong></span> <span class='ocrx_word' id='word_1_917' title='bbox 2434 5355 2529 5426; x_wconf 88' lang='lat' dir='ltr'><strong>qui</strong></span> <span class='ocrx_word' id='word_1_918' title='bbox 2574 5355 2860 5410; x_wconf 76' lang='lat' dir='ltr'><strong>haereticos</strong></span> <span class='ocrx_word' id='word_1_919' title='bbox 2904 5358 3161 5426; x_wconf 89' lang='lat' dir='ltr'><strong>puniant,</strong></span> <span class='ocrx_word' id='word_1_920' title='bbox 3216 5373 3471 5427; x_wconf 56' lang='lat' dir='ltr'><strong>pervasa~</strong></span> 
     </span>
    </p>
   </div>
   <div class='ocr_carea' id='block_1_114' title="bbox 1900 5446 3470 5516">
    <p class='ocr_par' dir='ltr' id='par_1_114' title="bbox 1900 5446 3470 5516">
     <span class='ocr_line' id='line_1_114' title="bbox 1900 5446 3470 5516; baseline -0.004 -12"><span class='ocrx_word' id='word_1_921' title='bbox 1900 5463 1993 5505; x_wconf 91' lang='lat' dir='ltr'><strong>res</strong></span> <span class='ocrx_word' id='word_1_922' title='bbox 2037 5447 2394 5503; x_wconf 90' lang='lat' dir='ltr'><strong>ecclesiarum</strong></span> <span class='ocrx_word' id='word_1_923' title='bbox 2439 5446 2722 5501; x_wconf 84' lang='lat' dir='ltr'><strong>destruant</strong></span> <span class='ocrx_word' id='word_1_924' title='bbox 2744 5487 2760 5511; x_wconf 94' lang='lat'><strong>,</strong></span> <span class='ocrx_word' id='word_1_925' title='bbox 2800 5461 2901 5502; x_wconf 89' lang='lat' dir='ltr'><strong>nec</strong></span> <span class='ocrx_word' id='word_1_926' title='bbox 2928 5446 3177 5502; x_wconf 81' lang='lat' dir='ltr'><strong>Romano</strong></span> <span class='ocrx_word' id='word_1_927' title='bbox 3206 5447 3470 5516; x_wconf 57' lang='lat' dir='ltr'><strong>pontiﬁci,</strong></span> 
     </span>
    </p>
   </div>
   <div class='ocr_carea' id='block_1_115' title="bbox 1897 5536 3473 5611">
    <p class='ocr_par' dir='ltr' id='par_1_115' title="bbox 1897 5536 3473 5611">
     <span class='ocr_line' id='line_1_115' title="bbox 1897 5536 3473 5611; baseline -0.004 -17"><span class='ocrx_word' id='word_1_928' title='bbox 1897 5540 1992 5611; x_wconf 90' lang='lat' dir='ltr'><strong>qui</strong></span> <span class='ocrx_word' id='word_1_929' title='bbox 2022 5537 2266 5610; x_wconf 87' lang='lat' dir='ltr'><strong>spiritale</strong></span> <span class='ocrx_word' id='word_1_930' title='bbox 2313 5537 2604 5607; x_wconf 70' lang='lat' dir='ltr'><strong>imperiunm</strong></span> <span class='ocrx_word' id='word_1_931' title='bbox 2649 5536 2813 5591; x_wconf 87' lang='lat' dir='ltr'><strong>habet</strong></span> <span class='ocrx_word' id='word_1_932' title='bbox 2834 5546 2859 5604; x_wconf 88' lang='lat'><strong>,‘</strong></span> <span class='ocrx_word' id='word_1_933' title='bbox 2902 5537 3139 5592; x_wconf 89' lang='lat' dir='ltr'><strong>mundus</strong></span> <span class='ocrx_word' id='word_1_934' title='bbox 3182 5537 3234 5589; x_wconf 93' lang='lat' dir='ltr'><strong>in</strong></span> <span class='ocrx_word' id='word_1_935' title='bbox 3260 5537 3473 5590; x_wconf 73' lang='lat' dir='ltr'><strong>unitate</strong></span> 
     </span>
    </p>
   </div>
   <div class='ocr_carea' id='block_1_116' title="bbox 1898 5625 3463 5700">
    <p class='ocr_par' dir='ltr' id='par_1_116' title="bbox 1898 5625 3463 5700">
     <span class='ocr_line' id='line_1_116' title="bbox 1898 5625 3463 5700; baseline -0.003 -15"><span class='ocrx_word' id='word_1_936' title='bbox 1898 5630 2021 5686; x_wconf 88' lang='lat' dir='ltr'><strong>ﬁdei</strong></span> <span class='ocrx_word' id='word_1_937' title='bbox 2050 5629 2351 5700; x_wconf 83' lang='lat' dir='ltr'><strong>subjectus</strong></span> <span class='ocrx_word' id='word_1_938' title='bbox 2380 5629 2503 5696; x_wconf 90' lang='lat' dir='ltr'><strong>erit,</strong></span> <span class='ocrx_word' id='word_1_939' title='bbox 2536 5628 2630 5683; x_wconf 90' lang='lat' dir='ltr'><strong>sed</strong></span> <span class='ocrx_word' id='word_1_940' title='bbox 2680 5628 2759 5684; x_wconf 91' lang='lat' dir='ltr'><strong>sic</strong></span> <span class='ocrx_word' id='word_1_941' title='bbox 2787 5628 2858 5682; x_wconf 91' lang='lat' dir='ltr'><strong>ab</strong></span> <span class='ocrx_word' id='word_1_942' title='bbox 2893 5636 3121 5697; x_wconf 89' lang='lat' dir='ltr'><strong>utroque</strong></span> <span class='ocrx_word' id='word_1_943' title='bbox 3162 5625 3463 5681; x_wconf 77' lang='lat' dir='ltr'><strong>Cbrist&#39;anc</strong></span> 
     </span>
    </p>
   </div>
   <div class='ocr_carea' id='block_1_117' title="bbox 1897 5704 3472 5792">
    <p class='ocr_par' dir='ltr' id='par_1_117' title="bbox 1897 5704 3472 5792">
     <span class='ocr_line' id='line_1_117' title="bbox 1897 5704 3472 5792; baseline -0.004 -15"><span class='ocrx_word' id='word_1_944' title='bbox 1897 5720 2146 5792; x_wconf 90' lang='lat' dir='ltr'><strong>imperio,</strong></span> <span class='ocrx_word' id='word_1_945' title='bbox 2171 5727 2225 5776; x_wconf 92' lang='lat' dir='ltr'><strong>et</strong></span> <span class='ocrx_word' id='word_1_946' title='bbox 2248 5718 2517 5785; x_wconf 66' lang='lat' dir='ltr'><strong>saeculari,</strong></span> <span class='ocrx_word' id='word_1_947' title='bbox 2542 5718 2685 5774; x_wconf 89' lang='lat' dir='ltr'><strong>sicut</strong></span> <span class='ocrx_word' id='word_1_948' title='bbox 2707 5725 2836 5773; x_wconf 90' lang='lat' dir='ltr'><strong>sunt</strong></span> <span class='ocrx_word' id='word_1_949' title='bbox 2858 5704 3038 5788; x_wconf 78' lang='lat' dir='ltr'><strong>reges,</strong></span> <span class='ocrx_word' id='word_1_950' title='bbox 3061 5724 3115 5771; x_wconf 91' lang='lat' dir='ltr'><strong>et</strong></span> <span class='ocrx_word' id='word_1_951' title='bbox 3133 5716 3385 5785; x_wconf 85' lang='lat' dir='ltr'><strong>spiritali.</strong></span> <span class='ocrx_word' id='word_1_952' title='bbox 3414 5725 3472 5770; x_wconf 91' lang='lat' dir='ltr'><strong>ut</strong></span> 
     </span>
    </p>
   </div>
   <div class='ocr_carea' id='block_1_118' title="bbox 1898 5798 3464 5885">
    <p class='ocr_par' dir='ltr' id='par_1_118' title="bbox 1898 5798 3464 5885">
     <span class='ocr_line' id='line_1_118' title="bbox 1898 5798 3464 5885; baseline -0.007 -13"><span class='ocrx_word' id='word_1_953' title='bbox 1898 5812 2058 5885; x_wconf 78' lang='lat'><strong>305</strong></span> <span class='ocrx_word' id='word_1_954' title='bbox 2088 5828 2226 5883; x_wconf 90' lang='lat' dir='ltr'><strong>papa</strong></span> <span class='ocrx_word' id='word_1_955' title='bbox 2247 5855 2262 5880; x_wconf 94' lang='lat'><strong>,</strong></span> <span class='ocrx_word' id='word_1_956' title='bbox 2294 5810 2545 5881; x_wconf 76' lang='lat' dir='ltr'><strong>mundus</strong></span> <span class='ocrx_word' id='word_1_957' title='bbox 2571 5807 2842 5875; x_wconf 83' lang='lat' dir='ltr'><strong>discedet;</strong></span> <span class='ocrx_word' id='word_1_958' title='bbox 2873 5816 3003 5864; x_wconf 87' lang='lat' dir='ltr'><strong>tunc</strong></span> <span class='ocrx_word' id='word_1_959' title='bbox 3034 5808 3267 5878; x_wconf 86' lang='lat' dir='ltr'><strong>primum</strong></span> <span class='ocrx_word' id='word_1_960' title='bbox 3310 5798 3464 5880; x_wconf 81' lang='lat' dir='ltr'><strong>’para-</strong></span> 
     </span>
    </p>
   </div>
  </div>
