3988 6462
491 400 598 461 419

1025 392 1082 449 S.
1123 335 1471 448 BBUNONIS
1505 377 2152 442 CARTHUSIANORUM
2193 371 2684 432 INSTITUTORIS
2721 371 2874 430 OPP.
2912 369 3096 428 PARS
3133 369 3198 425 ll.

3663 364 3772 422 4ἰο

492 523 612 570 tum
637 508 744 568 erit
776 507 1094 580 jumentum.
1129 503 1276 574 quod
1319 497 1574 556 ascendet
1600 492 1993 556 Antichristus,
2023 489 2078 544 id
2107 491 2152 546 Α
2181 495 2266 542 tas
2291 483 2416 580 ﬁdei
2441 492 2496 540 et
2523 483 2900 580 Christianum
2929 483 3222 580 imperium
3247 481 3346 580 ﬁat
3385 480 3457 534 de
3489 479 3700 580 medio,

489 613 574 662 est
602 600 868 666 inﬁdeles,
895 596 990 668 qui
1012 594 1256 650 membra
1277 586 1596 645 Antichristi
1622 582 1870 639 certatim
1897 581 1951 634 in
1974 579 2072 634 de-

491 693 796 752 structione
829 689 954 746 ﬁdei
976 691 1339 757 cooperentnr
1363 679 1460 734 tali
1485 675 1670 746 capiti,
1697 683 1752 730 et
1788 671 1948 727 facta.
1973 669 2076 724 hac

491 787 831 844 discessione
849 781 1030 838 veniet
1056 773 1425 832 Antichristus
1448 771 1504 825 in
1527 784 1627 825 sua
1649 763 2072 838 opportunitate.

495 875 605 932 Sed
629 874 677 930 si
711 873 874 928 modo
927 867 1138 924 veniret
1183 861 1408 928 mundo,
1453 859 1738 915 obediente
1773 871 1840 911 ex
1883 851 2078 924 majori

492 977 649 1040 parte
691 965 939 1021 Romano
983 957 1226 1030 pontiﬁci
1250 956 1304 1010 in
1343 952 1550 1008 unitate
1591 948 1737 1014 ﬁdei,
1765 955 1818 1002 et
1857 945 2077 1040 regibus

493 1035 827 1116 Christianis
857 1053 1036 1108 adhuc
1065 1048 1228 1104 ﬁdem
1261 1044 1572 1110 tuentibus,
1603 1041 1931 1112 imparatum
1979 1035 2078 1090 ha-

494 1149 650 1206 beret
675 1149 1006 1218 jumentum,
1039 1140 1186 1211 quod
1215 1137 1554 1202 ascenderet,
1578 1140 1633 1188 et
1653 1146 1763 1186 non
1786 1145 1888 1186 suo
1915 1127 2078 1183 modo

496 1239 760 1313 proﬁcere
787 1242 990 1314 posset.
1022 1231 1252 1298 Quando
1283 1237 1466 1284 tamen
1513 1224 1696 1280 futura
1723 1231 1808 1279 est
1836 1221 1926 1274 illa
1965 1218 2080 1274 dis-

493 1312 672 1388 cessio
717 1330 770 1383 in
808 1312 938 1382 sede
985 1323 1132 1380 beati
1159 1321 1330 1387 Petri,
1366 1318 1470 1374 etsi
1496 1317 1551 1372 in
1583 1313 1794 1388 paucis,
1822 1312 1958 1368 ﬁdes
1994 1318 2081 1365 ta-

493 1435 618 1476 men
639 1417 974 1488 perdurabit.
1000 1413 1158 1482 Quod
1186 1413 1378 1468 dicunt
1402 1407 1579 1466 sancti
1609 1403 1914 1462 obtinuisse
1929 1401 2076 1458 illam

491 1510 797 1566 orationem
837 1506 1068 1572 Christi,
1100 1505 1168 1561 de
1202 1519 1308 1574 qua
1341 1501 1504 1556 Petro
1547 1498 1663 1553 ait:
1700 1517 1718 1549 ε
1755 1495 1868 1568 Ego
1889 1507 1988 1564 pro
2029 1500 2080 1547 te

492 1599 700 1670 rogavi,
717 1597 896 1664 Petre,
921 1603 983 1650 ut
1006 1608 1117 1649 non
1139 1591 1357 1648 deﬁciat
1387 1590 1523 1645 ﬁdes
1544 1586 1792 1658 tua(Luc.
1811 1601 1948 1651 un,
1963 1583 2077 1654 '52).

561 1690 668 1744 Alii
705 1696 904 1746 vocant
931 1685 1322 1744 discessionem
1353 1683 1436 1754 (ut
1455 1682 1521 1737 de
1559 1679 1808 1736 saeculari
1852 1677 2080 1747 imperio

497 1779 736 1850 taceant)
770 1778 990 1850 quando
1015 1775 1271 1832 homines
1299 1773 1368 1828 ab
1389 1771 1598 1826 unitate
1627 1768 1751 1824 ﬁdei
1778 1767 2078 1832 discedent,

494 1879 550 1930 et
577 1871 825 1928 diversas
847 1868 1054 1926 erroris
1078 1867 1194 1922 vias
1222 1863 1614 1936 ingredientur,
1638 1869 1770 1915 tunc
1793 1859 1970 1913 veniet
1988 1873 2082 1913 as—

493 1975 689 2018 oensor
721 1960 1092 2016 Antichristus
1127 1964 1301 2014 strato
1335 1955 1586 2026 iumento
1626 1951 1774 2023 quod
1803 1949 2079 2006 ascendat.

493 2049 632 2120 Nisi,
663 2051 911 2124 inquam,
947 2051 1180 2121 primum
1206 2047 1400 2102 venerit
1421 2043 1696 2108 discessio,
1724 2051 1774 2096 et
1802 2040 1946 2096 facta
1969 2040 2074 2096 dis-

496 2143 750 2198 cessione
801 2140 1060 2196 revelatus
1114 2139 1300 2210 fuerit,
1342 2137 1436 2207 qui
1489 2134 1654 2190 modo
1695 2133 1944 2189 occultus
2001 2140 2086 2188 est

495 2233 684 2289 homo.
717 2232 921 2288 Contra
951 2231 1058 2287 hoc
1083 2229 1232 2300 quod
1261 2228 1508 2284 dicturus
1555 2234 1660 2292 est,
1705 2223 1876 2280 Deum
1925 2233 2085 2278 vocat

497 2338 624 2378 eum
649 2323 950 2388 hominem,
986 2321 1056 2375 ab
1076 2319 1227 2374 omni
1248 2319 1447 2374 deitate
1474 2317 1732 2371 alienum.
1779 2313 1970 2380 Homo,
2001 2313 2084 2367 in-

496 2429 686 2483 quam,
709 2413 932 2482 peccati,
957 2410 1086 2481 quia
1108 2411 1250 2465 sicut
1279 2408 1534 2464 Christus
1561 2408 1727 2461 homo
1741 2405 1988 2476 justitite,
2006 2406 2086 2460 sic

497 2503 603 2558 iste
633 2503 799 2558 totius
819 2502 1064 2573 peccati;
1093 2508 1144 2555 et
1171 2498 1318 2570 ﬁlius
1359 2499 1690 2569 perditionis,
1734 2497 1790 2552 id
1816 2506 1902 2553 est
1930 2497 2083 2568 geni-

497 2599 590 2647 tus
616 2591 685 2646 ad
707 2590 1069 2660 perditionem
1110 2603 1360 2658 suorum,
1397 2589 1540 2645 sicut
1581 2586 1834 2644 Christus
1871 2587 1940 2642 ad
1978 2588 2084 2642 sal-

498 2683 774 2738 vationem
817 2681 1126 2752 justorum;
1168 2680 1264 2750 qui
1307 2681 1470 2736 etiam
1497 2688 1551 2735 et
1583 2680 1804 2734 nomine
1836 2687 1890 2735 et
1921 2693 2086 2750 opere

501 2764 817 2827 aduersatur
839 2771 1082 2828 Christo.
1117 2770 1268 2827 Unde
1295 2780 1348 2826 et
1369 2771 1738 2826 Antichristus
1767 2771 2082 2838 vocabitur;

499 2871 552 2916 et
581 2862 676 2932 qui
715 2861 996 2916 extollitur
1039 2878 1202 2931 supra
1248 2877 1399 2916 omne
1432 2859 1570 2932 quod
1603 2859 1802 2914 dicitur
1837 2859 1999 2928 Deus,
2031 2860 2086 2914 id

503 2961 589 3008 est
617 2951 764 3022 quod
799 2951 1167 3022 nuncupative
1195 2949 1341 3006 Deus
1363 2950 1582 3018 dicitur,
1613 2959 1668 3006 et
1703 2965 1810 3006 non
1845 2958 1930 3006 est
1956 2952 2086 3006 sub-

499 3041 844 3108 stantialiter,
887 3049 950 3096 ut
984 3047 1112 3096 sunt
1153 3039 1350 3106 sancti,
1377 3039 1683 3096 secundum
1712 3039 1884 3096 illud:
1923 3059 1941 3092 ι
1971 3039 2086 3111 Ego

499 3133 617 3188 dixi
643 3151 657 3188 :
689 3131 776 3186 Dii
809 3131 944 3188 estis
973 3129 1148 3203 (Psal.
1191 3147 1345 3198 xm,
1372 3129 1459 3201 6):
1491 3150 1510 3182 ι
1557 3128 1662 3198 Qui
1682 3131 1849 3185 etiam
1873 3132 2086 3187 extolli-

497 3235 590 3282 tur
620 3241 786 3296 supra
814 3239 978 3280 omne
999 3224 1137 3296 quod
1159 3223 1355 3278 colitur
1375 3221 1542 3290 Deus,
1579 3233 1633 3279 et
1651 3237 1780 3279 vere
1805 3223 1949 3279 Deus
1978 3232 2080 3278 est.

500 3317 814 3384 Extollitur,
842 3316 920 3371 ita
949 3325 1008 3370 ut
1027 3315 1203 3370 sedeat
1229 3316 1286 3368 in
1309 3313 1500 3384 templo
1525 3313 1623 3368 Dei
1655 3314 1745 3384 (ad
1769 3314 2003 3370 litteram
2029 3313 2085 3368 in

504 3403 872 3476 Hierusalem)
922 3405 979 3459 in
1011 3419 1122 3474 quo
1165 3403 1419 3459 Christus
1458 3403 1672 3470 docuit,
1725 3419 1980 3459 asserens
2028 3419 2088 3459 se

500 3508 625 3550 esse
658 3509 849 3548 verum
877 3492 1071 3559 Deum,
1098 3491 1379 3549 Christum
1410 3501 1592 3548 autem
1629 3492 1801 3550 fuisse
1835 3494 2088 3565 decepto-

505 3598 626 3638 rem
671 3591 726 3638 et
771 3597 1012 3654 magum.
1046 3581 1242 3637 Sedeat
1264 3583 1388 3638 dico
1421 3585 1476 3638 in
1505 3584 1708 3654 templo
1755 3583 1872 3651 Dei,
1911 3593 2087 3639 osten-

504 3675 633 3729 dens
657 3691 712 3729 se
736 3675 874 3728 sicut
896 3675 966 3728 sit
992 3673 1155 3728 Deus.
1179 3672 1318 3740 Nisi,
1352 3674 1598 3745 inquam,
1626 3675 1744 3730 haec
1768 3675 1923 3746 signa
1951 3691 2086 3746 prte-

503 3763 793 3828 cesserint,
831 3779 942 3818 non
971 3763 1126 3834 prius
1171 3761 1395 3818 instabit
1434 3763 1550 3819 dies
1580 3762 1816 3818 Domini.
1867 3763 1933 3818 Et
1971 3777 2089 3818 cre-

502 3856 634 3912 dere
661 3855 826 3910 etiam
854 3853 1064 3910 debetis
1089 3869 1198 3909 non
1232 3854 1390 3910 aliter
1432 3853 1640 3909 instare
1673 3854 1817 3932 diem
1847 3853 2085 3919 Domini,

503 3951 635 4021 quia
661 3965 766 4003 non
789 3948 1024 4002 retinetis
1046 3947 1382 4013 memoriter,
1413 3947 1552 4018 quod
1573 3963 1693 4000 cum
1719 3947 1891 4001 adhuc
1923 3963 2088 4001 essem

504 4041 647 4112 apud
700 4057 787 4095 vos
832 4039 1070 4094 dicebam
1094 4039 1238 4093 vobis
1267 4039 1384 4094 haec
1412 4054 1747 4109 praecessura
1789 4053 1911 4094 esse
1944 4038 2087 4094 diem

507 4132 744 4188 Domini.
773 4131 832 4184 ln
858 4147 922 4186 eo
945 4131 1092 4201 quod
1119 4130 1215 4198 ait,
1248 4147 1366 4184 cum
1391 4130 1562 4183 adhuc
1608 4145 1794 4196 essem,
1822 4128 2090 4200 signiﬁcat

507 4240 568 4280 se
587 4223 730 4279 circa
753 4223 943 4277 horam
965 4223 1243 4278 discessus
1267 4221 1352 4276 sui
1375 4222 1491 4276 haec
1511 4220 1803 4276 tradidisse
1825 4220 1952 4276 illis.
1971 4219 2090 4274 Mos

506 4316 656 4370 enim
682 4323 800 4369 erat
822 4313 977 4368 Pauli
1005 4314 1062 4368 in
1083 4313 1277 4384 primis
1303 4311 1704 4382 simplicitatem
1719 4309 2088 4366 Ecclesiarum

508 4405 852 4476 simplicibus
883 4404 1068 4460 fovere
1093 4404 1471 4471 documentis;
1505 4403 1619 4470 sed,
1652 4402 1760 4484 illis
1779 4403 1896 4474 jam
1920 4401 2092 4473 perfe-

2175 583 2262 630 est
2287 575 2564 630 sublatum
2608 572 2890 630 auferatur
2927 572 2995 628 de
3025 571 3444 628 communitate.
3493 568 3590 624 Ab
3617 583 3684 624 ea
3712 571 3784 626 si-

2175 670 2485 726 militudine
2534 668 2739 724 dictnm
2793 677 2898 736 est,
2953 683 3064 738 qua
3107 666 3346 722 dicimus
3395 684 3408 720 :
3455 663 3574 720 llic
3623 663 3786 719 homo

2176 773 2428 818 mortuus
2474 759 2654 818 factus
2697 769 2784 816 est
2823 759 2894 816 de
2921 759 3124 830 medio,
3155 758 3211 814 id
3247 767 3334 814 est
3403 756 3682 812 sublatus
3723 754 3786 812 de

2176 854 2569 920 communitate
2607 852 2915 908 hominum.
2949 849 3048 907 Vel
3078 853 3152 906 ita
3176 870 3189 905 :
3212 849 3650 905 Tantummodo
3691 848 3788 903 hoc

2177 955 2424 1002 moratur
2445 944 2843 1000 Antichristum
2869 953 2928 998 ut
2953 943 3044 1014 qui
3067 959 3204 996 nunc
3228 950 3366 996 tenet
3389 940 3786 995 Christiana

2177 1036 2470 1109 imperium
2491 1044 2546 1092 et
2565 1036 2830 1092 unitatem
2844 1034 2989 1102 ﬁdei,
3007 1043 3180 1088 teneat
3211 1033 3318 1089 hoc
3345 1033 3578 1099 tandiu,
3606 1035 3784 1098 donec,

2179 1128 2458 1199 iniquitas,
2483 1143 2607 1199 qua:
2631 1127 2796 1184 modo
2822 1134 2908 1182 est
2935 1125 3038 1182 sub
3060 1125 3342 1198 mysterio,
3363 1125 3468 1194 fiat
3493 1123 3569 1178 de
3597 1122 3784 1190 medio,

2179 1219 2235 1276 id
2263 1229 2348 1276 est
2379 1220 2448 1276 de
2471 1219 2890 1284 communitate,
2911 1225 2974 1272 ut
3003 1217 3148 1274 sicut
3175 1216 3342 1274 modo
3372 1217 3522 1271 ﬁdes
3555 1214 3620 1270 in
3644 1229 3790 1270 com-

2179 1311 2334 1367 muni
2363 1319 2466 1379 est,
2499 1309 2763 1381 iniquitas
2787 1309 2844 1366 in
2881 1310 3121 1375 occulto,
3161 1307 3241 1364 sic
3271 1307 3328 1363 in
3375 1315 3648 1378 tempore
3684 1307 3788 1362 An-

2178 1401 2416 1458 tichristi
2454 1401 2590 1458 ﬁdes
2614 1401 2687 1458 sit
2728 1401 2783 1456 in
2816 1401 3055 1468 occulto,
3085 1400 3350 1471 iniquitas
3378 1399 3437 1454 in
3473 1399 3786 1464 communi,

2180 1491 2308 1564 quia
2339 1492 2585 1549 membra
2609 1491 2732 1562 ejus
2761 1506 2870 1546 non
2907 1491 3032 1564 plus
3063 1490 3391 1547 erubescent
3435 1497 3644 1545 actum
3689 1488 3788 1542 im-

2181 1583 2398 1654 pietatis
2421 1599 2587 1654 quam
2616 1582 2853 1654 pietatis,
2879 1590 2936 1637 et
2955 1581 3052 1652 qui
3073 1581 3236 1638 ﬁdem
3263 1581 3542 1647 habeant,
3565 1579 3784 1650 paucis-

2182 1675 2309 1731 simi
2340 1681 2522 1730 erunt.
2558 1671 2625 1728 Et
2653 1682 2785 1730 tunc
2811 1681 3104 1744 postquam
3129 1671 3222 1727 hic
3255 1670 3352 1742 qui
3392 1685 3560 1725 nunc
3589 1669 3790 1724 detinet

2183 1782 2334 1834 eum,
2374 1763 2655 1821 auferetur
2696 1763 2764 1820 de
2811 1762 3016 1832 medio,
3055 1762 3142 1818 vel
3167 1769 3464 1833 postquam
3523 1759 3786 1832 iniquitas

2113 1825 2158 1885 Β
2185 1859 2277 1914 ﬁet
2297 1825 2365 1913 de
2387 1856 2590 1922 medio,
2621 1863 2766 1922 tunc,
2795 1825 3044 1925 inquam,
3077 1825 3401 1907 revelabitur
3422 1850 3526 1906 ille
3553 1825 3782 1920 iniquus,

2183 1964 2338 2021 quem
2366 1946 2627 2002 Dominus
2647 1944 2806 2000 Iesus
2827 1944 3109 2015 interﬁciet
3137 1941 3346 2014 Spiritu
3372 1943 3490 1996 oris
3513 1941 3627 1996 sui.
3655 1939 3784 1995 Dicit

2182 2039 2376 2096 beatus
2397 2037 2722 2094 Ambrosius
2742 2034 2929 2091 Jesum
2953 2049 3012 2090 se
3031 2041 3384 2090 ostensurum
3415 2031 3782 2098 Antichristo,

2182 2137 2237 2184 et
2257 2129 2530 2184 clamante
2551 2126 2716 2198 306
2742 2124 2894 2194 Jesu,
2923 2124 3280 2181 interﬁcietur
3307 2124 3400 2182 hic
3419 2123 3672 2194 impius;
3695 2123 3780 2178 sed

2183 2220 2316 2292 quid
2340 2219 2618 2286 clamabit,
2648 2217 2949 2274 nescimus.
2999 2216 3202 2274 Dicunt
3242 2217 3335 2272 alii
3371 2217 3530 2288 quod
3559 2213 3782 2270 Michael

2185 2310 2304 2367 solo
2359 2319 2571 2366 terrore
2599 2324 2702 2366 suo
2755 2307 3146 2364 interfecturus
3187 2308 3260 2364 sit
3305 2308 3460 2364 hunc
3505 2304 3777 2361 Antichri-

2185 2415 2350 2460 stum.
2381 2402 2540 2460 Jesus
2583 2401 2806 2473 quidem
2841 2401 3129 2458 interﬁciet
3157 2417 3306 2468 eum,
3355 2409 3411 2455 et
3445 2409 3648 2472 postea
3691 2398 3778 2453 dc-

2185 2504 2360 2552 struet
2393 2510 2520 2550 eum
2545 2494 2866 2550 damnatum
2911 2501 2965 2548 et
3017 2493 3074 2547 in
3115 2507 3344 2563 corpore
3377 2499 3435 2548 et
3466 2492 3526 2546 in
3579 2489 3774 2546 anima.

2257 2587 2503 2644 Destruet
2539 2585 2664 2642 dico
2686 2584 3044 2638 illustratione
3069 2583 3322 2638 adventus
3354 2584 3466 2651 sui,
3502 2583 3562 2638 id
3583 2590 3688 2648 est,
3719 2597 3776 2636 eo

2185 2679 2506 2736 adveniente
2528 2677 2597 2733 ad
2622 2676 2891 2748 judicium
2918 2676 2974 2731 in
3000 2692 3200 2749 magna
3235 2677 3516 2732 claritatis
3545 2675 3776 2731 illustra-

2185 2768 2353 2823 tione.
2384 2765 2524 2821 Eum
2547 2766 2980 2833 dico.aduentus,
3009 2764 3160 2834 cujus
3185 2773 3261 2820 est
3286 2765 3588 2820 secundum
3605 2781 3776 2835 opera-

2187 2860 2383 2914 tionem
2409 2857 2658 2924 Satame;
2687 2859 2816 2929 quia
2853 2857 2998 2914 sicut
3021 2855 3277 2911 Christus
3307 2856 3639 2928 operatione
3663 2854 3772 2926 Spi-

2185 2950 2326 3006 ritus
2353 2950 2551 3016 sancti,
2579 2948 2660 3005 sic
2693 2949 2798 3004 iste
2827 2947 3128 3005 secundum
3156 2946 3542 3017 operationem
3571 2944 3772 3000 Satan:e

2186 3041 2458 3098 adveniet.
2497 3039 2870 3111 Operationem
2909 3037 3037 3094 dico
3087 3052 3253 3108 quam
3309 3035 3566 3092 facturus
3608 3043 3690 3090 est
3723 3035 3770 3086 in

2113 3158 2155 3215 α
2188 3131 2331 3186 omni
2354 3132 2567 3198 virtute,
2601 3130 2814 3186 scilicet
2835 3131 2892 3184 in
2920 3129 3087 3201 signis
3110 3137 3162 3182 et
3175 3128 3468 3200 prodigiis.
3499 3128 3665 3198 Signa
3680 3123 3766 3180 mi-

2187 3238 2345 3288 nora,
2381 3222 2628 3293 prodigia
2662 3229 2855 3290 vocat;
2889 3221 3122 3292 majora,
3151 3221 3438 3278 miracula.
3499 3219 3682 3292 Signis
3715 3225 3762 3272 et

2186 3314 2452 3386 prodigiis
2493 3313 2620 3370 dico
2670 3314 3033 3381 mendacibus,
3072 3314 3159 3370 vel
3204 3314 3334 3385 quia
3375 3329 3490 3368 non
3515 3320 3677 3368 erunt
3711 3311 3757 3364 in

2187 3403 2268 3459 rei
2295 3404 2540 3470 veritate,
2569 3403 2664 3459 sed
2692 3403 2789 3470 ita,
2813 3418 2912 3472 per
2933 3404 3226 3474 magicam,
3254 3401 3598 3458 videbuntur
3635 3413 3759 3456 esse.

2189 3492 2288 3549 Vel
2313 3494 2675 3561 mendacibus,
2705 3493 2857 3564 quia,
2890 3493 2991 3549 etsi
3021 3493 3287 3548 miracula
3323 3508 3451 3548 vera
3504 3493 3634 3559 sint,
3661 3491 3762 3546 ideo

2187 3594 2372 3641 tamen
2402 3585 2709 3651 mendacia,
2737 3585 2867 3656 quia
2889 3585 3034 3656 quod
3066 3585 3304 3656 probare
3331 3585 3647 3652 intendunt,
3665 3584 3763 3640 exi-

2191 3683 2280 3729 tus
2324 3673 2404 3729 rei
2437 3672 2636 3728 l‘alsum
2667 3673 2941 3743 probabit,
2991 3673 3392 3728 Antichristum
3425 3675 3640 3730 scilicet
3667 3687 3760 3726 non

2188 3782 2313 3822 esse
2335 3765 2544 3834 Deum;
2575 3765 2643 3820 ad
2681 3765 2829 3835 quod
2861 3765 3205 3836 probandum
3243 3766 3512 3822 miracula
3549 3780 3758 3838 praeces-

2189 3865 2394 3914 serant.
2423 3855 2536 3912 Erit
2561 3856 2727 3912 etiam
2755 3857 3022 3914 adventus
3053 3857 3173 3928 ejus
3204 3858 3257 3910 in
3295 3858 3440 3911 omni
3479 3859 3759 3913 scducticue

2190 3947 2523 4019 iniquitatis,
2566 3947 2695 4017 quia
2738 3947 2890 4002 omni
2939 3963 3137 4019 genere
3191 3947 3494 4018 impietatis
3539 3950 3756 4006 seducet.

2192 4038 2507 4094 Seductione
2537 4039 2660 4095 dico
2691 4039 2834 4095 facta
2863 4040 2945 4094 Itis
2967 4041 3057 4111 qui
3078 4051 3314 4111 pereunt,
3341 4043 3472 4114 quia
3507 4041 3640 4114 justi
3667 4055 3756 4094 non

2191 4132 2540 4186 seducentur.
2575 4129 2822 4186 Pereunt
2849 4132 3061 4200 merito,
3093 4149 3152 4187 eo
3173 4133 3313 4204 quod
3345 4151 3448 4188 non
3481 4141 3756 4204 receperunt

2191 4224 2504 4278 charitatem
2551 4225 2813 4291 veritatis,
2842 4223 2897 4280 id
2928 4232 3014 4280 est
3049 4223 3330 4280 Christum
3371 4225 3466 4298 qui
3518 4236 3602 4284 est
3639 4235 3754 4296 pura

2189 4316 2414 4382 veritas,
2446 4325 2500 4370 et
2529 4315 2584 4370 in
2615 4331 2726 4387 quo
2755 4324 2906 4372 tanta
2938 4316 3178 4374 charitas
3209 4327 3270 4372 ut
3303 4319 3358 4373 in
3393 4329 3628 4376 mortem
3659 4325 3754 4371 tra-

2195 4407 2350 4462 deret
2377 4421 2437 4461 se
2461 4421 2561 4476 pro
2587 4407 2768 4462 nobis.
2812 4405 2932 4462 Non
2963 4418 3306 4480 receperunt,
3331 4419 3388 4464 ut
3427 4411 3568 4466 salui
3595 4411 3754 4481 ﬁerent

509 4497 603 4563 tis,
627 4511 802 4566 eoque
828 4496 1043 4552 volente
1083 4495 1357 4561 recedere,
1389 4503 1518 4550 tunc
1537 4495 1778 4566 primum
1820 4494 2094 4551 revelabat
2125 4487 2168 4546 D
2196 4513 2293 4568 per
2326 4513 2475 4564 eum,
2504 4513 2571 4552 ex
2607 4513 2718 4568 quo
2745 4499 2926 4554 omnis
2959 4499 3130 4556 salus.
3163 4499 3230 4555 Et
3269 4501 3388 4556 ideo
3419 4503 3552 4574 quia
3589 4501 3752 4556 nolue-

508 4587 617 4644 illis
643 4587 856 4643 occulta
882 4587 1268 4658 mysteriorum
1297 4585 1414 4642 Dei.

579 4679 746 4735 Facta
773 4679 1110 4735 discessione
1137 4677 1316 4733 veniet
1335 4675 1728 4746 Antichristus,
1751 4685 1802 4732 et
1829 4677 1958 4749 quid
1986 4677 2092 4732 hoc

509 4771 585 4828 sit
614 4755 762 4842 quod
799 4787 936 4826 nunc
965 4771 1196 4824 detineat
1231 4785 1379 4837 eum,
1419 4784 1492 4824 ne
1522 4767 1589 4824 ad
1618 4783 1860 4838 praesens
1885 4769 2088 4836 veniat,

508 4877 608 4918 vos
635 4863 770 4918 bene
793 4863 964 4928 scitis,
989 4862 1093 4916 hoc
1111 4861 1322 4916 scilicet
1348 4859 1553 4916 detinet
1585 4874 1733 4926 eum,
1757 4868 1815 4912 ut
1837 4859 2092 4913 reveletur

510 4957 570 5010 in
621 4971 740 5022 suo,
791 4955 845 5009 id
878 4964 962 5010 est
995 4954 1052 5008 in
1091 4953 1196 5008 sibi
1226 4960 1534 5023 opportuno
1580 4959 1845 5021 tempore;
1882 4951 1976 5006 sed
2019 4951 2087 5016 si,

511 5045 746 5100 durante
775 5045 982 5100 unitate
1019 5043 1140 5099 ﬁdei
1163 5053 1218 5098 et
1240 5043 1552 5099 Christiano
1579 5041 1832 5112 imperio,
1859 5040 2088 5106 veniret,
2179 5056 2188 5064 ·

513 5136 572 5190 in
601 5150 704 5190 suo
732 5150 842 5188 non
872 5147 1116 5206 tempore
1167 5136 1517 5190 revelaretur.
1548 5132 1689 5190 Vere
1727 5134 1784 5188 in
1812 5147 1914 5188 suo
1951 5140 2090 5187 tem-

512 5240 646 5298 pore
691 5224 1048 5291 revelabitur,
1094 5241 1218 5278 nam
1257 5225 1422 5280 etiam
1463 5224 1583 5295 jam
1633 5239 1744 5277 non
1790 5238 1892 5278 suo
1929 5225 2091 5294 {tem-

511 5331 646 5389 pore
671 5325 919 5386 operatur
945 5318 1248 5384 mysterium
1269 5317 1591 5387 iniquitatis,
1620 5315 1672 5370 id
1698 5324 1778 5370 est
1804 5315 2088 5386 mysticam

512 5417 568 5466 et
606 5409 842 5464 velatam
893 5407 1254 5477 iniquitatem,
1310 5423 1406 5478 per
1439 5409 1683 5464 membra
1732 5407 2092 5476 praecedentia

511 5504 620 5560 hoc
653 5501 947 5558 nefandum
998 5509 1178 5570 caput.
1219 5499 1606 5554 Tantummodo
1655 5500 1762 5555 hoc
1808 5500 2089 5556 residuum

511 5606 596 5652 est
626 5597 694 5651 ad
723 5594 1112 5651 revelationem
1138 5593 1278 5664 ejus,
1305 5601 1360 5647 ut
1393 5594 1483 5664 qui
1533 5609 1670 5647 nunc
1718 5603 1874 5660 tenet,
1915 5594 1969 5649 id
2008 5601 2093 5649 est

511 5689 718 5743 detinet
749 5702 896 5753 eum,
930 5701 997 5741 ne
1031 5685 1234 5754 veniat,
1263 5686 1468 5741 scilicet
1507 5683 1880 5740 Christianum
1915 5687 2089 5754 impe-

512 5781 720 5836 riumet
749 5781 930 5836 unitas
957 5778 1102 5838 ﬁdei.
1131 5779 1362 5834 detineat
1389 5777 1938 5846 eumtandiu,douer,
1964 5777 2092 5830 uri-

2196 4599 2327 4645 runt
2354 4589 2552 4645 salvari
2581 4591 2753 4654 mittet
2775 4591 2887 4646 illis
2919 4591 3058 4646 Deus
3085 4595 3442 4664 operationem
3473 4596 3683 4658 erroris,
3707 4590 3750 4645 id

2196 4690 2282 4738 est
2313 4697 2606 4738 erroneum
2640 4692 2990 4754 operatorem
3023 4685 3445 4754 Antichristnm,
3477 4697 3541 4742 ut
3565 4685 3752 4742 credat

2198 4773 2490 4838 mendacio,
2521 4781 2576 4828 et
2601 4782 2659 4826 ut
2673 4773 3004 4843 judicentur,
3027 4775 3080 4830 id
3111 4784 3197 4832 est
3223 4777 3578 4848 damnentur,
3603 4787 3750 4832 omnes
3855 4765 3862 4774 ’

2196 4864 2288 4934 qui
2313 4879 2417 4917 non
2450 4863 2673 4918 credunt
2700 4865 2934 4930 ueritati,
2963 4865 3016 4920 id
3043 4875 3128 4920 est
3154 4864 3412 4934 Christo;
3441 4869 3541 4930 sed
3563 4879 3748 4922 consen-

2197 4965 2376 5008 serunt
2399 4955 2693 5025 iniquitati,
2726 4955 2780 5010 id
2809 4964 2894 5010 est
2922 4955 3260 5012 Antichristo

2267 5043 2407 5112 Quia
2431 5046 2645 5100 dixerat
2673 5045 2928 5116 superius
2965 5055 3259 5102 venturum
3291 5045 3678 5104 Antichristum
3701 5043 3746 5096 ἕιι

2195 5137 2337 5190 omni
2367 5136 2562 5190 virtute
2599 5136 2883 5207 signorum
2902 5145 2956 5192 et
2976 5137 3436 5208 prodigiorum,et
3461 5141 3520 5193 in
3539 5137 3746 5194 omnite-

2196 5227 2463 5294 ductione,
2487 5236 2548 5282 ut
2569 5227 2899 5282 damnentur
2937 5243 3131 5283 omnes
3179 5243 3290 5283 non
3319 5229 3602 5285 credentes
3629 5223 3738 5281 veri-

2195 5320 2316 5386 tati,
2343 5321 2437 5376 sed
2475 5321 2880 5376 consentientes
2937 5321 3232 5390 iniquitati,
3253 5338 3332 5376 .ne
3377 5322 3436 5378 in
3470 5323 3557 5377 his
3597 5315 3742 5376 verbis

2195 5414 2602 5469 deterrerentur
2635 5414 2735 5480 illi,
2770 5413 3024 5469 timentes
3051 5415 3198 5469 hunc
3235 5430 3356 5470 esse
3385 5425 3662 5470 venturum
3696 5408 3738 5460 in

2193 5504 2387 5560 diebus
2411 5505 2548 5570 suis,
2577 5519 2741 5574 super
2773 5505 2880 5559 hoc
2929 5504 3250 5560 consolatur
3294 5521 3391 5560 eos
3435 5505 3648 5568 Paulus,
3679 5495 3742 5552 di’

2193 5613 2324 5654 cens
2351 5613 2462 5654 non
2497 5615 2593 5654 eos
2627 5599 2847 5654 visuros
2875 5599 3022 5654 diem
3064 5595 3412 5652 Antichristi.
3451 5595 3644 5652 Littera
3675 5588 3738 5644 sic

2187 5689 2438 5761 jungitur
2467 5709 2482 5744 :
2521 5689 2785 5746 Veniente
2813 5689 3034 5760 quidem
3081 5688 3420 5744 Antichristo
3449 5685 3714 5758 judicaan

2195 5791 2282 5836 tur
2335 5781 2737 5838 consentientes
2789 5781 3105 5851 iniquitati;
3163 5796 3256 5834 nos
3303 5791 3479 5834 autem
3525 5778 3728 5833 debeat!“
