3988 6398
143 401 264 457 ιίέί

143 527 369 583 semper
397 523 550 580 agere
578 505 686 558 Deo
724 501 927 573 gratias
963 497 1070 551 Deo
1098 493 1264 564 (sicut
1293 504 1458 560 supra
1485 483 1743 555 exposui—
1775 490 1820 548 Α

147 576 312 674 mus)
336 576 636 676 pro'vobis,
659 596 786 668 quia
816 595 1009 665 fratres
1053 589 1180 642 estis
1219 583 1402 638 dilecti
1443 598 1476 634 a
1521 578 1650 644 Deo,
1697 576 1750 631 id

144 708 249 755 est
282 673 426 768 quos
462 693 606 749 Deus
633 687 843 746 dilexit.
887 684 1014 741 ldeo
1044 678 1315 753 praecipue
1355 673 1559 745 gratias
1593 683 1752 742 agere

146 764 397 862 quod—ex
421 783 714 841 dilectione
742 777 957 849 elegerit
988 790 1110 840 nos,
1143 786 1232 829 me
1257 777 1312 824 et
1337 783 1424 822 vos
1449 764 1612 830 Deus,
1641 776 1750 816 non

151 860 332 937 finem
358 877 638 942 Ecclesiae,
662 875 718 929 in
752 887 894 943 quos
923 867 1108 924 veniat
1141 860 1530 924 Antichristus,
1560 863 1754 910 ventu-

149 989 264 1028 rus
295 973 353 1026 in
382 967 722 1025 novissimis.
758 963 865 1019 Sed
903 960 1067 1030 elegit
1105 973 1208 1012 nos
1241 953 1530 1026 primitias,
1578 948 1631 1003 id
1672 955 1756 1002 est

151 1063 480 1128 primitivos
535 1060 590 1114 in
637 1057 769 1122 ﬁde;
802 1053 986 1123 elegit,
1044 1050 1291 1119 inquam,
1343 1046 1402 1098 in
1446 1039 1751 1096 habendam

156 1163 432 1210 .eternam
463 1151 688 1205 salutem
718 1161 816 1216 per
837 1144 944 1198 hoc
967 1140 1114 1212 quod
1140 1135 1325 1208 posuit
1343 1148 1444 1188 nos
1476 1133 1531 1184 in
1556 1128 1757 1183 sancti-

160 1245 478 1316 ficationem
502 1241 758 1310 Spiritus.
801 1234 904 1290 Per
929 1232 1192 1303 Spiritum
1220 1227 1368 1283 enim
1397 1232 1644 1280 sanctum
1667 1221 1757 1292 ju-

157 1312 431 1390 stiﬁcavit
460 1348 562 1388 nos
597 1331 654 1385 in
689 1327 987 1398 baptismo,
1011 1337 1134 1394 quae
1174 1316 1530 1376 sanctiﬁcatio
1557 1312 1644 1370 via
1673 1321 1758 1368 est

158 1425 219 1479 in
259 1427 413 1480 illam
441 1423 695 1480 salutem.
743 1417 813 1472 Et
851 1425 913 1472 ut
943 1413 1330 1471 sanctiﬁcaret.
1361 1407 1544 1479 posuit
1570 1420 1672 1460 nos
1702 1405 1757 1457 in

163 1517 276 1571 (ide
325 1513 588 1578 veritatis,
640 1519 702 1565 ut
748 1506 1139 1564 conﬁteremur
1187 1500 1489 1562 Christum,
1533 1494 1628 1566 qui
1675 1501 1760 1549 est

159 1624 308 1680 pura
330 1607 554 1670 veritas,
577 1605 720 1659 sicut
741 1597 1111 1655 Antichristus
1134 1610 1290 1650 error
1317 1599 1372 1646 et
1392 1587 1755 1645 mendacium.

166 1678 237 1755 in
263 1717 375 1770 qua
399 1697 503 1753 ﬁde
525 1693 797 1758 habenda,
814 1690 958 1746 sicut
977 1687 1140 1760 elegit
1155 1700 1278 1750 nos,
1295 1683 1367 1737 ita
1383 1690 1432 1735 et
1455 1678 1656 1734 vocavit
1671 1693 1758 1730 vos

162 1808 262 1855 per
275 1767 624 1859 Evangelium
636 1790 962 1848 nostrum,ut
977 1787 1150 1834 totum
1161 1775 1318 1830 vobis
1329 1779 1546 1828 essetex
1562 1767 1754 1841 gratia.

238 1879 496 1944 Vocan't,
531 1877 778 1947 inquam,
811 1888 924 1928 non
970 1870 1025 1925 in
1064 1868 1260 1933 otium,
1300 1863 1396 1920 sed
1427 1864 1484 1916 in
1521 1859 1756 1930 acquisi-

164 1973 374 2024 tionem
400 1967 608 2039 gloriae,
646 1965 700 2020 id
741 1971 824 2019 est
874 1968 955 2027 ut,
991 1956 1266 2029 operando
1310 1951 1586 2025 quomodo
1627 1947 1762 2002 ﬁdes

161 2061 365 2132 exigit,
399 2057 627 2130 gloriam
655 2055 814 2110 vobis
849 2067 974 2108 cum
1002 2048 1182 2120 dignis
1217 2046 1474 2117 operibus
1510 2041 1764 2112 acquira-

165 2155 263 2210 tis.
307 2151 512 2208 Gloria
536 2150 681 2215 dico,
718 2145 931 2202 Domini
959 2143 1127 2196 nostri
1160 2139 1290 2194 Iesu
1320 2135 1543 2204 Christi,
1591 2133 1645 2188 id
1681 2139 1765 2186 est

166 2242 430 2298 eamdem
471 2255 637 2310 quam
669 2237 833 2292 habet
881 2233 1147 2288 Dominus
1191 2228 1350 2284 Jesus
1379 2225 1652 2289 Christus,
1695 2222 1762 2278 ad

167 2335 326 2389 illam
360 2329 749 2402 acquirendam
782 2342 879 2382 vos
911 2323 1145 2380 vocavit.
1177 2317 1650 2376 Considerandum
1681 2322 1767 2369 est

167 2422 464 2494 quomodo
492 2431 824 2490 praepostero
872 2414 1063 2470 ordine
1091 2409 1274 2466 omnia
1307 2405 1572 2478 posuerit.
1605 2402 1766 2458 Prius

167 2493 326 2569 enim
369 2519 671 2576 vocantur;
715 2507 910 2563 deinde
954 2505 1010 2558 in
1049 2503 1155 2558 ﬁde
1197 2498 1560 2562 conﬁtentur;
1604 2493 1764 2549 ﬁdem

169 2601 507 2658 conﬁtentes
549 2613 646 2669 per
678 2597 1012 2666 baptismum
1043 2588 1488 2653 sanctiﬁcantur;
1524 2581 1767 2640 sanctiﬁ-

172 2694 321 2749 catis
373 2691 446 2762 (si
516 2685 885 2762 perseverant)
958 2685 1110 2741 salus
1173 2690 1376 2737 aeterna
1434 2683 1765 2732 reservatur.

173 2781 666 2852 Quandoquidem,
697 2767 916 2844 fratres,
943 2774 1122 2831 vocati
1145 2773 1281 2828 estis
1302 2771 1358 2826 in
1381 2767 1770 2826 sanctiﬁcatio—

175 2891 248 2930 ne
279 2873 548 2943 Spiritus,
586 2879 642 2926 et
663 2869 716 2924 in
744 2867 1108 2939 acquisitione
1130 2863 1336 2935 glorise.
1381 2860 1568 2931 Itaque
1609 2865 1768 2925 state,

176 2967 232 3022 id
259 2975 353 3021 est
381 2963 552 3019 fortes
585 2967 758 3018 estote
789 2960 845 3014 in
875 2959 1020 3014 bono
1056 2969 1242 3027 opere,
1295 2951 1443 3024 quod
1483 2949 1768 3020 cmpistis:

173 3068 228 3113 et
264 3066 443 3112 tenete
475 3060 890 3126 perseveranter
923 3049 1237 3104 traditiones
1274 3046 1400 3101 vitae
1426 3043 1553 3100 ﬁdei
1577 3051 1632 3098 et
1672 3041 1773 3096 ha-

178 3151 359 3213 bitus,
397 3164 529 3219 quas
563 3162 594 3201 a
630 3160 718 3200 me
743 3142 1031 3208 didicistis,
1057 3141 1164 3194 sive
1186 3155 1276 3209 per
1305 3150 1614 3200 sermonem,
1639 3133 1771 3188 dum

177 3237 598 3311 praedicaverim
625 3235 801 3300 vobis,
831 3236 939 3288 sive
963 3248 1056 3303 per
1073 3227 1374 3301 Epistolam
1417 3234 1674 3289 nostram,
1705 3221 1773 3278 ad

180 3347 285 3387 vos
335 3331 623 3386 directam.
679 3325 891 3392 Moneo,
923 3331 1063 3380 state
1122 3329 1178 3376 et
1214 3327 1414 3374 tenete.
1472 3315 1539 3371 Ut
1592 3321 1775 3368 autem

182 3431 381 3477 tenere
409 3419 654 3491 possitis,
685 3419 796 3488 ipse
818 3415 1078 3470 Dominus
1124 3419 1301 3466 noster
1325 3408 1480 3463 Iesus
1510 3406 1774 3472 Christus,

182 3525 234 3568 et
257 3514 428 3577 Deus,
451 3521 500 3566 et
525 3510 691 3564 Pater
741 3515 918 3562 noster
960 3505 1297 3560 voluntatem
1341 3497 1522 3570 jungit
1563 3512 1779 3567 semper

185 3618 322 3658 cum
359 3600 621 3672 potentia.
655 3597 835 3663 Pater,
871 3609 1069 3652 nomen
1103 3592 1209 3663 piae
1245 3587 1572 3654 voluntatis;
1610 3585 1776 3652 Deus,

186 3705 277 3750 est
309 3693 590 3764 potentiae.
632 3689 736 3756 Qui
759 3688 947 3742 dilexit
979 3702 1072 3739 nos
1093 3693 1144 3738 et
1168 3683 1313 3737 dedit
1340 3679 1500 3736 nobis
1525 3687 1779 3734 (sternam

188 3785 634 3850 mnsalationem,
666 3783 721 3837 in
747 3779 908 3851 307
938 3775 1192 3848 praesenti
1230 3774 1376 3829 enim
1425 3770 1782 3826 tribulatione

189 3877 394 3947 incipit
443 3891 544 3930 nos
595 3871 903 3936 consolari,
970 3867 1297 3925 continuans
1353 3863 1779 3922 consolationem

191 3983 377 4038 usque
409 3967 464 4020 iu
507 3975 765 4021 aeternam
792 3961 1058 4031 requiem.
1109 3958 1214 4024 Qui
1245 3957 1410 4012 etiam
1438 3955 1587 4012 dedit
1624 3953 1784 4007 nobis

192 4077 344 4131 spem
389 4059 582 4112 bonam
628 4054 980 4127 singulariter
1010 4051 1318 4108 dicendam.
1364 4048 1501 4120 Spes
1534 4047 1681 4102 enim
1717 4046 1784 4101 de

193 4151 414 4208 caelesti
441 4148 615 4220 gloria
637 4161 804 4217 super
833 4144 1020 4200 omnia
1059 4157 1182 4214 quae
1223 4147 1532 4212 sperantur,
1557 4137 1784 4193 dicenda

195 4252 283 4299 est
314 4242 481 4295 bona.
515 4237 668 4294 lianc
691 4237 880 4307 utique
911 4249 1064 4305 spem
1105 4234 1255 4289 dedit
1286 4231 1445 4286 nobis
1489 4231 1546 4283 in
1585 4229 1782 4299 gratia,

196 4331 429 4405 quando
456 4329 616 4386 nobis
641 4327 854 4385 remisit
874 4332 1100 4397 peccata
1124 4342 1140 4391 ;
1173 4323 1228 4377 in
1253 4322 1528 4392 baptismo
1551 4319 1784 4384 solvere,

197 4423 417 4480 scilicet
441 4435 542 4477 nos
568 4435 599 4474 a
624 4417 882 4490 peccatis,
906 4415 1098 4471 tribuit
1138 4414 1299 4469 nobis
1333 4427 1482 4483 spem
1524 4405 1788 4464 habendae

199 4514 412 4586 glorise.
444 4511 588 4582 Ipse,
637 4511 884 4580 inquam,
935 4506 1103 4574 Deus,
1151 4505 1246 4575 qui
1298 4519 1394 4574 per
1426 4502 1656 4574 gratiam
1707 4508 1787 4554 tot

198 4605 347 4660 bona
386 4603 505 4673 jam
534 4600 724 4656 tribuit
743 4599 1048 4654 exhortetur
1069 4596 1253 4663 corda,
1291 4595 1344 4649 id
1373 4601 1456 4650 est
1479 4593 1787 4647 voluntates

197 4704 419 4751 vestras
439 4702 587 4748 stare
607 4692 663 4746 in
677 4707 790 4762 quo
808 4689 962 4756 estis,
985 4697 1040 4744 et
1059 4688 1126 4742 de
1154 4687 1490 4741 incremento
1511 4683 1784 4747 laborare,

197 4794 249 4840 et
273 4784 575 4852 conﬁrmet,
608 4781 662 4835 id
700 4788 786 4835 est
813 4778 982 4835 fortes
1014 4785 1069 4832 et
1097 4780 1509 4847 perseverantes
1535 4770 1699 4826 faciat
1730 4770 1788 4823 in

199 4877 350 4930 omni
377 4888 530 4942 opere
551 4871 707 4936 bona,
739 4879 788 4923 et
818 4870 872 4924 in
897 4868 1047 4924 omni
1095 4880 1331 4921 sermone
1372 4862 1524 4928 bona,
1555 4869 1615 4917 ut
1640 4860 1789 4915 nulla

199 4966 364 5020 vobis
387 4965 531 5020 desit
557 4962 838 5033 perfectio.

818 5047 1046 5106 CAPUT
1090 5045 1180 5101 Ill.

285 5165 306 5196 ι
337 5145 414 5200 De
437 5153 654 5210 caetero,
681 5143 900 5207 fratres,
922 5149 1074 5195 orate
1089 5154 1192 5209 pro
1219 5135 1397 5201 nobis,
1420 5141 1480 5187 ut
1495 5145 1675 5187 sermo
1696 5128 1793 5184 Dei

212 5257 230 5290 ι
275 5245 466 5292 currat
495 5245 548 5290 et
577 5234 930 5299 clariﬁcetur,
961 5232 1106 5287 sicut
1145 5237 1198 5283 et
1229 5227 1370 5297 apud
1405 5239 1526 5286 vos.
1549 5229 1604 5277 et
1633 5231 1693 5275 ut
1727 5220 1794 5272 li-

211 5351 231 5383 ι
280 5331 539 5385 beremur
564 5328 633 5382 ab
659 5325 990 5396 importunis
1008 5331 1064 5378 et
1093 5321 1252 5376 malis
1293 5317 1632 5373 hominibus.
1671 5311 1791 5368 Non

212 5441 233 5474 ι
275 5423 427 5476 enim
454 5422 700 5475 omnium
734 5427 820 5475 est
861 5418 1013 5473 ﬁdes.
1048 5415 1249 5470 Fidelis
1295 5420 1476 5467 autem
1513 5408 1656 5462 Deus
1685 5415 1790 5471 est,

215 5531 235 5564 ι
279 5512 380 5582 qui
408 5510 648 5566 ﬁrmabit
677 5525 796 5577 vos,
819 5517 874 5564 et
900 5507 1174 5564 custodiet
1197 5521 1226 5558 a
1264 5503 1429 5557 malo.
1453 5498 1794 5555 Conﬁdimus

215 5622 236 5656 ι
268 5614 456 5658 autem
485 5604 553 5658 de
571 5605 744 5668 vobis,
770 5602 986 5667 fratres,
1018 5601 1073 5654 in
1102 5597 1354 5659 Domino,
1379 5593 1637 5664 quoniam
1672 5604 1796 5659 quae

217 5713 238 5747 ι
283 5693 675 5766 [quaecunque]
705 5694 1086 5764 praecepimus,
1121 5698 1176 5744 et
1223 5686 1424 5749 facitis,
1465 5693 1520 5738 et
1558 5681 1790 5737 facietis.

222 5807 240 5840 ι
287 5786 554 5849 Dominus
583 5797 760 5841 autem
787 5787 984 5854 dirigat
1004 5782 1168 5838 corda
1205 5787 1383 5834 vestra
1430 5777 1484 5829 iu
1525 5773 1796 5829 charitate

729 339 1100 441 EXPOSITIOI
1132 377 1197 433 IN
1240 370 1623 430 EPISTOLAS
1658 365 1888 423 PAL'LL
1925 395 1992 404 -—
2031 361 2097 416 1N
2137 359 2356 415 EPIST.
2396 359 2438 414 ll
2476 359 2568 412 AD
2603 356 2646 411 Τ
2653 351 2848 410 HESS.

3316 355 3428 411 ιη

1854 497 1874 532 ι
1919 477 2034 532 Dei.
2075 483 2130 532 et
2159 473 2258 547 [al.
2284 472 2410 527 add.
2444 469 2526 543 in]
2563 467 2826 540 patientia
2855 465 3082 521 Christi.
3130 464 3425 521 Denuntia-

1857 587 1876 620 ι
1917 583 2043 622 mus
2082 573 2264 620 autem
2293 563 2470 630 vobis,
2494 559 2710 626 fratres,
2749 558 2804 612 in
2828 555 3050 613 nomine
3081 555 3299 610 Domini
3323 571 3426 611 no-
3460 601 3474 610 .

1858 681 1876 712 ι
1923 658 2021 714 stri
2042 657 2170 712 Jesu
2185 655 2412 721 Christi,
2429 663 2490 708 ut
2511 650 2848 709 subtrahatis
2869 663 2968 704 vos
3001 648 3070 704 ab
3091 647 3242 702 omni
3262 645 3429 704 fratre

1859 768 1878 804 ‹
1924 749 2240 805 ambulante
2272 744 2600 810 inordinate,
2624 751 2678 797 et
2719 756 2830 796 non
2855 739 3158 796 secundum
3183 738 3422 793 traditio-

1859 860 1880 893 ι
1922 855 2045 896 nem
2081 853 2247 910 quam
2283 841 2614 906 acceperunt
2656 845 2690 887 a
2732 831 2912 886 nobis.
2942 829 3050 900 Ipsi
3085 828 3232 884 enim
3279 827 3432 884 scitis

1861 951 1880 983 ι
1925 928 2385 1002 quemadmodum
2442 933 2694 996 oporteat
2741 922 2944 977 imitari
2993 936 3114 987 nos,
3171 918 3431 990 quoniam

1861 1045 1881 1078 ι
1926 1039 2036 1079 non
2055 1020 2283 1092 inquieti
2308 1018 2512 1073 fuimus
2544 1018 2683 1071 inter
2702 1030 2824 1081 vos,
2846 1028 3024 1084 neque
3046 1013 3215 1084 gratis
3235 1025 3432 1081 panem

1863 1135 1882 1168 ι
1927 1112 2382 1170 manducavimus
2405 1111 2474 1164 ab
2508 1109 2713 1178 aliquo,
2739 1107 2834 1162 sed
2867 1106 2923 1159 in
2947 1105 3133 1160 labore
3159 1112 3216 1160 et
3241 1103 3433 1173 fatiga-

1863 1224 1883 1257 s
1927 1204 2076 1260 tione
2105 1209 2264 1257 nocte
2305 1207 2364 1255 et
2411 1198 2500 1254 die
2535 1205 2848 1267 operantes,
2882 1208 2952 1248 ne
2996 1207 3160 1263 quem
3191 1199 3434 1247 vestrum

1863 1316 1883 1351 ι
1928 1307 2302 1369 gravaremus.
2325 1289 2446 1345 Non
2479 1287 2639 1359 quasi
2664 1301 2775 1341 non
2801 1284 3162 1339 habuerimus
3194 1290 3437 1352 potesta-

1865 1407 1883 1440 ι
1928 1396 2060 1453 tem,
2105 1385 2200 1441 sed
2231 1391 2292 1440 ut
2329 1380 2696 1449 nosmetipsos
2729 1376 2961 1431 formam
2993 1375 3250 1430 daremus
3280 1371 3438 1426 vobis

1865 1498 1884 1532 ι
1928 1478 1995 1533 ad
2023 1475 2351 1531 imitandum
2367 1487 2488 1527 nos.
2509 1469 2647 1524 Nam
2670 1476 2724 1524 et
2747 1482 2871 1522 cum
2895 1479 3142 1521 essemus
3162 1462 3304 1533 apud
3315 1475 3437 1528 vos,

1866 1589 1886 1623 ι
1930 1569 2032 1624 hoc
2063 1565 2221 1638 (hate)
2251 1562 2711 1619 denuntiabamus
2741 1556 2918 1624 vobis,
2956 1554 3216 1626 quoniam
3238 1553 3284 1609 si
3314 1552 3441 1623 quis

1867 1678 1886 1711 ‹
1931 1675 2041 1714 non
2063 1657 2182 1711 vult
2209 1653 2448 1725 Operari,
2479 1665 2580 1706 nec
2605 1648 2918 1704 manducet.
2942 1643 3265 1699 Audivimus
3290 1641 3439 1696 enim

1868 1770 1886 1802 ς
1932 1750 2076 1805 inter
2093 1763 2192 1804 vos
2216 1744 2485 1816 quosdam
2530 1740 2812 1795 ambulare
2854 1735 3117 1807 inquiete,
3147 1732 3285 1788 nihil
3313 1746 3444 1801 ope-

1791 1821 1832 1881 Β
1868 1861 1886 1894 ‹
1933 1849 2138 1917 rantes,
2165 1837 2260 1894 sed
2281 1835 2498 1891 curiose
2525 1839 2767 1903 agentes.
2807 1827 2906 1884 His
2929 1835 3114 1882 autem
3161 1823 3257 1895 qui
3297 1823 3447 1892 ejus-

1869 1952 1886 1985 ι
1931 1913 2078 1986 modi
2125 1937 2274 1994 sunt,
2315 1923 2725 1987 denuntiamus,
2767 1928 2822 1975 ct
2853 1919 3210 1973 obsecramus
3243 1914 3298 1968 in
3335 1913 3447 1968 Do-

1869 2045 1888 2078 ι
1931 2023 2082 2079 mino
2119 2019 2248 2076 Jesu
2282 2017 2525 2083 Christo,
2561 2022 2642 2082 ut,
2689 2027 2816 2068 cum
2857 2007 3077 2064 silentio
3131 2012 3444 2074 operantes,

1870 2139 1888 2172 ‹
1933 2133 2094 2174 suum
2118 2130 2316 2187 panem
2337 2112 2688 2168 manducent.
2711 2106 2822 2163 Vos
2849 2099 3305 2169 autem,,fratres,
3347 2109 3448 2149 no-

1870 2230 1888 2264 t
1937 2201 2028 2264 lité
2049 2183 2284 2264 deficere
2312 2202 2734 2260 benefacientes.
2769 2197 2926 2264 Quod
2948 2195 2995 2251 si
3017 2193 3142 2264 quis
3177 2204 3288 2244 non
3317 2183 3450 2240 obe—

1871 2321 1890 2353 ‹
1935 2300 2098 2356 dierit
2145 2297 2315 2352 verbo
2349 2302 2537 2350 nostro
2583 2307 2680 2362 per
2710 2287 3031 2360 Epistolam,
3057 2285 3205 2338 hunc
3241 2285 3446 2341 notate,

1873 2413 1891 2444 ε
1937 2398 1992 2446 et
2037 2403 2148 2443 non
2187 2383 2305 2458 [ne]
2334 2378 2802 2439 commisceamini
2825 2391 2948 2432 cum
2985 2374 3100 2436 illo,
3125 2378 3185 2424 ut
3219 2365 3450 2423 confun-

1873 2503 1892 2535 ι
1937 2483 2119 2537 datur.
2166 2476 2234 2531 Et
2272 2454 2440 2530 nolite
2477 2471 2638 2543 quasi
2684 2467 2967 2524 inimicum
2990 2461 3324 2524 existimare,
3355 2454 3451 2512 sed

1873 2592 1892 2626 ι
1937 2569 2193 2640 corripite
2217 2575 2278 2624 ut
2304 2565 2549 2620 fratrem.
2577 2560 2698 2632 Ipse
2722 2566 2905 2612 autem
2942 2555 3089 2608 Deus
3123 2543 3440 2622 [Dominus]

1875 2683 1894 2718 ε
1939 2639 2101 2734 pacis
2111 2660 2202 2715 det
2223 2657 2379 2713 vobis
2403 2669 2596 2726 pacem
2628 2649 3017 2720 sempiternam
3043 2643 3098 2697 in
3120 2640 3273 2696 omni
3299 2639 3444 2692 loco.

1876 2775 1894 2807 ι
1940 2730 2208 2809 Dominus
2237 2746 2428 2822 [Deus]
2461 2745 2677 2801 sitcum
2703 2739 2960 2796 omnibus
2981 2735 3156 2791 vobis.
3184 2730 3452 2787 Salutatio

1878 2867 1896 2899 ι
1940 2860 2062 2900 mea
2089 2819 2258 2898 manu
2296 2838 2472 2904 Pauli,
2501 2834 2649 2907 quod
2686 2841 2770 2888 est
2818 2831 3034 2900 signum
3064 2827 3121 2880 in
3149 2821 3299 2879 omni
3329 2819 3455 2890 Epi-

1879 2958 1898 2989 ι
1943 2936 2103 2992 stola.
2159 2931 2239 2987 lta
2305 2929 2488 2985 scribo
2535 2943 2548 2980 :
2597 2922 2786 2979 Gratia
2825 2916 3042 2974 Domini
3094 2911 3269 2968 nostri
3325 2908 3459 2964 Jesu

1881 3046 1900 3081 ‹
1944 3023 2150 3083 Christi
2177 3035 2306 3078 cum
2333 3017 2590 3074 omnibus
2621 3012 2799 3068 vobis.
2832 3009 3025 3063 Amen.
3067 3023 3086 3057 ι

2515 3117 2819 3161 εχροδιτιο.

1801 3183 1844 3242 c
1947 3209 2024 3265 De
2052 3202 2315 3279 patientia
2344 3197 2739 3262 conservanda,
2783 3194 2850 3249 de
2894 3187 3206 3260 cognitione
3241 3181 3456 3239 ultimae

1875 3299 1984 3356 diei
2014 3272 2072 3353 et
2105 3296 2342 3352 adventu
2370 3285 2695 3346 Antichristi
2720 3300 2818 3339 vos
2839 3279 3099 3336 instruxi.
3136 3274 3313 3339 Nunc,
3338 3272 3458 3342 fra-

1878 3400 2001 3457 tres,
2028 3389 2092 3442 de
2113 3395 2324 3452 cetera,
2347 3383 2400 3438 id
2421 3381 2525 3452 est]
2539 3379 2606 3434 de
2628 3378 2733 3432 alia
2765 3389 2844 3441 re,
2873 3385 2975 3426 vos
2998 3369 3280 3432 adhortor,
3311 3362 3458 3419 scili-

1877 3490 1964 3537 cet
1988 3455 2096 3535 hoc
2117 3497 2129 3533 :
2147 3477 2311 3534 Orate
2337 3471 2626 3545 pranobis,
2654 3478 2711 3523 ut
2733 3483 2904 3524 sermo
2931 3462 3148 3518 Domini
3175 3464 3378 3523 currat,
3403 3455 3458 3509 id

1877 3582 1962 3630 est
1981 3571 2183 3627 multos
2216 3568 2273 3623 in
2302 3566 2410 3622 ﬁde
2429 3577 2525 3635 per
2546 3577 2648 3617 nos
2676 3555 3126 3630 comprehendat,
3149 3559 3204 3605 et
3226 3551 3300 3604 ita
3323 3556 3384 3602 ut
3406 3547 3462 3601 in

1879 3664 2136 3721 omnibus
2171 3660 2500 3730 clariﬁcetur
2525 3669 2707 3711 sermo
2739 3641 2958 3724 Domini
2993 3643 3301 3715 integritate
3337 3638 3476 3698 ﬁdli

1880 3765 1934 3812 et
1957 3729 2318 3812 exsecutione
2331 3750 2406 3820 pii
2429 3746 2630 3818 operis.
2656 3743 2715 3797 In
2752 3738 3080 3812 quibusdam
3109 3734 3254 3789 enim
3290 3729 3463 3786 currit

1883 3862 2066 3903 sermo
2097 3819 2345 3908 Domini,
2381 3839 2476 3910 qui
2507 3835 2644 3892 satis
2673 3833 2783 3890 cito
2809 3829 3059 3892 creduit,
3113 3825 3207 3880 sed
3243 3821 3371 3892 quia
3406 3819 3462 3872 in

1883 3939 2030 3994 vitiis
2055 3945 2362 3998 remanent,
2400 3945 2510 3984 non
2541 3925 2871 3982 clariﬁcatur
2916 3921 2972 3974 in
3023 3917 3151 3972 illis.
3187 3912 3464 3980 Clariﬁce-

1887 4040 1973 4084 tur
2001 4029 2147 4094 dico,
2180 4025 2323 4080 sicut
2364 4023 2420 4077 in
2457 4019 2580 4074 aliis
2607 4015 2868 4072 Ecclesiis
2909 4008 3242 4067 clariﬁcatus
3274 4013 3379 4068 est,
3414 4011 3464 4054 et

1885 4121 2026 4192 apud
2053 4135 2162 4174 vos.
2195 4115 2359 4172 Orate
2385 4113 2549 4168 etiam
2579 4119 2637 4162 ut
2677 4122 2799 4179 ego,
2835 4113 2889 4159 et
2909 4102 3002 4173 qui
3029 4113 3244 4155 mecum
3279 4093 3468 4166 praedi-

1887 4224 2036 4283 cant,
2073 4214 2355 4268 liberemur
2375 4213 2440 4262 ab
2475 4205 2774 4260 hominibus
2803 4197 3141 4270 importunis,
3167 4194 3262 4264 qui
3303 4207 3468 4263 quem

1888 4281 2160 4379 arripiunt
2181 4302 2353 4360 multa
2378 4296 2786 4370 importunitate
2811 4291 3051 4347 aﬁiciunt
3079 4295 3133 4342 et
3155 4285 3335 4340 malis.
3359 4281 3470 4335 Du—

1889 4377 2019 4472 pleni
2034 4399 2240 4455 malum
2278 4402 2452 4459 notat,
2481 4386 2973 4461 importunitatem,
3009 4379 3216 4438 scilicet
3254 4377 3322 4432 de
3344 4389 3471 4431 sua-

1891 4494 2045 4550 sione
2077 4489 2206 4544 mali
2242 4501 2369 4543 esse
2403 4484 2797 4553 importunum.
2830 4476 2954 4530 ldeo
2975 4473 3098 4528 dico
3139 4478 3293 4524 orate
3323 4473 3383 4522 ut
3406 4465 3472 4518 li-

1819 4555 1863 4610 θ
1889 4587 2164 4649 beremur,
2203 4581 2330 4650 quia
2368 4575 2498 4646 ﬁdes
2543 4590 2644 4628 non
2688 4580 2766 4626 est
2803 4569 3058 4630 omnium,
3092 4564 3146 4617 id
3195 4569 3297 4627 est,
3343 4558 3471 4628 quia

1885 4680 2128 4736 nondum
2156 4690 2348 4730 omnes
2373 4671 2556 4726 ﬁdeles
2585 4677 2731 4732 sunt,
2767 4665 2862 4720 sed
2889 4660 3046 4716 multi
3086 4658 3243 4712 ﬁdem
3284 4665 3472 4722 perse-

1888 4777 2150 4842 quuntur.
2179 4765 2275 4820 Vel
2319 4764 2392 4817 ita
2428 4779 2442 4815 :
2484 4759 2646 4814 Orate
2679 4765 2736 4809 ut
2782 4754 3062 4807 liberemur
3099 4748 3162 4800 ab
3201 4747 3464 4814 importu-

1891 4862 1975 4916 nis
2005 4869 2056 4914 et
2088 4855 2264 4922 malis,
2297 4853 2426 4924 quia
2461 4850 2592 4920 ﬁdes
2629 4863 2733 4901 non
2775 4854 2851 4898 est
2893 4841 3128 4895 omnium
3153 4837 3393 4900 illorum,
3421 4835 3474 4888 id

1893 4962 2014 5019 est,
2038 4952 2095 5006 in
2127 4948 2385 5004 omnibus
2416 4944 2522 5000 illis
2547 4956 2657 4996 non
2687 4947 2772 4994 est
2791 4937 2886 5008 qui
2919 4936 3080 4990 ﬁdem
3111 4931 3329 4986 habeat.
3368 4925 3475 4982 Ne-

1899 5017 2144 5116 quequia
2156 5041 2367 5096 dixerat
2389 5039 2535 5091 orate
2556 5043 2614 5087 ut
2635 5033 2937 5095 liberemur,
2949 5027 3193 5082 dicerent
3213 5020 3286 5076 illi
3335 5017 3476 5086 Quid

1899 5133 2229 5204 Sperandum
2253 5139 2338 5185 est
2372 5129 2439 5183 de
2460 5125 2642 5189 nobis,
2673 5137 2799 5177 cum
2826 5117 3088 5190 magister
3118 5112 3307 5168 noster
3341 5111 3477 5164 adeo

1899 5201 2002 5282 sibi
2025 5221 2256 5279 timeat?
2297 5219 2362 5274 ad
2383 5219 2491 5273 hoc
2517 5217 2629 5271 ait‘:
2657 5213 2809 5268 Licet
2845 5210 3102 5273 dixerim,
3132 5217 3279 5260 orate
3321 5212 3379 5256 ut
3407 5201 3477 5254 li-

1899 5316 2156 5380 beremur,
2181 5321 2362 5366 tamen
2388 5306 2604 5364 conﬁdo
2625 5305 2756 5375 quia
2777 5302 3042 5357 Dominus
3064 5297 3360 5369 ﬁdelisest,
3385 5291 3478 5363 qui

1898 5421 1998 5478 pro
2037 5420 2097 5460 se
2143 5401 2474 5474 patientibus
2519 5397 2634 5452 ait:
2669 5417 2688 5447 ι
2726 5394 2868 5450 Ecce
2895 5409 2996 5463 ego
3020 5389 3304 5445 vobiscum
3333 5399 3478 5444 sum,

1900 5511 2078 5568 usque
2116 5495 2184 5549 ad
2214 5489 2746 5548 consummationem
2787 5484 2970 5541 steculi
3015 5478 3235 5554 (Matth.
3282 5488 3476 5568 xxviii,

1900 5547 2088 5658 aliis
2119 5547 2293 5649 Deus,
2327 5582 2571 5652 inquam,
2610 5588 2695 5634 est
2734 5576 2929 5642 fidel's,
2965 5547 3055 5644 qui
3078 5574 3160 5642 (ut
3180 5569 3248 5623 de
3273 5579 3362 5620 me
3399 5547 3478 5618 si-

1903 5655 2066 5748 leam)
2093 5673 2425 5745 conﬁrmabit
2448 5689 2536 5726 vos
2559 5673 2615 5725 in
2637 5671 2769 5724 bono
2791 5683 2903 5739 quo
2929 5663 3085 5726 estis,
3121 5669 3173 5715 et
3218 5655 3480 5711 custodiet

1903 5787 1934 5823 a
1955 5767 2121 5834 malo,
2148 5781 2217 5822 ne
2249 5763 2476 5821 cadatis.
2502 5760 2702 5815 Volens
2732 5757 2991 5828 quiddam
3016 5766 3219 5807 novum
3247 5748 3479 5809 suadere
