3988 6440
505 391 613 448 425
1041 380 1099 436 S.
1139 375 1492 436 BRUNONIS
1527 361 2170 428 CARTIIUSIANORUM
2205 357 2696 416 INSTITUTORIS
2729 357 2882 414 OPP.
2919 355 3102 416 PARS
3137 357 3202 414 Ii.
3665 361 3780 416 ui

508 497 817 574 mnus,
848 493 1060 551 scilicet
1082 500 1144 547 ut
1167 489 1490 546 subtrahant
1513 499 1576 540 se
1593 483 1663 538 ab
1687 481 1794 563 illis
1815 477 2008 534 otiosis
2031 484 2084 530 ct
2114 482 2156 536 Λ
2185 487 2334 574 queo}
2363 480 2588 574 vfstrtfrn
2636 485 3008 540 gravarentur:
3053 478 3239 572 ιαῖηιξιι
3282 483 3393 574 fon
3445 467 3570 574 ίίξεξο
3613 472 3785 574 {ludfi-

515 556 774 652 ξυῖ-ἦείε,
801 556 897 655 qui
931 597 1030 653 per
1067 581 1305 652 priorem
1329 574 1628 646 Epistolam
1653 556 1944 626 noluerunt
1965 581 2087 620 cor—
2187 579 2290 617 non
2311 562 2652 655 habuerimus
2680 559 3321 655 potestatemgaccipiendi
3342 575 3375 615 a
3406 559 3564 655 vobis
3582 561 3636 618 si
3663 563 3804 618 vel-.

511 626 1802 751 rdatariamissis,
1843 655 2038 751 dicens
2066 673 2078 708 :
2104 713 2112 721 _
2187 657 2386 751 lemus,
2408 654 2498 751 sed
2533 663 2591 708 ut
2619 653 2868 751 daremus
2889 653 3040 708 vobis
3071 653 3420 751 nosmetipsos
3455 653 3686 751 formam
3709 655 3778 708 ad

512 743 592 825 De
619 743 1002 824 observatione
1015 755 1384 833 patientiae,de
1400 753 1489 810 die
1505 749 1719 822 judicii,
1745 747 1813 803 de
1842 745 2088 801 oratione
2187 744 2514 799 imitandum
2531 758 2645 833 nos,
2685 751 2745 804 ut
2765 743 3082 833 deserentes
3103 743 3304 810 Otium,
3343 743 3598 813 exemplo
3656 759 3779 801 meo

515 856 768 913 facienda
799 868 899 924 pro
929 831 1090 906 nobis
1119 861 1221 901 nos
1249 842 1472 915 quidem
1499 853 1694 896 sumus
1739 851 1838 890 vos
1881 833 2088 890 adhor-
2187 834 2256 890 de
2283 833 2471 924 labore
2495 832 2774 888 viveretis.
2788 831 3226 924 ilntendebamus
3256 833 3450 904 utique
3489 833 3623 890 dare
3675 849 3776 890 vo-

517 948 638 1007 ιαδὶ.
668 944 765 1002 sed
800 921 940 998 bene
959 936 1270 1007 conﬁdimus
1305 932 1370 986 de
1409 929 1554 985 vobis
1577 928 1635 982 in
1669 927 1919 990 Domino,
1961 937 2093 994 quo-
2189 927 2274 982 bis
2304 923 2538 980 formam
2565 922 2847 994 operandi.
2883 921 3030 978 Nam
3049 923 3218 980 etiam
3241 939 3360 978 cum
3378 939 3612 977 essemus
3641 939 3780 993 pra:-

518 987 1414 1107 ἔξὲέιῠὲὶᾶξξλτιξιῗῇέῷεερὶηιαε
1443 1028 1492 1074 et
1523 1017 1688 1073 modo
1726 987 1927 1086 facitis,
1955 987 2005 1067 et
2029 1013 2092 1107 in
2191 1025 2376 1074 sentes
2427 1015 2568 1087 apud
2600 987 2714 1107 eos,
2757 1014 3200 1107 denuntiabamus
3235 1015 3333 1070 hoc
3370 1016 3516 1070 vobis
3551 987 3707 1107 quod
3734 1018 3782 1070 si

517 1129 704 1184 futuro
723 1103 950 1196 facietis.
976 1117 1049 1174 Ut
1071 1110 1662 1188 autem‘benefaciatis,
1711 1107 1972 1161 Dominus
2004 1103 2092 1156 di-
2192 1109 2311 1179 quis
2346 1121 2552 1162 vacans
2581 1105 2718 1174 otio,
2745 1122 2850 1160 non
2867 1105 2985 1178 vult
3001 1107 3234 1177 operari,
3257 1122 3348 1160 nec
3393 1105 3684 1161 manducet
3715 1107 3782 1162 de

454 1269 458 1273 .
518 1181 661 1290 riaat
685 1181 1068 1276 corda-uestra,
1094 1207 1149 1263 id
1175 1181 1274 1262 est
1300 1203 1466 1260 faciat
1513 1201 1752 1256 directas
1788 1197 2101 1290 voluntates
2193 1197 2497 1290 laboribus
2519 1196 2734 1253 alienis.
2770 1195 2899 1290 Ideo
2931 1196 3187 1290 principio
3235 1196 3539 1290 nolentem_
3562 1196 3782 1266 operari

519 1285 726 1366 vestras
759 1306 814 1358 in
836 1303 1102 1357 charitate
1125 1299 1247 1365 Dei,
1273 1305 1334 1354 ut
1355 1297 1498 1352 sicut
1519 1293 1664 1348 Deus
1689 1306 1788 1346 vos
1813 1287 2021 1352 dilexit,
2043 1295 2109 1341 et
2197 1305 2306 1344 non
2337 1287 2694 1354 manducare,
2723 1286 2851 1357 quia
2881 1287 3182 1341 audivimus
3217 1286 3477 1357 quosdam
3521 1285 3664 1340 inter
3699 1302 3781 1340 ros

517 1414 622 1454 vos
663 1411 790 1451 eum
837 1392 1098 1465 diligatis,
1148 1398 1202 1444 et
1249 1389 1306 1442 in
1356 1383 1618 1456 patientia
1661 1379 1903 1444 Christi,
1956 1377 2102 1432 sicut
2199 1377 2476 1435 ambulare
2504 1377 2752 1464 inquieto,
2778 1375 2915 1430 nihil
2963 1385 3262 1446 operantes,
3291 1373 3390 1460 sed
3426 1385 3642 1465 agentes
3687 1392 3779 1428 cs-

519 1487 774 1542 Christus
802 1463 1002 1554 passus
1021 1488 1106 1536 est
1127 1493 1228 1549 pro
1249 1475 1428 1542 vobis,
1453 1475 1528 1528 ita
1551 1479 1606 1528 et
1633 1486 1733 1526 vos
1753 1483 1854 1541 pro
1879 1466 2112 1528 Christo,
2199 1472 2357 1536 riose,
2381 1483 2632 1524 rumores
2660 1463 2811 1522 urbis
2845 1466 3078 1525 sollicite
3095 1466 3485 1539 perquirendo.
3531 1463 3634 1519 His
3681 1484 3777 1519 au-

517 1577 824 1650 patiamini.
869 1571 982 1628 Nos
1021 1579 1205 1630 autem
1248 1568 1394 1633 dico,
1429 1565 1665 1622 scientes
1709 1576 1812 1616 vos
1857 1559 2104 1614 facturos
2201 1568 2304 1616 tem
2327 1560 2417 1631 qui
2443 1566 2564 1612 sunt
2585 1557 2869 1628 ejusmodi,
2899 1557 2953 1611 id
2971 1565 3058 1612 est
3084 1556 3225 1650 nihil
3248 1565 3544 1650 oper-antes
3582 1566 3640 1650 et
3682 1570 3773 1610 cu-

519 1641 864 1740 quzecunque
885 1679 958 1720 ex
984 1662 1096 1718 Deo
1118 1659 1488 1732 praecipimus,
1524 1653 1898 1710 denuntiamus
1934 1649 2098 1705 vobis.
2199 1651 2358 1719 riosi,
2381 1649 2751 1705 denuntiamus
2797 1663 2866 1704 ex
2909 1647 3236 1704 auctoritate
3278 1645 3397 1713 Dei,
3444 1656 3501 1740 et
3541 1645 3776 1740 obsecra-

523 1737 733 1812 Scimte
761 1755 866 1809 hoc
899 1757 1228 1824 praeceptum
1255 1747 1352 1804 Dei
1377 1761 1522 1812 esse,
1543 1759 1653 1800 non
1687 1749 1960 1808 nostrum,
1986 1737 2104 1795 nisi
2133 1821 2163 1824 _
2205 1760 2322 1798 mus
2343 1743 2400 1796 in
2419 1740 2648 1796 Domino
2668 1737 2797 1794 Iesu
2841 1737 3077 1804 Christo,
3123 1737 3177 1792 id
3207 1745 3294 1792 est
3343 1737 3692 1808 praecipimus
3725 1745 3773 1790 et

523 1856 741 1903 tantum
783 1821 946 1916 (ιιιοᾶ-
970 1843 1149 1910 vobis,
1171 1841 1398 1906 fratres,
1430 1837 1750 1910 nuntiamus
1793 1835 1850 1888 in
1891 1835 2102 1890 nomine
2133 1821 2178 1880 Β
2205 1848 2518 1906 precamur,
2551 1831 2601 1886 si
2625 1831 2681 1886 in
2709 1829 2936 1887 Christo
2961 1829 3162 1886 salvari
3186 1829 3397 1895 volunt,
3431 1835 3489 1880 ut
3526 1827 3629 1898 ipsi
3658 1843 3769 1896 ope-

524 1937 742 1992 Domini
755 1937 924 1990 nostri
945 1933 1076 1990 Iesu
1097 1932 1320 1998 Christi,
1353 1931 1408 1986 id
1431 1936 1542 1994 est,
1573 1927 1621 1984 si
1650 1925 1862 1982 curatis
1899 1939 2116 1982 nomen.
2205 1934 2382 1981 rantes
2407 1923 2570 1994 pulso
2592 1922 2706 1979 otio
2747 1929 2805 1978 et
2845 1937 2964 1976 cum
2987 1921 3222 1988 silentio,
3247 1935 3358 1984 non
3380 1919 3449 1975 de
3473 1919 3768 1975 rumoribus

525 2037 580 2086 et
612 2024 1088 2086 honoriﬁcentiam
1114 2021 1332 2079 Domini
1371 2019 1600 2075 Christi.
1642 2016 1762 2073 Hoc
1787 2032 1856 2072 ex
1893 2031 1960 2073 eo
2005 2016 2103 2072 de-
2205 2017 2434 2084 curiosi,
2460 2015 2776 2071 manducent
2801 2031 2990 2086 panem
3012 2013 3260 2080 suum,id
3279 2022 3365 2071 est
3390 2027 3504 2068 non
3526 2013 3764 2074 alienum.

524 2117 863 2182 nuntiamus,
893 2123 950 2169 ut
971 2113 1300 2174 subtrahatis
1330 2127 1418 2166 vos
1457 2109 1521 2165 ab
1545 2109 1687 2164 omni
1719 2109 1887 2179 fratre
1916 2107 2103 2162 ambu-
2207 2109 2304 2166 sed
2324 2107 2742 2180 pr0priolabore
2755 2105 3049 2162 lucratum.
3077 2104 3155 2160 Ne
3179 2113 3360 2170 autem
3390 2105 3520 2176 quia
3535 2105 3758 2160 dixerat:

521 2209 668 2263 lente
726 2207 1047 2273 inordinate,
1073 2187 1146 2260 'id
1181 2213 1269 2260 est
1307 2203 1612 2259 naturalem
1659 2201 1905 2256 ordinem
1955 2199 2108 2254 dese—
2210 2197 2602 2268 Unusquisque
2633 2197 2928 2252 manducet
2978 2212 3139 2252 suum
3179 2211 3400 2266 panem,
3431 2204 3676 2266 putarent
3699 2195 3761 2248 illi

524 2308 698 2356 rente.
713 2299 828 2355 Hoc
851 2299 998 2354 enim
1023 2297 1188 2352 etiam
1211 2295 1439 2368 gentiles
1461 2292 2108 2348 inordinatumasserunt
2209 2291 2306 2364 qui
2339 2291 2588 2346 solebant
2606 2288 2921 2344 ministrare
2955 2287 3310 2358 pauperibus,
3340 2302 3452 2342 non
3489 2287 3628 2342 ultra
3657 2301 3758 2341 esse

527 2391 799 2464 negligere
835 2387 1076 2458 propria,
1105 2401 1300 2442 curare
1333 2385 1536 2450 aliena,
1566 2390 1628 2437 ut
1653 2381 1877 2452 quidam
1898 2379 2106 2434 curiosi
2212 2380 2640 2439 ministrantium
2676 2379 2809 2448 illis,
2847 2379 2927 2436 ait
2954 2397 2969 2434 ;
3009 2378 3165 2436 Licet
3193 2378 3429 2435 dixerim
3473 2377 3758 2433 manducent

529 2479 672 2534 inter
694 2492 793 2532 vos
821 2475 1048 2532 faciunt.
1079 2473 1275 2530 Fratre
1295 2474 1459 2530 etiam
1485 2473 1630 2538 dico,
1662 2487 1766 2524 non
1795 2471 2110 2526 ambulante
2211 2491 2368 2530 suum
2390 2490 2600 2546 panem,
2623 2489 2712 2529 vos
2735 2481 2944 2539 tamen,
2993 2471 3210 2542 fratres,
3237 2471 3364 2526 bene
3401 2470 3646 2540 facientes
3671 2467 3761 2524 fra-

529 2567 818 2626 secundum
837 2567 1180 2620 traditionem
1217 2581 1377 2636 quam
1413 2571 1724 2639 acceperunt
1763 2579 1798 2616 α
1836 2562 2008 2630 nobis,
2052 2561 2108 2616 id
2214 2563 2394 2620 tribus
2425 2563 2523 2634 qui
2565 2562 2832 2636 indigent,
2875 2559 3038 2618 nolite
3070 2560 3292 2631 deﬁcere
3339 2561 3481 2616 bene
3518 2558 3762 2624 faciendo,

529 2667 616 2716 est
633 2673 745 2730 quo
773 2657 936 2714 modo
967 2657 1292 2712 tradidimus
1319 2655 1446 2723 illis,
1473 2663 1530 2712 et
1572 2655 1892 2726 pollicentes
1923 2671 1986 2711 se
2029 2655 2110 2711 sic
2213 2655 2344 2726 quia
2363 2669 2476 2710 non
2495 2653 2755 2710 omnibus
2775 2661 2954 2725 potest
2965 2651 3220 2720 subicere
3239 2669 3376 2709 suus
3393 2653 3568 2708 labor.
3581 2651 3762 2707 Denuo-

531 2759 846 2808 servaturos
869 2749 1014 2805 sicut
1039 2756 1388 2820 acceperunt.
1434 2747 1560 2804 Ideo
1603 2748 1924 2819 simpliciter
1963 2749 2107 2816 dico,
2213 2747 2418 2804 tiamus
2437 2747 2626 2804 illisut
2661 2754 2976 2818 operentur,
2998 2752 3104 2802 etc.
3131 2743 3189 2800 Si
3223 2759 3354 2800 vero
3377 2745 3572 2816 aliquis
3599 2758 3762 2800 eorum

531 2843 671 2897 sicut
709 2849 1028 2911 occeperunt
1086 2857 1120 2894 a
1167 2839 1314 2903 nobis
1363 2840 1704 2904 tradentibus
1733 2839 1864 2908 illis,
1905 2848 1962 2896 et
2000 2854 2115 2896 non
2217 2856 2322 2894 non
2352 2839 2609 2895 obedierit
2635 2839 2766 2906 huic
2789 2847 2970 2894 nostro
2991 2837 3144 2894 verbo
3181 2839 3442 2896 mandato
3479 2854 3571 2908 per
3599 2839 3764 2908 episto-

530 2947 747 3002 expono
785 2933 929 2988 hanc
961 2931 1334 2999 traditionem,
1361 2931 1492 3002 quin
1521 2945 1622 2988 vos
1659 2931 1765 3002 ipsi
1795 2931 1936 2992 bene
1959 2931 2113 2986 scitis
2215 2928 2347 3005 lam,
2371 2931 2515 3002 hunc,
2530 2939 2730 2998 notate,
2759 2931 2818 2988 id
2840 2939 2926 2987 est
2951 2931 3254 3003 signiﬁcate
3276 2931 3416 2988 mihi
3435 2931 3562 3002 quis
3587 2931 3673 2985 ille
3691 2929 3766 2994 sit,

531 3023 977 3094 quemadmodum
1006 3032 1243 3094 oporteat
1267 3022 1584 3080 oosimitari
1607 3039 1722 3079 nos.
1886 3047 1890 3050 ·
2080 3037 2115 3070 ἰ
2217 3031 2268 3078 et
2312 3022 2532 3080 interim
2575 3039 2688 3097 non
2716 3025 3171 3097 commisceamini
3205 3040 3326 3078 cum
3373 3023 3494 3092 illo,
3529 3033 3612 3092 ut,
3635 3023 3768 3080 vobis

604 3111 683 3170 Ne
713 3113 791 3168 illi
814 3113 1118 3170 aberrando
1146 3113 1430 3170 dicerent:
1465 3113 1526 3174 In
1559 3115 1827 3182 oratione,
1868 3113 2110 3185 jejunio,
2145 3165 2184 3186 η
2219 3131 2329 3172 non
2351 3117 2890 3173 communicantibus
2917 3116 3018 3184 illi,
3047 3115 3426 3186 confundatur,
3453 3117 3511 3173 id
3547 3126 3630 3173 est
3665 3131 3767 3171 eru—

533 3202 736 3276 vigiliis
795 3205 1004 3262 scimus
1069 3212 1122 3260 te
1183 3205 1508 3261 innitendum
1534 3246 1550 3272 ,
1607 3165 1944 3262 determinat.
1983 3165 2117 3276 quid
2143 3165 2186 3222 ϐ
2220 3207 2409 3263 bescat
2430 3207 2502 3263 de
2529 3216 2756 3278 peccato
2783 3223 2909 3264 suo.
2939 3165 3018 3262 Et,
3037 3165 3168 3264 licel
3184 3221 3297 3263 non
3332 3165 3768 3265 coinmisceamini

537 3295 784 3353 intendat
826 3296 1018 3354 dicens
1057 3313 1074 3354 :
1107 3294 1402 3356 Imitamini
1434 3296 1491 3351 in
1530 3295 1636 3352 hoc
1675 3296 1966 3366 quodnon
2005 3297 2118 3368 fui-
2219 3316 2346 3356 cum
2369 3301 2486 3369 illo,
2510 3309 2696 3364 tamen
2721 3301 2884 3356 nolite
2916 3318 3050 3371 eum
3074 3303 3384 3357 existimare
3417 3304 3575 3374 quasi
3601 3303 3768 3375 limini—

537 3399 652 3438 mus
676 3387 814 3442 inter
836 3386 1186 3456 uos‘inquieti,
1203 3386 1258 3445 id
1283 3395 1368 3442 est
1390 3386 1606 3442 curiose
1631 3387 2002 3444 discurrentes
2023 3403 2122 3458 per
2219 3401 2430 3459 cum,ut
2459 3407 2586 3446 eum
2598 3392 2733 3448 odio
2754 3393 3022 3460 habeatis,
3033 3392 3125 3448 sed
3149 3393 3525 3448 exdilectione
3553 3393 3772 3462 corripite

541 3473 772 3538 urbem;
795 3489 958 3543 neque
991 3473 1424 3534 manducavimua
1466 3473 1610 3544 apud
1643 3489 1743 3531 vos
1769 3491 1958 3545 panem
1985 3477 2122 3532 otio-
2219 3501 2338 3539 eum
2363 3493 2420 3537 ut
2437 3478 2946 3557 fratrem.309Ut
2965 3493 3148 3540 autem
3169 3485 3228 3539 in
3240 3485 3502 3544 omnibus
3525 3501 3647 3556 qua
3667 3501 3774 3556 pra-

540 3577 665 3624 sum
689 3571 969 3632 sumptum
997 3563 1062 3618 ab
1089 3563 1266 3634 aliquo
1279 3576 1421 3628 .1160,
1436 3573 1688 3630 nostrum,
1709 3581 1906 3636 panem
1927 3568 2123 3636 gratis;
2221 3573 2340 3643 cepi
2374 3573 2532 3629 vobis
2556 3571 2783 3644 perfecti
2803 3573 2946 3640 sitis,
2979 3575 3090 3644 ipse
3114 3572 3374 3629 Dominus
3399 3575 3561 3644 pacis
3591 3575 3674 3630 det
3703 3590 3776 3628 eoo

538 3654 704 3712 idest
727 3655 846 3710 sine
872 3654 1070 3719 labore;
1090 3655 1276 3723 otiosi,
1307 3656 1398 3710 sed
1440 3655 1648 3712 fuimus
1675 3665 1950 3727 operantes
1964 3666 2120 3720 nocte
2223 3663 2302 3718 bis
2322 3679 2503 3734 pacem
2527 3665 2925 3734 sempiternam,
2959 3665 3014 3720 id
3041 3674 3129 3720 est
3155 3665 3247 3721 hic
3266 3665 3401 3722 etin
3428 3665 3638 3731 futuro,
3657 3677 3706 3722 ct
3729 3667 3774 3722 in

467 3773 480 3783 κ
539 3753 594 3799 et
615 3744 726 3810 die,
759 3753 812 3799 et
840 3743 900 3798 in
923 3743 1102 3800 labore
1138 3753 1188 3798 et
1224 3741 1560 3816 fatigatione,
1593 3745 1646 3801 id
1681 3755 1765 3802 est
1811 3747 2121 3803 laborantes
2223 3754 2368 3808 omni
2397 3752 2532 3821 loco,
2576 3755 2629 3809 id
2657 3762 2744 3811 est
2771 3755 2920 3826 apud
2947 3755 3283 3812 domesticos
3332 3765 3389 3812 et
3433 3759 3580 3830 apud
3619 3766 3776 3816 extra-

543 3850 718 3906 usque
748 3835 817 3891 ad
861 3834 1256 3907 fatigationem.
1286 3835 1458 3894 Nocte
1514 3837 1638 3894 ideo
1681 3838 1968 3910 praeponit,
1992 3839 2120 3910 quia
2223 3861 2376 3901 neos.
2408 3845 2476 3901 Et
2498 3855 2558 3901 ut
2577 3862 2760 3902 veram
2783 3863 2974 3918 pacem
3003 3847 3274 3916 habeatis,
3305 3847 3572 3905 Dominus
3595 3851 3664 3904 sit
3680 3865 3777 3902 cum

541 3935 703 3984 nocte
725 3927 968 3994 maxime
985 3929 1218 3984 vacabat
1251 3929 1530 4000 operibus,
1557 3931 1793 3986 orationi
1828 3939 1884 3986 et
1925 3930 2122 4000 praedi-
2224 3937 2464 3992 omnibus
2501 3937 2666 3993 vobis.
2721 3936 2992 3994 Satutatio
3033 3939 3236 4009 scripta
3287 3955 3406 3993 mea
3457 3956 3640 3994 manu.
3681 3938 3784 3993 Hec

543 4020 748 4074 cationi
779 4021 1050 4091 praecipue
1069 4037 1276 4078 vacans
1312 4023 1369 4076 in
1417 4023 1523 4078 die.
1559 4023 1846 4094 Operantes
1880 4023 2020 4090 ideo.
2062 4039 2124 4077 ne
2223 4031 2351 4086 dico
2374 4029 2562 4096 Pauli,
2584 4030 2724 4101 quod
2747 4031 2960 4102 signum
2987 4031 3064 4086 ita
3086 4031 3270 4086 scribo
3295 4032 3518 4089 inomni
3542 4031 3780 4102 Epistolo,

544 4125 886 4180 gravaremus
937 4113 1181 4182 aliquem
1201 4121 1468 4181 vestrum,
1509 4115 1842 4184 accipientes
1889 4131 1923 4170 a
1967 4115 2125 4171 vobis
2224 4136 2389 4191 quam
2424 4121 2600 4178 mitto.
2651 4119 2766 4177 Hoc
2797 4122 2958 4194 signo
2995 4121 3292 4178 disoernite
3329 4138 3399 4178 ne
3435 4121 3782 4179 fraudulenter

545 4201 877 4262 necessaria.
901 4201 1107 4259 Paulus
1128 4219 1240 4260 non
1276 4205 1348 4260 ab
1385 4205 1527 4272 istis,
1557 4205 1704 4262 sicut
1720 4222 1824 4262 nec
1845 4223 1877 4262 ει
1921 4204 2122 4263 Corin-
2229 4213 2335 4268 sub
2369 4212 2592 4268 nornine
2617 4228 2742 4268 meo
2764 4211 3004 4268 inferant
3023 4213 3180 4269 vobis
3214 4229 3370 4269 suam
3403 4214 3691 4284 epistolam
3721 4214 3782 4268 illi

545 4290 678 4346 tliiis
695 4291 997 4362 quidquam
1019 4295 1470 4364 accipercvoluit,
1485 4295 1700 4366 diversa
1723 4305 1902 4354 tamen
1943 4299 2124 4355 inten—
2226 4303 2434 4372 pseudo
2471 4303 2565 4373 qui
2605 4304 2862 4359 dicebant
2889 4304 3064 4360 vobis
3111 4319 3197 4360 me
3240 4305 3548 4378 intelligam
3593 4306 3784 4376 propin-

547 4381 717 4438 tionc.
746 4382 788 4435 A
831 4383 1135 4441 Corinthiis
1177 4387 1323 4442 enim
1367 4388 1562 4456 noluit,
1593 4387 1724 4460 quia
1751 4400 1910 4448 erant
1949 4392 2120 4448 avari.
2227 4409 2398 4464 quum
2423 4409 2548 4450 esse
2586 4394 2734 4450 diem
2763 4395 2982 4465 judicii.
3009 4392 3154 4461 llaec,
3185 4393 3436 4464 inquam,
3481 4404 3570 4451 est
3608 4395 3784 4450 saluta-

546 4471 632 4529 A-b
656 4472 778 4530 istis
799 4475 995 4545 noluit,
1022 4477 1118 4534 sed
1157 4479 1332 4551 magis
1357 4481 1596 4551 operari,
1625 4491 1686 4536 ut
1711 4482 1766 4536 in
1789 4497 1848 4537 se
1870 4482 2025 4538 daret
2043 4484 2126 4539 eis
2163 4527 2203 4551 η
2229 4486 2314 4540 tio-
2345 4505 2358 4538 :
2395 4484 2584 4540 Gratia
2609 4484 3164 4546 DomininostriJesu
3193 4483 3398 4540 Christi
3425 4501 3550 4539 cum
3574 4484 3784 4538 oriuntur

559 4527 565 4529 _
602 4527 609 4528 ,
689 4527 722 4528 η
754 4527 771 4530 ἡ
1023 4527 1118 4534 ___
1157 4527 1332 4551 ___o_-
1361 4527 1596 4551 Ἵππη,
1629 4527 1686 4536 ..-
1789 4527 1848 4537 νυ
1872 4527 2126 4539 --.πων
2230 4527 2304 4540 -.υ
2346 4527 2358 4538 .
2396 4527 2584 4540 νυ...-

544 4566 860 4637 exemplum
889 4568 1118 4640 depulso
1143 4570 1256 4626 otio
1287 4571 1592 4628 laborandi.
1637 4573 2037 4644 Operabamur,
2059 4593 2123 4630 ne
2162 4527 2204 4582 Β
2231 4578 2395 4631 vobis.
2424 4577 2609 4631 Amen.

558 4691 3782 4726 ww

1205 4789 1694 4847 ARGUMENTUM
1731 4789 1799 4846 IN
1835 4792 2227 4848 EPISTOLAM
2262 4791 2531 4847 PRIMAM
2568 4792 2660 4846 AD
2699 4788 3136 4848 TIMOTHEUM.

617 4902 1218 4979 Timotheumjnstruit
1250 4913 1302 4960 et
1343 4903 1508 4979 docet
1529 4905 1596 4979 de
1621 4903 1962 4979 ordinatione
1989 4909 2358 4978 episcopatus,
2389 4913 2442 4962 et
2463 4907 2722 4975 diaconii,
2757 4917 2812 4964 et
2850 4883 3033 4963 omnis
3059 4905 3446 4963 ecclesiasticae
3471 4907 3773 4979 disciplina:

549 4975 795 5028 scribens
829 4975 880 5027 ei
906 4990 938 5027 ιι
957 4973 1220 5030 Laodicia
1257 4991 1354 5045 per
1381 4973 1682 5046 Tychicum
1704 4977 2022 5032 diaconum.

550 5084 3047 5116 NW

1433 5199 1850 5276 morosus
1892 5201 1960 5263 B.
1996 5201 2392 5264 BRUNONIS
2426 5201 2508 5263 1N
2539 5155 2910 5264 EAMDEM.

621 5306 975 5374 Consuetudo
1003 5325 1123 5372 erat
1153 5319 1527 5388 apostolorum
1559 5330 1620 5376 ut
1660 5320 1960 5392 cujuslibet
1989 5319 2128 5376 civi-
2229 5319 2512 5376 conversis
2551 5317 2824 5390 Ephesiis,
2855 5319 3197 5375 consecravit
3241 5319 3352 5375 illis
3398 5321 3455 5374 in
3493 5323 3768 5392 episctmnm

553 5409 695 5463 tatis.
724 5406 946 5476 populo,
988 5406 1234 5462 doctrina
1273 5421 1462 5464 eorum
1509 5420 1778 5466 converso
1812 5411 1898 5466 ad
1941 5411 2126 5478 ﬁdem,
2231 5409 2602 5477 Timotheum,
2649 5409 3100 5466 collaboratorem
3145 5409 3445 5482 Evangelii,
3495 5422 3561 5468 ut
3585 5453 3600 5478 ,
3642 5411 3770 5466 Paulo

553 5515 665 5573 non
694 5498 772 5554 ibi
798 5497 1179 5564 subsisterent,
1211 5497 1306 5554 sed
1341 5499 1686 5564 (consecrato
1722 5499 1798 5556 ibi
1847 5501 2126 5573 episcopo,
2229 5509 2593 5571 praetereunte
2631 5500 2700 5556 ad
2733 5499 3061 5556 Macedonas
3095 5502 3521 5564 convertendos,
3555 5503 3766 5558 haberent

553 5562 650 5660 ιιθί
678 5589 864 5646 ﬁdeles
887 5586 1068 5646 factos
1092 5562 1388 5664 instrueret
1426 5590 1494 5646 de
1527 5590 1615 5646 his
1642 5593 1790 5662 quod
1813 5562 1937 5662 post
1965 5562 2129 5648 tidem
2231 5562 2526 5662 Ephesiani
2553 5591 2928 5659 Timotheum,
2957 5592 3052 5662 qui
3083 5607 3184 5648 eos
3216 5593 3283 5648 de
3309 5562 3546 5665 singulis
3579 5595 3763 5649 inea-ue-

557 5681 790 5738 tenenda
811 5682 988 5754 sunt,)
1016 5683 1314 5739 transirent
1355 5683 1424 5738 ad
1467 5683 1607 5738 alios
1646 5685 1876 5754 populos
1899 5700 2130 5756 congre-
2238 5692 2339 5749 ret,
2393 5699 2461 5739 ne
2505 5682 2665 5752 forte,
2711 5684 2820 5740 illis
2864 5685 2982 5743 sine
3033 5685 3258 5741 doctore
3295 5685 3562 5754 dimissis,
3611 5683 3758 5756 periret

558 5772 764 5842 gaudes
799 5773 869 5832 ad
899 5773 1080 5832 tidem.
1113 5771 1284 5846 Cujus
1315 5774 1393 5832 rei
1418 5773 1651 5831 formam
1681 5774 1886 5830 Paulus
1919 5785 2112 5832 tenens
2240 5777 2396 5832 labor
2438 5777 2592 5833 Pauli
2644 5779 2698 5834 in
2733 5778 2834 5834 eis;
2865 5777 3018 5845 Quos
3053 5777 3320 5848 Ephesios
3362 5777 3570 5862 Paulus
3601 5777 3754 5848 primo:

2262 4695 2650 4710 *ἡ*
