3988 6398
142 316 263 380 423

741 315 748 320 ’
795 312 1164 374 EXPOSITIO
1204 310 1269 371 IN
1306 311 1686 372 EPISTOLAS
1723 308 1951 370 PAULI.
1994 344 2062 354 -——
2102 312 2168 366 IN
2207 313 2423 368 EPIST.
2466 313 2486 367 Ι
2520 315 2611 369 AD
2645 315 2780 372 Tllls

3323 315 3429 380 Μ

137 436 215 491 ad
271 433 436 488 Iidem
499 430 803 497 convertit;
857 431 1059 502 quibus
1107 428 1347 484 Joannes
1400 427 1732 498 evangelista
1765 433 1807 490 Α
1839 427 1912 480 sit
1935 433 1989 480 et
2031 426 2369 492 reverentiae,
2403 425 2729 502 Ephesianis
2769 425 3118 486 audientibus
3155 445 3189 486 a
3235 430 3425 490 Τίιῐιο-⁵

137 523 504 597 postmodum
528 524 582 577 in
607 522 924 592 episcopum
946 519 1186 592 praefuit,
1213 519 1502 575 Timotheo
1528 519 1582 594 in
1607 533 1744 589 opus

138 614 437 686 Evangelii
461 630 491 669 a
520 613 692 668 Paulo
739 621 1018 668 revocato.
1048 611 1200 667 lianc
1238 619 1420 666 autem
1445 609 1743 680 Epistolam

135 721 277 762 eum
297 705 476 760 tribus
489 705 611 760 aliis
639 719 761 774 quae
783 711 1108 774 sequuntur,
1138 702 1329 757 scribit
1351 700 1416 754 ad
1440 712 1702 769 personas
1727 715 1740 750 :

134 797 291 850 duas
327 795 398 850 ad
434 793 828 860 Timotheum;
874 793 1091 848 tertiam
1133 793 1201 847 ad
1238 789 1460 857 Titum;
1489 799 1742 859 quartam

134 888 210 942 ad
245 883 633 942 Philemonem
660 905 674 953 ;
706 894 932 940 caeteras
967 884 1157 940 scribit
1192 885 1260 939 ad
1289 883 1582 940 Eeclesias.
1610 882 1748 936 Con-

133 988 368 1032 secrato
416 978 580 1047 (sicut
633 977 840 1032 dictum
891 976 996 1046 est)
1042 975 1333 1030 Timotheo
1382 974 1638 1045 Ephesiis
1687 973 1743 1027 in

138 1069 494 1138 episcopum,
524 1058 866 1138 consurgunt
885 1075 1078 1122 contra
1101 1081 1227 1121 eum
1262 1063 1743 1137 pseudodocmres,

139 1161 417 1226 dicentes,
447 1161 573 1215 licet
605 1174 745 1214 nova
775 1159 862 1214 lex
893 1159 1116 1213 inducta
1160 1157 1252 1224 sit,
1295 1172 1422 1214 cum
1459 1172 1526 1213 ea
1561 1166 1744 1231 tamen

139 1251 446 1306 tenendam
472 1266 594 1306 esse
610 1251 1094 1306 circumcisionem
1120 1258 1175 1304 et
1204 1257 1451 1304 veterum
1486 1248 1624 1303 ritus
1651 1263 1743 1302 sa-

139 1342 507 1396 criﬁciorum.
544 1340 664 1408 Quo
709 1341 1005 1407 intellecto,
1043 1340 1243 1396 Paulus
1273 1339 1569 1410 Epistolam
1600 1339 1742 1394 hanc

139 1431 337 1501 dirigit
387 1431 457 1485 ad
519 1430 892 1498 Timotheum,
928 1447 1039 1486 non
1093 1431 1240 1502 quod
1290 1431 1356 1488 de
1390 1445 1456 1485 eo
1503 1430 1744 1499 ambigat

141 1521 296 1590 quod
338 1521 394 1575 in
425 1521 611 1592 aliquo
653 1537 1029 1578 consensurus
1069 1522 1140 1576 sit
1190 1521 1741 1592 pseudodoctoribus,

139 1613 244 1667 sed
295 1622 360 1667 ut
408 1613 659 1669 doctrina
697 1614 840 1684 ejus,
888 1597 1141 1669 roborata
1188 1613 1512 1669 auctoritate
1562 1611 1740 1678 Pauli,

143 1700 293 1756 idem
323 1719 452 1758 cum
479 1698 772 1761 Timotheo
808 1705 1080 1771 docentis,
1127 1705 1356 1776 majoris
1398 1705 1744 1760 auctoritatis

152 1863 1716 1891 W

1845 515 1972 585 theo
1995 516 2136 570 Idem
2163 515 2348 570 doceri
2379 516 2524 585 quod
2547 533 2578 570 a
2609 515 2799 584 Paulo,
2827 516 2917 572 cui
2953 517 3153 574 tradita
3195 529 3283 579 est
3311 523 3429 582 hac

1845 606 2093 662 doctrina
2122 622 2152 661 a
2188 605 2431 663 Christo.
2475 605 2535 662 In
2576 608 2684 684 hac
2723 617 2907 665 autem
2950 609 3192 681 Epistola
3222 611 3426 673 Paulus

1844 697 1956 767 agit
2005 697 2072 752 de
2127 697 2504 753 ecclesiastico
2554 698 2767 766 ordine,
2824 700 3028 757 docens
3070 703 3139 757 ab
3183 701 3428 759 Ecclesia

1843 785 2182 856 repellendos
2207 785 2695 855 pseudodoctores,
2741 788 2959 858 illisque
2992 790 3427 848 denuntiandum

1844 894 1914 934 ne
1944 893 2200 947 perverse
2247 877 2520 945 doceant;
2553 879 2700 948 quod
2729 879 2776 933 si
2812 879 2935 934 ideo
2978 896 3088 936 non
3132 881 3426 951 desistunt,

1845 969 2059 1039 pepulis
2077 969 2512 1024 denuntiandum
2533 977 2636 1037 est,
2668 985 2736 1024 ne
2757 985 2852 1025 eos
2874 972 3116 1027 audiant.
3149 971 3317 1029 Docet
3339 973 3430 1028 hic

1841 1060 2011 1114 etiam
2046 1057 2248 1115 Paulus
2287 1057 2638 1115 Timotheum
2680 1061 2749 1116 de
2779 1062 2972 1118 ordine
3000 1064 3329 1120 sacerdotali
3374 1073 3431 1120 et

1847 1151 2390 1222 Ievitico,_quomodo
2419 1151 2652 1222 eligendi
2697 1153 2804 1208 sint
2829 1162 2885 1207 et
2928 1153 3214 1223 probandi.
3263 1155 3430 1210 Docet

1844 1242 2010 1297 etiam
2053 1243 2120 1297 de
2183 1241 2377 1296 ordine
2428 1241 2746 1308 viduarum,
2795 1243 3072 1312 quomodo
3118 1244 3431 1300 ministrare

1843 1317 2034 1389 deceat
2061 1333 2182 1388 illas
2208 1333 2265 1386 in
2292 1319 2555 1388 Ecclesia.
2584 1332 2789 1388 Docere
2818 1343 3021 1401 autem,
3068 1334 3285 1390 etiamsi
3336 1348 3428 1389 sua

1843 1425 2200 1496 pientissimze
2246 1424 2376 1491 sint,
2417 1439 2696 1493 nunquam
2745 1424 3068 1480 mulieribus
3106 1425 3429 1496 permittent-

1845 1517 1997 1572 dum.
2029 1515 2121 1570 Sic
2154 1515 2400 1570 docendo
2441 1515 2508 1570 de
2549 1514 2918 1570 ecclesiastico
2960 1515 3152 1571 ordine
3201 1513 3402 1571 intendi

1845 1607 2050 1663 Paulus
2082 1617 2162 1671 ut,
2203 1623 2302 1678 pro
2345 1609 2510 1663 modo
2540 1606 2804 1662 doctrina:
2849 1623 2984 1676 sum,
3025 1615 3208 1662 teneat
3250 1607 3429 1680 Epheé

1845 1702 2022 1768 siana,
2057 1701 2347 1770 omnisque
2377 1716 2503 1756 cum
2529 1715 2592 1756 ea
2622 1699 2886 1754 Ecclesia.

1722 1860 3421 1888 Μαι-’,Ἥ

903 2041 1486 2139 EPISTOLA
1564 2041 1598 2128 Ι
1675 2039 1825 2127 AD
1902 2039 2687 2134 TIMOTHEUM.

692 2229 924 2288 CAPUT
949 2229 1246 2287 PRIMUM.

223 2347 245 2378 ι
289 2321 501 2381 Paulus
540 2323 823 2394 apostolus
860 2321 990 2380 Jesu
1038 2321 1270 2390 Christi,
1314 2321 1616 2378 secundum
1643 2320 1746 2374 im-

151 2440 172 2471 ι
217 2417 438 2489 perium
467 2415 562 2470 Dei
597 2414 898 2471 Salvatoris
929 2414 1127 2482 nostri,
1150 2422 1207 2470 et
1241 2413 1445 2469 Christi
1467 2409 1599 2468 Jesu
1628 2411 1746 2480 spei

155 2530 173 2562 ‹
221 2518 449 2564 nostrae.
478 2505 768 2562 Timotheo
794 2506 992 2562 dilecto
1030 2505 1144 2560 ﬁlio
1178 2504 1234 2560 in
1263 2493 1368 2561 ﬁde
1424 2504 1617 2576 gratia,
1645 2500 1748 2556 mi-

158 2621 178 2651 ς
223 2598 552 2664 sericordia,
585 2607 640 2652 et
683 2612 786 2666 pax
818 2613 850 2652 a
901 2597 1016 2674 Deo
1060 2595 1222 2652 Patre
1263 2603 1317 2652 et
1356 2595 1577 2651 Christo
1613 2593 1745 2650 Jesu

155 2709 178 2743 ι
220 2690 462 2745 Domino
509 2696 717 2744 nostro.
775 2686 930 2742 Sicut
979 2680 1166 2759 rogavi
1214 2696 1288 2755 te,
1343 2695 1404 2741 ut
1433 2699 1746 2741 remaneres

163 2804 184 2834 ι
230 2781 460 2852 Ephesi,
485 2793 610 2835 cum
640 2767 775 2835 irem
801 2780 857 2834 in
887 2769 1372 2846 Macedoniam,ut
1393 2777 1746 2834 denuntiares

160 2875 182 2924 ε’
224 2871 559 2943 quibusdam
589 2886 659 2926 ne
683 2867 842 2926 aliter
882 2869 1166 2938 docerent,
1197 2883 1376 2941 neque
1404 2868 1748 2925 intenderent

158 2984 180 3016 ι
222 2962 602 3035 310labulis
613 2971 668 3017 et
683 2961 1016 3034 genealogiis
1031 2960 1417 3029 interminatis,
1434 2975 1556 3030 qua:
1567 2975 1748 3030 quaes-

163 3057 182 3106 i
225 3055 410 3108 tiones
424 3060 685 3122 praestant
697 3051 872 3122 magis
886 3067 1052 3122 quam
1067 3049 1484 3107 aediﬁcationem
1497 3049 1612 3117 Dei,
1626 3065 1748 3121 qum

161 3165 182 3198 ι
228 3153 315 3202 est
339 3145 392 3199 in
426 3144 552 3199 ﬁde.
582 3142 738 3199 Finis
765 3151 948 3198 autem
977 3143 1233 3213 praecepti
1259 3151 1345 3198 est
1387 3143 1650 3208 charitas,
1680 3142 1749 3198 de

161 3233 183 3289 ἁ
227 3236 397 3292 corde
419 3248 580 3305 puro,
609 3241 664 3288 et
696 3233 1036 3289 conscientia
1063 3232 1226 3299 bona,
1259 3239 1314 3287 et
1338 3233 1440 3288 (ide
1462 3247 1573 3287 non
1598 3231 1744 3287 ﬁcta.

162 3344 181 3377 ι
225 3323 272 3378 Α
313 3324 520 3394 quibus
547 3323 773 3393 quidam
821 3322 1172 3387 aberrantes,
1218 3320 1467 3376 conversi
1515 3327 1644 3376 sunt
1691 3320 1746 3374 in

165 3437 184 3468 ε
226 3415 633 3486 vaniloquium,
684 3413 932 3470 volentes
976 3427 1099 3468 esse
1148 3412 1283 3482 legis
1327 3411 1600 3478 doctores,
1637 3426 1748 3466 non

162 3529 188 3580 ι,
229 3508 602 3578 intelligentcs
639 3520 818 3576 neque
842 3520 965 3574 qua:
988 3505 1308 3574 loquuntur,
1337 3517 1514 3570 neque
1540 3502 1608 3557 de
1627 3503 1760 3582 qui-~

163 3618 181 3649 ι
227 3599 335 3653 bus
377 3598 668 3653 allirmant.
715 3587 932 3654 Scimus
962 3609 1144 3654 autem
1191 3597 1320 3667 quia
1353 3598 1496 3652 bona
1525 3605 1610 3652 est
1635 3597 1757 3670 lex,

165 3709 183 3739 ι
228 3689 275 3744 si
308 3678 443 3758 quis
479 3703 545 3743 ea
574 3689 815 3760 legitime
848 3697 1051 3756 utatur,
1090 3689 1324 3744 scientes
1366 3687 1593 3761 [sciens]
1643 3688 1747 3746 hoc

165 3797 186 3843 t
225 3777 360 3846 quia
387 3777 544 3846 justo
571 3778 652 3831 lex
681 3792 793 3833 non
815 3785 900 3833 est
935 3777 1134 3847 posita,
1162 3777 1256 3832 sed
1283 3777 1523 3847 injustis,
1555 3786 1610 3852 et
1635 3793 1745 3832 non

164 3887 184 3919 ι
231 3867 496 3933 subditis,
530 3867 713 3937 impiis
737 3876 791 3922 et
816 3867 1216 3936 peccatoribus,
1241 3866 1521 3922 sceleratis
1539 3875 1593 3921 et
1615 3882 1746 3921 con-

164 3940 186 4008 ι’
229 3957 547 4023 taminatis,
603 3952 894 4026 parricidis
943 3966 996 4012 et
1057 3956 1378 4024 matricidis,
1434 3956 1743 4024 homicidis,

165 4067 184 4100 ι
231 4047 570 4113 fornicariis,
609 4048 982 4103 masculorum
1013 4048 1494 4114 coneubitoribus,
1536 4047 1745 4118 plagia-

166 4159 184 4192 ι
228 4139 331 4194 riis
383 4137 713 4211 [plagariis],
769 4139 1146 4206 mendacibus,
1189 4148 1244 4196 et
1286 4139 1544 4210 perjuris,
1601 4147 1656 4194 et
1699 4138 1748 4194 si

162 4249 190 4306 ¢_
224 4231 361 4301 quid
411 4231 558 4286 aliud
606 4246 755 4287 sana:
797 4230 1059 4286 doctrinm
1112 4231 1461 4298 adversatur,
1503 4246 1626 4302 quae
1664 4243 1749 4291 est

164 4339 185 4375 ι
224 4321 536 4377 secundum
583 4321 939 4393 Evangelium
989 4322 1178 4393 gloriae
1222 4323 1372 4378 beati
1421 4322 1550 4390 Dei,
1598 4325 1748 4394 quod

165 4433 184 4466 ι
226 4414 505 4469 creditum
535 4424 619 4470 est
645 4415 801 4469 mihi.
835 4413 1054 4470 Gratias
1081 4431 1184 4486 ago
1212 4415 1263 4470 ei
1287 4416 1383 4486 qui
1409 4431 1498 4474 me
1526 4417 1748 4473 confore-

167 4524 183 4555 ι
228 4502 371 4559 tavit
399 4505 457 4559 in
481 4503 705 4560 Christo
731 4503 861 4560 Jesu
908 4503 1141 4560 Domino
1190 4514 1400 4575 nostro,
1448 4509 1578 4577 quia
1614 4509 1747 4565 iide-

165 4616 183 4647 ι
230 4597 340 4651 lem
389 4611 479 4650 me
530 4597 886 4663 existimavit,
935 4613 1145 4667 ponens
1175 4597 1230 4652 in
1265 4598 1592 4662 ministerio.
1641 4599 1746 4667 Qui

164 4706 182 4737 ‹
225 4687 386 4756 prius
413 4685 490 4740 fui
516 4687 890 4756 blasphemus,
914 4696 968 4744 et
995 4697 1342 4758 persecutor,
1375 4697 1429 4745 et
1463 4698 1747 4747 contume-

164 4798 182 4828 ι
228 4777 449 4842 Iiosus;
483 4778 578 4832 sed
618 4777 1053 4833 misericordiam
1097 4778 1192 4834 Dei
1233 4789 1564 4836 consecutus
1599 4797 1743 4849 sum,

163 4885 181 4917 ι
225 4867 360 4937 quia
394 4866 652 4936 ignorans
703 4864 808 4920 feci
850 4865 905 4919 in
957 4867 1355 4922 incredulitate.
1396 4867 1746 4938 Superabun-

165 4977 183 5008 ε
223 4957 379 5013 davit
411 4959 592 5011 autem
619 4955 794 5026 gratia
826 4954 1043 5010 Domini
1068 4957 1245 5012 nostri
1277 4973 1404 5013 cum
1432 4959 1538 5014 tide
1582 4968 1636 5014 et
1657 4959 1742 5014 dia

165 5067 182 5099 |
224 5046 486 5111 lectione,
514 5060 635 5114 qua:
663 5054 746 5101 est
783 5045 838 5099 in
880 5044 1101 5102 Christo
1131 5045 1283 5103 Jesu.
1327 5046 1530 5104 Fidelis
1563 5061 1745 5105 sermo

166 5158 183 5187 ι
226 5146 281 5189 et
307 5127 462 5190 omni
505 5135 818 5204 acceptione
864 5135 1085 5207 dignus,
1117 5137 1246 5207 quia
1285 5135 1540 5214 Christus
1583 5138 1745 5197 Iesus

167 5243 185 5274 ι
226 5225 378 5278 venit
403 5223 458 5276 in
489 5223 635 5278 hunc
663 5225 926 5280 mundum
972 5233 1288 5296 peccatores
1328 5227 1510 5282 salvos
1543 5226 1742 5296 facere,

169 5333 187 5364 ι
232 5329 469 5384 quorum
492 5303 702 5382 primus
729 5329 831 5385 ego
859 5331 1002 5370 sum.
1038 5314 1145 5370 Sed
1168 5315 1291 5370 ideo
1311 5317 1744 5374 misericordiam

171 5423 190 5454 ι
227 5413 559 5460 consecutus
588 5421 711 5460 sum
742 5416 802 5461 ut
832 5406 889 5461 in
918 5422 1006 5462 me
1027 5407 1205 5477 primo
1235 5409 1550 5465 ostenderet
1588 5409 1748 5465 Chri-

171 5516 190 5548 ε
230 5508 346 5554 stus
371 5498 534 5554 Jesus
570 5513 791 5554 omnem
836 5499 1155 5568 patientiam
1182 5500 1252 5556 ad
1300 5499 1746 5557 informationem

173 5607 192 5641 t
233 5605 446 5657 eorum,
477 5589 575 5660 qui
611 5589 872 5645 credituri
915 5599 1044 5645 sunt
1071 5591 1148 5644 illi
1177 5591 1234 5645 in
1260 5593 1429 5648 vitam
1459 5603 1742 5648 aeternam.

176 5697 196 5732 I
233 5679 363 5753 Regi
388 5691 577 5738 autem
617 5680 943 5735 saeculorum
972 5680 1290 5753 immortali,
1332 5683 1616 5752 invisibili,
1643 5683 1747 5740 soli

568 5794 845 5886 Panos.
890 5792 1106 5857 CLIII.

1784 2233 1823 2290 ις
1861 2246 1880 2278 ‹
1923 2228 2035 2285 Deo
2062 2231 2238 2285 honor
2259 2240 2312 2287 et
2336 2233 2505 2302 gloria
2534 2233 2588 2286 in
2630 2235 2828 2290 saecula
2851 2227 3202 2291 s'mculot‘um.
3234 2229 3429 2296 Amen.

1776 3560 1820 3621 C

1855 2339 1871 2371 ε
1918 2319 2031 2376 Hoc
2084 2333 2416 2392 praeceptum
2462 2326 2786 2380 commendo
2832 2327 2962 2394 tibi,
3004 2327 3083 2381 ﬁli
3126 2327 3430 2395 Timotheo,

1854 2431 1872 2463 ‹
1918 2415 2220 2469 secundum
2240 2415 2610 2485 pratoedentes
2633 2416 2688 2470 in
2715 2427 2767 2472 te
2789 2418 3122 2488 prophetias,
3148 2427 3209 2473 ut
3231 2419 3434 2477 milites

1854 2523 1872 2558 ι
1919 2505 1976 2560 in
2007 2505 2119 2561 illis
2149 2506 2353 2562 bonam
2395 2508 2671 2578 militiam,
2722 2509 2930 2565 habens
2955 2511 3118 2565 ﬁdem
3143 2521 3203 2566 et
3231 2513 3435 2572 bonam

1854 2612 1872 2645 ‹
1915 2595 2332 2665 conscientiam,
2386 2614 2552 2669 quam
2595 2599 2819 2670 quidam
2867 2601 3232 2670 repellentes,
3286 2603 3437 2660 circa

1854 2704 1872 2764 ς
1917 2685 2079 2742 ﬁdem
2119 2689 2622 2760 naufragaverunt;
2661 2691 2950 2761 exquibus
2976 2703 3062 2748 est
3108 2690 3435 2765 Hymenaeus

1853 2795 1874 2828 ι
1913 2786 1968 2833 et
1987 2777 2316 2847 Alexander,
2348 2795 2488 2850 quos
2513 2780 2711 2834 tradidi
2741 2779 2976 2848 Saturne,
3009 2790 3067 2837 ut
3087 2783 3302 2841 discant
3323 2800 3434 2842 non

1853 2885 1874 2922 ι
1918 2867 2317 2939 blasphemare.
2358 2883 2376 2921 ι

2481 2975 2787 3016 Ειροειτιοι

1919 3049 2142 3118 Paulus,
2178 3059 2285 3106 etc.
2327 3049 2648 3120 Scripturus
2679 3051 2971 3121 discipulo,
3019 3052 3254 3109 salutem
3292 3062 3433 3124 praes

1848 3140 2019 3219 mittit
2041 3142 2226 3198 dicens
2253 3161 2265 3196 ε
2293 3141 2504 3197 Paulus
2528 3159 2546 3208 ;
2574 3143 2721 3213 quod
2751 3144 2974 3214 quidem
2998 3159 3197 3201 nomen
3227 3156 3311 3203 est
3331 3148 3438 3204 hu-

1849 3231 2116 3287 militatis.
2165 3232 2369 3289 Paulus
2422 3234 2569 3288 enim
2619 3237 2775 3304 quasi
2807 3236 3044 3290 modicus
3077 3237 3296 3293 dicitur.
3335 3237 3438 3295 Hie

1849 3330 2032 3399 autem
2065 3321 2159 3376 ubi
2187 3321 2517 3378 auctoritate
2545 3338 2685 3393 opus
2721 3332 2828 3392 est,
2857 3327 3201 3383 auctoritatis
3234 3341 3436 3385 nomen

1849 3420 1932 3476 est
1956 3427 1970 3474 ;
1999 3409 2204 3466 Paulus
2231 3412 2380 3466 enim
2404 3426 2606 3468 nomen
2635 3414 2867 3470 multum
2893 3424 3086 3471 notum
3112 3427 3248 3473 erat.
3283 3417 3440 3475 Unde

1852 3507 1912 3553 ut
1934 3501 2108 3571 niagis
2133 3501 2405 3558 refelleret
2428 3504 2994 3574 pseudodoctoresait
3021 3524 3034 3559 :
3066 3507 3275 3564 Paulus
3303 3526 3436 3580 apo-

1851 3589 2039 3654 stolas,
2067 3589 2123 3644 id
2146 3599 2230 3645 est
2253 3591 2462 3662 legatus
2494 3594 2579 3648 vel
2607 3595 2821 3648 missus.
2850 3593 2992 3650 Cum
3033 3607 3219 3661 autem
3243 3613 3437 3656 omnes

1849 3682 2044 3747 sancti,
2078 3682 2242 3752 legati
2271 3668 2363 3737 Dei
2390 3684 2520 3751 sint,
2546 3686 2820 3755 prae‘cipue
2843 3688 3082 3756 apostoli
3123 3689 3205 3745 sic
3235 3705 3442 3745 vocam-

1849 3781 1958 3837 tur,
1986 3773 2089 3827 sub
2123 3773 2324 3842 quibus
2351 3790 2512 3830 omne
2545 3791 2716 3845 genus
2744 3787 3276 3851 sanctorum-,supra
3296 3795 3436 3851 quos

1847 3875 1977 3914 vero
2003 3863 2155 3916 solus
2177 3862 2455 3931 Christus,
2501 3865 2794 3921 invenitur.
2841 3867 3147 3937 Apostolus,
3185 3871 3432 3940 inquam,

1849 3949 2050 4005 Christi
2091 3952 2240 4020 Jesu,
2282 3955 2411 4024 quia
2461 3971 2491 4010 a
2535 3955 2755 4011 Christo
2796 3957 2974 4012 solum
3002 3959 3237 4028 apostoli
3277 3961 3436 4017 missi

1849 4051 1996 4096 sunt.
2026 4041 2109 4098 Ab
2137 4045 2398 4113 apostolis
2439 4053 2622 4100 autem
2664 4045 2847 4101 caeteri
2875 4048 3074 4115 sancti,
3100 4050 3161 4104 ut
3186 4064 3217 4104 a
3264 4048 3435 4105 Paulo

1849 4128 2190 4186 Timotheus.
2238 4131 2377 4198 Quia
2416 4135 2461 4189 si
2507 4133 2712 4190 Paulus
2767 4138 3049 4206 apostolus
3091 4136 3296 4196 Christi
3339 4141 3432 4207 sit,

1849 4230 2068 4278 constat
2115 4223 2259 4292 quod
2306 4224 2403 4294 qui
2452 4223 2622 4282 Paulo
2648 4228 2994 4297 contradicit,
3026 4231 3355 4289 contradicit
3379 4241 3438 4290 et

1847 4313 2088 4384 Christo,
2133 4317 2230 4387 qui
2278 4317 2510 4374 Paulum
2561 4321 2746 4390 misit;
2779 4325 2874 4393 qui
2914 4341 3047 4382 vero
3089 4326 3377 4384 Timotheo
3402 4345 3435 4383 a

1847 4404 2018 4461 Paulo
2048 4408 2242 4477 misso,
2273 4419 2327 4466 et
2351 4410 2408 4466 in
2440 4409 2672 4468 Paulum
2700 4423 2756 4470 et
2781 4414 2840 4470 in
2862 4415 3145 4473 Christum
3186 4419 3430 4475 oll‘endit.

1848 4495 2072 4568 Paulus,
2120 4503 2374 4573 inquam,
2418 4507 2701 4574 apostolus
2748 4505 2950 4564 Christi
2986 4507 3117 4566 Jesu
3148 4512 3435 4565 secundum

1849 4591 2150 4662 imperium.
2184 4593 2346 4650 Ponit
2371 4595 2426 4649 in
2448 4595 2571 4652 aliis
2595 4595 2855 4667 Epistolis
2881 4600 3171 4654 secundum
3192 4601 3435 4654 volunta-

1852 4695 1976 4752 tem,
2011 4688 2105 4742 sed
2137 4696 2198 4742 ut
2225 4688 2490 4758 majorem
2536 4689 2932 4746 districtionem
2963 4689 3222 4762 signaret,
3252 4692 3434 4761 posuit

1851 4775 1941 4830 hic
1978 4776 2278 4844 imperium.
2333 4775 2601 4832 Volumus
2648 4779 2794 4832 enim
2844 4780 3114 4849 qutedam,
3160 4793 3282 4850 quae
3321 4797 3431 4835 non

1777 4884 1825 4944 ι)
1851 4867 2228 4936 imperamus;
2266 4882 2390 4937 quae
2429 4877 2609 4922 autem
2649 4868 2768 4924 ﬁeri
2811 4870 3167 4940 imperamus,
3205 4880 3259 4926 et
3278 4872 3452 4960 νοω-η

1849 4972 1995 5023 mus,
2027 4967 2113 5034 et,
2135 4973 2202 5013 ne
2232 4974 2341 5012 non
2367 4957 2520 5024 ﬁant,
2548 4958 2840 5028 prohibere
2864 4961 3134 5015 videmur.
3165 4960 3320 5017 Unde
3358 4963 3437 5020 ait

1848 5049 2137 5110 secundum
2163 5051 2441 5118 imperium
2467 5049 2565 5102 Dei
2591 5049 2788 5104 Patris.
2803 5049 2964 5106 Deus
2982 5050 3128 5106 enim
3150 5050 3311 5108 Pater
3330 5053 3434 5106 ima

1850 5138 2059 5206 peravit
2106 5153 2194 5192 me
2241 5139 2549 5207 apostolum
2606 5139 2743 5194 ﬁeri.
2792 5139 2892 5194 Dei
2945 5141 3068 5196 dico
3137 5141 3433 5197 Saluatoris

1851 5229 2041 5294 nostri,
2064 5228 2119 5282 id
2147 5239 2231 5284 est
2252 5229 2349 5299 qui
2374 5229 2602 5300 imperio
2633 5245 2734 5286 suo
2755 5230 3069 5287 obedientes
3098 5233 3306 5300 salvat;
3326 5249 3434 5286 non

1851 5318 2166 5376 obedientes
2211 5335 2340 5376 vero
2383 5337 2414 5375 a
2461 5322 2644 5390 salute,
2681 5323 2901 5381 alienat.
2937 5321 3091 5378 Unde
3129 5324 3433 5379 timendum

1849 5417 1956 5476 est,
1999 5425 2110 5466 non
2159 5411 2480 5480 parentibus
2512 5413 2742 5483 imperio
2793 5412 3085 5481 Timothei,
3135 5415 3284 5482 quia,
3332 5423 3436 5466 nee

1851 5502 2010 5567 mihi,
2039 5501 2302 5569 πιθα-ΒΜ,
2341 5503 2437 5572 qui
2467 5503 2755 5574 imperavit
2800 5520 2888 5559 me
2930 5505 3252 5575 Apostolum
3282 5518 3448 5568 esse,

1850 5595 2132 5663 obediunt,
2159 5606 2215 5652 et
2239 5598 2319 5654 sic
2344 5613 2375 5653 a
2398 5599 2702 5654 salvatione
2727 5598 2822 5653 Dei
2848 5597 3010 5652 alieni
3043 5605 3189 5652 sunt.
3235 5595 3439 5651 Secun-

1849 5685 1976 5740 dum
2004 5686 2283 5757 imperium
2329 5688 2427 5743 Dei
2451 5687 2633 5746 Patris
2660 5689 2821 5754 dico;
2858 5697 2908 5741 et
2938 5688 3239 5742 secundum
3271 5687 3417 5757 impe

3044 5798 3120 5860 ιιι
