3988 6420
548 262 659 347 s27

1086 258 1147 312 Β.
1191 250 1538 331 BRUNONIS
1574 248 2151 308 CARTHUSIANORE

2256 247 2740 333 INSTITUTORIS
2776 251 2925 308 ore.
2968 251 3151 309 psus
3184 250 3245 309 η.

3702 249 3799 309 ΒΩ

553 339 700 434 rium
730 374 932 431 Christi
975 371 1122 443 regis
1151 367 1209 425 et
1236 366 1557 424 sacerdotis.
1605 362 1918 418 Secundum
1957 358 2136 417 homi-
2166 368 2216 428 Α
2243 376 2303 417 se
2354 361 2555 417 habere
2590 364 2845 433 jactaret,
2877 372 2933 418 et
2958 364 3039 418 sic
3066 362 3307 418 ministri
3335 360 3610 430 Ecclesiae,
3650 363 3809 418 etiam

552 484 680 526 nem
706 467 832 523 dico
862 463 958 537 qui
1002 470 1058 519 et
1092 459 1395 516 immolavit
1423 455 1665 526 seipsum
1705 453 1760 508 in
1805 468 1901 508 ara
1931 452 2132 521 crucis,

550 569 615 616 ut
644 546 748 613 nos
772 553 1063 611 mundaret
1083 567 1115 607 a
1152 547 1385 615 delictis,
1418 560 1584 618 seque
1609 543 2002 599 immolandum
2031 557 2134 598 no—

552 650 641 707 bis
671 626 918 720 quotidie
946 646 1005 700 in
1042 642 1200 699 altari
1244 639 1411 695 dedit.
1472 635 1636 707 Regis
1681 635 1869 702 etiam,
1913 634 2043 717 quia
2082 643 2137 690 et

554 740 700 797 bona
721 739 835 803 dat,
861 742 917 791 et
938 735 995 789 in
1017 732 1177 789 bonis
1201 729 1360 799 regit.
1403 725 1607 781 Christi
1633 724 1758 779 dico
1794 722 1944 791 Jesu,
1976 724 2029 778 id
2055 731 2139 779 est

557 829 876 895 Saluatoris,
902 825 999 897 qui
1025 832 1080 879 et
1108 823 1163 876 in
1201 816 1455 890 praesenti
1499 816 1674 872 salvat
1701 829 1733 870 a
1766 815 1956 882 malis,
1984 824 2039 870 et
2081 814 2135 868 in

557 918 745 974 futuro
786 916 1019 973 salutem
1057 920 1319 968 aeternam
1351 908 1583 963 daturus
1627 914 1714 962 est
1751 906 1887 961 suis.
1935 903 2140 960 Christi

556 1007 688 1064 Jesu
718 1007 861 1073 dico,
891 1001 1132 1059 auctoris
1155 1000 1266 1070 spei
1300 1006 1515 1064 nostraz,
1554 995 1610 1051 id
1631 1003 1716 1052 est
1756 994 2141 1068 recuperandae

559 1093 1011 1169 impassibilitatis
1048 1100 1102 1146 et
1132 1087 1583 1153 immortalitatis,
1610 1100 1748 1161 quas
1769 1099 1864 1155 per
1889 1099 2016 1139 eum
2039 1098 2141 1139 nos

559 1194 974 1258 recuperaturos
1004 1196 1312 1253 speramus,
1349 1179 1446 1249 qui
1469 1192 1691 1233 carnem
1728 1184 1973 1231 nostram
1998 1173 2054 1229 in
2083 1189 2142 1229 se

559 1279 725 1334 verbo
751 1276 848 1332 Dei
888 1274 1099 1329 unitam
1128 1270 1325 1327 extulit
1363 1283 1530 1339 supra
1559 1281 1778 1323 omnem
1813 1274 2139 1335 creaturam,

558 1369 694 1423 nihil
725 1382 891 1437 supra
918 1380 1043 1421 eam
1085 1363 1403 1432 relinquens
1434 1368 1628 1430 praeter
1659 1355 1999 1415 divinitatem
2036 1357 2142 1412 sibi

556 1460 943 1514 cohaerentem.
1003 1454 1142 1525 Spes
1184 1452 1330 1507 enim
1362 1450 1583 1515 dicitur,
1632 1462 1742 1502 non
1786 1447 1854 1503 de
1895 1447 1981 1502 his
2021 1461 2144 1516 qum

557 1536 846 1614 habemus,
860 1543 1373 1617 utjustiﬁcationem
1387 1541 1489 1611 31
1502 1541 1546 1610 ι
1572 1556 1602 1594 a
1613 1536 1850 1610 peccatis
1863 1538 1918 1591 in
1933 1537 2142 1607 baptis—

558 1654 676 1710 mo,
695 1639 792 1695 sed
808 1639 876 1693 de
891 1637 978 1692 his
999 1650 1122 1705 quae
1134 1649 1233 1688 nos
1246 1631 1527 1686 habituros
1539 1629 1833 1694 credimus,
1850 1628 2144 1682 utimmor-

559 1692 830 1784 taliiatem
860 1692 932 1779 et
976 1692 1468 1793 impassibilitatem
1514 1733 1611 1787 per
1651 1692 1954 1771 Christum.
2005 1715 2143 1786 Spes
2174 1692 2218 1749 Β

561 1815 711 1869 enim
757 1822 842 1869 est
891 1808 1223 1881 exspectatio
1273 1807 1471 1862 futurae
1520 1806 1677 1860 bonae
1727 1804 1805 1859 rei
1845 1819 1973 1860 cum
2007 1803 2145 1859 desi-

558 1908 734 1964 deria.

640 1998 864 2062 Paulus,
890 1995 1135 2064 inquam,
1148 1991 1429 2062 apostolus
1441 1989 1520 2044 sic
1539 1997 1593 2044 et
1615 1988 1694 2043 sic
1713 1995 1883 2057 optat,
1902 1985 2141 2051 mandat,

556 2088 650 2143 ‘vel
687 2086 890 2157 aliquid
917 2085 1023 2140 tale
1042 2082 1310 2136 Timotheo
1326 2079 1440 2151 ﬁlio
1467 2080 1605 2135 bene
1624 2078 1862 2133 imitanti
1881 2092 1958 2143 se,
1982 2092 2144 2148 quem

566 2178 757 2247 genuit
782 2177 836 2229 in
873 2176 997 2245 ﬁde,
1025 2173 1175 2244 quia,
1206 2187 1331 2227 cum
1350 2170 1583 2227 inﬁdelis
1608 2177 1772 2234 esset,
1787 2168 1999 2223 fidelem
2020 2182 2145 2222 eum

568 2268 701 2325 fecit
733 2256 880 2321 Filio
907 2265 1032 2321 dico
1062 2264 1258 2317 dilecto
1286 2261 1555 2332 peculiari
1594 2268 1649 2314 et
1694 2259 1916 2328 speciali
1960 2257 2145 2324 modo,

569 2358 732 2428 quia,
797 2371 921 2411 cum
990 2353 1172 2408 omnis
1226 2352 1420 2422 utique
1461 2350 1635 2406 ﬁdelis
1692 2349 2001 2419 diligendus
2053 2349 2144 2415 sit,

571 2448 795 2519 quidam
827 2455 1010 2501 tamen
1037 2444 1093 2498 in
1119 2442 1201 2498 eis
1236 2452 1365 2497 sunt
1384 2441 1480 2513 qui
1509 2440 1794 2511 privilegio
1833 2440 2039 2494 amoris
2066 2439 2150 2494 di-

567 2536 773 2608 ligendi
833 2543 982 2592 sunt.
1024 2532 1247 2596 Paulus,
1313 2531 1559 2601 inquam,
1599 2530 1822 2586 mandat
1864 2528 2150 2585 Timotheo

565 2629 694 2694 hoc,
751 2626 877 2693 sibi,
919 2624 1004 2679 vel
1038 2623 1167 2690 tibi,
1198 2622 1505 2690 Timothee,
1535 2622 1734 2693 gratia,
1761 2619 2147 2686 misericordia,

572 2727 625 2773 et
673 2734 803 2788 pax.
854 2714 915 2770 ln
944 2716 1070 2769 aliis
1097 2728 1302 2784 ponere
1336 2712 1479 2768 solet
1506 2712 1684 2782 gratia
1714 2720 1926 2766 tantum
1950 2718 2000 2766 et
2022 2727 2149 2780 pax,

574 2807 893 2879 signiﬁcans
945 2805 1019 2859 ibi
1062 2819 1157 2873 per
1182 2802 1438 2874 gratiam,
1472 2801 1620 2871 quod
1660 2800 1750 2856 hic
1785 2816 1884 2872 per
1931 2799 2151 2855 miseri-

571 2896 842 2963 cordiam,
913 2893 1294 2951 remissionem
1349 2891 1556 2949 scilicet
1593 2902 1971 2963 peccatorum;
2031 2904 2154 2962 quae

566 2988 745 3060 gratia
801 2986 1024 3051 dicitur,
1069 2985 1199 3056 quia
1232 2984 1404 3056 gratis
1437 2983 1557 3042 sine
1601 2983 1778 3053 pretio
1825 2983 1910 3038 vel
1958 2982 2153 3038 merito

568 3086 763 3136 nostro
788 3076 1158 3133 dimittuntur.
1198 3073 1594 3143 Misericordia,
1624 3072 1880 3130 remissio
1928 3072 2149 3142 dicitur,

568 3172 699 3240 quia
745 3185 844 3241 per
890 3166 1327 3224 misericordiam
1365 3163 1463 3223 Dei
1513 3174 1737 3236 peccata
1778 3165 2147 3225 dimittuntur.

570 3259 946 3321 Misericordia
971 3259 1177 3329 itaque,
1209 3257 1263 3311 id
1298 3265 1385 3312 est
1412 3257 1667 3317 remissio
1696 3266 2067 3328 peccatorum,
2097 3264 2153 3311 et

569 3366 700 3422 pax,
752 3351 806 3405 id
841 3357 926 3405 est
968 3348 1336 3418 tranquillitas
1374 3346 1545 3402 animi
1593 3362 1759 3417 quam
1808 3347 1901 3403 hic
1951 3346 2154 3402 habent

571 3440 749 3496 sancti
779 3439 1127 3509 praelibantes
1148 3453 1247 3508 per
1271 3437 1378 3493 hoc
1412 3437 1756 3495 dulcedinem
1802 3445 2019 3494 aeterna:
2047 3451 2152 3508 pa~

573 3529 675 3587 cis.
707 3528 854 3597 Haec,
879 3527 1127 3598 inquam,
1180 3525 1561 3582 misericordia
1599 3534 1655 3583 et
1678 3538 1794 3597 pax
1828 3521 1947 3583 sint'
1971 3540 2155 3597 perse-

573 3620 821 3678 verantia
851 3619 970 3676 tibi.
1017 3617 1137 3673 Non
1161 3616 1285 3673 ideo
1314 3618 1418 3673 hoc
1454 3625 1625 3687 optat,
1675 3632 1802 3673 cum
1840 3617 1979 3676 bene
2018 3618 2157 3674 sciat

573 3710 960 3768 remissionem
1004 3715 1355 3779 peccatorum
1413 3705 1616 3762 factam
1662 3720 1787 3762 esse
1840 3704 2152 3774 Timotheo,

576 3801 794 3872 sibique
830 3806 1043 3871 partem
1091 3805 1407 3853 sanctorum
1433 3811 1576 3865 esse,
1625 3796 1719 3853 sed
1749 3803 1811 3851 ut
1842 3796 1898 3851 in
1924 3796 2011 3852 his
2035 3811 2158 3867 per-

578 3899 821 3948 maneat.
846 3888 974 3946 ιιωο
999 3888 1131 3955 duo,
1167 3888 1537 3943 misericordia
1567 3896 1623 3944 et
1655 3901 1784 3959 pax,
1825 3887 1977 3943 omni
2012 3886 2157 3942 ﬁdeli

572 3979 814 4053 optanda
838 3988 988 4046 sunt,
1009 3988 1066 4036 et
1089 3979 1377 4049 provenire
1395 3989 1656 4049 possunt;
1703 3977 1811 4035 hoc
1837 3986 2021 4034 autem
2048 3985 2158 4032 ter—

576 4072 740 4136 tium,
769 4069 827 4125 id
869 4078 956 4125 est
989 4068 1189 4139 gratia,
1224 4068 1464 4136 praelatis
1486 4075 1698 4124 tantum
1734 4068 2034 4139 optandum
2075 4077 2162 4124 est

577 4170 635 4218 et
663 4159 952 4231 provenire
989 4165 1187 4227 potest.
1227 4157 1442 4228 Accipit
1471 4158 1620 4213 enim
1652 4172 1751 4227 per
1779 4157 2012 4228 gratiam
2054 4157 2156 4213 do-

584 4249 866 4305 nationem
913 4242 1152 4317 Spiritus
1201 4245 1398 4311 sancti,
1428 4245 1524 4315 qui
1554 4245 1778 4314 utique,
1824 4259 1937 4300 non
1967 4261 1997 4300 a
2021 4260 2160 4315 prae-

580 4335 732 4403 latis,
779 4334 877 4390 sed
919 4349 1018 4406 per
1047 4331 1415 4388 ministerium
1456 4346 1668 4397 eorum,
1696 4332 1816 4388 sine
1858 4332 2158 4388 differentia

583 4425 929 4492 meritorum,
956 4423 1072 4479 sive
1094 4423 1254 4493 justi,
1279 4422 1395 4478 sive
1428 4420 1620 4493 injusti
1645 4422 1757 4478 sint
1785 4423 1991 4492 praelati
2046 4424 2160 4492 (so-

582 4513 868 4571 lummodo
908 4528 1048 4587 pura
1091 4514 1165 4569 sit
1199 4512 1546 4570 consecratio
1599 4513 1836 4583 eorum),
1875 4513 2036 4569 datur
2073 4513 2161 4571 his

579 4621 726 4679 quos
748 4604 1117 4671 sanctiﬁcant,
1150 4605 1199 4660 si
1238 4602 1420 4661 idonei
1453 4603 1567 4659 sint
1590 4602 1648 4658 in
1685 4604 1886 4674 quibus
1914 4605 2162 4661 habitare

579 4698 777 4755 debeat
817 4694 1089 4767 Spiritus;
1139 4712 1159 4747 ι
1186 4708 1299 4750 non
1325 4693 1476 4751 enim
1517 4693 1785 4750 habitabit
1829 4696 1885 4750 in
1931 4709 2162 4766 corpore

583 4787 805 4845 subdito
836 4786 1077 4862 peccatis
1109 4783 1262 4858 (Sap.
1297 4800 1338 4852 ι,
1366 4785 1444 4857 4).
1476 4803 1499 4840 ι
1537 4784 1678 4851 Quia
1707 4785 1755 4842 si
1775 4785 2041 4856 quaeritur
2062 4800 2162 4841 cur

582 4878 809 4946 subditi,
859 4886 1083 4948 propter
1109 4883 1355 4947 peccata,
1407 4875 1671 4947 Spiritum
1716 4884 1966 4933 sanctum
2016 4877 2162 4932 acci-

588 4982 715 5037 pere
746 4982 861 5023 non
888 4976 1221 5035 mereantur,
1251 4981 1377 5022 cum
1409 4981 1508 5039 per
1529 4965 1894 5023 ministerium
1914 4967 2166 5038 praelato-

593 5071 714 5111 rum
740 5057 836 5127 qui
879 5066 1195 5127 peccatores
1224 5064 1356 5113 sunt
1401 5056 1773 5127 (solummodo
1793 5056 1944 5127 iusta
1972 5056 2044 5112 sit
2073 5070 2166 5112 sa-

590 5145 764 5200 cratio
786 5149 1001 5219 eorum)
1029 5147 1222 5203 detur?
1239 5145 1325 5202 Ad
1350 5146 1457 5204 hoc
1470 5146 1909 5218 respondendum
1932 5153 2018 5204 est
2035 5145 2164 5218 quia

592 5250 625 5289 a
656 5232 789 5300 Deo,
818 5244 874 5291 et
899 5251 1010 5295 non
1045 5252 1077 5291 a
1107 5237 1352 5306 praelato,
1378 5237 1473 5309 qui
1493 5238 1640 5310 quod
1672 5253 1785 5293 non
1815 5237 2008 5293 habuit
2033 5236 2168 5293 dare

597 5338 711 5380 non
733 5324 941 5396 potuit;
970 5324 1133 5381 datur
1176 5337 1362 5382 tamen
1386 5343 1483 5398 per
1526 5327 1894 5384 ministerium
1932 5327 2163 5398 praelati.

594 5413 709 5472 Nec
737 5414 857 5472 sine
874 5430 1041 5472 causa
1067 5415 1212 5474 Deus
1236 5431 1338 5487 per
1358 5417 1728 5474 ministerium
1753 5418 1858 5474 hoc
1898 5418 2030 5473 dare
2069 5431 2167 5471 vo-

540 5554 545 5559 .
592 5507 714 5579 luit,
742 5521 901 5575 cum,
938 5506 988 5563 si
1018 5506 1140 5563 sine
1183 5504 1451 5562 ministris
1480 5505 1715 5577 Spiritus
1748 5516 1971 5564 sanctus
2005 5507 2167 5563 dare-

594 5609 704 5668 tur,
742 5599 1148 5671 unusquisque,
1194 5599 1575 5669 praesumendo
1620 5597 1881 5669 Spiritum
1915 5607 2166 5655 sanetum

2238 451 2334 522 qui
2351 451 2487 522 justi
2516 461 2719 520 essent,
2748 453 2803 507 in
2835 460 3209 522 contemptum
3241 452 3511 512 venirent.
3541 450 3718 523 Cujus
3741 451 3810 513 rei

2236 539 2492 595 Christus
2553 537 2791 596 formam
2849 540 3202 612 relinquens,
3281 539 3548 600 suscitato
3585 539 3809 606 Lazaro,

2238 628 2376 683 dixit
2389 628 2674 700 discipulis
2699 647 2712 683 :
2744 648 2761 680 ι
2783 628 2988 685 Solvite
3011 644 3139 685 eum
3149 628 3376 684 etsinite
3387 628 3540 684 abire
3555 627 3739 699 (loca.
3756 645 3810 695 n,

2238 727 2357 797 24),
2394 746 2412 779 ι
2441 727 2736 784 ostendens
2765 728 3041 784 neminem
3079 743 3241 798 posse
3264 728 3403 784 solvi
3436 728 3544 786 nisi
3575 743 3678 797 per
3723 728 3811 783 mi-

2241 816 2467 886 nistros,
2501 817 2703 888 quibus
2738 819 2854 874 haec
2882 819 3187 875 ministeria
3214 818 3422 875 credita
3447 828 3597 879 sunt.
3636 819 3812 875 Gratia

2240 907 2430 977 utique
2460 907 2845 976 misericordia,
2878 915 2934 964 et
2968 923 3095 977 pax,
3118 908 3193 963 sit
3234 907 3390 962 tibia
3413 906 3525 961 Deo
3553 907 3677 977 qui,
3700 923 3810 964 cum

2242 996 2385 1054 Deus
2418 997 2509 1065 sit,
2541 998 2656 1054 haec
2685 1006 2739 1053 et
2763 999 2948 1054 omnia
2975 1006 3175 1069 potest.
3208 997 3322 1053 Deo
3343 999 3473 1053 dico
3498 996 3692 1064 Patre,
3709 1001 3812 1068 qui,

2242 1102 2309 1142 ex
2333 1102 2399 1142 eo
2424 1088 2573 1158 quod
2599 1087 2763 1144 Pater
2788 1097 2894 1155 est,
2928 1088 3263 1159 voluntatem
3296 1097 3352 1143 et
3385 1088 3537 1158 piam
3582 1089 3813 1143 affectio-

2243 1193 2368 1233 nem
2398 1176 2547 1233 circa
2569 1186 2622 1233 te
2642 1188 2697 1234 et
2718 1193 2939 1234 omnem
2966 1178 3141 1233 ﬁlium
3178 1178 3363 1234 habet.
3411 1176 3494 1232 Sit
3529 1178 3699 1231 etiam
3730 1177 3812 1231 tibi

2244 1267 2349 1323 hoc
2379 1268 2521 1324 idem
2549 1285 2583 1322 a
2609 1267 2822 1324 Christo
2846 1268 2996 1335 Iesu,
3026 1269 3266 1339 quicum
3288 1269 3362 1325 sit
3381 1284 3500 1334 rex,
3532 1276 3591 1324 et
3619 1268 3817 1322 salvare

2243 1358 2471 1426 venerit,
2505 1360 2840 1414 voluntatem
2869 1359 3122 1415 similiter
3163 1359 3345 1415 habet.
3381 1359 3426 1411 Α
3462 1358 3683 1425 Christo
3710 1360 3815 1411 dico

2249 1449 2474 1504 Domino
2501 1460 2701 1517 nostro,
2745 1466 2931 1522 quem,
2980 1451 3112 1522 quia
3156 1449 3423 1506 Dominus
3478 1458 3587 1514 est.
3636 1452 3737 1504 hoc
3772 1458 3816 1502 ct

2245 1541 2428 1595 omnia
2453 1556 2614 1611 posse
2636 1551 2877 1613 apparet.

2315 1628 2490 1684 Finita
2505 1630 2830 1687 salutatione
2841 1629 3337 1702 incipitEpistolam
3352 1630 3547 1687 dicens
3560 1649 3575 1685 :
3589 1629 3818 1700 Ofl'imo.

2247 1720 2391 1787 thee,
2420 1720 2494 1775 ita
2523 1718 2609 1776 fac
2638 1720 2899 1785 subaudi,
2929 1721 3070 1775 sicut
3105 1722 3285 1792 rogavi
3306 1729 3376 1788 te,
3417 1721 3517 1776 ubi
3556 1721 3638 1777 ait
3674 1722 3813 1793 sicut,

2248 1819 2400 1867 notat
2429 1810 2806 1881 quantitatem.
2837 1809 3007 1878 Quasi
3031 1811 3236 1866 diceret
3261 1828 3276 1866 :
3300 1809 3414 1880 Ego
3442 1809 3641 1866 multis
3660 1810 3817 1865 modis

2249 1900 2520 1972 frequenti
2544 1901 2868 1973 repetitione
2891 1900 3081 1957 monui
3119 1909 3193 1968 te,
3228 1908 3286 1957 ut
3319 1900 3576 1956 docendo
3609 1885 3809 1956 insiste-

2247 2008 2357 2061 res,
2391 2002 2446 2049 et
2472 1995 2608 2048 sicut
2642 1993 2831 2048 monui
2860 2002 2913 2047 te
2946 1992 3204 2048 omnibus
3244 1991 3444 2059 modis,
3480 1991 3642 2046 omni
3696 1991 3815 2046 assi-

2249 2082 2458 2137 duitate
2513 2080 2622 2137 fac.
2676 2080 2781 2136 Ubi
2835 2083 2955 2136 ait:
2989 2081 3212 2153 Rogavi,
3258 2098 3385 2138 cum
3414 2083 3531 2155 'gui
3577 2083 3814 2153 prximus

2247 2180 2386 2239 erat,
2413 2172 2596 2228 dicere
2616 2180 2800 2242 posset
2820 2183 2883 2227 ut
2910 2172 3182 2243 discipulo
3215 2173 3473 2244 praecepi,
3513 2174 3658 2229 satis
3677 2188 3813 2228 com-

2249 2260 2472 2315 mendat
2506 2259 2876 2328 Timotheum,
2910 2261 3202 2317 insinuans
3233 2276 3359 2318 eum
3397 2262 3571 2318 talem
3603 2262 3807 2333 quinon

2249 2366 2316 2406 ex
2343 2351 2575 2422 imperio
2596 2351 2933 2408 coercendus
2957 2359 3124 2419 esset,
3147 2352 3244 2408 sed
3272 2368 3339 2408 ex
3360 2352 3610 2422 quadam
3643 2353 3815 2423 parita-

2252 2441 2320 2497 tis
2348 2441 2611 2512 dignitate
2635 2442 3028 2498 cohortandus.
3066 2442 3243 2509 Sicut,
3281 2443 3534 2513 inquam,
3567 2442 3744 2515 rogavi
3776 2452 3817 2495 te

2251 2539 2309 2584 ut
2336 2546 2629 2585 remaneres
2655 2529 2850 2601 Ephesi
2884 2532 2954 2586 ad
2984 2531 3359 2587 ordinandum
3386 2531 3461 2587 ibi
3496 2532 3813 2588 ecclesiasti-

2250 2638 2374 2678 cum
2398 2623 2667 2689 ordinem,
2699 2638 2820 2678 cum
2847 2638 2969 2694 ego,
3009 2623 3290 2680 conversis
3323 2621 3676 2693 Ephesianis,
3707 2622 3815 2677 ire:

2251 2715 2308 2768 in
2330 2713 2723 2781 Macedoniam,
2761 2722 2823 2769 ut
2869 2713 3196 2770 Macedonas
3233 2712 3399 2769 verbo
3431 2713 3815 2784 praedicationis

2252 2812 2649 2873 converterem,
2676 2804 2730 2859 in
2771 2818 2883 2874 quo
2914 2812 2969 2859 et
2987 2810 3046 2858 tu
3085 2802 3222 2858 mihi
3261 2802 3620 2859 necessarius
3662 2817 3811 2863 esses,

2254 2899 2416 2961 teque
2434 2906 2651 2947 mecum
2681 2892 2886 2947 iturum
2923 2907 2992 2947 ex
3014 2891 3297 2947 voluntate
3329 2889 3620 2957 obtulisti;
3647 2888 3810 2943 videns

2252 2991 2438 3039 tamen
2459 2982 2609 3054 quod
2633 2982 2810 3053 major
2838 2982 3141 3039 necessitas
3165 2980 3529 3046 incumberet,
3554 2977 3734 3034 dimisi
3751 2984 3812 3045 te,

2256 3083 2315 3130 ut
2336 3073 2674 3146 Ephesianos
2721 3074 3042 3131 instrueres.
3089 3070 3190 3128 Hic
3242 3071 3488 3142 primum
3532 3069 3719 3141 incipit
3753 3072 3809 3126 de

2258 3164 2784 3237 pseudodoctoribus
2823 3163 3168 3235 repellendis,
3217 3163 3448 3218 dicens:
3485 3158 3813 3220 Remum

2261 3256 2511 3326 inquam,
2540 3255 2663 3311 ideo
2702 3262 2760 3308 ut
2800 3254 3163 3309 denuntiares.
3186 3250 3469 3307 .Nuntiare
3501 3251 3790 3306 dicimusin

2251 3353 2336 3402 ter
2368 3358 2563 3417 pares;
2609 3343 2935 3400 denuntiare
2962 3352 3167 3411 autem,
3194 3349 3253 3398 ut
3281 3356 3313 3397 a
3335 3341 3567 3412 praelato
3588 3338 3808 3396 subditis.

2253 3434 2618 3491 Denuntiares
2694 3434 2885 3504 utique
2917 3434 3254 3504 quibusdam,
3293 3433 3349 3488 id
3392 3441 3481 3489 est
3523 3429 3812 3488 doctoribus

2231 3526 2362 3605 illis
2395 3527 2491 3599 qui
2513 3525 2849 3597 singularem
2878 3525 3184 3580 doctrinam
3218 3523 3488 3579 inducunt
3523 3537 3559 3577 a
3597 3535 3812 3579 commu-

2254 3617 2420 3674 nione
2449 3615 2709 3672 Ecclesiae
2750 3614 3111 3671 declinantes.
3152 3612 3290 3684 Hoc,
3340 3614 3597 3683 inquam,
3630 3612 3813 3667 den»

2255 3706 2424 3766 tiares
2444 3705 2610 3779 312
2639 3720 2701 3760 ne
2724 3704 2970 3759 docerent
2989 3702 3169 3769 aliter,
3196 3701 3251 3758 id
3276 3710 3361 3758 est
3377 3702 3678 3773 quidquam
3700 3698 3810 3755 alie-

2257 3812 2390 3853 num
2415 3810 2449 3852 a
2466 3795 2717 3852 doctrina
2747 3810 2870 3851 mea
2894 3810 3004 3866 qua
3022 3793 3292 3865 Ephesios
3306 3793 3493 3860 docui,
3506 3802 3565 3849 et
3588 3803 3644 3849 tu
3660 3791 3811 3848 adhuc

2256 3879 2592 3954 doces.'Quia
2614 3886 2661 3941 si
2683 3885 2935 3941 doctores
2952 3893 3004 3940 te
3019 3884 3375 3941 denuntiante
3387 3883 3498 3939 illis
3519 3883 3719 3940 nollent
3734 3880 3811 3936 de-

2258 3977 2472 4044 sistere,
2496 3973 2852 4031 denuntiares
2893 3973 3125 4030 subditis
3166 3989 3229 4029 ne
3269 3974 3603 4028 intenderent
3632 3970 3808 4029 doctri-

2260 4066 2347 4122 nis
2374 4080 2588 4132 eorum,
2621 4065 2708 4119 vel
2729 4063 2985 4119 audirent
3013 4077 3130 4120 eos.
3156 4062 3330 4136 Cujus
3354 4064 3432 4119 rei
3450 4062 3633 4120 forma
3658 4063 3813 4137 adhuc

2259 4161 2511 4210 servatur
2537 4153 2595 4207 in
2617 4151 2881 4208 Ecclesia.
2914 4151 3076 4208 Prius
3101 4153 3247 4208 enim
3262 4167 3557 4222 perversus
3586 4151 3810 4224 praelatus

2261 4245 2330 4299 ab
2362 4242 2602 4299 Ecclesia
2632 4242 2971 4312 prohibetur.
3000 4241 3139 4309 Quia
3170 4243 3216 4298 si
3241 4242 3564 4299 inobediens
3586 4253 3689 4298 non
3708 4254 3807 4296 ces-

2262 4341 2368 4401 sat,
2392 4333 2625 4389 subditis
2644 4333 2842 4388 dehinc
2867 4334 3211 4389 interdicitur
3232 4332 3456 4390 obedire
3480 4334 3582 4389 illi.
3610 4332 3719 4388 Non
3738 4332 3807 4385 in-

2264 4424 2571 4491 tenderent,
2630 4424 2754 4480 dico
2801 4424 3000 4495 fabuiis
3044 4425 3689 4496 pseudoprtedicatorum,
3732 4421 3805 4492 qui

2263 4516 2452 4572 dicunt
2474 4514 2956 4571 circumcisionem
2988 4523 3044 4571 et
3092 4524 3274 4572 vetera
3301 4515 3575 4573 sacriﬁcia
3608 4513 3806 4572 tenam

2264 4620 2390 4662 esse
2422 4605 2479 4660 in
2525 4618 2668 4660 nova
2697 4604 2836 4677 lege.
2871 4604 3078 4661 Fabula
3121 4606 3324 4661 dicitur
3368 4606 3508 4663 illud
3547 4606 3639 4662 ubi
3672 4602 3805 4660 verba

2264 4702 2480 4754 tantum
2521 4702 2672 4761 sunt,
2722 4709 2812 4751 res
2852 4703 3035 4752 autem
3076 4711 3188 4752 non
3215 4704 3329 4764 est;
3361 4697 3446 4752 sic
3482 4696 3542 4752 in
3591 4692 3806 4751 doctrina

2265 4803 2480 4845 eorum.
2529 4786 2704 4844 Verba
2754 4786 2978 4858 quidem
3022 4795 3182 4842 erant
3225 4786 3372 4843 nuda
3402 4802 3439 4842 a
3477 4787 3562 4843 rei
3588 4785 3803 4845 veritate,

2266 4879 2397 4952 quia
2425 4879 2774 4935 circumcisio
2818 4886 2875 4935 et
2896 4878 2987 4933 illa
3014 4892 3137 4948 qua:
3159 4877 3454 4945 docebant,
3484 4878 3689 4933 salvare
3714 4885 3803 4928 non

2267 4977 2536 5042 poterant.
2554 4968 2920 5036 lntenderent,
2941 4969 3190 5041 inquam,
3208 4966 3411 5025 fabulis
3431 4975 3482 5022 et
3502 4962 3799 5040 genealogiit.

2269 5060 2325 5117 id
2344 5068 2430 5117 est
2450 5060 2800 5117 sermonibus
2828 5059 2897 5116 de
2925 5059 3277 5131 generatione
3296 5073 3401 5115 sua
3426 5057 3605 5114 factis.
3638 5054 3802 5109 Dicunt

2268 5153 2414 5209 enim
2440 5150 2587 5223 quod
2615 5151 2740 5221 sibi,
2777 5152 2925 5207 natis
2957 5151 3026 5207 de
3071 5166 3236 5207 carne
3258 5150 3535 5207 Abraham
3561 5156 3614 5203 et
3645 5140 3820 5208 Doridi.

2270 5240 2420 5295 salus
2454 5240 2634 5294 solum
2670 5240 3005 5308 repromissa
3043 5241 3135 5306 sit,
3178 5248 3233 5294 et
3262 5254 3374 5294 non
3401 5238 3546 5294 aliis.
3578 5230 3799 5291 Genetio-

2270 5327 2395 5398 giis,
2420 5327 2565 5393 dico,
2604 5328 2986 5394 interminatis,
3017 5328 3072 5383 id
3106 5336 3191 5383 est
3213 5328 3503 5397 prohibitis
3532 5341 3597 5381 ne
3631 5317 3799 5389 aliquis

2271 5416 2508 5473 conﬁdat
2533 5418 2588 5473 in
2615 5417 2745 5473 illis.
2772 5416 2869 5472 Vel
2903 5417 3290 5484 interminatis,
3318 5418 3373 5471 id
3396 5426 3481 5472 est
3506 5416 3696 5471 nullum
3714 5416 3798 5462 ter-
3867 5420 3881 5434 ⁸

2272 5509 2505 5577 minum,
2530 5509 2850 5580 nullumque
2881 5508 3043 5564 linem
3078 5506 3404 5564 habentibus
3426 5508 3515 5563 ubi
3535 5503 3796 5562 subsistant

2274 5598 2497 5668 probata
2525 5600 2667 5656 sicut
2686 5599 2891 5656 dicunt.
2927 5597 2984 5655 Si
3012 5598 3137 5670 quis
3156 5598 3302 5653 enim
3335 5597 3649 5658 considerat,
3679 5586 3792 5643 vide.
