3988 6398
181 285 369 346 ιεε.

828 285 1195 344 EXPOSITIO
1229 286 1298 342 ΙΝ
1337 286 1721 345 EPISTOLAS
1755 288 1984 345 PAULI.
2023 321 2094 330 -—
2132 288 2200 345 ΙΝ
2236 288 2457 345 EPlST.
2498 290 2517 344 Ι
2558 290 2649 345 AD
2689 290 2829 347 TlM.

3352 297 3454 357 ιδο

180 400 274 454 bit
304 398 511 454 multos
542 397 685 454 ﬁlios
725 396 960 453 Abrahae
985 397 1291 454 secundum
1326 414 1547 454 carnem
1580 415 1770 470 repro~
1800 406 1848 465 Α
1873 399 2034 475 313
2055 410 2108 457 et
2145 418 2241 471 per
2262 403 2366 457 hoc
2389 413 2654 459 errantes.
2690 403 2974 474 Separatio
3003 399 3147 463 enim
3169 423 3199 463 a
3228 411 3457 471 veritate

179 490 376 556 liatos,
423 497 484 544 ut
526 477 725 555 Esau;
778 486 1019 543 ixveniet
1066 488 1231 544 etiam
1281 488 1503 556 multos,
1551 504 1661 544 non
1707 490 1775 545 de

179 594 360 634 carne
387 577 662 632 Abraham
683 578 914 650 genitos,
944 592 1085 648 quos
1111 584 1294 633 tamen
1326 576 1472 633 Deus
1506 578 1685 649 elegit,
1715 588 1776 634 ut

178 666 315 724 Job.

262 756 400 823 Quae
432 756 767 829 genealogiaa
799 763 1057 827 prastost!
1092 756 1430 828 quaestiones,
1460 755 1516 811 id
1543 763 1627 811 est
1658 755 1772 811 liti-

180 849 299 920 gia,
331 858 388 904 et
431 847 610 903 nullas
651 847 972 904 solutiones.
1015 838 1153 913 Hoc,
1204 845 1465 916 inquam,
1516 852 1775 914 praestant

180 939 364 1009 magis
387 955 547 1010 quam
583 930 1012 1007 wdiﬁcationem,
1038 951 1203 1007 quam
1247 935 1400 991 nullo
1438 927 1601 989 modo
1632 949 1773 1003 pra:-

178 1036 361 1083 stant.
392 1022 492 1083 llic
511 1028 658 1083 enim
684 1027 858 1099 magis
884 1027 1171 1082 electivum
1200 1034 1286 1085 est
1319 1025 1386 1081 de
1414 1040 1524 1080 non
1544 1025 1772 1094 partici-

179 1118 452 1188 pantibus
477 1134 665 1188 agens.
696 1112 1137 1173 IEdiﬁcationem
1164 1114 1355 1186 utique
1376 1115 1639 1169 virtutum
1662 1129 1772 1169 non

180 1214 488 1280 prms'taut;
520 1220 644 1280 qum
684 1208 974 1264 aediﬁcatio
1000 1216 1084 1262 est
1118 1219 1230 1261 non
1272 1222 1370 1277 per
1399 1205 1775 1260 circumcisio-

180 1318 339 1367 nem,
388 1301 484 1357 sed
511 1316 629 1371 qua:
654 1308 730 1354 est
768 1301 825 1353 in
848 1299 973 1368 ﬁde,
1019 1297 1073 1353 id
1118 1305 1203 1355 est
1235 1311 1332 1366 per
1366 1292 1550 1351 ﬁdem.
1580 1292 1774 1351 Omnis

179 1391 342 1446 enim
383 1390 706 1461 justiﬁeatio
738 1398 824 1445 est
855 1404 922 1444 ex
943 1387 1069 1455 ﬁde,
1105 1402 1230 1458 qua:
1264 1395 1326 1442 ut
1354 1386 1773 1443 fundamentum

177 1482 427 1554 iacitur;
471 1489 527 1537 et
542 1496 705 1550 super
759 1478 901 1534 hanc
940 1479 1101 1549 quasi
1124 1477 1543 1534 fundamentum
1562 1483 1776 1532 caetera:

180 1570 425 1628 virtutes
470 1571 830 1627 aediﬁcantur.
870 1564 1077 1625 Probat
1113 1569 1259 1639 quod
1282 1569 1337 1622 in
1361 1568 1467 1622 ﬁde
1503 1567 1576 1622 sit
1600 1565 1771 1625 aediﬁ-

181 1663 337 1718 catio
348 1660 466 1727 Dei,
490 1660 678 1717 dicens
705 1679 717 1713 :
742 1654 801 1714 Si
830 1666 899 1715 ex
916 1658 1021 1714 ﬁde
1042 1658 1288 1729 procedit
1310 1658 1456 1712 bona
1476 1654 1769 1712 conscien-

1876 507 2030 547 error
2056 502 2159 547 est.
2203 493 2533 549 Aberrantes
2575 495 2763 565 utique
2802 499 3037 552 conversi
3081 512 3225 569 sunt,
3254 517 3362 557 non
3385 503 3454 560 ad

1875 581 2058 646 ﬁdem,
2086 582 2179 638 sed
2228 583 2283 635 in
2312 583 2696 655 vaniloquium,
2731 585 3018 656 loquentes
3064 605 3187 660 qua:
3234 608 3371 648 vana
3399 601 3458 655 et

1875 670 2090 726 inutilia
2144 682 2303 739 sunt,
2367 662 2843 731 circumcisionem
2894 678 3106 735 scilicet
3163 683 3451 739 tenendam

1873 776 1997 818 esse
2025 762 2289 818 dicentes.
2321 762 2531 830 Quibus
2555 779 2665 820 non
2689 766 2887 822 suﬁicit
2913 768 3031 824 haec
3056 783 3199 826 vana
3223 773 3366 843 apud
3395 790 3456 830 se

1874 852 2046 922 loqui,
2068 853 2189 921 sed,
2226 854 2375 924 quod
2413 855 2654 912 deterius
2682 865 2785 925 est,
2811 858 3035 914 volentes
3060 877 3171 916 esse
3214 862 3454 919 doctores

1873 941 2025 1013 legis,
2063 943 2117 997 id
2137 950 2222 998 est
2260 943 2516 1000 docentes
2552 947 2815 1002 tenendas
2837 963 2959 1004 esse
2997 952 3245 1007 carnales
3267 952 3456 1008 obser-

1875 1033 2088 1089 vantias
2122 1033 2275 1105 legis.
2309 1032 2376 1088 Et
2409 1035 2515 1090 hoc
2543 1036 2677 1092 satis
2730 1036 3095 1107 impudenter,
3123 1057 3228 1095 non
3253 1042 3454 1096 intelli-

1873 1132 2048 1194 gentes
2093 1140 2253 1195 neque
2283 1138 2347 1179 ea
2374 1140 2491 1194 qua:
2532 1125 2836 1196 loquuntur,
2874 1128 2929 1184 id
2961 1138 3046 1184 est
3073 1129 3452 1188 circumcisio-

1873 1228 2023 1281 nem,
2058 1229 2225 1285 quam
2278 1214 2495 1283 docent,
2527 1216 2649 1270 ideo
2679 1218 2783 1272 sub
2822 1219 2992 1274 veteri
3037 1220 3153 1292 lege
3197 1222 3253 1277 in
3288 1238 3455 1279 carne

1874 1304 2139 1370 tenuisse,
2174 1312 2233 1358 ut
2259 1303 2520 1375 ﬁguraret
2547 1306 3020 1363 circumcisionem
3052 1310 3234 1369 cordis
3258 1320 3451 1367 tenen-

1874 1392 2004 1446 dam
2051 1406 2174 1447 esse
2198 1391 2253 1445 in
2286 1399 2529 1467 tempore
2568 1394 2778 1464 gratiae,
2816 1402 2870 1449 et
2892 1410 3001 1451 non
3036 1397 3238 1453 carnis.
3273 1397 3453 1469 Neque

1872 1482 2040 1537 etiam
2084 1483 2445 1554 intelligentes
2485 1483 2798 1555 Scripturas
2825 1487 3212 1556 prophetarum
3244 1488 3307 1542 de
3330 1490 3452 1559 qui-

1875 1576 1993 1642 bus,
2035 1577 2088 1631 id
2110 1580 2207 1632 ‘est
2249 1592 2344 1646 per
2387 1591 2529 1646 quas
2568 1577 2833 1645 afﬁrmant
2884 1577 3359 1634 circumcisionem
3401 1584 3455 1635 et

1876 1677 2058 1722 vetera
2097 1667 2385 1733 sacriﬁcia,
2429 1682 2552 1737 quae
2584 1667 2905 1737 loquuntur,
2960 1668 3192 1723 tenenda
3245 1685 3368 1724 esse
3398 1670 3455 1724 in

182 1753 284 1818 tia,
318 1751 376 1806 id
414 1759 500 1806 est
549 1765 675 1820 spes
701 1769 714 1804 ε
738 1765 806 1804 ex
840 1763 938 1819 Spe
977 1755 1160 1803 autem
1198 1744 1400 1817 Durum
1442 1761 1559 1813 σοι’,
1604 1752 1660 1800 et
1705 1744 1773 1800 de
1805 1742 1847 1802 Β
1876 1766 2120 1827 tempore
2145 1756 2354 1827 gratim,
2381 1755 2466 1811 vel
2494 1772 2525 1811 e
2547 1771 2833 1812 converso.
2861 1748 2982 1812 Non
3009 1757 3370 1829 intelligentes
3391 1773 3456 1811 ea

180 1856 332 1912 puro
375 1839 539 1896 corde
579 1839 839 1895 Charitas.
888 1837 1137 1894 Charitas
1170 1852 1299 1892 vero
1333 1835 1406 1892 sit
1440 1837 1585 1906 ﬁnis,
1612 1836 1666 1891 id
1690 1845 1774 1892 est

181 1928 439 2001 impletio
461 1929 631 1985 totius
653 1929 926 1999 pracepti,
959 1942 1056 1983 seu
1092 1940 1248 1981 novae
1268 1941 1367 1981 seu
1382 1925 1583 1982 veteris
1610 1925 1769 1995 legis.

182 2018 331 2086 Quia
363 2018 409 2075 si
438 2020 543 2075 hoc
578 2019 740 2075 modo
761 2031 828 2073 eix
858 2017 964 2073 fide
991 2017 1240 2087 sequitur
1283 2013 1466 2071 omnis
1510 2016 1770 2087 praecepti

184 2108 462 2178 impletio,
496 2116 628 2162 tunc
664 2108 721 2161 in
759 2106 864 2162 ﬁde
890 2111 976 2162 εει
999 2104 1183 2160 omnis
1232 2102 1521 2159 aediﬁcatio
1561 2102 1679 2169 Dei,
1719 2111 1776 2158 et

185 2214 303 2254 non
327 2194 480 2254 alibi.
511 2195 618 2253 Sed
655 2198 710 2253 in
746 2199 854 2253 ﬁde
900 2205 986 2252 est
1027 2196 1272 2266 impletio
1308 2196 1478 2251 totius
1506 2194 1770 2262 mandati,

185 2288 363 2360 igitur
396 2296 452 2344 et
486 2287 773 2343 aediﬁcatio
804 2287 920 2343 Dei.
951 2286 1093 2354 Quia
1129 2294 1449 2342 transverso
1480 2286 1670 2341 Ordine
1694 2286 1776 2340 sic

185 2380 391 2452 ponit:
428 2378 569 2435 Vere
610 2379 666 2433 in
691 2380 799 2449 ﬁde
847 2387 931 2434 est
972 2378 1261 2434 aediﬁcatio
1296 2377 1418 2445 Dei;
1450 2378 1572 2447 ﬁnis
1604 2378 1773 2445 enim,

185 2472 245 2527 id
288 2480 379 2526 est
424 2472 555 2541 quia
600 2470 843 2541 impletio
895 2470 1068 2525 totius
1110 2468 1369 2540 praecepti
1434 2467 1630 2523 veteris
1677 2482 1773 2523 seu

186 2577 352 2617 nova:
393 2561 534 2633 legis
575 2571 651 2616 est
679 2559 939 2627 charitas,
967 2560 1023 2616 id
1066 2568 1153 2615 est
1185 2558 1402 2615 dilectio
1432 2557 1529 2613 Dei
1560 2566 1615 2613 et
1649 2573 1777 2628 pro-

186 2652 326 2708 ximi
356 2693 374 2719 ,
424 2652 479 2706 in
524 2666 637 2721 quo
708 2650 967 2706 mandato
1040 2650 1295 2705 universa
1342 2649 1431 2704 le‘x
1475 2648 1675 2719 pendet
1721 2656 1776 2703 et

189 2742 476 2813 prophetae
499 2738 716 2812 (Matth.
747 2752 887 2807 xxii,
917 2737 1031 2810 40).
1064 2737 1172 2806 Qui
1218 2738 1366 2794 enim
1405 2737 1512 2793 hoc
1551 2738 1773 2792 manda-

129 2838 135 2845 ·
187 2840 334 2898 tum,
364 2828 420 2883 id
440 2838 526 2884 est
547 2826 864 2884 charitatem
888 2828 1214 2897 impleverit,
1237 2838 1433 2883 novam
1459 2833 1514 2881 et
1536 2834 1772 2882 veterem

188 2921 369 2991 legem
400 2919 593 2989 procul
620 2919 789 2974 dubio
826 2918 1093 2989 implevit.
1120 2917 1218 2974 Vel
1239 2926 1424 2973 autem
1459 2918 1672 2988 legatUr
1699 2917 1773 2972 ibi

189 3012 273 3067 sic
309 3010 693 3066 eontinuatim.
720 3007 830 3064 Ubi
858 3010 936 3064 ait
957 3009 1232 3080 superius,
1263 3025 1326 3063 ne
1354 3008 1599 3063 docerent
1631 3016 1682 3062 et
1705 3023 1773 3063 ne

1830 1862 1831 1865 ‘
1874 1862 1997 1917 quae
2028 1848 2332 1918 loquuntur
2362 1847 2430 1901 de
2471 1842 2750 1916 prophetis
2793 1847 2861 1901 ad
2912 1848 3256 1916 probandum
3305 1849 3455 1918 quod

1872 1940 2109 1995 tenenda
2136 1939 2247 1993 sint
2269 1953 2332 1992 ea
2361 1954 2483 2007 quae
2511 1938 2727 1993 docent.
2754 1934 2941 2006 Neque
2964 1935 3327 2009 intelligentes
3356 1939 3458 1994 cir-

1872 2026 2271 2085 cumcisiouem
2322 2034 2377 2081 et
2416 2022 2709 2092 sacriﬁcia,
2758 2026 2918 2097 cujus
2951 2027 3030 2082 rei
3065 2028 3325 2098 mysteria
3367 2044 3456 2083 es-

1873 2124 2017 2184 sent,
2040 2131 2165 2171 cum
2191 2117 2405 2181 ﬁerent,
2429 2114 2498 2169 de
2518 2114 2718 2185 quibus
2746 2114 2851 2184 ipsi
2886 2113 3158 2170 afﬁrmant
3186 2116 3333 2186 quod
3354 2116 3455 2171 ad-

1874 2206 1983 2261 huc
2007 2204 2240 2260 tenenda
2264 2203 2393 2261 sint.
2418 2201 2558 2269 Quia
2603 2202 2931 2272 improbavit
2954 2213 3163 2273 partem
3196 2203 3455 2259 adversa-

1874 2295 2102 2361 riorum,
2128 2293 2318 2349 dicens
2342 2309 2446 2346 non
2472 2291 2840 2363 intelligentes,
2868 2301 2974 2349 etc.
2996 2290 3113 2350 Hoc
3134 2294 3323 2365 utique
3344 2311 3455 2350 non

1875 2379 2164 2449 sufﬁceret,
2210 2382 2319 2441 nisi
2368 2390 2424 2438 et
2466 2390 2677 2453 partem
2724 2394 2881 2437 suam
2925 2385 3355 2451 commendaret,
3400 2396 3457 2441 et

1875 2487 2099 2530 causam
2125 2472 2613 2529 commendationis
2635 2468 2920 2529 insereret.
2944 2472 3140 2530 Posset
3168 2475 3315 2531 enim
3349 2475 3454 2531 ali-

1876 2573 1958 2619 ter
1982 2566 2062 2620 si‘c
2096 2564 2200 2635 ipsi
2230 2564 2413 2636 objici.
2442 2562 2504 2618 Si
2529 2563 2776 2619 doctrina
2798 2556 3299 2634 pseudodoctorum
3328 2581 3453 2636 per-

1874 2669 2034 2710 versa
2053 2662 2160 2720 est,
2206 2662 2299 2709 tua
2319 2670 2452 2709 vero
2481 2671 2593 2710 non
2642 2656 2838 2714 melius
2872 2660 3257 2730 approbanda,
3303 2662 3451 2716 unde

1875 2745 2071 2802 melius
2116 2746 2500 2802 adhaerendum
2523 2746 2620 2802 tibi
2638 2747 2858 2818 judicas
2882 2764 3048 2821 quam
3070 2752 3218 2808 illis?
3235 2751 3319 2807 Ad
3349 2752 3454 2807 hoc

1875 2834 2252 2904 refellendum,
2280 2836 2583 2907 improbata
2606 2846 2759 2915 parte
2778 2839 3242 2908 adversariorum,
3272 2842 3456 2898 subdit

1873 2934 1931 2981 et
1966 2926 2230 2996 approbat
2270 2941 2448 2994 suam,
2480 2927 2670 2983 dicens
2702 2945 2715 2979 :
2748 2919 2963 2985 Pseudo
2993 2932 3181 3001 utique
3201 2931 3457 2988 doctores

1879 3032 1989 3072 non
2019 3016 2327 3088 intelligunt
2364 3017 2558 3088 legem,
2583 3032 2684 3073 nos
2709 3026 2892 3073 autem
2916 3020 3144 3089 scimus,
3167 3019 3223 3076 id
3252 3030 3339 3077 est
3372 3021 3460 3076 in—

186 3100 547 3168 intenderent,
581 3099 760 3154 innuit
783 3077 1051 3169 quosdam
1079 3112 1335 3168 perverse
1359 3105 1415 3152 et
1438 3096 1698 3153 docentes
1721 3105 1775 3152 et
1801 3077 1846 3139 (ἶ
1879 3106 2173 3178 tangimus
2193 3077 2445 3177 vlegem:
2471 3077 2556 3161 Et.
2577 3107 2800 3177 quidam
2843 3106 3079 3181 amplius
3128 3077 3281 3166 addit
3308 3109 3458 3182 quod

189 3190 563 3247 intendentes.
607 3187 766 3245 Unde
805 3191 887 3245 sic
929 3189 1045 3244 ait:
1071 3189 1222 3245 Licet
1258 3189 1337 3244 illi
1377 3189 1584 3261 pseudo
1617 3190 1777 3245 aliter

189 3285 432 3339 doceant
460 3294 627 3354 quam
648 3295 773 3354 ego,
796 3291 977 3337 tamen
997 3282 1145 3352 ﬁnis,
1186 3281 1242 3338 id
1264 3290 1350 3337 εει
1376 3281 1556 3337 omnis
1584 3281 1776 3351 imple-

191 3376 271 3431 tio
310 3375 452 3447 legis
496 3373 737 3427 charitas
775 3381 876 3439 est,
921 3373 1066 3428 sicut
1085 3386 1188 3444 ego
1229 3371 1420 3427 doceo.
1451 3368 1607 3425 Unde
1627 3370 1775 3440 quod

193 3468 302 3538 ipsi
342 3468 543 3521 docent
581 3471 767 3519 vetera
809 3480 921 3519 non
968 3471 1100 3518 sunt
1148 3461 1474 3517 reducenda.
1521 3458 1775 3515 Charitas

194 3557 446 3629 procedit
468 3556 532 3609 de
556 3571 691 3625 paro
718 3555 895 3621 corde,
930 3554 982 3609 id
1008 3563 1092 3608 est
1127 3554 1196 3607 de
1232 3552 1436 3606 munda
1469 3550 1770 3622 intelligen-

194 3649 305 3715 tia;
335 3647 484 3718 quod
505 3645 706 3715 aliquis
728 3655 928 3715 purum
952 3644 1287 3698 intellectum
1318 3642 1516 3696 habeat
1551 3656 1777 3697 conser-

194 3753 335 3792 vans
397 3752 457 3791 se
496 3736 551 3790 in
596 3734 833 3806 puritate
875 3748 985 3805 qua
1027 3734 1169 3789 Deus
1209 3732 1517 3804 puriﬁeavit
1554 3747 1681 3787 eum
1718 3732 1773 3785 in

194 3828 497 3898 baptismo.
539 3826 850 3899 intelligens
886 3826 1221 3897 diligendum
1257 3824 1360 3879 sibi
1398 3839 1522 3880 esse
1556 3832 1774 3879 creato—

196 3936 317 3975 rem
361 3931 548 3985 suum,
599 3932 701 3973 nec
745 3918 803 3972 in
857 3917 1043 3987 aliquo
1080 3915 1484 3971 offendendum.
1521 3914 1776 3970 Charitas

193 4010 363 4066 etiam
393 4009 695 4079 procedens
723 4009 789 4062 de
816 4008 1139 4062 conscientia
1168 4007 1325 4072 bona,
1364 4005 1419 4060 id
1446 4012 1531 4061 est
1553 4004 1621 4059 de
1656 4019 1773 4074 spe.

192 4097 317 4155 Non
371 4099 502 4169 quia
540 4098 875 4154 conscientia
906 4097 978 4153 sit
1018 4097 1161 4152 idem
1199 4094 1346 4165 quod
1380 4109 1525 4164 spes,
1571 4094 1669 4150 sed
1713 4110 1779 4150 ea

192 4188 461 4243 afﬁnitate
494 4204 603 4259 qua
652 4189 729 4243 illi
777 4187 867 4244 cui
910 4188 1068 4242 mala:
1099 4185 1449 4242 conscientiae
1485 4184 1778 4254 scrupulus

192 4280 374 4344 abest,
400 4286 454 4333 ει
494 4277 697 4348 ubique
718 4277 775 4331 in
803 4277 988 4332 animo
1010 4291 1069 4331 se
1095 4275 1584 4344 circumspectans,-
1609 4273 1779 4327 nihil-

192 4385 303 4441 que
333 4368 483 4438 quod
516 4383 641 4423 eum
667 4368 917 4422 mordeat
938 4366 1255 4433 inveniens;
1283 4366 1365 4420 sic
1398 4365 1618 4421 tandem
1652 4381 1776 4435 spe-
1807 4395 1852 4449 ι)

193 4474 321 4515 rare
361 4460 529 4514 licet:
560 4457 659 4527 qui
707 4457 855 4512 enim
896 4473 957 4513 se
990 4465 1333 4528 peceatorem
1373 4455 1662 4526 conspicit,
1700 4456 1773 4510 ti-

193 4550 459 4604 mendum
497 4548 574 4602 illi
599 4556 685 4603 est
722 4548 791 4603 de
817 4553 1064 4618 peccato,
1094 4561 1205 4601 non
1231 4546 1585 4617 sperandum.
1624 4544 1770 4599 Cha-

194 4643 331 4695 ritas
350 4640 517 4695 etiam
556 4639 860 4709 procedens
904 4638 969 4692 de
1009 4638 1115 4707 ﬁde
1157 4654 1259 4691 non
1281 4637 1429 4707 ficta.
1482 4635 1595 4693 Nos
1623 4637 1771 4691 enim

194 4729 475 4784 credimus
494 4726 775 4783 Christum
791 4740 979 4781 verum
1000 4725 1170 4781 Deum
1193 4735 1248 4781 et
1261 4741 1451 4781 verum
1469 4725 1767 4790 hominem,

192 4834 308 4872 non
354 4817 620 4890 ﬁngentes
657 4818 811 4872 illum
845 4818 927 4872 vel
972 4818 1250 4872 hominem
1293 4818 1413 4893 sine
1475 4815 1625 4882 Deo,
1685 4816 1771 4870 vel

194 4908 368 4964 Deum
396 4908 531 4980 _sine
576 4909 816 4963 homine.
872 4906 939 4963 Et
980 4917 1042 4964 ut
1077 4907 1300 4978 quidam
1340 4907 1547 4976 pseudo
1583 4906 1772 4961 dicunt

197 4999 461 5054 habuisse
488 4999 768 5054 Christum
790 5015 898 5056 non
920 5015 1135 5067 verum,
1161 4999 1255 5056 sed
1279 5014 1500 5055 aereum
1543 5013 1766 5068 corpus.

196 5088 294 5144 Vel
317 5089 393 5143 ita
420 5106 433 5140 :
466 5087 599 5144 Fide
619 5090 743 5145 dico
765 5099 951 5147 nostra
981 5090 1209 5147 robusta
1239 5100 1293 5146 et
1326 5089 1627 5145 inviolabili
1662 5104 1773 5143 non

196 5185 344 5250 ficta,
370 5181 428 5237 id
452 5190 538 5237 est
562 5198 673 5247 non
702 5182 879 5255 fragili
902 5185 970 5239 ad
991 5185 1214 5239 modum
1237 5183 1419 5239 ﬁctilis
1441 5183 1609 5249 vasis,
1633 5182 1777 5237 sicut

197 5282 282 5328 est
310 5272 563 5328 doctrina
588 5275 1101 5342 pseudodoctorum.

267 5363 667 5420 Commendata
691 5376 844 5435 parte
865 5380 993 5433 sua,
1027 5364 1300 5434 improbat
1335 5371 1546 5433 partem
1580 5364 1775 5418 adver-

202 5455 477 5509 sariorum
527 5455 748 5510 dicens:
773 5454 817 5507 Α
840 5454 1027 5525 quibus
1067 5455 1354 5520 eharitate,
1382 5454 1611 5520 scilicet,
1641 5446 1775 5508 coni

201 5544 431 5600 scientia
476 5545 641 5612 bona,
702 5554 757 5600 et
785 5544 927 5600 ﬁde:
955 5545 1172 5614 quidam
1216 5545 1547 5613 aberrantes,
1599 5543 1653 5599 id
1693 5552 1777 5599 est

202 5634 277 5691 illi
344 5635 680 5709 singularem
754 5636 1082 5710 doctrinam_
1146 5635 1467 5694 indueentes
1539 5635 1779 5707 separati

1874 3195 2020 3250 valet
2047 3196 2114 3250 ad
2134 3198 2380 3262 Causam,
2421 3195 2609 3251 dicens
2634 3212 2650 3250 :
2685 3194 2897 3251 Scimus
2935 3194 3116 3268 utique
3138 3212 3248 3252 non
3276 3199 3457 3254 solum

1875 3284 2072 3356 legem,
2100 3284 2195 3339 sed
2239 3284 2404 3338 etiam
2445 3284 2552 3339 hoc
2578 3283 2647 3339 de
2673 3284 2791 3355 lege
2838 3280 3046 3342 scimus
3081 3286 3210 3357 quia
3257 3287 3343 3341 lea:
3379 3296 3457 3341 est

1877 3374 2033 3441 bona,
2075 3373 2130 3429 id
2158 3382 2241 3429 est
2264 3373 2417 3429 utilis
2463 3380 2518 3428 et
2552 3372 2862 3444 justiﬁcans
2893 3377 3248 3446 spiritualiter
3294 3379 3460 3434 intel-

1877 3463 2037 3529 lecta,
2065 3462 2369 3518 secundum
2391 3462 2536 3531 quod
2575 3478 2676 3518 nos
2700 3462 3075 3536 intelligimus.
3107 3463 3235 3534 Sed,
3262 3482 3459 3522 secun-

1876 3554 2009 3608 dum
2033 3554 2311 3609 carnalem
2341 3553 2673 3608 intellectum
2726 3569 2918 3609 eorum
2949 3555 3133 3624 petius
3161 3571 3269 3611 non
3291 3556 3455 3622 bona,

1876 3644 2005 3715 quia
2031 3643 2303 3699 neminem
2326 3639 2611 3712 iustiﬁcat,
2638 3652 2693 3698 et
2721 3643 2957 3699 crudelis
2995 3653 3099 3699 est.
3129 3639 3285 3699 Unde
3309 3645 3457 3714 quod

1877 3734 1983 3804 ipsi
2027 3733 2095 3789 de
2122 3734 2238 3804 lege
2289 3732 2616 3803 intelligunt,
2669 3748 2778 3787 non
2808 3740 2894 3788 est
2925 3734 3317 3789 reducendum.
3343 3733 3457 3789 Lex

1877 3825 2067 3895 utique
2085 3825 2230 3879 bOua
2252 3831 2359 3889 est,
2388 3824 2437 3877 si
2467 3825 2585 3894 quis
2614 3832 2798 3877 utatur
2821 3840 2905 3890 ea,
2936 3821 2991 3877 id
3021 3834 3106 3879 est
3149 3823 3459 3895 intelligen-

1879 3915 1953 3970 tia
1988 3914 2108 3984 ejus
2141 3913 2394 3983 legitime,
2428 3913 2483 3968 id
2528 3921 2612 3968 est
2668 3913 2969 3968 secundum
3007 3914 3154 3984 quod
3191 3914 3280 3969 lex
3336 3914 3456 3984 ipsa

1877 4005 2037 4061 docet
2063 4012 2117 4060 et
2136 4003 2402 4074 praecipit,
2434 4003 2664 4070 scilicet,
2695 4012 2758 4058 ut
2804 4003 3161 4073 spiritualiter
3188 4001 3458 4075 intelliga-

1879 4103 1988 4149 tur.
2037 4093 2256 4149 Scimus
2283 4093 2473 4163 utique
2503 4092 2570 4148 de
2610 4094 2727 4165 lege
2766 4094 2913 4163 quod
2940 4094 3085 4149 bona
3106 4104 3211 4162 est,
3237 4095 3457 4149 scientes

1878 4187 1984 4241 hoc
2006 4183 2191 4251 etiam,
2229 4184 2297 4240 de
2320 4185 2510 4240 eadem
2530 4185 2668 4256 lege,
2692 4186 2819 4256 quia
2843 4185 2929 4240 (ea:
2956 4194 3114 4241 vetus
3143 4202 3245 4239 non
3264 4194 3341 4240 est
3365 4203 3463 4255 po-

1879 4278 1987 4330 sita
2021 4276 2194 4348 justo,
2242 4275 2295 4329 id
2342 4284 2428 4330 est
2467 4276 2571 4330 sub
2625 4291 2766 4331 nova
2809 4277 2926 4347 lege
2973 4274 3296 4346 justiﬁcato.
3347 4274 3462 4333 Nec

1880 4367 2043 4422 etiam
2067 4367 2170 4421 sub
2204 4365 2320 4436 ipsa
2340 4366 2510 4420 veteri
2533 4365 2651 4437 lege
2670 4366 2849 4437 posita
2868 4373 2952 4422 est
2967 4367 3132 4423 alicui
3149 4368 3320 4439 justo.
3347 4366 3464 4425 Lex

1880 4458 2026 4512 enim
2055 4458 2182 4512 data
2205 4463 2292 4511 est
2333 4464 2395 4510 ut
2428 4456 2514 4511 vel
2536 4458 2758 4526 puniret
2789 4473 2965 4524 reum,
3006 4458 3094 4514 vel
3115 4473 3342 4528 peccare
3365 4474 3463 4515 vo-

1878 4548 2075 4603 lentem
2097 4553 2373 4605 coerceret
2393 4561 2462 4600 ne
2488 4545 2848 4617 delinqueret.
2891 4546 2997 4603 Sed
3025 4549 3121 4619 qui
3142 4549 3328 4620 justus
3357 4559 3462 4619 est,

1879 4652 1988 4691 non
2017 4645 2102 4691 est
2130 4635 2509 4702 coercendus;
2562 4653 2674 4691 non
2721 4636 2870 4691 enim
2915 4638 3250 4693 voluntatem
3295 4637 3465 4694 habet

1879 4722 2157 4793 peccandi,
2181 4737 2282 4776 nec
2305 4730 2390 4778 est
2410 4736 2506 4791 per
2527 4724 2697 4793 legem
2726 4724 3050 4793 puniendus.
3074 4723 3285 4779 Macula
3307 4725 3453 4779 enim

1880 4815 1933 4868 in
1970 4813 2063 4867 illo
2089 4812 2237 4866 nulla
2279 4820 2364 4867 est
2402 4812 2497 4882 qui
2521 4812 2855 4882 justiﬁcatus
2874 4823 2978 4869 est.
3024 4813 3178 4869 Unde
3201 4823 3258 4869 et
3290 4814 3465 4884 justis

1873 4904 1981 4960 illis
2006 4903 2101 4973 qui
2127 4903 2231 4958 sub
2258 4903 2428 4958 veteri
2449 4903 2567 4973 lege
2591 4901 2831 4970 fuerunt,
2859 4913 3126 4973 quantum
3149 4905 3218 4960 ad
3242 4920 3323 4971 se,
3346 4920 3461 4960 non

1873 5004 2020 5052 esset
2061 4994 2438 5049 necessarium
2499 5002 2687 5049 tenere
2731 4994 2926 5066 legem,
2977 5012 3086 5065 qua
3111 5006 3293 5052 tamen
3329 5012 3467 5054 eon-

1876 5102 2008 5159 grue
2032 5085 2121 5141 usi
2144 5092 2291 5151 sunt,
2317 5098 2406 5151 ne,
2432 5084 2540 5139 illis
2573 5086 2959 5155 respuentibus
2989 5087 3184 5157 legem,
3225 5099 3466 5144 contem-

1878 5176 1994 5247 ptui
2045 5176 2199 5230 fieret
2240 5176 2349 5240 lex,
2395 5183 2564 5244 utque
2614 5177 2940 5233 auctoritate
2975 5193 3166 5233 eorum
3213 5178 3463 5234 devotius

1881 5274 2127 5321 tenerent
2153 5279 2276 5320 eam
2302 5265 2359 5318 hi
2388 5265 2589 5334 quibus
2626 5275 2848 5336 propter
2889 5277 3109 5338 peccata
3156 5268 3463 5324 necessaria

1880 5365 2016 5413 erat.
2060 5356 2188 5412 ideo
2237 5356 2403 5410 etiam
2431 5356 2565 5427 justi
2602 5365 2898 5414 tenuerunt
2929 5368 3167 5415 veterem
3205 5359 3376 5429 legem
3404 5369 3468 5415 ut

1883 5454 2031 5521 quod
2074 5456 2190 5523 ipsa
2224 5451 2609 5525 prieﬁgurabat
2646 5448 2715 5504 de
2748 5447 2968 5503 Christo
3015 5455 3068 5501 et
3109 5447 3176 5501 de
3223 5456 3468 5514 tempore

1886 5551 2096 5620 gratim,
2150 5550 2255 5620 ipsi
2303 5554 2694 5604 attestarentur
2744 5534 3018 5612 implendo
3058 5540 3252 5611 legem.
3305 5537 3464 5593 Iusto

1888 5637 2080 5712 utique
2101 5655 2211 5696 non
2241 5647 2325 5695 est
2347 5637 2525 5710 posita
2560 5636 2669 5703 lex,
2696 5633 2785 5687 sed
2810 5631 3028 5701 injustis
3070 5628 3128 5683 id
3147 5636 3233 5684 est
3260 5624 3463 5684 Iudaeis
