3988 6400
566 316 662 375 451

1096 309 1156 366 s.
1198 307 1549 366 unuaoms
1585 279 2232 363 esuritusuuonuu
2273 300 2767 361 INSTITUTORIS
2805 304 2957 362 ore.
2999 304 3183 363 rans
3220 306 3283 362 ιι.

3715 313 3817 373 ιῦὶ

568 428 769 499 quibus
790 433 915 479 ante
948 425 1122 494 legem
1146 422 1328 478 datam
1370 419 1583 491 Moyses
1620 417 1845 473 moralia
1878 426 2145 486 praecepta
2177 418 2221 478 Α
2252 416 2395 471 Deus
2433 418 2661 471 credidit
2693 417 2828 471 mihi
2859 416 3234 491 Evangelium,
3282 423 3489 490 gratias
3533 439 3629 492 ago
3671 426 3738 492 ei,
3774 440 3822 483 et

573 520 742 586 dedit,
769 533 893 588 qua:
924 531 1034 571 non
1064 514 1405 571 observando
1440 510 1628 580 injusti
1663 508 1791 564 facti
1817 518 1964 565 sunt.
2004 508 2150 578 lnjuo

569 611 670 667 Stis
690 609 902 680 utique,
954 616 1004 661 et
1037 622 1140 659 non
1164 603 1415 667 subditis,
1449 601 1500 656 id
1526 608 1610 656 est
1629 599 1854 666 Iudaeis,
1881 601 1977 671 qui
2015 600 2147 667 Deo,

571 700 722 757 danti
747 714 845 770 per
873 698 1111 770 Moysem
1147 697 1338 765 legem,
1382 692 1673 747 noluerunt
1702 691 1861 747 s'ubdi
1885 700 1944 745 ut
1969 692 2039 747 ab
2060 691 2147 745 in-

565 790 796 862 justitiis
831 789 1161 844 recederent.
1196 784 1345 850 Quos
1368 790 1524 837 vocet
1545 782 1781 852 injustas
1805 790 1861 837 et
1888 796 1996 837 non
2017 782 2149 836 sub-

570 882 717 935 ditos
749 878 990 948 exponit,
1012 876 1199 931 dicens
1233 891 1246 928 :
1284 872 1396 927 Lex
1414 872 1605 943 utique
1625 872 1804 942 posita
1836 881 1921 929 est
1946 872 2146 942 impiis,

570 967 623 1026 id
652 978 734 1026 est
752 964 1073 1037 'irreligios‘is
1113 964 1298 1020 animo
1320 965 1510 1019 contra
1546 962 1740 1029 Deum,
1770 971 1820 1017 et
1849 964 2145 1033 peccatori-

569 1054 685 1128 bus,
713 1059 765 1114 id
791 1067 874 1113 est
894 1056 1038 1126 quod
1069 1053 1373 1125 irreligiose
1399 1054 1663 1124 cogitant,
1695 1053 1999 1124 irreligioso
2018 1067 2147 1124 ope-

570 1143 838 1214 rantibus,
868 1156 918 1201 et
962 1145 1254 1211 sceleratis,
1287 1144 1339 1199 id
1386 1153 1470 1200 est
1507 1145 1589 1200 eis
1638 1145 1734 1214 qui
1772 1145 2020 1201 videntes
2057 1161 2146 1200 sa-

568 1241 810 1296 eriﬁeare
839 1236 1001 1293 idolis
1033 1235 1119 1290 vel
1158 1234 1498 1306 huiusmodi,
1524 1235 1731 1305 placuit
1761 1235 1868 1291 illis
1898 1245 1959 1291 ut
1986 1236 2143 1293 simi-

565 1323 690 1386 liter
710 1329 1151 1400 praavaricarent.
1175 1327 1289 1383 Lex
1309 1327 1476 1383 etiam
1500 1325 1680 1398 posita
1695 1333 1780 1381 est
1805 1327 2143 1380 contamina-

562 1421 651 1487 tis,
678 1419 732 1475 id
765 1426 851 1474 est
886 1420 996 1475 illis
1026 1420 1123 1491 qui
1162 1418 1421 1473 violentia
1443 1418 2145 1488 tormentorum’compulsi

559 1521 690 1569 sunt
729 1509 1045 1567 sacriﬁcare
1092 1509 1274 1565 idolis.
1307 1507 1434 1564 Haec
1466 1516 1703 1580 quatuor
1735 1517 1926 1565 contra
1973 1509 2142 1565 Deum

561 1601 936 1673 principaliter
960 1599 1117 1654 ﬁunt.
1150 1598 1359 1655 Caetera
1388 1613 1511 1668 qua:
1545 1608 1849 1668 sequuntur
1871 1606 2061 1653 contra
2084 1615 2143 1654 se

558 1696 614 1747 et
636 1701 826 1749 contra
850 1690 1163 1761 proximum
1218 1688 1377 1756 ﬁunt,
1409 1703 1517 1744 non
1538 1688 1687 1759 quod
1716 1687 1899 1743 omnia
1922 1698 2141 1758 peccata

2255 524 2362 561 non
2390 508 2514 579 legi,
2550 522 2650 577 pro
2673 509 2777 563 huc
2808 508 3096 575 beneﬁcio,
3129 517 3183 564 et
3214 526 3314 580 pro
3345 511 3432 566 his
3453 527 3578 582 quae
3597 515 3821 585 sequun-

2252 610 2362 665 tur,
2387 599 2482 669 qui
2507 597 2650 653 Deus
2669 599 2997 653 existimavit
3023 616 3105 653 me
3128 601 3363 671 fidelem.
3409 600 3510 658 Hic
3529 603 3680 659 aiunt
3707 607 3818 677 qui-

2250 688 2375 743 dam
2408 687 2673 744 insidiosa
2697 703 2821 743 esse
2851 689 3013 744 verba
3035 688 3214 757 Pauli,
3243 692 3404 760 quasi
3428 692 3633 749 diceret
3660 711 3673 725 ·
3704 694 3820 754 Inde

2250 781 2455 852 gratias
2476 794 2579 851 ago
2611 774 2722 835 Deo
2747 779 2898 855 quia,
2941 795 3070 835 eum
3110 781 3344 837 inﬁdelis
3369 797 3573 849 essem,
3600 782 3721 841 fecit
3742 800 3818 841 ne

2250 866 2784 938 ﬁdelem.Quodque
2823 868 3024 938 dignus
3056 883 3236 924 essem
3290 869 3385 940 qui
3436 869 3613 926 ﬁdelis
3647 872 3814 929 ﬁerem

2248 957 2601 1025 existimavit,
2636 958 2690 1013 id
2718 967 2804 1013 est
2847 959 3190 1028 providentia
3238 959 3335 1015 Dei
3368 976 3494 1030 quae
3520 958 3636 1016 falli
3661 966 3816 1020 nescit

2249 1049 2318 1104 ab
2339 1049 2495 1104 initio
2544 1050 2948 1120 praeordinavit,
2980 1066 3178 1121 meque
3216 1050 3420 1106 factum
3458 1050 3672 1111 ﬁdelem
3696 1068 3814 1108 rou-

2248 1140 2487 1220 fortavit,
2530 1139 2584 1195 id
2606 1150 2691 1196 est
2735 1139 2931 1196 fortem
2969 1139 3118 1208 fecit,
3148 1142 3296 1224 quod
3318 1152 3501 1213 neque
3527 1158 3696 1209 mors,
3733 1160 3815 1201 ne-

2246 1249 2354 1305 que
2381 1233 2593 1305 gladius
2615 1233 2816 1303 poterit
2844 1248 2932 1289 me
2953 1248 3211 1303 separare
3240 1249 3270 1287 a
3300 1234 3574 1289 eharitate
3596 1235 3732 1304 ejus.
3760 1235 3816 1290 Et

2246 1334 2535 1397 postquam
2574 1325 2710 1378 mihi
2754 1325 2985 1380 credidit
3037 1324 3390 1395 Evangelium
3430 1327 3609 1397 pacis,
3638 1340 3815 1395 ponetis

2246 1430 2335 1469 me
2362 1415 2417 1467 in
2445 1415 2759 1479 ministerio,
2804 1414 2858 1469 id
2899 1422 2984 1469 est
3028 1415 3082 1468 in
3112 1415 3234 1485 ipso
3277 1431 3442 1485 opere
3465 1417 3813 1486 prmdicandi;

2245 1505 2432 1560 multis
2472 1505 2616 1558 enim
2670 1504 2907 1573 praelatis
2929 1505 3171 1560 creditur
3217 1505 3807 1578 Evangelium;quita~

2245 1584 2367 1675 men
2406 1602 2681 1665 torpentes
2728 1610 2837 1650 non
2880 1594 3199 1651 ministrant
3242 1595 3479 1652 subditis
3529 1597 3679 1667 quod
3698 1590 3812 1654 ere-

2243 1688 2419 1743 ditum
2454 1696 2539 1743 est
2587 1685 2715 1741 illis.
2759 1683 2976 1742 Positus
3016 1702 3140 1742 sum
3179 1686 3238 1742 in
3267 1687 3579 1745 ministerio
3631 1688 3814 1744 Clu-isti

560 1793 751 1844 contra
782 1782 953 1839 Deum
1010 1798 1117 1835 non
1151 1780 1282 1846 sint,
1317 1779 1410 1835 sed
1456 1780 1585 1849 quia
1615 1788 1851 1849 quatuor
1885 1779 2141 1849 prredicta
2174 1776 2217 1832 Β
2241 1777 2392 1844 Jesu,
2431 1776 2485 1832 id
2509 1777 2683 1833 estad
2703 1764 2970 1831 honorem
2999 1784 3052 1831 et
3081 1775 3310 1848 gloriam
3333 1775 3544 1834 Christi
3568 1777 3699 1834 Jesu
3721 1778 3814 1833 Do-

560 1873 730 1930 Deum
753 1873 1081 1945 specialiter
1125 1873 1245 1928 sine
1274 1872 1460 1943 aliquo
1485 1871 1667 1927 medio
1700 1871 1947 1926 videntur
1971 1872 2141 1928 offen-

559 1965 707 2026 dere.
750 1963 937 2019 Posila
965 1972 1049 2019 est
1078 1963 1241 2018 etiam
1282 1963 1366 2018 lex
1393 1963 1702 2033 parricidis,
1740 1961 1794 2018 id
1809 1972 1891 2018 est
1914 1962 2138 2019 interfe-

557 2042 800 2125 ctoribus
835 2064 1051 2125 patrum
1078 2088 1098 2121 τ
1133 2053 1356 2125 quibus,
1405 2069 1532 2109 cum
1583 2053 1815 2108 multum
1859 2052 2145 2132 deberent,

551 2162 620 2200 ex
644 2162 708 2201 eo
735 2146 884 2217 quod
914 2147 1170 2201 homines
1216 2153 1419 2210 essent,
1463 2144 1623 2214 longe
1660 2143 1782 2200 ideo
1835 2145 2010 2217 magis
2043 2161 2139 2214 pa-

546 2220 668 2290 tres
686 2243 871 2301 erant;
897 2235 1194 2288 matricidis
1224 2234 1388 2288 etiam
1424 2233 1678 2288 similiter
1703 2233 1868 2306 314
1886 2244 1941 2289 et
1963 2236 2123 2289 hami.

543 2324 713 2390 ridis,
746 2333 800 2379 ct
829 2324 1157 2393 fornicariis,
1191 2322 1245 2377 id
1287 2331 1373 2378 est
1399 2323 1801 2377 maculantibus
1836 2339 1896 2379 se
1928 2324 2138 2380 adultco'

557 2416 662 2483 rio,
694 2415 787 2469 vel
808 2413 1054 2485 quolibet
1087 2428 1285 2485 genere
1321 2411 1726 2478 fornicationis,
1751 2424 1805 2469 et
1834 2414 2139 2469 concubito-

551 2507 700 2559 ribus
714 2503 1093 2572 masculorum,
1113 2503 1259 2574 quod
1280 2502 1522 2563 deterius
1539 2512 1643 2570 est,
1673 2503 1874 2573 quibus
1895 2521 2003 2559 non
2026 2505 2139 2561 suf-

556 2595 668 2651 ﬁcit
713 2610 773 2650 se
810 2594 1105 2659 maculare,
1157 2592 1266 2647 nisi
1294 2591 1461 2647 etiam
1503 2603 1858 2663 corrumpant
1884 2594 2056 2661 alios;
2086 2606 2141 2652 et

550 2685 855 2757 plagiariis,
886 2684 940 2740 id
984 2693 1068 2740 est
1106 2685 1297 2755 plagas
1329 2682 1582 2753 proximo
1614 2682 2000 2753 inferentibus;
2031 2687 2135 2754 vel,

551 2779 833 2849 plagiariis
881 2776 1039 2848 quasi
1079 2775 1415 2846 plagiosipis,
1464 2775 1516 2830 id
1570 2785 1655 2831 est
1700 2776 1910 2848 plagam
1958 2778 2025 2834 de
2079 2793 2139 2834 re

551 2868 672 2923 viva
715 2867 1100 2933 inferentibus,
1134 2873 1196 2921 ut
1240 2867 1285 2922 si
1312 2867 1439 2936 quis
1473 2864 1752 2939 iuraretur
1796 2868 1935 2938 patri
1965 2868 2137 2924 lilium

550 2956 850 3025 sinum,fvel
902 2955 1240 3026 hujusmodi.
1280 2955 1627 3010 Mendacibus
1672 2955 1836 3010 etiam
1869 2958 1964 3027 qui
1986 2956 2139 3013 falla-

550 3050 652 3105 eiis
702 3047 1049 3113 incumbunt,
1079 3047 1336 3118 quodque
1382 3046 1669 3101 mendacio
1713 3045 1867 3102 Pauli
1895 3048 2138 3115 deterius

549 3148 632 3195 est
659 3138 910 3208 periuris,
937 3137 1024 3193 his
1052 3145 1107 3192 et
1131 3131 1451 3207 huiusmodi
1481 3135 1660 3209 posita
1691 3145 1774 3192 est
1796 3138 1901 3193 lex.
1934 3136 2138 3195 Praeter

549 3228 668 3282 haec
695 3226 861 3281 etiam
890 3224 1146 3296 imposita
1168 3232 1255 3280 est
1284 3223 1361 3278 illi
1383 3224 1430 3277 si
1468 3223 1597 3294 quid
1627 3224 1777 3278 aliud
1807 3241 1837 3280 a
1863 3227 2138 3295 praedictis

550 3316 699 3385 quod
731 3315 1045 3369 aduersatur
1091 3330 1236 3369 sana:
1286 3315 1566 3383 doctrinaz,
1598 3312 1653 3372 id
1686 3328 1770 3373 est
1800 3321 2036 3375 naturali
2085 3331 2139 3376 et

552 3403 751 3459 morali
777 3404 907 3474 legi.
951 3401 1179 3459 Moralia
1219 3404 1367 3460 enim
1397 3416 1666 3478 praerepta
1703 3407 1845 3464 sicut
1866 3409 1920 3463 in
1945 3411 2134 3475 veteri,

553 3492 722 3549 sicin
770 3494 909 3559 nova
947 3492 1069 3564 lege
1108 3494 1425 3563 perdurant.
1472 3494 1624 3552 Unde
1664 3497 1783 3553 ait:
1823 3497 1955 3565 Qua:
2004 3516 2137 3556 sana

552 3581 803 3639 doctrina
845 3590 923 3634 est
965 3574 1256 3636 secundum
1286 3583 1655 3655 Eaangelium,
1698 3587 1751 3642 id
1779 3598 1863 3645 est
1892 3591 2139 3661 sequitur

553 3686 755 3727 novam
802 3669 996 3742 legem.
1032 3669 1386 3746 Evangelium
1412 3672 1540 3730 'dieo
1564 3672 1782 3746 gloriae,
1814 3679 1867 3734 id
1887 3690 1972 3736 est
1992 3682 2138 3751 quod

555 3753 817 3833 praedicat
857 3760 1157 3831 gloriosum
1200 3758 1395 3819 Deum.
1429 3763 1523 3820 Vel
1545 3764 1897 3840 Evangelium
1928 3771 2133 3842 gloriae,

553 3848 611 3903 id
639 3858 724 3904 est
765 3849 911 3919 quod
953 3849 1311 3920 sequentibus
1338 3867 1398 3907 se
1444 3852 1537 3908 dat
1565 3863 1825 3912 mter-nam
1880 3857 2132 3930 gloriam.

554 3936 754 3994 Gloria!
798 3939 922 3996 dico
967 3939 1065 3995 Dei
1110 3941 1271 3997 beati.
1314 3942 1540 4010 Qualem
1570 3947 1719 4002 enim
1744 3948 2135 4010 beatitudinem

556 4020 702 4085 Deus
738 4029 920 4095 habet,
944 4029 1109 4086 talem
1140 4032 1209 4088 ab
1238 4046 1306 4088 eo
1344 4034 1584 4091 habituri
1612 4047 1740 4093 sunt
1776 4043 1973 4097 sancti.
2001 4042 2137 4100 Bea-

554 4118 646 4175 t'us
666 4118 812 4175 enim
868 4120 1069 4176 dicitur
1094 4122 1185 4177 cui
1233 4122 1372 4177 nihil
1421 4125 1629 4195 deﬁcit;
1674 4131 1880 4186 sanctis
1927 4142 2133 4203 autem,

555 4226 682 4267 cum
712 4210 934 4267 Christo
961 4212 1098 4267 nihil
1137 4212 1456 4270 defuturum
1488 4225 1593 4272 est.
1624 4216 1740 4275 lloc
1762 4214 1959 4277 nomen
1991 4222 2135 4283 Deus

553 4303 706 4359 nullo
737 4302 1005 4374 adjective
1055 4304 1282 4376 indiget,
1326 4316 1387 4363 ut
1434 4308 1651 4365 dicatur
1673 4311 1888 4382 beatus,
1918 4315 2004 4370 vel
2029 4316 2133 4371 ali-

551 4394 687 4465 quid
717 4393 941 4463 horum,
971 4395 1066 4451 sed
1091 4405 1153 4451 ut
1182 4396 1434 4454 innueret
1455 4400 1765 4470 cuiusmodi
1786 4403 2016 4473 gloriam
2036 4407 2133 4463 ha-

549 4476 771 4543 biturus
815 4486 889 4542 sit
930 4479 1078 4542 Deus
1118 4496 1175 4544 et
1223 4486 1454 4546 daturus
1500 4491 1620 4548 suis
1670 4496 1923 4564 apposuit
1971 4497 2134 4565 beati,

548 4577 712 4651 quasi
754 4577 962 4635 diceret
997 4598 1011 4633 :
1056 4578 1244 4647 Gloria
1270 4596 1434 4651 quam
1483 4581 1630 4640 Deus
1659 4585 1824 4641 habet
1847 4596 1902 4643 et
1926 4588 2039 4657 dat,
2080 4568 2135 4646 et

550 4666 656 4725 sibi
677 4678 733 4725 et
763 4667 1186 4741 quibuseunque
1224 4671 1339 4739 dat,
1381 4666 1601 4729 sufﬁcit.
1631 4673 1697 4731 Et
1723 4677 1852 4746 quia
1883 4694 2018 4735 sana
2042 4681 2136 4736 do-

547 4760 725 4815 ctrina
771 4769 826 4814 et
859 4757 1212 4830 Evangelium
1249 4776 1309 4817 se
1339 4761 1572 4820 invicem
1631 4776 1960 4836 sequuntur,
2010 4770 2132 4826 ideo

551 4848 668 4905 haec
698 4857 910 4911 tantum
946 4852 1180 4906 tenenda
1227 4861 1357 4908 sunt
1384 4862 1437 4909 et
1476 4869 1587 4909 non
1633 4856 1998 4916 reinducenda
2024 4842 2136 4927 εἰει-ξ

549 4939 818 4993 eumcisio
841 4948 897 4995 et
919 4949 1121 4997 vetera.
1179 4935 1279 4999 Hic
1322 4942 1626 5015 ingreditur
1659 4947 1946 5005 ostendere
1985 4938 2137 5020 quod:

550 5027 681 5107 quia
708 5028 936 5083 recessit
959 5045 990 5084 a
1019 5030 1189 5087 veteri
1220 5032 1356 5104 lege,
1397 5035 1584 5089 omnia
1621 5036 1765 5092 bona
1792 5037 1896 5093 sibi
1930 5026 2128 5096 collata

551 5114 691 5183 sint;
715 5116 804 5171 cui
833 5116 940 5187 legi
969 5121 1212 5190 quandiu
1261 5124 1511 5192 adhaesit,
1542 5141 1760 5198 semper
1795 5129 1851 5182 in
1874 5131 2127 5201 praecipi-

550 5204 691 5260 tium
715 5205 986 5261 malorum
1010 5211 1138 5264 ruit.

621 5289 778 5349 Unde
802 5295 883 5349 sic
902 5295 977 5351 ait
1006 5316 1018 5352 :
1044 5299 1197 5364 Quod
1214 5298 1573 5373 Evangelium
1594 5307 1854 5361 creditum
1872 5316 1951 5363 est
1972 5309 2126 5376 mihi,

550 5380 608 5439 id
647 5390 734 5439 est
764 5383 1012 5453 praevidit
1060 5387 1437 5447 misericordia
1468 5391 1567 5448 Dei
1604 5410 1693 5451 me
1734 5380 2013 5465 idoneum,
2039 5399 2130 5453 cui
2162 5416 2165 5425 λ

549 5472 798 5558 crederet
843 5471 1218 5547 Evangelium.
1273 5477 1628 5551 Evangelium
1678 5494 1861 5541 autem
1922 5485 2129 5543 bonum

549 5562 802 5619 nuntium
852 5563 1074 5633 dicitur,
1112 5584 1176 5621 eu
1223 5569 1369 5623 enim
1406 5568 1632 5638 bonum;
1684 5575 1952 5645 angelium
1995 5583 2128 5633 vero

458 5698 461 5701 ,
549 5656 813 5716 nuntium.
844 5652 998 5713 Unde
1027 5659 1253 5730 angelus
1278 5661 1495 5717 nuntius
1521 5661 1737 5719 dicitur.
1767 5666 1831 5721 Et
1855 5667 1975 5723 ideo
1995 5670 2123 5739 quia

2240 1870 2375 1926 mini
2405 1869 2601 1925 nostri.
2633 1867 2725 1924 Vel
2750 1868 3081 1924 confortavit
3112 1884 3202 1927 me
3227 1870 3284 1924 in
3308 1869 3533 1925 Christo
3559 1869 3689 1925 Iesu
3716 1869 3812 1925 Do-

2240 1954 2390 2021 mino
2408 1969 2620 2027 nostro,
2644 1959 2739 2029 qui
2765 1959 2901 2014 mihi
2931 1960 3105 2016 cades
3128 1960 3432 2028 anhelanti,
3476 1960 3533 2015 in
3555 1961 3641 2016 via
3666 1976 3813 2041 appa-

2239 2053 2368 2112 ruit.
2399 2051 2514 2126 Egb
2553 2052 2741 2122 utique
2767 2050 2941 2107 ﬁdelis
2970 2050 3147 2106 iactus
3172 2067 3317 2119 sum,
3369 2060 3501 2118 ete.,
3533 2059 3811 2121 postquam

2238 2132 2688 2221 desereIIS‘legeni
2711 2141 2927 2199 subdidi
2952 2158 3040 2198 me
3060 2142 3249 2214 gratiae
3268 2141 3386 2198 Dei.
3405 2142 3511 2210 Qui
3531 2144 3685 2213 prius
3703 2148 3811 2201 cum

2239 2232 2417 2293 essent
2458 2233 2561 2288 sub
2605 2234 2723 2304 lege
2754 2233 2806 2289 in
2835 2232 3021 2289 omnia
3070 2234 3216 2289 mala
3278 2235 3677 2307 praecipitabat.
3719 2234 3812 2289 Fui

2239 2324 2385 2385 enim
2418 2334 2549 2380 tunc
2592 2312 2980 2394 blasphemans,
3018 2317 3300 2379 Christum
3348 2324 3537 2380 dicens
3562 2340 3694 2380 eum
3723 2326 3809 2379 ho-

2240 2414 2444 2468 minem
2484 2413 2603 2469 siue
2632 2411 2773 2480 Deo,
2824 2412 2997 2468 tilium
3023 2412 3163 2468 fabri
3192 2423 3249 2468 et
3275 2411 3497 2468 similia.
3527 2411 3627 2467 Fui
3666 2414 3810 2468 etiam

2240 2514 2542 2573 persecutor
2575 2504 2945 2575 quorumlibet
2967 2504 3242 2575 iustorum
3273 2503 3480 2574 (Actor.
3509 2520 3589 2571 rx,
3616 2504 3700 2571 l).
3723 2503 3809 2559 Fui

2240 2596 2405 2650 etiam
2455 2595 2888 2663 contumeliosus,
2917 2595 3045 2666 quia
3093 2596 3139 2651 sl
3181 2610 3321 2665 quos
3365 2595 3812 2666 comprehendere

2240 2680 2486 2758 poteram
2534 2684 2885 2742 contumeliis
2923 2694 2978 2741 et
3020 2685 3342 2741 verberibus
3374 2683 3707 2752 alliciebaui;
3733 2687 3810 2741 sed

2240 2777 2335 2847 qui
2368 2776 2505 2831 adeo
2530 2790 2822 2845 perversus
2856 2775 2960 2832 sub
2994 2773 3111 2846 lege
3151 2789 3325 2843 eram,
3364 2773 3550 2830 statim
3582 2785 3645 2830 ut
3687 2775 3812 2829 hanc

2239 2869 2425 2925 dimisi
2456 2878 2764 2924 consecutus
2806 2884 2924 2923 sum
2955 2867 3398 2934 misericordiam,
3422 2866 3479 2922 id
3517 2876 3602 2922 est
3624 2867 3811 2922 remis-

2241 2960 2451 3017 sionem
2485 2966 2855 3029 peecatorum.
2897 2958 2974 3013 De
3004 2958 3109 3014 hoc
3133 2965 3316 3012 autem
3341 2966 3679 3014 consecutus
3704 2972 3812 3012 sum

2242 3048 2696 3115 misericordiam,
2740 3047 2891 3119 quia,
2939 3047 2993 3103 id
3032 3055 3117 3102 est
3151 3048 3291 3118 quod
3336 3048 3591 3119 ignorans
3620 3046 3741 3117 reti,
3766 3046 3810 3101 id

2240 3152 2324 3199 est
2384 3142 2697 3212 ignoranter
2741 3139 3080 3209 peceavi,'et
3119 3138 3248 3209 quia
3285 3136 3571 3194 Christum
3607 3139 3811 3210 ignora-

2241 3236 2387 3298 bam,
2438 3232 2562 3286 ideo
2601 3232 2658 3284 in
2702 3230 3075 3285 incredulitate
3101 3218 3412 3286 manebam‘.
3452 3223 3546 3286 Sic
3571 3232 3812 3301 quiapro

2240 3322 2386 3393 quod
2424 3321 2686 3392 legimus;
2722 3337 2832 3376 non
2876 3322 3024 3376 enim
3081 3319 3353 3377 sufﬁceret
3396 3321 3466 3376 ad
3487 3334 3734 3387 causam,
3760 3330 3811 3375 ut

2239 3413 2368 3484 quia
2400 3412 2714 3483 ignoranter
2739 3412 3062 3480 peccaverit,
3090 3412 3212 3466 ideo
3240 3406 3682 3467 misericordiam
3702 3427 3812 3466 cou-

2240 3512 2462 3559 seeutus
2505 3502 2594 3558 sit.
2626 3502 2749 3556 Alio
2772 3501 2935 3557 modo
2976 3510 3158 3557 tamen
3191 3500 3322 3572 quia
3372 3501 3575 3572 legitur
3600 3503 3672 3557 ad
3696 3517 3810 3556 eau-

2240 3609 2378 3655 sam.
2409 3593 2579 3660 Quasi
2630 3593 2837 3648 diceret
2871 3591 3072 3662 aliquis
3101 3610 3115 3645 :
3155 3590 3236 3645 Tu
3270 3593 3403 3647 olim
3431 3592 3538 3647 sub
3585 3592 3719 3663 lege,
3745 3591 3809 3645 lc-

2232 3699 2360 3757 gem
2394 3684 2731 3756 praedicabas
2779 3683 3088 3739 tenendam.
3122 3681 3202 3738 Tu
3231 3698 3385 3751 vero,
3410 3684 3605 3740 relicta
3636 3685 3807 3740 eadem

2238 3774 2375 3844 lege,
2410 3772 2582 3843 legem
2613 3772 2878 3842 praedicas
2915 3770 3349 3843 relinquendam.
3386 3771 3490 3828 Cui
3520 3789 3658 3845 ergo
3676 3772 3807 3829 credi

2237 3863 2450 3930 debeat,
2483 3862 2568 3919 vel
2592 3862 2691 3918 tibi
2727 3861 2832 3919 sub
2859 3862 2996 3934 lege,
3027 3862 3111 3917 vel
3143 3861 3239 3918 tibi
3278 3878 3387 3919 non
3429 3864 3536 3919 sub
3566 3862 3685 3937 lege
3700 3879 3806 3920 am-

2238 3949 2493 4023 bigimus.
3476 3952 3481 3956 ’

2307 4039 2512 4097 Contra
2535 4041 2641 4096 hoc
2661 4039 2765 4096 ait:
2789 4038 2924 4096 Mihi
2955 4040 3058 4096 sub
3073 4040 3190 4113 lege
3212 4057 3320 4097 non
3346 4041 3451 4098 fuit
3464 4042 3804 4108 credendum,

2237 4132 2367 4203 quia
2384 4132 2644 4203 ignorans
2660 4128 2785 4200 feci,
2800 4133 2993 4203 etquia
3021 4133 3291 4204 ignoravi,
3304 4133 3428 4190 ideo
3445 4134 3502 4190 in
3525 4133 3806 4191 increduli-

2237 4212 2347 4279 tate
2367 4221 2530 4294 315
2557 4222 2756 4279 mansi.
2800 4220 2912 4278 Nec
2949 4221 3129 4279 solum
3162 4222 3621 4293 misericordiam,
3658 4226 3710 4280 id
3732 4236 3808 4282 est

2236 4313 2615 4370 remissionem
2637 4322 2986 4383 peccatorum
3007 4324 3333 4370 consecutus
3361 4310 3511 4383 sum,
3539 4318 3638 4372 sed
3657 4318 3805 4373 etiam

2161 4433 2210 4493 υ
2236 4406 2413 4478 gratia
2441 4403 2657 4459 Domini
2698 4405 2867 4458 nostri
2890 4404 3178 4459 abundavit
3218 4405 3275 4459 in
3303 4421 3386 4460 me
3405 4422 3574 4477 super
3607 4408 3805 4464 miseri-

2237 4494 2481 4565 cordiam
2512 4513 2525 4549 :
2556 4493 2685 4563 quia
2732 4503 2788 4549 et
2826 4503 3048 4564 peccata
3096 4494 3327 4561 remisit,
3357 4505 3413 4550 et
3454 4497 3660 4553 multas
3684 4498 3806 4553 alias

2272 4586 2441 4660 ratias
2463 4583 2634 4649 dedit,
2676 4593 2735 4639 ut
2776 4583 3145 4655 cognitionem
3174 4583 3374 4639 divina:
3395 4586 3672 4654 essentia,
3708 4595 3801 4641 etc.

2272 4602 2441 4660 ranas
2463 4602 2634 4649 acuit,
2676 4602 2735 4639 ut
2776 4602 3145 4655 cognitionem
3174 4602 3374 4639 amna:
3395 4602 3672 4654 essentne,
3708 4602 3801 4641 etc.

2236 4602 2334 4730 εει
2365 4675 2541 4730 aliter.
2575 4665 2716 4728 Dum
2762 4672 3081 4743 persecutor
3113 4689 3263 4729 eram
3300 4673 3561 4730 Ecclesia:
3592 4675 3801 4742 Christi,

2236 4756 2469 4821 multum
2501 4763 2678 4819 zelum
2708 4762 2841 4836 legis
2876 4764 3077 4831 habui,
3113 4763 3207 4819 sed
3244 4772 3425 4819 tamen
3450 4781 3601 4821 nunc
3635 4782 3804 4838 super-

2237 4856 2533 4913 abundavit
2553 4855 2727 4926 gratia
2757 4854 2855 4910 Dei
2880 4855 2935 4910 in
2961 4870 3069 4922 me,
3083 4856 3211 4926 quia
3246 4854 3293 4911 si
3315 4863 3467 4910 tanta
3488 4857 3803 4926 oportuisset

2238 4963 2324 5002 me
2365 4946 2478 5017 pati
2506 4960 2606 5015 pro
2637 4943 2807 5001 veteri
2852 4945 2969 5016 lege
2999 4953 3206 5015 quanta
3234 4959 3335 5014 pro
3364 4943 3592 5001 Christo
3618 4946 3799 5018 patior.

2236 5038 2425 5108 utique
2465 5035 2810 5091 deiecissem.
2843 5036 3052 5090 Cretera
3081 5035 3227 5091 sicut
3265 5035 3410 5091 dicta
3441 5046 3593 5092 sunt.
3624 5036 3801 5105 Supero

2236 5127 2564 5194 abundavit,
2614 5128 2860 5196 inquam,
2900 5126 3075 5198 gratia
3118 5142 3239 5180 cum
3277 5126 3383 5196 ﬁde
3418 5136 3471 5180 et
3494 5127 3799 5182 dilectione:

2234 5218 2363 5288 quia
2391 5216 2525 5272 ﬁdes
2558 5225 2615 5271 et
2650 5216 2870 5271 dilectio
2897 5215 2993 5272 Dei
3022 5232 3239 5286 semper
3266 5227 3561 5273 creverunt
3603 5219 3655 5274 in
3692 5231 3795 5283 me;

2230 5326 2348 5380 ante
2371 5309 2504 5364 ﬁdes
2524 5316 2578 5363 et
2601 5306 2821 5363 dilectio
2847 5303 2926 5362 est
2950 5297 3006 5361 in
3038 5306 3252 5363 Christo
3277 5306 3429 5374 Jesu,
3462 5308 3517 5363 id
3536 5318 3621 5363 est
3642 5307 3795 5362 babe-

2229 5409 2319 5454 tur
2344 5414 2442 5469 per
2469 5396 2753 5453 Christum
2788 5396 2999 5465 Jesum,
3044 5405 3100 5454 et
3141 5414 3255 5453 non
3303 5412 3402 5468 per
3431 5397 3624 5470 legem.
3659 5396 3797 5450 Hauc

2229 5499 2412 5545 autem
2436 5484 2871 5545 misericordiam
2892 5503 3058 5558 quam
3086 5502 3187 5559 ego
3209 5490 3542 5561 censeamus
3563 5482 3702 5554 sum,
3722 5483 3792 5540 ia-

2228 5579 2330 5634 cile
2349 5588 2433 5634 est
2471 5588 2525 5634 et
2560 5593 2661 5634 vos
2706 5577 2989 5648 consequi.
3032 5574 3103 5632 Ut
3138 5577 3285 5633 enim
3335 5576 3648 5649 peccatores
3669 5575 3795 5631 salvi

2231 5671 2440 5739 ﬁerent,
2465 5669 2721 5727 Christus
2745 5668 2904 5725 lesus
2925 5669 2978 5723 in
3009 5668 3156 5727 hunc
3190 5654 3349 5727 venit‘
3371 5669 3655 5727 mundum.
3694 5662 3792 5722 Sed
