3988 6410
154 428 278 484 433

775 426 1139 486 EXPOSITIO
1174 428 1245 485 IN
1281 428 1664 485 EPISTOLAS
1695 426 1922 486 PAULI.
1972 462 2033 471 ——
2072 428 2139 484 IN
2179 428 2396 485 EPIST.
2437 428 2459 484 Ι
2499 430 2590 486 AD
2630 430 2769 489 TIM.

3316 439 3421 501 ιδι

155 555 461 616 antequam
485 547 591 603 hoc
617 545 784 616 dicat,
812 548 1076 620 praeponit
1116 548 1641 606 commendationem
1670 547 1748 603 rei
1777 550 1823 606 A
1849 562 1996 614 nem,
2025 547 2225 603 milites
2256 548 2442 618 utique
2468 549 2656 603 bonam
2680 550 2951 604 militiam.
2985 550 3041 606 Si
3066 554 3233 608 semel
3258 556 3339 610 vel
3364 557 3417 613 in

153 653 333 707 quam
359 639 606 695 dicturus
633 648 718 696 est
750 640 832 696 sic
857 660 870 695 :
907 640 1092 696 Sermo
1118 644 1216 696 iste
1254 656 1417 719 quem
1447 640 1600 695 vobis
1623 653 1744 694 tua-

155 724 401 793 nifesto,
433 734 519 783 est
544 727 752 800 ﬁdelis,
783 729 838 785 id
865 738 951 785 est
983 730 1110 786 talis
1149 730 1240 787 cui
1283 730 1416 785 ﬁdes
1440 728 1742 786 adhibenda

152 817 257 884 sit,
283 826 341 874 et
368 818 464 890 qui
495 819 632 875 bene
658 820 730 876 sit
756 820 1050 877 credibilis.
1082 820 1192 878 Nec
1230 822 1408 878 solum
1437 821 1611 876 ﬁdelis
1637 828 1739 885 est,

151 909 258 965 sed
280 910 448 963 etiam
471 910 663 981 dignus
704 912 1024 981 acceptione,
1071 912 1123 968 id
1149 922 1235 969 est
1274 913 1367 984 qui
1395 912 1743 989 acceptabilis

149 999 526 1054 essedebeat.
566 999 706 1056 Sunt
739 1002 888 1057 enim
934 1003 1093 1058 multi
1120 1018 1402 1059 sermones
1431 1001 1739 1068 credibiles,

149 1105 271 1145 non
299 1100 484 1146 tamen
513 1094 832 1164 acceptione
859 1093 1029 1164 digni,
1059 1094 1187 1164 quia
1238 1095 1478 1149 inutiles.
1517 1091 1617 1148 Hic
1643 1108 1741 1150 au-

150 1189 268 1235 tem
306 1195 516 1249 sermo,
562 1191 616 1238 et
657 1184 957 1252 credibilis,
1000 1193 1057 1239 et
1085 1192 1362 1254 acceptus,
1397 1185 1523 1254 quia
1538 1183 1735 1243 anilis.

149 1270 372 1343 Dignus
397 1273 587 1344 utique
615 1275 928 1344 acceptione
963 1291 1072 1331 non
1120 1291 1227 1331 una
1254 1273 1339 1330 vel
1373 1275 1429 1329 in
1464 1290 1576 1330 uno
1620 1274 1740 1330 solo

147 1369 406 1430 tempore
430 1369 490 1415 ut
510 1370 666 1417 vetus
688 1362 796 1429 lex,
828 1364 923 1419 sed
945 1365 1111 1432 omni,
1141 1365 1196 1420 id
1219 1371 1303 1419 est
1329 1372 1384 1419 et
1408 1364 1461 1419 in
1484 1364 1738 1440 praesenti

144 1458 205 1503 et
230 1449 292 1504 in
308 1449 535 1518 futuro,
561 1459 616 1506 et
642 1453 942 1509 secundum
973 1469 1173 1526 corpus
1193 1462 1248 1510 et
1287 1454 1589 1510 secundum
1620 1453 1765 1508 ani--~

145 1554 327 1607 mam,
354 1540 484 1611 quia
535 1541 591 1595 in
639 1543 790 1597 omni
818 1551 1082 1621 tempore,
1107 1553 1162 1600 et
1189 1545 1494 1603 secundum
1525 1553 1739 1601 utrum-

141 1644 257 1698 que
287 1630 491 1686 salvat.
522 1629 643 1698 llic,
671 1633 917 1704 inquam,
941 1642 1027 1690 est
1054 1634 1143 1689 ille
1171 1649 1373 1701 sermo,
1396 1636 1541 1704 quia,
1567 1634 1621 1689 id
1655 1644 1739 1690 est

142 1719 302 1788 quod
349 1717 593 1776 Christus
626 1720 788 1779 Iesus
818 1724 954 1777 venit
986 1723 1041 1776 in
1088 1723 1342 1777 mundum
1375 1723 1532 1789 hunc,
1572 1723 1625 1779 id
1654 1730 1739 1778 est

1846 653 1957 696 uno
1980 639 2258 703 militaret,
2303 639 2583 710 implesset
2629 641 2776 713 quod
2812 641 3043 711 dixerat,
3078 643 3292 713 milites,
3322 648 3419 702 sed

1845 736 1905 781 ut
1932 744 2143 798 semper
2167 738 2221 784 et
2241 730 2294 784 in
2318 731 2574 787 omnibus
2597 746 2655 787 se
2674 732 2810 788 velle
2832 748 2957 788 eum
2980 733 3217 792 militare
3237 718 3421 795 οειειι⁴

1842 818 1996 874 deret
2025 837 2038 873 :
2067 819 2233 891 316
2262 820 2469 875 addidit
2502 820 2754 877 militiam
2778 823 2986 892 bonam,
3012 825 3066 881 id
3084 835 3168 883 est
3207 828 3414 884 utilem.

1843 904 1987 969 Utile
2010 907 2156 962 enim
2179 908 2283 963 erit
2316 909 2395 965 sic
2436 918 2488 966 te
2512 911 2766 968 militare.
2809 911 3147 980 Commendo,
3172 916 3416 988 inquam,

1841 1006 1898 1051 ut
1923 998 2117 1053 milites
2148 1000 2203 1054 in
2242 999 2350 1057 illis
2374 992 2696 1072 prophetiis,
2731 1003 2785 1059 id
2826 998 2913 1065 est
2946 1004 3002 1060 in
3030 1007 3180 1064 omni
3208 986 3430 1111 visione.

1845 1087 2186 1111 ,,ε,,,..η.,,
2247 1105 2399 1111 ___-__
2662 1093 2705 1111 ι,
2758 1091 2853 1111 ηρ
2942 1093 2983 1111 η
3028 1110 3035 1111 κ
3088 1097 3102 1111 -
3160 1098 3194 1111 μ.
3344 1099 3355 1109 -

1840 1096 1894 1142 ει
1915 1087 2191 1143 intellectu
2241 1105 2402 1159 quem
2433 1091 2601 1147 habes
2645 1093 2713 1147 de
2754 1091 2884 1149 Deo.
2941 1093 3233 1166 Prophetia
3270 1087 3415 1154 enim

1840 1178 1973 1231 visio
1992 1195 2012 1242 ;
2033 1178 2294 1249 propheta
2332 1181 2508 1235 videns
2539 1182 2758 1237 dicitur.
2790 1182 2985 1239 Mlites
3012 1201 3209 1241 moneo
3233 1204 3417 1247 secun-

1840 1267 1965 1321 dum
1992 1269 2293 1338 prophetias
2336 1271 2682 1340 prwcedentes
2710 1273 2764 1331 in
2807 1282 2874 1340 te,
2907 1274 2960 1337 id
3001 1284 3087 1330 est
3115 1258 3415 1334 secundum

1839 1359 1986 1429 quod
2016 1367 2262 1430 tempore
2290 1362 2613 1431 praecedenti
2643 1362 2872 1427 edoctus
2892 1379 2952 1419 es
2980 1366 3035 1422 in
3064 1367 3236 1422 sacris
3266 1365 3415 1445 Seri-

1838 1450 2036 1525 pturis.
2079 1449 2424 1523 Timotheus,
2445 1452 2590 1509 enim
2621 1462 2778 1526 patre
2819 1456 3057 1526 gentilis,
3086 1466 3260 1515 matre
3287 1473 3416 1537 vero

1838 1531 2151 1595 Christiana
2173 1541 2351 1598 editus
2375 1541 2514 1611 (Act.
2548 1558 2658 1607 xvt,
2686 1543 2761 1612 l),
2814 1544 2883 1598 ab
2909 1545 3024 1614 ipsa
3045 1547 3273 1614 pueritia
3301 1531 3407 1602 tra-

1838 1630 1986 1686 ditus
2012 1639 2098 1686 est
2135 1631 2307 1687 sacris
2336 1631 2531 1687 litteris
2570 1631 2914 1689 imbuendus.
2954 1633 3107 1690 Unde
3131 1636 3207 1692 ait
3228 1654 3413 1692 secun-

1838 1718 1967 1772 dum
1989 1719 2293 1789 prophetias
2323 1720 2380 1772 in
2411 1727 2459 1774 te
2488 1720 2864 1789 praecedentes.
2898 1719 2994 1777 Vel
3024 1723 3182 1779 aliter
3206 1741 3219 1780 :
3247 1723 3415 1779 Com-

140 1807 729 1879 adeodespieabilem,
758 1823 813 1867 et
845 1813 901 1867 in
931 1828 1042 1883 quo
1082 1822 1160 1869 tot
1193 1813 1443 1870 miserias
1466 1828 1591 1869 eum
1624 1814 1735 1883 pati
1768 1870 1809 1884 n
1838 1807 2038 1863 mendo
2059 1808 2155 1863 tibi
2196 1817 2257 1863 ut
2300 1807 2500 1864 milites
2526 1810 2826 1864 secundum
2869 1811 3183 1884 prophetias
3211 1827 3418 1882 prince-

140 1900 417 1968 oportuit.
451 1900 642 1969 Venit,
693 1904 940 1975 inquam,-
985 1903 1158 1958 salvos
1187 1905 1362 1974 facere
1388 1914 1688 1974 peccatores
1714 1946 1730 1971 ,
1767 1897 1811 1926 ”
1835 1902 2027 1956 dentes
2055 1900 2111 1955 in
2149 1908 2199 1956 te
2224 1940 2237 1965 ,
2271 1900 2326 1955 id
2365 1906 2451 1954 est
2493 1897 2561 1952 de
2593 1907 2664 1954 te.
2694 1898 2899 1971 Spiritu
2940 1901 3089 1955 enim
3119 1902 3419 1972 prophetia)

141 1990 239 2058 qui
272 1989 327 2045 si
349 2005 447 2058 per
470 1991 641 2063 legem
670 1993 872 2049 salvari
892 2002 1136 2063 possent,
1165 1994 1370 2069 frustra
1398 1994 1541 2051 Deus
1575 1995 1735 2052 Chri—
1834 1991 2078 2057 edoctus,
2113 1992 2388 2061 assumpsi
2415 2000 2465 2047 te
2495 1993 2549 2046 in
2571 2007 2709 2061 opus
2736 1989 3035 2061 Evangelii.
3068 1989 3203 2046 Vide
3231 2002 3416 2057 autem

140 2087 295 2133 stum
345 2095 508 2135 suum
556 2082 613 2137 in
665 2082 918 2139 miserias
959 2083 1125 2153 hujus
1169 2071 1359 2139 mundi
1415 2084 1728 2155 deponeret.
1834 2096 1903 2147 ne
1938 2081 2319 2151 degenerando
2362 2099 2394 2137 a
2426 2082 2531 2138 fide
2574 2082 2889 2137 mendacem
2929 2080 3100 2136 facias
3127 2080 3412 2150 Spiritum,

142 2167 393 2232 Quorum
414 2180 762 2240 peccatorum
777 2187 880 2244 ego
898 2174 1275 2244 etquicunque
1293 2175 1479 2245 legalis
1506 2177 1730 2245 primus,
1834 2173 1929 2242 qui
1965 2181 2026 2228 ut
2055 2183 2106 2229 te
2147 2173 2402 2244 eligerem
2439 2173 2628 2235 docuit
2655 2188 2762 2228 me.
2805 2171 3034 2233 Militare
3085 2171 3271 2238 debes,
3299 2180 3413 2256 tum

139 2258 195 2313 id
223 2267 318 2316 est
339 2262 649 2333 praecipuus
670 2272 724 2318 et
745 2264 1073 2321 deterrimus
1100 2282 1236 2320 sum.
1263 2264 1569 2323 Deteriores
1586 2267 1731 2323 enim

1836 2263 1963 2333 quia
1992 2263 2196 2318 bonum
2225 2271 2281 2318 et
2307 2263 2438 2319 utile
2479 2271 2562 2319 est
2592 2282 2604 2318 :
2635 2270 2751 2319 tum
2781 2261 2909 2332 quia
2942 2262 3081 2317 bene
3103 2270 3279 2331 potes,
3312 2262 3411 2314 ha-
3472 2324 3476 2328 _

140 2348 360 2411 invenit
388 2348 534 2408 Deus
558 2351 801 2422 Iudaeos,
832 2354 939 2429 legi
967 2356 1329 2425 adhaerentes,
1371 2374 1537 2430 quam
1559 2374 1731 2429 quos-

141 2454 371 2509 cunque
410 2442 648 2512 exlegcs.

207 2530 378 2596 Quod
400 2547 566 2603 supra
596 2534 781 2604 posuit
800 2535 1071 2604 absolute,
1099 2538 1189 2595 hic
1208 2539 1362 2609 ponit
1382 2555 1505 2597 cum
1540 2556 1729 2610 causa,

137 2618 338 2676 dicens
364 2639 380 2678 :
403 2620 559 2678 Licet
579 2624 907 2684 deterrimus
940 2628 995 2685 in
1023 2630 1401 2699 peccatoribus
1419 2648 1618 2700 essem,
1650 2642 1734 2688 ta-

139 2727 267 2766 men
300 2723 614 2779 conseculus
636 2732 754 2770 sum
778 2719 1216 2789 misericordiam,
1246 2722 1382 2787 ideo,
1412 2732 1467 2775 ut
1489 2723 1731 2779 Christus

135 2798 300 2853 Iesus
351 2802 407 2854 in
457 2819 538 2857 me
564 2805 760 2873 primo,
810 2806 865 2861 id
910 2816 995 2862 est
1030 2809 1266 2865 maxime
1313 2818 1614 2886 peccatore,
1648 2813 1731 2867 vel

138 2890 408 2958 primum,
449 2892 501 2947 id
531 2901 615 2951 est
643 2895 880 2951 maxime
906 2898 1217 2952 ostenderet
1241 2900 1590 2968 patientiam;
1620 2916 1730 2955 non

138 2976 193 3031 in
230 2978 488 3048 qualibet
519 2997 627 3035 una
659 2997 738 3048 re,
776 2983 871 3038 sed
912 2987 1290 3040 omnimodam.
1323 2986 1552 3042 Pertulit
1583 2988 1731 3050 enim

139 3083 226 3123 me
288 3068 764 3140 blasphemantem
786 3114 801 3137 ,
843 3084 1282 3145 persequentem,
1336 3086 1391 3132 et
1442 3086 1730 3134 contume-

1834 2361 1958 2411 oens
1983 2355 2142 2424 ﬁdem
2181 2371 2276 2425 per
2321 2372 2485 2427 quam
2530 2356 2690 2426 plene
2723 2353 3060 2425 justiﬁeatus
3085 2368 3169 2419 es,
3204 2353 3413 2411 habens

1832 2448 1994 2500 etiam
2018 2447 2392 2503 conscientiam
2416 2447 2634 2511 bonam;
2658 2461 2767 2502 non
2798 2444 2947 2500 enim
2976 2444 3074 2499 tibi
3096 2441 3413 2526 praedicanti

1833 2535 1997 2609 objici
2025 2544 2203 2606 potest
2232 2536 2380 2606 quod
2401 2536 2540 2592 bene
2577 2536 2776 2591 doceas
2798 2543 2853 2591 et
2875 2535 3016 2589 male
3044 2534 3217 2591 vivas.
3251 2533 3413 2595 Modo

1831 2626 2108 2696 paulisper
2160 2625 2450 2680 revertitur
2505 2625 2574 2679 ad
2624 2624 3118 2694 pseudodoctores,
3175 2623 3409 2680 dicens:
3477 2616 3481 2620 ’

1831 2733 1989 2786 quant
2017 2717 2217 2771 bonam
2252 2715 2645 2773 conscientiam
2689 2716 2907 2787 quidam
2946 2716 3248 2786 repulerunt
3277 2733 3310 2770 a
3333 2732 3407 2770 se.

1831 2805 1936 2873 Qui
1965 2805 2110 2861 enim
2141 2821 2395 2878 perverse
2421 2806 2532 2877 agit
2552 2815 2607 2861 et
2631 2806 2808 2872 docet,
2830 2820 2941 2860 non
2964 2805 3127 2860 habet
3142 2805 3284 2860 unde
3309 2804 3413 2861 sibi

1831 2897 1968 2952 bene
1996 2898 2268 2955 conscius
2312 2898 2383 2953 sit
2412 2916 2426 2951 :
2452 2904 2507 2953 et
2537 2897 2668 2968 quia
2715 2895 3033 2965 repulerunt
3075 2895 3239 2961 hanc,
3288 2894 3411 2950 ideo

1834 2989 2279 3059 naufragaverunt
2309 2989 2453 3043 circa
2479 2988 2659 3056 ﬁdem,
2708 2986 2763 3040 id
2789 2993 2873 3041 est
2908 2984 3187 3057 fregerunt
3214 3000 3406 3040 navem

1832 3095 2011 3147 suam,
2038 3079 2442 3134 circumeuntes
2478 3076 2662 3142 ﬁdem,
2708 3084 2763 3130 et
2796 3089 2906 3129 non
2938 3074 3302 3146 ingredientes
3342 3075 3411 3129 ad

140 3162 241 3217 lias
287 3163 504 3219 sanctis
545 3163 887 3219 inferentem.
929 3165 1145 3221 Omnem
1184 3169 1371 3239 utique
1417 3171 1727 3240 patientiam
1758 3189 1804 3253 ο
1833 3187 1975 3227 eam.
2026 3171 2111 3226 Ea:
2158 3171 2347 3244 quibus
2399 3150 2924 3239 pseudodoctoribus
2960 3165 3412 3238 nauh'agantibus

138 3254 385 3309 ostendit
406 3255 462 3309 in
485 3271 594 3322 me,
634 3256 705 3310 ad
745 3257 1181 3328 informationem.
1205 3277 1385 3315 eorum
1432 3264 1522 3332 qui
1551 3264 1726 3318 credi-

137 3347 248 3399 turi
279 3344 409 3399 sunt
429 3346 535 3414 illi,
567 3347 621 3402 id
649 3357 734 3405 est
754 3358 814 3403 ιιι
841 3365 939 3419 per
957 3364 1046 3405 me
1069 3351 1290 3407 doceret
1310 3354 1513 3408 nemini
1537 3354 1731 3424 despe-

137 3437 402 3505 randum,
429 3446 652 3508 propter
685 3438 1082 3496 immanitatem
1128 3441 1418 3509 scelerum,
1448 3443 1579 3513 quin
1605 3459 1727 3499 cre-

134 3526 228 3581 dat
256 3527 325 3581 in
348 3542 499 3585 eum.
529 3525 804 3584 Credituri
836 3538 968 3588 sunt
1006 3530 1153 3585 enim
1181 3529 1259 3586 illi
1284 3533 1339 3586 in
1371 3533 1534 3586 vitam
1570 3541 1726 3589 teter-

137 3633 285 3684 nam,
312 3617 375 3671 'id
402 3625 489 3672 est
514 3627 574 3672 ut
603 3634 700 3688 per
724 3618 886 3680 [idem
916 3620 1060 3677 hanc
1091 3621 1328 3678 habeant
1373 3623 1540 3678 vitam
1566 3633 1726 3679 teter—

138 3724 289 3764 nam.
326 3707 395 3763 Et
415 3709 857 3782 quandoquidem
889 3712 1146 3771 Christus
1175 3716 1387 3771 salvare
1419 3727 1727 3787 peccatores

137 3799 315 3867 venit,
345 3800 416 3854 ad
463 3800 614 3870 quod
651 3800 737 3857 lex
774 3802 1110 3860 insuliieiens
1157 3803 1281 3871 fuit,
1321 3805 1542 3861 Christo
1566 3808 1728 3879 igitur

138 3892 244 3959 regi
274 3880 601 3957 saeculorum
643 3891 770 3949 inde
809 3892 882 3947 sit
922 3894 1091 3947 honor
1117 3905 1167 3949 et
1207 3895 1383 3965 gloria
1410 3912 1428 3949 :
1453 3898 1582 3968 quia
1629 3914 1729 3953 nee

137 3978 263 4051 iegi,
295 3996 400 4037 nec
432 3981 524 4038 alii
554 3979 752 4053 prater
779 3981 1059 4039 Christum
1087 3985 1316 4041 debetur
1345 3987 1472 4042 inde
1494 3988 1689 4058 gratia.

205 4070 325 4126 Aut
345 4071 430 4127 sic
454 4073 828 4132 continuatur.
857 4073 1112 4131 Christus
1142 4075 1198 4129 in
1231 4092 1319 4132 me
1341 4079 1578 4135 ostendit
1609 4077 1729 4135 om?

139 4177 263 4217 ncm
296 4162 649 4232 patientiam;
681 4164 761 4223 illi
789 4173 971 4222 autem
993 4166 1215 4225 Christo
1241 4166 1374 4239 Regi
1401 4171 1726 4225 sreculorum

139 4252 463 4320 immortali,
505 4254 560 4307 id
585 4263 671 4310 est
697 4254 1045 4324 immutabili,
1075 4258 1172 4328 qui
1207 4273 1421 4331 semper
1455 4259 1511 4314 in
1535 4261 1727 4318 eodem

136 4352 240 4410 est,
269 4351 326 4399 et
341 4344 622 4414 inuisibili,
652 4345 707 4401 id
726 4358 813 4403 est
838 4348 997 4418 cujus
1022 4349 1283 4405 deitatem
1305 4350 1453 4405 nulla
1475 4360 1745 4411 creatura

140 4433 344 4490 sumcit
372 4434 707 4507 intelligere;
752 4437 878 4493 huic
906 4437 1017 4494 Deo
1057 4440 1305 4496 Creatori
1341 4441 1442 4497 soli
1494 4441 1730 4513 (salvare

1829 3273 1904 3321 est
1932 3262 2252 3332 Hymemrus
2277 3270 2326 3316 et
2352 3259 2655 3315 Alexander
2671 3258 2945 3330 principes
2962 3272 3150 3313 eorum
3177 3258 3270 3328 qui
3297 3259 3415 3313 εἰν-ιι

1829 3352 2218 3410 cumcisionem
2257 3352 2517 3408 reducere
2560 3350 2835 3417 volebant,
2883 3364 3011 3419 quos
3059 3363 3160 3420 ego
3206 3348 3409 3405 tradidi

1832 3442 2052 3501 Salano:
2074 3441 2128 3513 (Ι
2162 3441 2285 3499 Cor.
2311 3458 2367 3507 v,
2390 3441 2469 3511 5),
2507 3440 2560 3496 id
2590 3447 2678 3496 est
2705 3439 2951 3510 separavi
2974 3438 3408 3493 excommunica-

1829 3542 1916 3593 tos
1944 3535 2014 3589 ab
2042 3532 2304 3590 Ecclesia.
2334 3531 2444 3597 Nec
2475 3532 2598 3587 ideo
2631 3541 2691 3587 ut
2734 3530 2790 3585 in
2832 3539 3094 3585 aeternum
3136 3537 3359 3601 pereant
3395 3547 3406 3585 :

1828 3626 1922 3681 sed
1961 3634 2021 3679 ut
2067 3626 2149 3681 sic
2180 3625 2391 3680 discant
2432 3640 2535 3679 non
2581 3622 2964 3693 blasphemare,
3007 3621 3060 3675 id
3106 3629 3191 3677 est
3217 3628 3278 3684 ut
3301 3620 3407 3674 hoc

1828 3718 1991 3773 modo
2032 3717 2264 3773 correcti
2297 3726 2353 3772 et
2384 3715 2729 3786 ptenitentes,
2772 3714 3055 3785 quiescant
3083 3728 3114 3767 a
3145 3712 3413 3781 perversis

1829 3815 1937 3861 tate
1963 3822 2084 3873 sua,
2116 3814 2170 3861 et
2198 3805 2315 3875 jam
2341 3820 2451 3859 non
2487 3803 2930 3871 blasphemantes
2957 3799 3276 3855 auferantur
3304 3798 3406 3853 ite~

1829 3913 1953 3952 rum
1982 3897 2216 3962 Satanae,
2244 3895 2446 3965 recepti
2469 3895 2524 3951 in
2567 3894 2749 3950 sinum
2790 3890 3067 3947 Ecclesiae.
3095 3888 3233 3944 Nota
3259 3890 3417 3961 quod-

1829 3986 2307 4043 excommunicare
2346 3993 2431 4041 est
2455 3983 2675 4040 tradere
2709 3981 2945 4043 Satanae.
2989 3982 3120 4052 quia
3166 3996 3290 4036 cum
3313 3995 3409 4035 ειη

1832 4078 2271 4135 communicatur
2325 4077 2471 4147 quis,
2526 4074 2743 4130 Satanae
2803 4073 3057 4139 traditur,
3105 4072 3263 4143 cujus
3292 4079 3410 4131 erat

1832 4169 2152 4243 priusquam
2171 4182 2267 4238 per
2290 4167 2623 4237 baptismum
2643 4164 3059 4235 justiﬁearetur.

2451 4254 2682 4312 CAPUT
2725 4254 2790 4311 II.

1908 4370 1925 4403 ι
1970 4349 2208 4406 Obsecro
2231 4348 2398 4421 igitur
2430 4345 2667 4420 primum
2711 4343 2956 4402 omnium
2998 4343 3114 4399 ﬂeri
3149 4343 3408 4399 obsecra—

1837 4462 1855 4494 ι
1903 4442 2099 4509 tiones,
2129 4439 2430 4505 orationes,
2458 4435 2880 4509 postulationes,
2906 4436 3207 4506 gratiarum
3238 4434 3409 4490 actio-

139 4524 286 4578 cnim
319 4524 476 4579 solus
513 4526 733 4596 potest),
782 4527 914 4583 huic
944 4537 1097 4585 tanto
1136 4539 1191 4585 et
1230 4531 1321 4586 tali
1364 4532 1437 4586 sit
1472 4509 1637 4588 honor
1676 4542 1726 4588 et
1760 4509 1807 4568 Ῐ)
1840 4550 1857 4582 ‹
1904 4545 2021 4596 nes,
2045 4543 2144 4598 pro
2164 4528 2421 4583 omnibus
2453 4525 2789 4591 hominibus,
2822 4540 2930 4596 pro
2964 4524 3201 4595 regibus,
3233 4536 3284 4578 et
3308 4538 3425 4592 pro.

138 4613 336 4684 gloria.
371 4613 561 4671 Honor
587 4616 810 4684 dicitur,
848 4628 909 4675 ut
952 4621 1019 4675 de
1045 4622 1362 4689 virtutibus,
1398 4623 1723 4693 humilitate,

140 4704 457 4774 prudentia,
484 4715 538 4762 et
561 4707 897 4777 huiusmodi,
926 4726 1049 4780 qua:
1090 4711 1253 4766 homo
1293 4721 1475 4782 potest
1503 4714 1721 4771 habere.

140 4795 325 4853 Gloria
362 4796 567 4852 dicitur
591 4799 659 4854 de
678 4799 764 4855 his
789 4815 912 4870 quae
939 4799 1033 4855 Dei
1056 4795 1387 4859 solum'sunt
1404 4813 1459 4861 et
1483 4821 1590 4860 non
1623 4807 1724 4861 ho-

140 4884 328 4950 minis,
358 4892 424 4941 ut
447 4900 732 4958 resurgere
757 4886 914 4942 tertia
939 4887 1048 4955 die,
1077 4898 1131 4944 et
1159 4890 1494 4960 hujusmodi.
1521 4890 1724 4962 Ilonor,

141 4972 394 5043 inquam,
433 4973 512 5028 illi
546 4975 620 5030 sit
655 4984 713 5031 et
737 4976 911 5050 gloria
939 4978 997 5031 in
1024 4979 1223 5037 alecula
1252 4982 1601 5051 prmserttium
1621 5000 1721 5054 ειε-
1748 5042 1749 5045 η

140 5062 385 5117 culorum
414 5066 784 5135 consecutiva,
813 5076 868 5124 et
909 5068 1015 5125 hoc
1048 5071 1197 5141 quod
1240 5087 1435 5141 precor
1458 5089 1630 5140 amen,
1667 5074 1721 5130 id

138 5162 219 5207 cst
258 5164 417 5209 certe
466 5154 541 5213 ita
568 5156 691 5212 erit.
741 5157 1196 5231 Quandoquidem
1243 5176 1310 5218 ex
1341 5162 1565 5219 Christo
1592 5163 1724 5221 Jesu

140 5244 326 5299 omnis
350 5242 605 5313 salvatio,
627 5256 682 5304 et
709 5263 776 5303 ex
804 5248 921 5321 lege
948 5251 1118 5318 nulla,
1147 5251 1289 5320 ideo,
1315 5269 1346 5307 ο
1374 5250 1640 5310 Timothee
1667 5255 1729 5324 ﬁ-

140 5335 199 5401 li,
225 5335 542 5391 commendo
591 5338 687 5394 tibi
725 5338 823 5396 hoc
874 5350 1213 5412 praeceptum,
1267 5351 1329 5397 ut
1361 5343 1419 5398 in
1471 5345 1729 5405 omnibus

141 5427 321 5500 palam
353 5426 429 5482 sit
459 5436 511 5483 te
538 5428 673 5489 nulli
701 5444 863 5499 posse
884 5446 1105 5501 parcere
1136 5432 1223 5488 vel
1247 5433 1481 5490 tolerare
1530 5435 1587 5490 in
1621 5436 1725 5493 hac

143 5531 219 5570 re.
250 5513 372 5573 Hoc
394 5516 542 5575 enim
569 5528 902 5591 praeceptum
949 5529 1034 5576 est
1067 5523 1214 5591 quod
1262 5526 1571 5596 transgredi
1614 5543 1723 5583 non

141 5604 288 5671 licet,
333 5623 664 5680 summaque
694 5610 791 5664 tibi
818 5610 1124 5667 obedientia
1165 5616 1629 5684 commendatum,
1668 5628 1725 5673 ut

145 5696 339 5752 milites
363 5697 706 5755 excludendo
731 5700 801 5756 ab
828 5698 1069 5756 Ecclesia
1097 5703 1588 5781 pseudodoctores;
1623 5707 1725 5763 mi-

146 5785 291 5857 lites,
317 5789 487 5845 etiam
526 5789 864 5864 disponendo
907 5792 1073 5893 alium
1102 5794 1535 5877 ecclesiasticum
1582 5798 1729 5855 ordi-

1836 4637 1854 4669 ι
1899 4617 2154 4676 omnibus
2208 4615 2305 4686 qui
2349 4614 2406 4669 in
2454 4613 2792 4671 sublimitate
2831 4620 2961 4673 sunt.
2991 4611 3291 4675 constituti,
3347 4618 3407 4663 ut

1836 4726 1852 4758 ι
1897 4705 2139 4777 quietam
2164 4711 2220 4757 et
2257 4700 2609 4770 tranquillam
2662 4700 2835 4757 vitam
2872 4713 3120 4768 agamus.
3161 4698 3215 4749 in
3250 4699 3401 4750 omni

1835 4820 1863 4861 ι,
1895 4800 2093 4870 pietate
2118 4804 2174 4852 et
2192 4794 2464 4850 castitate.
2498 4791 2611 4848 Hoc
2643 4791 2789 4849 enim
2812 4792 3014 4847 bonum
3045 4797 3131 4844 est
3165 4799 3219 4843 et
3248 4804 3403 4843 acce—

1834 4910 1853 4944 ι
1896 4897 2047 4960 ptum
2068 4880 2569 4943 coram'Salvatore
2590 4891 2779 4938 nostro
2801 4881 2932 4945 Deo,
2960 4880 3055 4956 qui
3076 4893 3270 4935 omnes
3298 4879 3391 4932 ho-

1834 5000 1870 5045 ι,
1895 4980 2070 5035 mines
2093 4978 2212 5035 vult
2239 4975 2422 5031 salvos
2451 4974 2586 5040 lieri,
2613 4980 2669 5032 et
2692 4971 2761 5027 ad
2800 4970 3131 5042 agnitionem
3160 4969 3403 5024 veritatis

1836 5092 1855 5125 ι
1899 5046 2104 5125 venire.
2136 5065 2292 5127 Unus
2319 5064 2467 5119 enim
2492 5064 2655 5129 Deus,
2695 5078 2840 5131 unus
2871 5070 2925 5117 et
2945 5060 3207 5119 Mediator
3230 5059 3320 5114 Dei
3348 5070 3402 5115 ct

1837 5181 1856 5215 ι
1903 5160 2189 5217 hominum
2220 5157 2389 5211 homo
2413 5154 2664 5209 Christus
2685 5152 2873 5221 Iesus,
2896 5154 2990 5227 qui
3011 5152 3161 5209 dedit
3190 5150 3403 5207 redem-

1837 5274 1856 5306 ι
1900 5253 2141 5325 ptionem
2181 5247 2534 5317 semetipsum
2573 5261 2671 5317 pro
2701 5244 2979 5300 omnibus.
3023 5242 3193 5314 Cujus
3244 5242 3401 5299 testi-

1838 5363 1855 5394 ι
1899 5341 2144 5398 monium
2164 5336 2500 5406 temporibus
2521 5336 2637 5392 suis
2660 5335 3041 5391 conﬁrmatum
3061 5342 3167 5399 est,
3210 5334 3264 5387 in
3293 5350 3407 5404 quo

1831 5455 1850 5487 ι
1874 5433 2104 5504 positus
2131 5444 2254 5485 sum
2274 5442 2376 5498 ego
2396 5425 2716 5496 prmdicator
2736 5433 2791 5483 ct
2821 5425 3101 5497 apostolus
3127 5422 3218 5497 (11
3258 5423 3400 5481 Tim.

1833 5547 1850 5584 ι
1896 5541 1937 5591 ι,
1966 5522 2076 5592 ll).
2118 5519 2416 5576 Veritatem
2443 5517 2587 5583 dico,
2618 5531 2729 5572 non
2759 5517 3024 5582 mentior;
3054 5516 3248 5571 doctor
3271 5531 3405 5586 gen-

1834 5642 1850 5675 ι
1898 5619 2033 5675 tium
2079 5616 2135 5670 in
2177 5614 2282 5669 fide
2306 5621 2362 5669 et
2388 5611 2633 5668 veritate.
2667 5609 2804 5666 Volo
2831 5626 2962 5682 ergo
2987 5611 3133 5666 viros
3166 5624 3325 5665 orare
3347 5610 3403 5664 in

1836 5733 1852 5762 ι
1896 5707 2045 5766 omni
2067 5708 2210 5772 loco,
2254 5705 2499 5760 levantes
2529 5718 2696 5773 puras
2738 5717 2934 5756 manus
2959 5700 3077 5756 sine
3101 5700 3179 5754 ira
3209 5708 3265 5754 et
3290 5700 3405 5756 dis-

1837 5820 1854 5851 ι
1902 5796 2233 5873 eeptationc.
2267 5793 2528 5855 Similiter
2554 5800 2608 5849 et
2657 5790 2778 5863 (aL,
2817 5790 3018 5861 autem)
3044 5790 3301 5849 mulieres
3347 5790 3413 5847 in
