3988 6392
588 472 699 530 455

597 700 617 732 α
661 687 743 734 tes
764 690 844 741 se,
872 687 983 728 non
1024 670 1080 725 in
1108 665 1264 723 tortis
1293 661 1559 726 crinibus,
1591 667 1687 712 aut
1713 670 1870 721 auro,
1894 663 1989 711 aut
2014 668 2165 708 mar-

582 764 620 822 δι
662 766 874 840 garitis,
887 762 973 817 vel
996 767 1146 815 veste
1166 754 1401 826 pretiosa
1427 750 1478 821 (ι
1498 748 1646 840 Petr.
1672 746 1859 817 111,5):
1881 745 1996 812 sed,
2020 743 2168 815 quod

584 864 619 912 ἰ
662 838 817 914 decet
852 851 1128 914 mulieres,
1176 841 1556 914 promittentes
1585 838 1839 909 pietatem
1881 851 1976 906 per
2001 849 2167 905 opera

603 967 623 1001 ι
664 949 827 1004 bona.
856 942 1048 998 Mulier
1075 939 1130 992 in
1172 933 1390 991 silentio
1417 930 1597 987 discat
1634 943 1760 984 cum
1797 926 1947 983 omni
1980 924 2167 994 subje—

601 1057 621 1091 ‹
665 1038 857 1094 ctione.
884 1034 1094 1088 Docere
1113 1035 1295 1082 autem
1317 1020 1534 1078 mulieri
1558 1036 1669 1075 non
1687 1019 1942 1090 permitto
1964 1015 2019 1087 (Ι
2040 1015 2164 1071 Cor.

600 1147 620 1181 ι
662 1144 777 1193 ιη’,
794 1126 913 1194 54),
935 1135 1110 1191 neque
1138 1117 1410 1175 dominari
1434 1116 1486 1170 in
1509 1114 1710 1179 virum,
1735 1110 1831 1166 scd
1855 1123 1976 1164 esse
2006 1107 2063 1161 in
2093 1105 2170 1162 si-

599 1237 621 1271 ο
661 1216 845 1272 lentio.
881 1211 1057 1266 Adam
1088 1209 1235 1265 enim
1260 1208 1475 1279 primus
1521 1203 1792 1259 formatus
1817 1207 1898 1255 est
1939 1196 2095 1270 (Gen.
2125 1212 2165 1262 ι,

599 1326 620 1358 ι
662 1304 775 1376 27),
807 1302 1003 1358 deinde
1023 1300 1157 1365 Eva,
1197 1309 1252 1353 et
1274 1297 1446 1353 Adam
1468 1310 1580 1350 non
1609 1301 1694 1349 est
1736 1292 2015 1355 seductus,
2041 1302 2166 1342 mu-

596 1415 618 1449 s
658 1396 760 1450 lier
778 1403 959 1450 autem
987 1391 1210 1448 seducta
1249 1388 1306 1443 in
1348 1383 1796 1458 praevaricatione
1830 1380 1953 1435 fuit.
1983 1378 2170 1433 Salva-

597 1505 618 1539 ι
658 1485 811 1541 bitur
831 1492 1012 1540 autem
1035 1496 1134 1552 per
1162 1480 1398 1535 ﬁliorum
1426 1471 1900 1548 generationem‘si
1918 1485 2169 1542 perman-

597 1595 619 1628 ι
659 1575 793 1633 serit
821 1569 1264 1645 (permanserint)
1296 1568 1350 1622 in
1380 1567 1504 1633 ﬁde,
1544 1575 1598 1621 et
1619 1562 1925 1628 dilectione,
1955 1568 2009 1615 ct
2037 1575 2167 1615 san-

599 1684 623 1716 ι
662 1663 993 1720 ctiﬁcatione
1020 1675 1144 1716 cum
1169 1658 1515 1716 sobrietate.»

1142 1767 1151 1776 ’
1229 1802 1534 1845 εειιοειτιοι

1127 462 1184 517 S.
1227 453 1574 515 BRUNONIS
1609 442 2255 509 CARTIIUSIANORUM
2290 437 2779 499 INSTITUTORIS
2813 437 2974 496 OPP.‘
3000 434 3185 521 PARS
3218 432 3281 490 ΙΙ.

596 609 615 640 ι
661 582 850 642 habitu
882 585 1076 636 ornato
1095 591 1221 632 cum
1242 570 1564 629 verecundia
1585 576 1639 622 et
1660 564 1952 622 sobrietate
1971 577 2168 619 ornan-
2197 565 2240 622 Α
2269 567 2533 629 quantum
2563 556 2618 610 in
2643 571 2703 612 se
2733 564 2844 621 est,
2874 555 2930 609 in
2956 552 3070 609 Deo
3093 567 3205 608 non
3237 556 3519 613 remanet,
3569 546 3666 603 sed
3688 547 3823 604 beli-

3731 432 3819 488 Εὖ

2268 646 2658 722 gnitatem'D‘ei'
2680 645 2951 716 iniustitia
2979 642 3273 713 impiorum
3305 639 3519 695 avertit.

2336 738 2492 794 Unde
2521 737 2576 791 in
2600 736 2709 806 Deo
2729 736 2930 806 duplex
2955 733 3210 788 voluntas
3236 729 3634 785 consideratur.
3665 726 3823 783 Alton

2268 829 2585 900 benigitatis
2613 835 2669 883 et
2700 825 3004 882 clementia:
3024 866 3038 889 ,
3070 838 3179 894 qua
3201 835 3392 876 omnes
3413 820 3533 873 vult
3549 817 3728 873 salvos
3747 817 3824 874 lie-

2268 918 2314 972 ri
2341 935 2355 984 ;
2386 918 2554 972 altera
2598 922 2683 971 est
2703 916 2959 969 voluntas
2995 911 3225 982 iustitia:
3259 908 3389 975 Dei,
3425 923 3535 978 qua
3563 907 3733 961 maius
3752 920 3825 961 re-

2268 1008 2496 1077 probat,
2545 1007 2722 1061 bonos
2751 1003 2919 1075 eligit.
2947 1001 3260 1057 Secundum
3298 1007 3481 1053 autem
3513 997 3823 1051 voluntatem

2270 1096 2625 1167 benignitatis
2657 1094 2780 1159 Dei,
2807 1091 3055 1163 praecipit
3088 1088 3383 1159 Apostolus
3409 1101 3573 1142 orare
3605 1099 3704 1155 pro
3722 1099 3823 1137 oui-

2268 1186 2466 1252 nibus’,
2494 1194 2557 1240 ut
2602 1184 2750 1259 quod
2786 1181 2932 1238 Deus
2958 1182 3050 1251 pie
3089 1180 3236 1246 vult,
3283 1187 3340 1233 et
3389 1191 3530 1241 nos,
3572 1173 3826 1245 sequendo

2268 1277 2522 1348 pietatem
2546 1276 2668 1346 ejus
2687 1315 2702 1341 ,
2730 1274 2962 1330 velimus
2977 1315 2992 1340 ,
3021 1279 3193 1343 utque
3215 1269 3472 1323 voluntas
3491 1265 3590 1321 Dei
3614 1265 3705 1319 ﬁat
3721 1278 3826 1318 orc-

2268 1382 2424 1433 mus,
2459 1366 2606 1436 quod
2634 1365 2681 1420 si
2708 1379 2820 1419 non
2844 1363 3030 1430 ﬁeret,
3071 1377 3102 1416 a
3124 1358 3418 1416 clementia
3442 1356 3547 1412 Dei‘
3562 1355 3829 1411 dissentire

2261 1453 2600 1512 videremur.
2636 1453 2734 1510 Vel
2774 1454 2932 1509 aliter
2974 1450 3335 1522 praecedentia
3365 1448 3649 1518 legamus,
3676 1446 3827 1500 utde-

2270 1547 2440 1604 missa
2468 1545 2675 1621 mentio
2704 1545 2762 1599 in
2798 1544 2887 1599 his
2921 1558 3034 1598 non
3082 1541 3172 1597 sit.
3207 1538 3436 1594 Obsecro
3464 1538 3588 1608 ﬁeri
3609 1538 3826 1591 obsecro

2271 1639 2436 1692 tiones
2456 1678 2470 1704 ,
2504 1636 2558 1691 id
2589 1643 2672 1692 est
2693 1632 3072 1704 adjurationes
3101 1631 3250 1698 illas,
3298 1640 3362 1684 ut
3388 1629 3444 1683 in
3479 1628 3728 1691 laetantia,
3750 1625 3827 1679 ubi

2270 1706 2555 1799 adimatur
2576 1742 2676 1797 per
2695 1726 3005 1796 passionem
3025 1765 3040 1790 ,
3065 1737 3166 1795 per
3191 1721 3662 1778 resurrectionem
3694 1727 3749 1772 et
3763 1719 3827 1773 si»-

2270 1818 2506 1887 militer,
2535 1816 2692 1887 quasi
2721 1816 2767 1871 si
2797 1814 2923 1885 quis
2959 1813 3239 1884 adjuraret
3280 1811 3452 1868 Deum
3494 1824 3599 1881 pro
3627 1824 3827 1864 conver-

663 1926 961 1997 Postquam
979 1924 1182 1980 Paulus
1209 1919 1852 1976 admonuitTimotheum
1878 1925 1939 1972 ut
1962 1915 2166 1971 milita—
2197 1881 2240 1939 Β
2270 1886 2433 1965 sione
2450 1881 2747 1978 cujuslibet
2776 1881 3220 1997 sceleratissimi,
3248 1903 3394 1974 quod
3560 1916 3591 1954 a
3618 1899 3725 1955 Deo
3745 1899 3830 1954 im-

593 2026 697 2084 ret,
726 2024 1125 2086 consequenter
1150 2012 1396 2068 insinuat
1437 2012 1491 2066 in
1522 2010 1722 2081 quibus
1760 2024 1887 2064 eum
1931 2007 2166 2062 militare

591 2106 889 2177 praecipiat,
915 2106 1100 2161 dicens
1134 2102 1624 2173 :Quandoquidem
1665 2100 1917 2157 Christus
1959 2099 2168 2155 salvare

589 2205 905 2267 peccatores
962 2194 1111 2249 venit
1165 2193 1223 2247 in
1261 2194 1410 2248 hunc
1457 2190 1742 2257 mundum,
1786 2191 1843 2245 in
1880 2188 2038 2259 cujus
2085 2186 2167 2242 rei

594 2284 951 2356 przedicandae
996 2284 1303 2339 ministerio
1344 2298 1433 2338 me
1478 2281 1803 2348 constituit,
1858 2289 1920 2335 ut
1968 2288 2022 2335 et
2072 2293 2169 2348 per

593 2393 718 2432 eum
742 2375 1049 2443 salvcmini,
1103 2383 1157 2430 et
1179 2374 1501 2445 praedicatio
1547 2389 1670 2430 mea
1726 2374 1782 2428 in
1836 2371 1992 2426 vobis
2047 2369 2167 2424 fru-

593 2466 812 2523 ctiﬁcet.
862 2464 1073 2537 Igitur,
1127 2465 1183 2520 id
1218 2473 1303 2520 est
1330 2472 1551 2536 propter
1579 2465 1699 2520 haec
1734 2462 2046 2534 praemissa,
2078 2461 2171 2515 ob-

592 2573 737 2612 secro
764 2564 827 2612 ut
864 2557 1050 2612 oretis.
1081 2553 1199 2612 Nisi
1223 2556 1368 2611 enim
1420 2555 1565 2611 Deus
1608 2569 1706 2625 per
1738 2552 1999 2624 Spiritum
2038 2568 2169 2609 san-

593 2653 741 2700 ctum
801 2652 1056 2714 operetur
1105 2643 1160 2698 in
1197 2643 1456 2699 cordibus
1512 2643 1727 2709 vestris,
1774 2657 1955 2698 sermo
2014 2655 2171 2696 meus

599 2736 771 2806 317'
790 2734 998 2790 inutilis
1016 2735 1140 2789 erit.
1172 2734 1413 2790 Obsecro
1442 2734 1607 2806 igitur
1631 2735 1862 2805 primum
1893 2734 2125 2787 omnium
2153 2774 2169 2798 ,

595 2827 753 2881 idest
775 2827 1121 2896 potissimum
1142 2834 1270 2882 ante
1290 2825 1474 2881 omnia
1497 2826 1619 2895 ﬁeri
1638 2825 2040 2890 obsecrationes,
2063 2833 2167 2879 etc.

594 2912 734 2980 Quia
766 2912 902 2967 vidit
927 2913 1224 2983 Apostolus
1249 2912 1306 2967 in
1337 2912 1486 2967 omni
1519 2927 1715 2984 genere
1741 2913 2009 2968 orationis
2029 2928 2171 2982 prae-

604 3001 784 3056 valere
825 2988 1243 3074 celebrationem
1283 3001 1499 3067 missaz,
1546 3001 1601 3055 in
1647 3017 1756 3072 qua
1798 3000 2061 3056 memoria
2113 2999 2174 3055 ﬁt

594 3090 868 3160 passionis
892 3090 1133 3157 Christi,
1159 3105 1259 3160 per
1281 3106 1447 3161 quam
1476 3105 1640 3146 omne
1668 3090 1955 3146 hominum
2000 3104 2173 3160 genus

596 3181 939 3252 redemptum
965 3189 1077 3247 est,
1127 3181 1252 3236 ideo
1278 3196 1404 3236 cum
1446 3189 1500 3237 et
1528 3182 1650 3237 aliis
1696 3182 1876 3237 modis
1902 3182 2174 3237 orandum

596 3272 689 3338 sit,
724 3272 830 3337 hoc
858 3287 1030 3342 genus
1053 3270 1338 3335 orationis,
1367 3271 1495 3341 quia
1522 3271 1816 3341 praevalere
1835 3271 2002 3338 vidit,
2042 3286 2175 3340 prte-

593 3361 810 3431 posuit,
835 3361 1023 3415 dicens
1048 3378 1067 3413 :
1086 3359 1332 3414 Primum
1351 3360 1597 3413 omnium
1615 3401 1630 3426 ,
1658 3359 1709 3414 id
1736 3368 1821 3413 est
1841 3367 1968 3417 ante
1991 3358 2172 3412 omnia

594 3452 835 3507 obsecro
860 3450 976 3506 ﬁeri
1004 3451 1435 3505 obsecrationes.
1467 3449 1747 3504 Orationes
1783 3448 1904 3503 illas
1933 3463 2057 3518 quae
2077 3448 2176 3502 ob-

594 3542 931 3597 secrationes
953 3578 968 3606 ,
1000 3540 1052 3594 id
1075 3548 1159 3594 est
1178 3539 1334 3609 juxta
1358 3547 1414 3594 et
1441 3546 1735 3616 aanuam
1761 3553 1962 3606 corpus
1988 3536 2175 3591 Domi-

594 3631 791 3686 nicum
815 3637 1090 3697 sacretur,
1128 3629 1441 3700 praecedunt
1462 3629 1550 3698 (ut
1571 3630 1628 3683 in
1656 3627 1925 3698 principio
1969 3627 2174 3697 missae)

593 3731 753 3778 vocat
770 3720 1207 3787 obsecrationes,
1231 3720 1392 3790 quasi
1405 3719 1562 3790 juxta
1589 3718 1951 3775 sacrationem
1975 3716 2172 3772 dictas.

593 3811 892 3868 Grationes-
923 3819 1111 3867 autem
1132 3820 1187 3867 et
1210 3811 1624 3881 postulationes,
1659 3818 1715 3866 et
1758 3810 2058 3880 gratiarum
2083 3825 2175 3863 ac-

595 3903 760 3957 tiones
791 3901 909 3957 ﬁeri
938 3902 1184 3957 obsecro.
1216 3899 1507 3956 Orationes
1532 3908 1693 3956 vocat
1723 3914 1914 3969 preces
1937 3899 2088 3963 illas,
2116 3898 2172 3952 in

593 3992 795 4063 quibus
813 4033 828 4057 ,
860 4007 986 4046 cum
1012 3993 1299 4056 dicuntur,
1327 3992 1636 4047 substantia
1661 3990 1753 4044 illa
1775 3989 1935 4059 panis
1955 3997 2011 4044 et
2035 3989 2168 4055 vini,

594 4083 660 4136 in-
682 4083 839 4136 altari
868 4083 1114 4151 apposita
1135 4123 1149 4147 ,
1176 4083 1374 4137 transit
1414 4083 1472 4135 in
1501 4097 1703 4151 corpus
1746 4089 1805 4135 et
1846 4081 2170 4150 sanguinem

593 4171 820 4226 Christi.
850 4170 1257 4226 Postulationes
1289 4179 1448 4225 vocat
1491 4186 1680 4240 preces
1724 4185 1847 4240 quae
1873 4170 2017 4225 ﬁunt
2049 4179 2179 4239 post

601 4261 1067 4328 communionem,
1089 4268 1151 4315 ut
1175 4260 1307 4316 illud
1336 4281 1348 4315 :
1381 4280 1399 4312 ι
1420 4260 1627 4316 Perﬁce
1650 4261 1705 4315 in
1729 4260 1906 4327 nobis,
1919 4260 2169 4329 Domine,

594 4350 741 4420 quod
765 4359 857 4405 tua
884 4358 1070 4406 sancta
1098 4351 1412 4418 continent,
1466 4370 1485 4402 ι
1517 4352 1570 4406 id
1610 4360 1695 4407 est
1737 4359 2028 4423 postquam
2068 4367 2170 4408 nos

591 4442 789 4514 pavisti
813 4444 921 4499 hoc
940 4457 1168 4514 corpore
1195 4451 1251 4499 et
1271 4442 1536 4514 sanguine
1556 4451 1652 4499 tuo
1667 4486 1681 4509 ,
1708 4451 1885 4499 restat
1913 4444 2019 4499 hoc
2040 4460 2172 4514 qua-

2265 2000 2468 2071 petrari
2490 2013 2651 2069 posse
2677 1997 2957 2052 videretur
2980 2014 2994 2064 ;
3028 1994 3203 2065 impio
3222 2002 3406 2050 autem
3430 1992 3527 2047 illo
3545 2006 3651 2062 per
3666 2005 3830 2060 preces

2262 2090 2397 2161 justi
2432 2103 2697 2160 converso
2729 2086 2965 2153 faceret,
3010 2086 3196 2156 justus
3222 2083 3500 2140 orationes
3523 2097 3633 2152 pro
3662 2096 3750 2145 eo,
3781 2088 3830 2135 ut

2267 2180 2412 2237 Deus
2440 2196 2565 2236 cum
2593 2179 2697 2234 ﬁde
2716 2179 2870 2233 daret
2889 2176 2964 2231 illi
2983 2176 3210 2230 virtutes
3230 2189 3355 2244 qua:
3374 2181 3703 2242 sequuntur.
3722 2169 3834 2237 Qni-

2267 2273 2371 2328 bus
2401 2270 2638 2341 acceptis
2662 2271 2779 2340 jam
2811 2274 3081 2338 restarent
3107 2265 3508 2338 postulationes
3555 2264 3575 2333 (
3599 2263 3735 2318 sicut
3757 2262 3827 2317 di-

2269 2366 2415 2418 tatum
2440 2363 2544 2433 est)
2569 2376 2667 2432 pro
2690 2359 2896 2417 ctelesti
2922 2358 3089 2431 gloria
3117 2373 3241 2428 qua:
3252 2357 3367 2427 jam
3389 2355 3615 2410 babenti
3635 2354 3831 2409 virtutes

2269 2454 2514 2509 debetur.
2538 2451 2643 2506 Pro
2662 2451 2749 2506 his
2774 2458 2955 2505 autem
2978 2448 3236 2502 omnibus
3253 2486 3269 2510 ,
3293 2446 3348 2500 id
3368 2453 3455 2501 est
3474 2443 3831 2507 conversione,

2270 2541 2617 2613 possessione
2648 2541 2935 2606 virtutum,
2987 2537 3344 2594 concessione
3371 2535 3619 2591 caelestis
3653 2533 3831 2605 gloria,

2271 2641 2576 2704 sequuntur
2605 2631 2902 2702 gratiarum
2932 2629 3209 2693 actiones;
3249 2626 3397 2696 quod
3442 2624 3576 2681 fecit
3612 2624 3834 2680 Justinus

2271 2721 2577 2792 presbyter,
2612 2719 2736 2791 qui,
2763 2725 3017 2788 suscepto
3046 2716 3240 2787 spiritu
3273 2715 3561 2770 Laurentii
3600 2715 3661 2770 in
3676 2715 3829 2779 malis,

2273 2812 2329 2866 in
2361 2812 2632 2867 actionem
2656 2811 2958 2882 gratiarum
2982 2807 3314 2864 sacriﬁcium
3351 2806 3534 2862 laudis
3563 2806 3675 2862 Deo
3699 2806 3832 2860 obtu-

2272 2904 2354 2960 lit.
2381 2902 2621 2959 Obsecro
2644 2910 2824 2957 autem
2854 2902 2958 2958 hoc
2986 2900 3102 2956 ﬁeri
3126 2913 3228 2971 pro
3255 2899 3516 2954 omnibus
3540 2897 3833 2953 hominibus

2275 2994 2441 3063 (sicut
2472 2991 2835 3063 dictumfest).

2344 3086 2485 3153 Quia
2527 3083 2780 3140 fortassis
2814 3089 3070 3153 putarent
3110 3081 3333 3152 quidam
3371 3095 3482 3136 non
3532 3096 3659 3137 esse
3689 3093 3830 3135 orau-

2201 3208 2245 3268 C
2276 3176 2406 3232 dum
2437 3191 2537 3247 pro
2565 3174 2903 3246 principibus
2933 3181 2988 3229 et
3015 3173 3263 3245 tyrannis
3284 3214 3299 3240 ,
3336 3172 3427 3243 qui
3460 3179 3719 3242 premunt
3742 3168 3832 3223 Ec-

2276 3268 2496 3325 clesium
2545 3267 2671 3333 Dei,
2711 3267 2961 3338 adjungit
2992 3286 3004 3321 :
3040 3265 3131 3321 Sic
3154 3266 3280 3321 dico
3305 3266 3579 3321 orandum
3614 3281 3709 3336 pro
3728 3278 3831 3318 om-

2272 3360 2465 3425 nibus,
2502 3367 2562 3413 ut
2607 3373 2709 3413 nec
2758 3358 2923 3414 etiam
2952 3364 3334 3428 persecutores
3368 3356 3635 3412 Ecclesiae
3667 3354 3828 3411 exclu-

2272 3452 2427 3518 dam,
2460 3451 2553 3506 sed
2586 3459 2738 3507 orate
2763 3451 2927 3507 etiam
2966 3467 3062 3520 pro
3104 3450 3310 3521 regibus
3332 3491 3349 3518 ,
3391 3459 3442 3503 et
3472 3464 3577 3520 pro
3606 3446 3830 3503 omnibus

2273 3539 2440 3609 quiin
2473 3540 2800 3594 sublimitate
2821 3539 3067 3594 saeculari
3101 3547 3259 3606 sunt,
3309 3538 3705 3619 seuducibus,
3747 3552 3826 3591 seu

2272 3630 2608 3686 consulibus.
2636 3628 2704 3685 Et
2732 3646 2833 3700 pro
2855 3629 2936 3686 eis
2959 3644 3059 3685 vos
3081 3645 3241 3685 orare
3268 3645 3379 3684 non
3407 3629 3591 3684 solum
3613 3626 3829 3699 proﬁciet

2272 3720 2414 3788 illis,
2447 3721 2542 3776 sed
2588 3721 2755 3776 etiam
2794 3721 2973 3777 vobis.
3010 3720 3091 3775 Ad
3114 3721 3231 3776 haec
3252 3728 3334 3787 ut,
3362 3720 3472 3775 illis
3507 3735 3539 3774 a
3570 3716 3831 3792 tyrannide

2271 3827 2370 3868 sua
2387 3811 2753 3878 cessantibus,
2778 3827 2998 3882 agamus
3017 3812 3181 3865 vitam
3202 3811 3433 3881 quietam
3454 3827 3486 3865 a
3510 3807 3827 3881 persecutio-

2271 3916 2370 3968 ne,
2404 3916 2507 3957 nec
2534 3901 2593 3956 in
2617 3917 2728 3956 una
2752 3916 2814 3957 re
2832 3942 2848 3966 ,
2873 3901 2967 3957 sed
2996 3901 3159 3954 etiam
3189 3900 3537 3971 tranquillam
3558 3943 3575 3967 ,
3604 3901 3659 3955 id
3685 3898 3826 3955 estin

2270 3991 2421 4045 omni
2445 4004 2507 4046 re
2543 3989 2805 4058 quietam.
2835 3988 3229 4059 Tranquillitas
3272 3987 3533 4045 Ecclesia:
3556 3990 3826 4061 plurimum

2271 4079 2492 4150 prodest
2523 4079 2850 4149 quibusdam
2882 4079 3285 4146 tenerioribus,
3304 4078 3399 4150 qui
3428 4080 3483 4134 in
3509 4096 3645 4151 pace
3669 4079 3826 4134 Eccle-

2271 4170 2367 4225 sia:
2401 4168 3039 4240 justiﬁcationem-suam
3069 4177 3427 4236 conservant;
3466 4185 3616 4240 quos
3654 4170 3699 4226 si
3726 4179 3824 4223 tor-

2270 4270 2454 4317 menta
2483 4262 3033 4332 comprehenderent,
3060 4260 3311 4318 fortassis
3339 4277 3371 4321 a
3418 4262 3525 4320 ﬁde
3554 4263 3822 4320 recederet.

2269 4351 2436 4423 318
2460 4350 2528 4407 Et
2555 4352 2678 4407 ideo
2727 4352 2994 4407 orandum
3050 4367 3173 4408 esse
3203 4351 3337 4408 dicit
3378 4368 3481 4424 pro
3529 4353 3741 4426 regibus
3782 4361 3826 4406 et

2269 4441 2626 4512 principibus.
2652 4441 2892 4513 Agamus
2921 4441 3044 4497 dico
3069 4442 3237 4496 vitam
3262 4444 3614 4517 tranquillam
3638 4446 3688 4499 in
3707 4440 3827 4497 omni

594 4534 642 4591 si
667 4550 741 4590 ex
760 4534 943 4591 debito
963 4576 977 4601 ,
1005 4543 1066 4589 ut
1099 4534 1246 4605 quod
1270 4534 1358 4606 pie
1382 4534 1594 4604 coepisti
1622 4535 1902 4605 perﬁcias,
1937 4550 2171 4606 pascens
2200 4550 2246 4604 ι)
2270 4533 2495 4602 pietate,
2526 4531 2580 4587 id
2608 4539 2687 4587 est
2752 4531 3045 4604 religione,
3099 4541 3150 4586 et
3196 4532 3252 4587 in
3300 4533 3450 4588 omni
3484 4536 3753 4598 castitate,
3778 4528 3822 4584 id

592 4639 697 4681 nos
726 4623 1055 4679 indeﬁcienti
1084 4624 1208 4679 cibo
1236 4624 1422 4695 gloriae
1446 4631 1553 4679 tuae
1592 4622 1646 4678 in
1676 4624 1862 4691 cceli‘s‘,
1910 4624 2057 4694 quod
2083 4625 2174 4682 hic

590 4715 648 4770 in
675 4714 834 4770 altari
862 4714 1211 4785 prtelibamus
1255 4713 1560 4770 Postulatio
1582 4714 1729 4769 enim
1751 4713 1950 4769 dicitur
1967 4755 1982 4781 ,
2013 4715 2179 4785 quasi

590 4806 768 4862 oratio
801 4805 943 4862 facta
985 4806 1052 4861 de
1074 4822 1133 4860 re
1155 4820 1277 4876 qua!
1292 4805 1408 4875 jam
1450 4804 1828 4860 misericordia
1868 4805 1961 4860 vel
1977 4805 2172 4860 merito

590 4895 837 4953 debetur.
870 4896 1184 4952 Gratiarum
1207 4896 1452 4951 actiones
1479 4904 1667 4964 vocat,
1695 4904 1757 4950 ut
1786 4896 1919 4953 illud
1945 4898 2091 4967 quod
2115 4897 2172 4954 in

591 4983 700 5038 ﬁne
743 4986 928 5042 missa
968 4986 1171 5042 dicitur
1196 4985 1576 5041 Benedicamus
1600 4985 1859 5056 Domino,
1908 4986 2018 5042 Deo
2045 5004 2170 5058 gra-

593 5070 722 5127 tias.
750 5072 823 5128 Ut
854 5075 962 5130 hoc
991 5076 1234 5132 dicentes
1277 5077 1574 5133 innuamus
1601 5086 1776 5133 totum
1824 5078 2167 5133 referendum

591 5175 715 5217 esse
741 5164 929 5233 gratiae
963 5164 1057 5221 Dei
1089 5167 1236 5237 quod
1264 5167 1440 5235 dedit,
1464 5176 1517 5224 et
1535 5169 1683 5238 quod
1705 5168 1760 5224 in
1780 5178 2042 5224 aeternum
2070 5170 2137 5224 da
2154 5200 2168 5211 -

595 5258 754 5307 turus
776 5261 879 5308 est.
899 5252 1025 5310 Haec
1047 5265 1230 5312 autem
1245 5257 1473 5314 obsecro
1486 5258 1603 5313 ﬁeri
1624 5276 1719 5330 pro
1733 5261 1974 5314 omnibus
1994 5261 2135 5314 hami
2151 5291 2177 5305 ο.

592 5343 748 5397 nibus
766 5385 779 5410 ,
808 5351 871 5397 ut
891 5346 1023 5400 salvi
1048 5347 1182 5402 ﬁant
1214 5362 1280 5401 ex
1307 5350 1583 5405 voluntate
1614 5349 1728 5405 Dei.
1764 5349 1919 5417 Quod
1948 5352 1994 5406 si
2018 5367 2170 5421 qum-

588 5433 735 5489 ritur
762 5448 862 5488 cur
880 5448 980 5503 pro
1007 5435 1264 5489 omnibus
1291 5436 1480 5504 iubeat
1504 5453 1662 5493 orare
1685 5437 2007 5508 Apostolus,
2039 5455 2171 5495 cum

590 5522 816 5591 quidam
861 5538 895 5577 a
916 5522 1030 5576 Dee
1054 5524 1328 5593 rcprobati
1357 5525 1493 5590 sint,
1540 5543 1639 5596 pro
1688 5528 1888 5598 quibus
1920 5530 2013 5600 qui
2050 5538 2171 5584 orat

589 5612 806 5668 videtur
850 5612 1368 5683 oﬁ'enderelDeum,
1398 5615 1491 5686 qui
1520 5633 1616 5673 eos
1655 5620 1928 5687 reprobat.
1965 5620 2167 5675 Contra

595 5703 710 5759 haec
729 5705 929 5761 dicitur
951 5706 1099 5776 quod
1124 5704 1268 5761 Deus
1290 5707 1511 5776 quidem
1535 5723 1598 5763 ex
1624 5710 1954 5779 benignitate
1975 5718 2029 5764 et
2055 5712 2165 5765 cle-

592 5795 800 5865 utentia
814 5812 914 5853 sua
931 5798 1059 5855 velit
1077 5812 1298 5855 omnem
1319 5798 1595 5856 hominem
1620 5801 1831 5857 salvum
1855 5801 1991 5868 ﬁeri,
2014 5803 2167 5873 quia,

2268 4630 2352 4677 est
2373 4621 2428 4676 in
2448 4622 2755 4692 integritate
2776 4622 2931 4689 ﬁdei;
2967 4637 3091 4692 quae
3126 4621 3173 4678 si
3213 4623 3527 4692 persecutio
3554 4624 3821 4695 ingrueret,

2269 4723 2380 4768 non
2402 4712 2484 4768 sic
2510 4712 2567 4766 in
2595 4712 2853 4780 omnibus
2881 4712 3088 4786 integra
3110 4696 3466 4782 perduraret,
3501 4714 3625 4770 ideo
3654 4724 3823 4769 moneo

2270 4817 2429 4857 orare
2458 4817 2559 4872 pro
2594 4802 2872 4859 omnibus.
2905 4801 3029 4857 Hoc
3062 4803 3212 4857 enim
3230 4812 3292 4859 ut
3321 4812 3515 4859 oretur
3544 4819 3645 4875 pro
3667 4801 3820 4859 omni-

2271 4886 2587 4950 bus'bonum
2608 4936 2624 4962 ,
2664 4895 2719 4950 id
2754 4902 2840 4951 est
2871 4894 3004 4951 utile
3032 4894 3204 4950 estad
3232 4893 3540 4964 profectum
3578 4893 3822 4954 Ecclesia,

2273 4992 2325 5040 et
2348 4985 2454 5040 tale
2487 4968 2692 5040 bonum
2720 4985 2868 5054 quod
2891 4984 2961 5039 sit
2983 4991 3251 5055 acceptum
3270 4992 3325 5039 et
3349 4992 3567 5055 gratum
3595 4983 3713 5038 Deo.
3732 4979 3821 5034 Nec

2274 5074 2421 5132 sicut
2452 5075 2508 5129 in
2544 5085 2790 5145 tempore
2823 5074 3064 5145 placeat,
3099 5074 3228 5128 etin
3263 5080 3511 5142 tempore
3538 5073 3819 5144 displiceat.

2274 5164 2371 5219 sed
2391 5163 2471 5219 sic
2499 5172 2782 5235 acceptum
2808 5172 2869 5219 ut
2892 5163 2962 5218 sit
2991 5179 3169 5217 coram
3190 5162 3329 5231 Deo,
3353 5163 3407 5217 id
3430 5173 3517 5219 est
3549 5173 3609 5219 ut
3639 5173 3822 5230 sempr

2272 5264 2490 5311 maneat
2522 5256 2577 5311 in
2610 5256 2786 5313 oculis
2827 5256 3159 5327 beneplaci'ti
3182 5256 3323 5327 ejus.
3366 5256 3483 5312 Deo
3511 5257 3633 5314 dico
3660 5254 3819 5311 Salvo-

2274 5355 2384 5401 (ore
2414 5357 2627 5415 nostra,
2668 5347 2760 5419 qui
2787 5348 3065 5419 quomodo
3090 5361 3191 5404 nos
3230 5347 3494 5416 salva'rit,
3541 5348 3647 5404 uult
3670 5358 3820 5401 omne:

2269 5439 2505 5493 homines
2539 5438 2711 5494 salvos
2745 5440 2894 5509 ﬁeri”,
2927 5438 3228 5495 secundum
3248 5439 3584 5496 voluntatem
3614 5432 3822 5507 benigni-

2269 5529 2402 5586 tatis
2429 5546 2542 5587 sum
2559 5572 2574 5599 ,
2607 5531 2751 5586 sicut
2772 5545 2941 5602 supra»
2966 5531 3173 5586 dictum
3195 5536 3296 5585 est.
3329 5528 3399 5583 Et
3427 5539 3486 5584 ut
3513 5529 3646 5587 salvi
3675 5528 3822 5591 ﬁant,

2268 5621 2386 5677 vult
2410 5638 2602 5679 omnes
2632 5622 2803 5676 venire
2824 5623 2894 5676 ad
2917 5622 3254 5701 agnitionem
3270 5621 3510 5701 ueritatis
3529 5662 3544 5688 ,
3569 5621 3619 5676 id
3641 5629 3718 5676 est
3736 5632 3816 5670 ve-

2271 5730 2346 5768 rae
2371 5714 2495 5770 ﬁdei
2519 5729 2616 5784 per
2648 5730 2814 5785 quam
2842 5712 2947 5770 iter
2974 5722 3059 5770 est
3085 5713 3152 5769 ad
3183 5696 3436 5769 salutem.
3474 5696 3666 5767 Probat
3693 5705 3818 5779 quod

2269 5809 2425 5866 dixit.
2460 5810 2599 5867 Vere
2622 5811 2766 5869 Deus
2800 5814 2919 5869 vult
2945 5826 3135 5867 omnes
3159 5810 3338 5867 salvos
3367 5807 3519 5877 ﬁeri;
3556 5806 3693 5879 quod
3730 5815 3814 5873 p1-
