3988 6400
116 439 245 494 457
802 437 1170 494 EXFOSiTIO
1210 439 1274 493 IN
1317 439 1698 494 EPIQ'I‘OLAS
1739 438 1765 490 Ρ

1882 439 1964 494 LI.
2010 472 2073 480 --—
2115 441 2181 494 ΙΝ
2218 443 2436 498 EPIST.
2481 444 2499 498 l
2541 446 2631 498 AD
2673 445 2791 500 ΤΙΜ
3313 450 3418 504 458

119 564 212 609 tet
247 571 328 608 ex
365 569 464 618 eo,
496 553 623 622 quia
664 567 797 603 unus
826 560 902 603 est
936 549 1107 615 Deus,
1148 551 1199 602 id
1247 560 1331 605 cst
1375 559 1588 606 creator
1618 565 1738 605 om-
1773 553 1812 608 A
1845 551 2049 607 dicant.
2077 552 2212 630 Quia
2241 555 2286 610 si
2321 555 2571 627 discipuli
2605 559 2712 614 mei
2741 560 2851 613 veri
2885 568 3046 623 sunt,
3091 569 3308 616 constat
3331 578 3418 616 me

126 645 334 697 nium.
365 642 613 712 Cumque
649 639 791 694 Dens
839 638 1084 693 omnium
1117 649 1329 694 creator
1365 639 1465 704 sit,
1511 655 1622 693 non
1661 649 1743 694 est
1845 643 2324 700 doctorem‘eorum
2340 663 2447 701 non
2464 665 2585 704 esse
2599 649 3088 715 titelidaceln.Quia
3100 651 3418 720 praedicato—

124 751 339 790 “3053'
365 749 535 804 quare
579 731 969 802 Ῑηηῖὲηῖῑθιθῐι)
1004 746 1160 784 suam
1194 741 1353 802 neget
1396 731 1521 796 ιιῐιίν
1562 739 1616 784 et
1655 731 1744 785 det
1848 751 1963 790 rem
1999 745 2054 791 et
2080 738 2405 806 Apostolum
2444 755 2504 795 se
2531 741 2807 807 nominat,
2834 757 2944 796 non
2976 741 3229 798 elatiOnis
3257 743 3420 797 verba

126 828 314 883 alteri
354 836 649 891 creaturae,
694 841 859 895 quam
913 823 1114 892 impius
1163 824 1348 894 utique
1391 825 1495 879 sibi
1545 833 1742 894 negat,
1847 834 2010 893 sunt,
2044 828 2139 882 sed
2177 837 2237 882 ut
2269 843 2367 898 per
2392 830 2534 886 hanc
2575 833 2953 886 auctoritatem
2983 833 3252 888 dictorum
3288 848 3420 888 suo-

130 920 282 990 qnia
324 919 493 989 impie
515 918 654 989 agit,
687 918 836 974 salva
863 929 919 973 et
941 921 1149 990 integra
1175 917 1504 988 perdurante
1533 917 1598 972 ad
1627 933 1745 972 om-

129 1025 245 1064 nes
267 1009 615 1080 benignitate
641 1007 752 1064 Dei.
778 1008 907 1064 lnde
928 1009 1091 1064 etiam
1114 1009 1294 1078 palam
1324 1020 1408 1064 est
1428 1009 1575 1080 quod
1603 1007 1746 1062 Deus

131 1101 282 1155 velit
312 1115 510 1155 omnes
538 1100 718 1154 salvos
748 1099 886 1164 fieri,
918 1100 1043 1170 quia
1068 1115 1211 1155 unus
1245 1108 1330 1154 est
1357 1099 1618 1153 mediator
1645 1095 1746 1152 Dei

131 1201 189 1246 et
216 1191 545 1256 hominum,
581 1198 635 1246 et
679 1205 788 1244 non
824 1191 1008 1260 plures
1035 1190 1381 1245 mediatores.
1417 1188 1571 1244 Unde
1614 1204 1746 1244 con-

136 1293 262 1339 stat
295 1283 434 1353 quia
467 1283 722 1337 omnibus
763 1298 918 1352 atque
956 1284 1087 1338 velit
1115 1267 1379 1352 proficere
1401 1325 1415 1348 ,
1446 1281 1624 1336 factus
1666 1289 1749 1336 est

137 1375 417 1430 omnium
447 1373 730 1428 mediator.
765 1373 1021 1430 Christus
1063 1373 1330 1429 mediator
1360 1373 1590 1440 dicitur,
1621 1373 1748 1442 quia

139 1466 264 1519 duo
293 1474 548 1520 extrema
585 1473 638 1518 et
660 1479 698 1518 ‘a
729 1479 787 1519 se
809 1480 1037 1534 prorsus
1069 1464 1265 1530 divisa,
1301 1463 1470 1518 Deum
1513 1462 1750 1529 scilicet,

145 1561 201 1612 in
239 1573 372 1627 quo
401 1555 582 1610 omnis
606 1555 820 1624 justitia
862 1565 917 1610 et
953 1556 1091 1610 nihil
1130 1555 1436 1626 injustitiae,
1486 1563 1540 1609 et
1567 1554 1749 1608 homi-

145 1662 314 1712 nem,
346 1645 400 1698 in
423 1659 534 1714 quo
564 1644 745 1698 omnis
777 1644 1045 1714 injustitia
1076 1653 1128 1699 et
1160 1643 1294 1697 nihil
1322 1641 1566 1712 justitiaa,
1607 1655 1749 1695 con-

146 1737 371 1791 cordes
397 1736 526 1792 fecit
547 1753 644 1807 per
664 1743 1002 1806 assumptum
1030 1733 1132 1788 sibi
1152 1733 1574 1798 humanitatem,
1599 1731 1756 1801 justi-

147 1826 344 1881 ficans
394 1825 695 1880 hominem.
723 1824 926 1879 Probat
951 1824 1129 1878 adhuc
1171 1823 1343 1877 Deum
1389 1823 1525 1877 velle
1555 1836 1748 1876 omnes

147 1917 372 1975 salvari
410 1916 600 1970 dicens
633 1935 645 1969 :
677 1914 774 1970 llic
797 1922 978 1969 autem
1011 1913 1295 1978 mediator,
1325 1927 1448 1966 eum
1474 1911 1528 1964 in
1557 1911 1756 1965 deitate

148 2006 448 2076 gloriosus
466 2013 632 2071 esset,
656 2005 821 2059 homo
842 2004 1020 2060 factus
1047 2012 1152 2070 est,
1174 2013 1284 2058 tam
1313 2003 1436 2058 vilis
1461 2017 1547 2057 res
1565 2010 1619 2056 et
1645 2010 1752 2055 tam

148 2095 575 2151 contumeliosa
604 2093 752 2164 quod
794 2109 1078 2164 nunquam
1101 2094 1284 2159 ﬁeret,
1327 2093 1432 2147 nisi
1456 2093 1616 2147 vellet
1643 2091 1753 2146 sal-

149 2200 293 2240 vare
350 2186 626 2240 homines.
655 2183 756 2239 llic
802 2193 986 2240 autem
1032 2185 1300 2239 mediator
1348 2191 1432 2238 est
1469 2181 1752 2248 Christus,

151 2275 470 2330 itnmolans
503 2275 834 2333 sacriﬁcium
882 2293 982 2347 pro
1023 2277 1183 2331 nobis
1221 2276 1574 2345 semetipsum
1614 2274 1754 2340 Deo,

151 2374 226 2420 et.
259 2380 367 2421 rex
395 2365 640 2436 dirigens
681 2382 782 2422 nos
809 2367 878 2422 ad
911 2366 1289 2422 salvationem.
1317 2363 1416 2422 Hic
1463 2374 1643 2420 autem
1674 2374 1758 2420 est

150 2454 326 2510 Iesus
350 2456 596 2511 salvator
614 2473 777 2526 quem
804 2458 910 2513 hoc
930 2473 1130 2512 nomen
1152 2457 1398 2541 designat
1421 2455 1758 2512 Salvatorem

153 2547 455 2613 omnium,
506 2549 596 2617 qui
623 2547 877 2604 Christus
917 2546 1078 2604 Jesus
1125 2547 1269 2601 dedit
1314 2548 1757 2616 redemptionem,

156 2652 262 2691 nec
290 2652 500 2690 aurum
525 2639 609 2692 vel
653 2647 972 2709 argentum,
1025 2639 1121 2694 sed
1155 2640 1490 2707 semetipsum
1523 2637 1758 2708 pretium

156 2728 316 2782 dedit
341 2744 445 2796 pro
467 2730 708 2784 omnibus
738 2731 1090 2786 redimendis.

235 2816 349 2872 Sed
383 2819 515 2872 licet
563 2835 672 2874 non
719 2821 974 2876 omnibus
1015 2821 1251 2890 pretium
1286 2821 1417 2876 illud
1465 2821 1758 2892 profuerit,

160 2913 300 2981 quia
344 2911 403 2964 in
460 2912 734 2981 impietate
782 2913 1245 2982 perduraverunt,
1283 2914 1537 2969 Christus
1579 2923 1761 2968 tamen

162 3001 412 3070 pretium
442 2999 616 3065 dedit,
644 3002 790 3070 quod
827 3002 1099 3058 sufﬁciens
1127 3011 1270 3058 esset
1308 3003 1469 3057 saluti
1493 3003 1760 3068 omnium,

165 3091 210 3144 si
243 3105 456 3146 omnes
503 3090 631 3144 boni
677 3106 801 3146 esse
843 3091 1061 3146 vellent.
1096 3091 1164 3146 Et
1196 3092 1322 3161 quia
1367 3109 1466 3163 pro
1509 3093 1764 3148 omnibus

1783 1873 1829 1933 Β

1845 933 1968 971 rum
1997 919 2155 974 fidem
2187 921 2521 976 corroboret.

1916 1009 2081 1080 319
2109 1008 2378 1076 Quoniam
2404 1013 2616 1082 quiden.
2650 1012 2976 1069 sufﬁcienter
3008 1015 3297 1084 probatum
3339 1023 3424 1069 est

1848 1101 2111 1154 orandum
2151 1114 2274 1155 esse
2321 1116 2420 1170 pro
2478 1103 2733 1158 omnibus
2780 1105 3113 1169 hominibus,
3160 1121 3280 1174 ergo
3311 1104 3424 1158 volo

1849 1209 2025 1246 omnes
2053 1193 2212 1257 viros,
2232 1201 2286 1247 et
2316 1193 2575 1248 mulieres
2603 1211 2777 1260 orare,
2807 1204 2868 1248 ut
2906 1195 3204 1249 secundum
3231 1195 3426 1249 volun-

1849 1291 2014 1338 tatem
2054 1281 2148 1337 Dei
2177 1284 2474 1337 salventur.
2511 1281 2644 1340 Volo
2690 1285 2876 1354 utique
2934 1287 3080 1340 viros
3128 1301 3284 1341 orare
3315 1299 3424 1339 non

1849 1383 2058 1428 tantum
2081 1373 2136 1428 in
2165 1373 2414 1440 ecclesia,
2473 1375 2565 1430 sed
2596 1375 2756 1429 etiam
2778 1376 2992 1428 inomni
3019 1376 3153 1441 loco,
3181 1375 3427 1428 habentes

1849 1481 2010 1533 puras
2044 1482 2250 1531 manus,
2281 1473 2385 1520 etc.
2443 1463 2541 1519 llic
2583 1465 2743 1521 docet
2783 1467 2974 1536 quales
3021 1483 3080 1521 se
3124 1481 3430 1537 prteparare

1851 1553 2083 1609 debeant
2109 1556 2178 1610 ad
2225 1551 2513 1610 orandum.
2569 1555 2744 1611 Puras
2786 1572 2983 1612 manus
3007 1565 3164 1611 vocat
3198 1556 3430 1610 mundus

1853 1644 2188 1712 affectiones,
2239 1654 2299 1698 ut
2345 1645 2480 1699 nihil
2529 1647 2697 1700 velint
2721 1645 2840 1700 dari
2899 1644 3058 1700 sibia
3107 1643 3238 1710 Deo,
3287 1644 3431 1712 quod

1855 1737 2024 1792 Deum
2055 1737 2186 1792 dare
2217 1735 2374 1792 nefas
2409 1737 2498 1803 sit,
2533 1737 2628 1793 sed
2668 1738 2903 1791 maxime
2951 1734 3198 1790 omnium
3257 1733 3435 1787 salva-

1856 1827 2060 1882 tionem
2109 1827 2403 1896 postulent.
2461 1826 2637 1880 Puras
2687 1827 2809 1880 dico
2855 1824 3084 1879 levantes
3128 1838 3224 1892 per
3261 1821 3436 1876 incre—

1857 1926 2038 1973 menta
2065 1917 2193 1972 boni
2215 1917 2398 1987 operis
2425 1926 2479 1972 et
2499 1919 2603 1988 piae
2646 1916 2934 1980 orationis,
2962 1923 3016 1969 et
3052 1913 3158 1967 hoc
3183 1913 3296 1965 sine
3329 1911 3436 1972 ira,

1858 2007 1911 2063 id
1939 2017 2022 2063 est
2050 2009 2169 2063 sine
2193 2008 2318 2062 odio
2348 2008 2600 2076 proximi.
2650 2005 2754 2072 Qui
2792 2005 2937 2059 enim
2969 2004 3085 2058 odit
3102 2001 3435 2071 proximum,

1857 2098 1926 2152 ab
1947 2097 2153 2153 unitate
2178 2097 2434 2153 Ecclesiae
2457 2111 2515 2152 se
2534 2095 2810 2164 discerpit.
2826 2093 2892 2146 Et
2906 2090 3439 2160 sincdiseeptatione,

1859 2188 1911 2244 id
1939 2196 2021 2244 est
2041 2188 2160 2244 sine
2174 2187 2488 2254 dillidentia,
2513 2194 2685 2252 orate,
2723 2184 2851 2239 facti
2876 2185 3011 2238 tales
3027 2182 3218 2251 quales
3243 2180 3435 2234 timore

1858 2281 2067 2351 peccati
2091 2295 2199 2335 non
2230 2287 2476 2350 oporteat
2492 2278 2800 2347 disceptare
2829 2292 2896 2329 an
2946 2274 3088 2327 Deus
3115 2271 3344 2326 daturus
3368 2268 3442 2324 sit

1857 2370 2013 2426 vobis
2041 2369 2188 2440 quod
2240 2369 2442 2438 petitis,
2491 2381 2688 2421 necne.
2741 2363 2912 2430 Quasi
2963 2362 3170 2416 diceret
3227 2356 3442 2414 :Orate

1860 2478 1985 2516 cum
2015 2460 2304 2516 dilectione
2334 2458 2428 2513 Det
2451 2467 2504 2513 et
2539 2454 2796 2526 proximi.
2828 2452 3075 2506 Mulieres
3125 2450 3286 2504 etiam
3315 2462 3446 2502 eum

1860 2551 1993 2606 viris
2016 2551 2140 2605 volo
2164 2565 2340 2614 orare,
2373 2547 2627 2603 similiter
2669 2545 2787 2600 sine
2817 2545 2896 2597 ira
2951 2550 3006 2597 et
3051 2538 3446 2608 disceptatione

1860 2640 2156 2696 existentes
2191 2639 2243 2690 in
2280 2637 2486 2696 habitu.
2511 2651 2621 2690 non
2645 2633 2739 2703 qui
2763 2639 2920 2686 ornet
2940 2631 3082 2694 illas,
3113 2627 3208 2682 sed
3233 2633 3446 2688 ornato.

1863 2732 1915 2786 id
1942 2739 2024 2786 est
2054 2731 2147 2800 qui
2171 2737 2396 2785 ornetur
2430 2728 2500 2782 ab
2524 2727 2652 2792 illis,
2677 2725 2822 2795 quod
2851 2731 2996 2777 tanta
3023 2721 3096 2775 sit
3145 2717 3447 2772 reverentia

1864 2821 2152 2876 mulierum
2180 2830 2240 2874 ut
2266 2820 2430 2875 etiam
2455 2834 2643 2873 earum
2672 2815 2994 2870 vestimenta
3038 2809 3325 2892 videantur
3351 2824 3444 2862 or-

1865 2921 2011 2978 nata,
2051 2909 2179 2981 quia
2212 2917 2413 2964 sanctae
2433 2908 2693 2962 mulieres
2717 2905 2824 2958 illis
2867 2911 3111 2958 utantur.
3164 2898 3447 2952 Manentes

1865 3021 1984 3058 cum
2003 3000 2332 3066 verecundia,
2362 3007 2422 3052 ut
2445 2995 2774 3068 pudibunda:
2798 2993 2981 3048 omnia
3005 2990 3290 3055 faciant,et
3320 3002 3447 3041 cum

1866 3093 2148 3147 sobrietate
2167 3089 2295 3156 cibi,
2331 3098 2492 3160 potus
2523 3097 2576 3142 et
2599 3086 2910 3141 verborum.
2955 3081 3096 3136 Cum
3125 3079 3250 3134 aliis
3270 3078 3447 3132 virtu-

165 3179 613 3248 redemptionem
644 3179 825 3247 dedit,
874 3196 1067 3236 omnes
1114 3197 1268 3251 aaque
1317 3184 1527 3238 salvarc
1557 3184 1758 3247 voluit,
1791 3195 1836 3258 ο
1869 3183 2012 3238 tibus
2033 3183 2132 3236 has
2156 3179 2292 3235 duas
2318 3179 2554 3234 maxime
2590 3173 2937 3232 commendat
2962 3169 3301 3235 mulieribus,
3319 3167 3448 3238 quia

168 3273 328 3341 cujus
356 3270 442 3323 rei
470 3270 732 3338 (scilicet,
761 3271 906 3341 quod
938 3288 1129 3327 omnes
1173 3273 1290 3327 vult
1318 3273 1496 3328 salvos
1526 3273 1664 3344 fieri)
1694 3285 1763 3328 te-

168 3364 492 3417 stimonium
515 3363 886 3431 conﬁrmatum
907 3374 1018 3430 est,
1053 3363 1181 3434 quia
1209 3364 1354 3434 quod
1379 3366 1658 3435 propheta:
1689 3375 1766 3421 te-

169 3459 300 3511 stati
331 3464 470 3511 sunt
493 3463 618 3509 ante
642 3454 921 3510 Christum
948 3455 1015 3510 de
1044 3469 1108 3510 eo
1129 3455 1432 3522 Salvatore,
1461 3455 1756 3510 confirma-

169 3547 247 3601 vit
272 3545 542 3600 Christus
563 3589 577 3612 ,
613 3547 889 3616 implendo
916 3546 1101 3601 omnia
1131 3562 1254 3616 qua:
1294 3546 1362 3601 de
1389 3561 1450 3601 se
1490 3546 1770 3616 propheta:

170 3637 568 3708 praedixerant.
592 3635 716 3692 “th
736 3637 1030 3705 autem'per
1055 3636 1421 3706 impletionem
1448 3636 1769 3690 confirmata

172 3738 308 3782 sunt
337 3727 663 3797 temporibus
700 3727 844 3792 suis,
892 3725 945 3780 id
975 3733 1061 3781 est
1082 3725 1372 3795 congruis,
1417 3732 1478 3778 ut
1517 3724 1771 3778 nativitas

171 3818 389 3872 Christi
421 3817 662 3886 quodam
696 3825 938 3885 tempore
986 3815 1041 3870 in
1085 3815 1194 3868 alio
1221 3856 1235 3880 ,
1272 3814 1462 3884 passio
1494 3822 1548 3868 et
1577 3822 1770 3869 czetera

175 3910 243 3963 de
271 3909 510 3963 Christo
532 3907 763 3963 diversis
790 3906 1150 3976 temporibus.
1181 3903 1295 3959 Nisi
1318 3904 1464 3959 enim
1491 3905 1769 3960 Christum

174 3999 500 4054 testimonia
548 3999 935 4069 prophetarum
980 3997 1415 4065 prmeessissent,
1468 4010 1661 4065 parum
1689 3995 1772 4049 vel

176 4091 318 4145 nihil
346 4089 663 4144 crederetur
686 4089 736 4144 ei
755 4130 768 4156 ,
796 4086 944 4158 quod
973 4086 1114 4140 idem
1145 4085 1359 4152 innuit,
1403 4102 1530 4140 cum
1559 4085 1774 4140 duobus

173 4181 476 4252 discipulis
521 4189 642 4252 post
692 4179 1148 4236 resurrectionem
1200 4193 1472 4248 apparens
1516 4178 1632 4232 ait:
1669 4197 1686 4229 ‹
1730 4178 1775 4232 Ο

176 4272 339 4327 stulti
361 4281 419 4326 et
449 4273 588 4328 tardi
621 4273 785 4328 corde
808 4271 876 4326 ad
905 4270 1234 4326 credendum
1270 4269 1324 4323 in
1357 4269 1444 4324 his
1471 4285 1594 4340 qua:
1609 4271 1773 4325 locuti

178 4374 318 4418 sunt
340 4364 621 4433 prepheta:
643 4363 796 4435 (Luc.
825 4379 976 4429 χειν,
1001 4362 1149 4431 25),›
1170 4369 1274 4416 etc.
1290 4360 1446 4428 Quod
1473 4363 1636 4416 etiam
1662 4363 1777 4432 ipse

178 4456 318 4522 alibi
352 4457 408 4509 in
442 4455 732 4526 Evangelio
772 4457 885 4511 ait:
916 4454 975 4508 In
1022 4455 1127 4508 hoc
1156 4462 1241 4508 est
1274 4454 1499 4508 verbum
1542 4470 1730 4507 verum
1760 4473 1771 4506 :

1872 3275 2006 3329 vidit
2025 3290 2118 3328 eas
2165 3273 2400 3327 maxime
2434 3271 2686 3324 laborare
2728 3266 2921 3319 morbo
2988 3261 3341 3332 impudicitiae
3395 3269 3450 3313 et

1871 3365 2319 3435 intemperantia;
2351 3361 2606 3417 Mulieres
2633 3359 2756 3415 dico
2777 3364 3024 3412 ornantes
3042 3370 3095 3408 se
3121 3369 3225 3406 non
3260 3350 3314 3405 in
3336 3359 3452 3405 tor-

1871 3455 1940 3510 tis
1961 3454 2215 3519 crinibus,
2243 3462 2334 3506 aut
2359 3468 2511 3516 auro,
2543 3459 2636 3503 aut
2663 3447 2996 3518 margaritis,
3021 3443 3099 3497 rel
3150 3450 3284 3496 veste
3328 3457 3449 3509 pre-

1872 3546 2028 3609 tiosa,
2059 3543 2113 3598 id
2137 3551 2220 3597 est
2248 3557 2358 3596 non
2387 3540 2667 3596 studentes
2689 3538 2857 3593 cultui
2887 3549 3200 3606 corporum,
3228 3531 3321 3587 sed
3353 3546 3450 3600 per

1871 3637 2010 3691 bona
2043 3649 2206 3704 opera
2232 3648 2352 3704 qum
2389 3631 2521 3686 f’oris
2556 3638 2870 3700 operantur,
2893 3627 3254 3697 promittentes
3288 3623 3454 3691 picta

1873 3735 1994 3792 tem,
2021 3726 2073 3779 id
2103 3725 2263 3779 estin
2301 3723 2589 3794 propatulo
2617 3721 2892 3775 mittentes
2939 3717 3258 3785 religionem
3295 3728 3451 3766 men-

1870 3817 1942 3872 tis
1967 3833 2058 3885 per
2089 3816 2275 3869 bonam
2315 3813 2667 3882 operationem
2695 3802 2994 3876 exhibitam
3019 3804 3171 3860 foris.
3198 3802 3256 3856 In
3285 3817 3451 3856 oran—

1871 3910 1942 3964 do
1956 3909 2080 3963 volo
2109 3908 2252 3961 viros
2271 3915 2325 3961 ct
2363 3905 2621 3959 mulieres
2647 3902 2982 3957 similesesse
3006 3917 3020 3964 ;
3047 3897 3142 3953 sed
3168 3897 3222 3950 in
3249 3896 3451 3951 docen-

1872 3995 1961 4060 do,
1993 3993 2076 4047 vel
2129 3990 2512 4062 interrogando
2565 3989 2686 4043 volo
2734 3983 3030 4041 dissimiles
3068 3997 3210 4037 esse.
3261 3977 3456 4031 Mulier

1873 4085 2017 4139 enim
2040 4083 2234 4146 discat,
2282 4081 2467 4135 audiat
2515 4091 2824 4133 sermonem
2855 4075 2911 4128 in
2948 4071 3201 4136 ecclesia,
3232 4085 3340 4124 non
3373 4068 3456 4122 in-

1875 4176 2220 4247 terrogando,
2247 4189 2423 4244 neque
2467 4168 2862 4242 respondendo,
2887 4168 2981 4223 sed
3012 4166 3083 4221 sit
3112 4166 3168 4217 in
3221 4161 3455 4223 silentio,

1873 4278 1927 4324 et
1961 4269 2008 4322 si
2045 4268 2100 4321 in
2130 4265 2316 4335 aliquo
2342 4265 2574 4330 haesitat,
2612 4277 2736 4316 cum
2764 4258 2974 4315 venerit
3003 4257 3250 4320 domum,
3280 4254 3457 4307 virum

1876 4361 2190 4430 interroget.
2223 4357 2407 4412 Discat
2463 4364 2645 4409 autem
2679 4353 2734 4406 in
2765 4351 2982 4406 silentio
3015 4365 3133 4402 cum
3161 4348 3304 4401 onmi
3333 4345 3456 4397 sub-

1865 4453 2116 4521 jectione,
2149 4456 2271 4519 post
2293 4448 2442 4501 viros
2483 4445 2678 4501 stando
2717 4443 2893 4513 capite
2931 4441 3126 4504 velato,
3155 4444 3378 4506 aspectu
3402 4435 3454 4487 in

179 4551 334 4620 quod
361 4551 506 4606 alius
525 4543 609 4606 est
635 4551 729 4620 qui
759 4551 1020 4615 seminat,
1050 4558 1105 4604 et
1131 4549 1272 4603 alius
1291 4549 1385 4620 qui
1415 4551 1569 4604 mctit
1590 4549 1769 4618 (Joan.
1805 4559 1851 4617 ι)
1879 4551 2078 4595 terram
2104 4539 2230 4593 fixo.
2263 4538 2400 4591 Cum
2423 4536 2568 4590 enim
2626 4534 2681 4586 in
2713 4530 2942 4586 ecclesia
2977 4526 3352 4586 convenimus,
3385 4522 3458 4575 ibi

185 4657 271 4708 Iv,
314 4641 434 4709 37).
473 4660 490 4692 ι
545 4640 827 4710 Propheta:
857 4640 1567 4709 quidem.seminaverunt,
1611 4639 1776 4693 Chri-

183 4746 310 4790 stus
340 4744 524 4788 autem
553 4749 676 4788 cum
722 4732 986 4802 apostolis
1011 4731 1128 4786 suis
1158 4731 1384 4786 seminis
1412 4730 1623 4786 fructus
1657 4732 1773 4786 col”-

186 4827 339 4896 Iegit.
368 4822 453 4876 Ad
483 4823 626 4878 idem
666 4822 1042 4892 probandum,
1090 4821 1236 4892 quod
1267 4820 1412 4875 Deus
1440 4821 1557 4874 vult
1584 4836 1776 4875 omnes

185 4919 377 4971 salvos
401 4913 553 4980 fieri,
577 4912 957 4967 auctoritatem
989 4927 1143 4966 suam
1167 4910 1416 4976 adducit,
1444 4909 1634 4964 dicens
1663 4929 1675 4963 :
1710 4909 1773 4962 In

184 5023 316 5075 quo,
348 5003 406 5058 id
434 5011 521 5059 est
556 5003 608 5056 in
636 5018 744 5072 qua
771 5018 830 5056 re
849 5001 1212 5071 prmdicanda,
1243 4999 1607 5067 scilicetquod
1633 4997 1775 5054 Deus

189 5113 290 5165 pro
340 5095 521 5150 salute
545 5094 788 5149 omnium
819 5093 1053 5163 pretium
1083 5092 1291 5146 dederit
1335 5092 1684 5162 semetipsum
1728 5100 1782 5144 et

187 5195 390 5238 caetera
415 5199 538 5253 qua:
567 5183 850 5252 puemissa
887 5191 1048 5248 sunt,
1083 5195 1184 5251 ego
1213 5183 1414 5250 positus
1440 5197 1556 5234 sum
1581 5181 1777 5250 pra'di-

192 5285 348 5329 tutor
379 5290 411 5328 a
440 5273 581 5341 Deo,
608 5281 670 5329 ut
706 5274 811 5328 hoc
840 5271 1128 5342 praedicem
1153 5271 1412 5326 omnibus
1435 5313 1450 5336 ,
1479 5280 1534 5325 et
1565 5284 1782 5340 magna:

191 5364 484 5437 dignitatis
509 5364 862 5435 praedicator,
890 5357 1030 5434 quia'
1062 5362 1226 5417 etiam
1273 5362 1556 5432 Apostolus
1583 5361 1652 5415 ad
1680 5361 1784 5415 hoc

196 5456 610 5527 praedicandum
644 5457 978 5512 constitutus
1001 5497 1014 5521 ,
1041 5462 1095 5510 et
1122 5468 1222 5525 ego
1245 5454 1435 5524 procul
1462 5453 1630 5508 dubio
1667 5453 1786 5506 dico

195 5548 512 5612 ceritatem,
536 5563 638 5602 nec
683 5546 738 5602 in
777 5545 1018 5616 qualibet
1050 5560 1157 5598 una
1189 5551 1342 5613 parte
1384 5544 1477 5598 sed
1523 5544 1595 5598 ita
1641 5541 1788 5613 quod

202 5657 308 5692 non
356 5639 558 5694 alicubi
596 5639 857 5703 mentior,
903 5645 957 5692 et
989 5651 1089 5706 ego
1129 5635 1240 5704 jam
1290 5635 1620 5690 constitutus
1665 5650 1787 5690 sum

202 5730 391 5784 doctor
411 5731 648 5800 gentium
677 5731 730 5782 in
756 5729 858 5798 ﬁde
886 5736 934 5782 et
963 5727 1212 5791 veritate,
1243 5725 1296 5780 id
1332 5734 1418 5790 est.
1438 5725 1550 5795 jam
1586 5725 1789 5780 multos

206 5821 508 5894 discipulos
535 5819 728 5891 docui,
754 5820 847 5894 qui
875 5818 1062 5890 fideles
1099 5826 1225 5874 sunt
1258 5825 1311 5875 et
1339 5816 1620 5873 veritatem
1654 5835 1790 5889 pne-

1877 4630 2056 4686 Judici
2084 4633 2556 4697 repraesentamur,
2589 4637 2750 4691 quem
2778 4637 2873 4690 per
2912 4617 3281 4673 seductionem
3333 4628 3456 4667 mu-

1877 4719 2031 4774 lieris
2059 4718 2114 4772 in
2147 4717 2284 4770 iram
2308 4712 2760 4784 provocavimus;
2786 4707 2944 4777 cujus
2987 4706 3066 4758 rei
3099 4717 3310 4758 memor
3334 4717 3459 4754 Inu-

1877 4812 1999 4876 lier,
2021 4803 2168 4878 quod
2197 4805 2366 4860 totius
2391 4800 2713 4872 perditionis
2740 4806 2931 4852 auctor
2978 4794 3161 4859 fuerit,
3219 4792 3277 4846 in
3325 4805 3460 4860 pra:—
3519 4832 3526 4838 .

1881 4901 2056 4957 scntia
2082 4897 2292 4953 J‘udicis
2317 4895 2545 4949 multum
2575 4891 2735 4946 debet
2754 4884 3131 4942 verecundari.
3167 4881 3238 4936 Ut
3264 4882 3457 4946 discat,

1881 4989 2122 5045 concedo
2145 4984 2382 5041 mulieri.
2405 4983 2601 5035 Docere
2638 4987 2813 5032 autent
2861 4975 3040 5031 virum
3080 4971 3326 5028 doctrina
3349 4969 3461 5042 spi—

1881 5081 2024 5135 ritali
2048 5078 2179 5133 illud
2211 5073 2359 5128 nullo
2379 5072 2530 5125 modo
2550 5069 2796 5140 permitto
2825 5063 3064 5128 mulieri,
3093 5078 3252 5132 neque
3286 5060 3460 5115 donti-

1884 5171 2000 5224 nari
2030 5169 2216 5236 aliquo
2251 5161 2484 5234 spiritali
2535 5157 2778 5214 dominio
2801 5157 2856 5210 in
2893 5156 3085 5220 virum,
3109 5153 3199 5206 sed
3249 5165 3465 5220 semper

1881 5274 2134 5334 essemnon
2157 5257 2336 5312 solum
2365 5255 2421 5307 in
2445 5251 2656 5306 silentio
2695 5245 3064 5318 interrogandi
3107 5243 3192 5299 vel
3231 5256 3461 5312 respon-

1885 5323 2072 5415 dendi,
2101 5347 2195 5402 sed
2217 5345 2384 5400 etiam
2405 5343 2460 5397 in
2497 5339 2715 5398 silentio
2751 5334 3140 5394 confabulandi
3185 5348 3312 5389 cum
3361 5331 3463 5385 al-i-

1889 5459 1998 5515 quo
2019 5442 2074 5495 in
2099 5439 2330 5496 ecclesia

1961 5531 2087 5587 ldeo
2112 5528 2310 5584 mulier
2347 5539 2455 5578 non
2507 5522 2665 5576 debet
2691 5515 2960 5573 dominari
2983 5514 3037 5568 in
3089 5512 3289 5576 virum,
3335 5509 3464 5578 quia

1889 5625 2060 5679 Adam
2093 5621 2293 5691 primus
2331 5616 2590 5686 formatus
2621 5619 2719 5675 est,
2743 5607 2930 5661 deinde
2953 5604 3084 5658 Eva.
3111 5601 3256 5657 Ordo
3279 5608 3463 5654 autem

1891 5713 2184 5774 creationis
2233 5724 2421 5765 eorum
2452 5706 2631 5775 signat
2653 5701 2829 5755 virum
2857 5696 3052 5750 debere
3103 5691 3371 5748 dominari
3409 5692 3466 5745 in

1892 5810 2328 5876 mulierem,-non
2353 5798 2637 5856 mulierem
2690 5792 2743 5846 in
2769 5789 2963 5844 virum.
2987 5783 3127 5842 Cum
3167 5783 3326 5876 enim.
3341 5788 3467 5838 ante
