3906 6294
557 342 668 412 139

1092 351 1150 409 S.
1192 350 1539 411 BRUNONIS
1574 347 2225 410 CARTHUSIANORUM
2262 350 2761 421 INSTITUTORIS
2795 357 2947 419 OPP.
2987 358 3172 420 PARS
3209 360 3276 418 ll.
3676 372 3754 432 uo

554 464 864 534 hominem,
894 466 979 522 vel
1002 466 1190 525 eodem
1215 476 1491 523 momento
1515 481 1641 521 cum
1691 467 1931 534 homine,
1969 467 2135 535 Deus,
2164 470 2215 531 Α
2247 487 2267 520 ι
2306 472 2581 558 primum,
2626 483 2681 531 et
2714 475 2796 531 sic
2835 477 3167 546 ministrent,
3198 478 3410 535 nullum
3463 482 3646 541 crimen
3682 490 3756 547 ha.

556 556 609 611 si
627 548 818 623 vellet,
859 570 1048 614 creare
1086 565 1274 627 posset
1302 548 1609 624 mulierem,
1631 571 1742 612 non
1765 557 1885 622 siste
1907 573 1967 613 re
1991 568 2133 614 tem-

552 661 690 716 pore
711 646 1072 716 posteriorem
1101 648 1223 701 viro
1240 646 1389 713 iecit,
1418 646 1543 701 ideo
1585 646 1766 703 adhuc
1804 648 2002 704 mulier
2022 665 2132 704 non

554 736 717 794 debet
739 739 795 793 in
817 738 995 795 virum
1017 737 1317 804 dominari;
1349 741 1547 792 etenim
1594 737 1768 792 Adam
1797 755 1898 795 non
1929 750 2003 795 est
2047 758 2132 796 se-

554 834 749 890 ductas
773 833 870 891 illo
888 836 1050 890 modo
1083 848 1193 904 quo
1226 833 1450 900 mulier,
1484 835 1808 891 uterederet
1855 852 1914 893 se
1968 847 2132 909 gustu

553 925 847 1007 pomi'ﬂeri
870 925 1057 989 Deum,
1106 923 1200 979 sed
1230 923 1285 978 in
1324 925 1430 979 hoc
1468 925 1687 995 quidem
1709 927 1969 983 seductus
2027 927 2155 984 fuit.

554 1017 704 1086 quia,
731 1017 989 1071 suadente
1028 1014 1130 1070 sibi
1155 1017 1382 1071 muliere
1400 1031 1566 1086 quam
1612 1017 1756 1093 Deus
1812 1021 1865 1074 in
1916 1021 2132 1092 adjuto-

552 1102 699 1162 rium
729 1107 835 1161 sibi
859 1106 1100 1172 dederat,
1126 1112 1421 1176 utrumque
1448 1107 1779 1164 existimavit
1807 1126 1966 1180 posse
1990 1111 2127 1180 ﬁeri,

552 1202 608 1250 et
631 1194 792 1249 uxori
810 1209 870 1249 se
906 1208 1116 1249 morem
1167 1210 1384 1266 gerere,
1413 1204 1468 1251 et
1512 1197 1710 1267 patrati
1758 1200 1979 1256 sceleris
2008 1210 2129 1258 acta

548 1285 721 1353 pamit
753 1283 867 1337 ntia
893 1299 924 1338 a
949 1282 1062 1339 Deo
1088 1299 1148 1341 se
1184 1299 1350 1355 posse
1392 1286 1607 1341 veniam
1658 1287 1921 1346 obtinere.
1955 1290 2128 1355 Adam

547 1382 657 1429 nun
685 1381 770 1430 est
789 1374 1068 1442 seductus,
1096 1372 1288 1430 mulier
1317 1385 1492 1431 autem
1513 1378 1730 1432 seducta
1742 1379 1874 1449 fuit,
1903 1379 2130 1438 credens

545 1475 606 1518 ae
627 1461 745 1518 fieri
772 1462 915 1520 Deos
943 1472 1005 1519 ut
1029 1478 1255 1535 serpens
1276 1474 1545 1533 suaserat,
1568 1468 1625 1521 in
1667 1470 2125 1539 prwvaricatione,

544 1551 707 1611 idest
730 1554 787 1610 in
822 1563 950 1611 actu
976 1555 1210 1627 peccati,
1246 1555 1454 1613 scilicet
1482 1556 1538 1612 in
1595 1560 1927 1617 comestione
1956 1558 2125 1632 pomi.

543 1640 613 1700 Et
635 1654 859 1716 propter
893 1654 974 1701 tot
993 1662 1193 1702 causas
1249 1648 1677 1720 muliersemper
1727 1652 1925 1724 subjici
1970 1654 2128 1710 debet

546 1732 688 1803 viro,
708 1729 817 1792 non
841 1738 1113 1808 praeferri;
1138 1742 1368 1812 spiritali
1389 1738 1704 1812 praelatione
1731 1743 1877 1813 dico,
1901 1744 1946 1800 si
1975 1746 2121 1805 enim

546 1826 937 1895 servoshabet,
963 1829 1090 1885 licet
1110 1830 1248 1886 bene
1293 1832 1565 1888 dominari
1605 1833 1661 1889 in
1715 1833 1825 1890 illis
1866 1836 2127 1892 saeculari

542 1914 814 1974 dominio.
851 1917 1038 1976 Potest
1073 1921 1239 1983 etiam
1286 1923 1484 1979 mulier
1524 1924 1849 1981 mulieribus
1894 1926 2126 1997 spiritali

539 2007 707 2061 modo
729 2022 983 2078 prmesse,
1002 2011 1096 2066 sed
1135 2010 1258 2066 viro
1289 2028 1592 2084 nunquam.
1626 2013 1705 2071 Ne
1733 2024 1914 2077 autem
1961 2017 2126 2088 alicui

538 2096 814 2153 videretur
841 2099 1126 2156 mulierem
1154 2116 1265 2158 non
1318 2119 1481 2174 posse
1511 2106 1732 2175 salvari,
1784 2106 1913 2179 quia
1957 2124 2126 2166 causa

537 2185 703 2243 fuerit
724 2190 892 2245 totius
924 2190 1281 2262 perditionis,
1307 2203 1361 2249 et
1409 2196 1540 2265 quia
1573 2197 1716 2253 idem
1748 2197 1951 2256 Paulus
1987 2202 2125 2258 adeo

535 2275 836 2334 detestatus
857 2279 929 2335 sit
973 2281 1282 2350 mulierem,
1332 2284 1517 2341 subdit
1549 2287 1617 2344 de
1639 2290 1817 2345 salute
1859 2291 1984 2362 ejus
2036 2292 2122 2349 di-

537 2380 672 2450 cens
705 2384 718 2420 :
756 2366 908 2423 Licet
946 2370 1144 2427 mulier
1179 2373 1401 2429 seducta
1429 2375 1499 2431 sit
1550 2392 1660 2432 non
1697 2378 1923 2436 seducto
1966 2381 2122 2450 viro,

540 2442 717 2512 tam'en
738 2457 938 2515 mulier
957 2460 1271 2517 salvabitur.
1298 2463 1420 2520 Non
1450 2467 1627 2522 solum
1670 2469 1822 2540 virgo
1872 2472 1959 2528 vel
1985 2442 2120 2529 con:

538 2544 739 2613 tinens,
764 2549 858 2604 sed
878 2550 1043 2605 etiam
1072 2552 1279 2610 vadens
1298 2571 1392 2624 per
1418 2558 1806 2626 generationem
1859 2561 2119 2630 ﬁliorum,

537 2632 591 2691 id
617 2644 700 2692 est
721 2638 883 2693 etiam
913 2649 1101 2711 nupta.
1125 2641 1240 2699 Hac
1267 2645 1579 2702 conditione
1606 2648 1732 2704 dico
1752 2649 1915 2722 320
1932 2654 1981 2706 si
1997 2670 2119 2723 per-

536 2730 871 2783 atonseritiu
896 2731 1203 2804 ﬁde,pquod
1239 2750 1431 2792 sanam
1486 2738 1646 2795 ﬁdem
1697 2740 1915 2810 habeat,
1969 2752 2025 2797 et
2063 2744 2118 2798 in

534 2816 821 2875 dilectione
840 2820 933 2877 Dei
963 2829 1016 2878 et
1038 2825 1363 2893 proximi,et
1408 2827 1462 2882 in
1502 2831 1928 2895 sanctiﬁcatione
1949 2849 2115 2904 quam

533 2910 741 2982 accepit
772 2911 826 2966 in
858 2913 1151 2983 baptismo.
1210 2915 1583 2983 Permanserit
1614 2921 1739 2978 dico
1759 2922 1815 2978 in
1857 2923 1943 2980 his
1998 2942 2117 2979 cum

532 2999 833 3069 sobrietate,
860 3017 1024 3073 quam
1048 3004 1171 3062 ideo
1199 3008 1395 3078 repetit
1420 3010 1565 3080 quod
1617 3011 1672 3066 in
1696 3012 1801 3068 bac
1820 3013 2115 3084 plurimum

2242 581 2261 617 ι
2307 562 2515 620 bentes.
2547 563 2802 622 Mulieres
2831 565 3082 623 similiter
3100 569 3361 639 pudicas,
3385 587 3494 628 non
3518 574 3756 636 detrahen—

2241 670 2261 707 ‹
2305 662 2407 721 tes,
2436 655 2670 723 sobrias,
2712 657 2902 715 ﬁdeles
2960 656 3020 714 in
3063 660 3337 717 omnibus.
3392 661 3639 727 Diacones
3674 672 3756 729 sint

2241 762 2260 795 ι
2306 745 2470 802 unius
2500 746 2693 804 uxoris
2712 747 2837 816 viri,
2867 751 2963 822 qui
2988 750 3115 808 {iliis
3155 753 3274 809 suis
3316 754 3453 810 bene
3479 759 3692 827 praesint,
3716 772 3757 821 et

2240 855 2258 886 ι
2305 836 2422 892 suis
2442 836 2718 894 domibus.
2747 838 2853 906 Qui
2881 841 3029 896 enim
3059 842 3197 899 bene
3214 844 3758 922 ministraverint,gra-

2226 908 2259 977 Δ‹
2300 925 2429 980 dum
2456 926 2559 982 sibi
2597 928 2801 984 bonum
2830 930 3135 1000 acquirent,
3175 940 3229 987 et
3274 934 3506 1007 multum
3548 908 3756 999 ﬁduciam

2239 1035 2257 1067 σ
2300 1015 2354 1070 in
2385 1015 2488 1072 ﬁde
2508 1033 2633 1088 quae
2654 1027 2738 1074 est
2768 1019 2825 1075 in
2869 1018 3094 1077 Christo
3137 1020 3290 1079 Jesu.
3334 1022 3460 1080 Haec
3480 1026 3570 1081 tibi
3596 1028 3755 1094 scribo,

2238 1125 2257 1158 ε
2300 1106 2375 1163 illi
2406 1107 2710 1178 Timothee,
2740 1124 2970 1181 sperans
3010 1128 3103 1169 me
3145 1115 3335 1171 venire
3375 1108 3445 1172 ad
3498 1127 3550 1175 te
3579 1119 3686 1178 cito.
3714 1122 3756 1180 Si

2237 1218 2255 1250 ι
2302 1208 2482 1254 autem
2501 1201 2817 1269 .tardavero,
2839 1211 2902 1258 ut
2922 1203 3066 1259 scias
3093 1206 3373 1276 quomodo
3397 1219 3633 1279 oporteat
3659 1214 3756 1271 tein

2236 1306 2256 1339 ‹
2301 1286 2465 1343 domo
2489 1287 2586 1343 Dei
2616 1289 2965 1359 conversari,
2986 1308 3110 1363 qua:
3151 1303 3237 1351 est
3266 1294 3515 1353 Ecclesia
3553 1297 3758 1371 Deivivi,

2237 1398 2256 1431 ι
2302 1380 2553 1435 columna
2593 1388 2649 1436 et
2689 1380 3095 1440 ﬁrmamentum
3115 1386 3383 1444 veritatis.
3416 1388 3484 1444 Et
3520 1392 3760 1463 manifeste

2236 1489 2255 1521 σ
2298 1486 2556 1542 magnum
2585 1480 2673 1527 est
2698 1472 2918 1544 pietatis
2937 1487 3364 1546 sacramentum,
3411 1481 3555 1551 quod
3575 1484 3758 1542 maniis-

2235 1578 2253 1611 ι
2298 1569 2501 1617 statum
2529 1571 2614 1619 est
2641 1559 2698 1618 in
2720 1580 2909 1634 carne,
2932 1574 2986 1621 et
3000 1558 3361 1636 justiﬁestum
3391 1571 3544 1627 estin
3583 1572 3755 1644 spiritu,

2235 1667 2256 1701 ι
2298 1650 2550 1720 apparuit
2574 1651 2801 1723 angelis,
2826 1653 3178 1724 praedicatum
3201 1667 3286 1713 est
3323 1659 3592 1729 gentibus,
3617 1665 3760 1722 credi-

2236 1758 2254 1791 ε
2300 1747 2416 1795 tum
2437 1750 2521 1796 est
2546 1740 2603 1796 in
2638 1743 2866 1811 mundo,
2886 1753 3232 1816 assumptum
3252 1749 3416 1806 estin
3439 1750 3621 1821 gloria.
3656 1771 3676 1807 ι

2866 1851 3169 1894 εκροειτιο.

2236 1986 2239 1987 ν
2298 1921 2594 1995 Postquam
2615 1927 3063 1983 communitatem
3084 1928 3344 1987 Ecclesia:
3379 1931 3761 1993 admonuitora—

2228 2030 2308 2082 re,
2336 2021 2390 2070 et
2419 2030 2487 2070 ex
2509 2016 2615 2071 hoc
2640 2016 2921 2087 publicum
2961 2029 3294 2090 praeceptum
3334 2021 3392 2077 in
3421 2025 3662 2083 omnibus
3684 2026 3758 2084 de-

2225 2104 2326 2173 dit,
2364 2107 2549 2162 subdit
2590 2107 2841 2178 qutedam
2868 2109 3046 2166 divisa
3091 2122 3384 2184 praecepta,
3440 2116 3563 2186 qua?
3596 2118 3762 2175 nonde

2225 2198 2481 2255 omnibus
2507 2207 2689 2270 agant,
2721 2199 2929 2257 scilicet
2950 2201 3019 2257 de
3061 2203 3371 2260 sacerdotio
3408 2214 3468 2261 et
3490 2207 3760 2277 diaeonatu,

2225 2285 2511 2345 insinuans
2534 2289 2745 2359 quales,
2767 2298 2823 2345 et
2861 2291 3141 2361 quomodo
3171 2293 3242 2349 ad
3284 2295 3424 2363 istos
3454 2297 3661 2360 ordines
3676 2299 3761 2355 sint

2222 2377 2596 2446 promovendi.
2611 2377 3103 2450 Quodjprazceptum
3125 2381 3257 2455 quia
3279 2384 3419 2439 vidit
3442 2389 3761 2445 onerosum'et

2221 2464 2434 2521 difﬁcile
2457 2467 2808 2544 quibusdam,
2832 2479 3126 2542 antequam
3148 2485 3418 2545 proponat
3437 2479 3761 2547 commendat,

2220 2552 2409 2613 dicens
2439 2574 2454 2610 :
2479 2555 2579 2614 Hic
2621 2575 2795 2614 sermo
2810 2576 2972 2631 quem
3025 2563 3275 2619 dicturus
3330 2574 3461 2622 sunt
3487 2566 3648 2636 ﬁdelis
3670 2578 3762 2639 est,

2221 2644 2276 2701 id
2306 2655 2390 2704 est
2415 2647 2563 2702 credi
2594 2648 2779 2718 debet,
2810 2658 2866 2705 et
2889 2652 3099 2707 nemini
3119 2661 3205 2710 est
3241 2667 3531 2712 onerosus.
3563 2655 3652 2714 Hic
3673 2660 3761 2714 utin

2221 2753 2327 2808 que
2346 2748 2430 2794 est
2456 2754 2638 2796 sermo
2665 2756 2828 2812 quem
2875 2744 3202 2800 Commendo
3237 2763 3255 2800 :
3275 2755 3481 2816 oportet
3503 2750 3760 2821 episcopus

2219 2845 2329 2883 esse
2358 2829 2889 2900 irreprehensibilem.
2920 2831 3020 2890 llic
3044 2843 3226 2891 autem
3249 2852 3348 2907 per
3367 2838 3667 2909 episcopum
3698 2841 3761 2898 si-

2219 2919 2438 2989 gniﬁcat
2483 2921 2839 2981 sacerdotem.
2900 2923 3182 2995 Superﬂue
3228 2927 3377 2983 enim
3432 2924 3760 2999 Timotheum,

2218 3011 2313 3079 qui
2348 3008 2711 3080 Ephesiorum
2747 3013 3039 3085 episcopus
3079 3024 3224 3084 erat,
3265 3017 3336 3073 de
3354 3019 3649 3085 ordinando
3669 3021 3761 3091 epi-

532 3089 741 3146 soleant
765 3106 990 3161 peccare
1040 3095 1316 3164 mulieres,
1362 3097 1485 3154 ideo
1542 3100 1864 3172 conjugatas
1917 3104 2116 3159 salvari
2145 3113 2191 3176 ο
2222 3116 2390 3171 scopo
2411 3100 2660 3172 Ephesiis
2703 3102 3173 3174 instrueret,,cum
3214 3123 3282 3163 eo
3309 3108 3386 3164 ibi
3430 3089 3762 3182 episcopante,

529 3182 870 3251 possedixit,
894 3186 1046 3255 quia,
1082 3186 1217 3244 side
1261 3189 1564 3261 virginibus
1586 3193 1669 3248 vel
1692 3195 1892 3251 .viduis
1938 3198 2116 3253 solum
2224 3190 2391 3246 alium
2423 3191 2624 3248 ibidem
2665 3194 2971 3264 ερίεεορδτὶ
3005 3198 3307 3254 absurdum
3341 3210 3513 3269 esset,
3549 3217 3641 3258 nec
3662 3217 3759 3259 cm“

530 3269 780 3340 dixisset,
808 3284 1093 3343 putaretur
1148 3277 1483 3337 intellexisse
1542 3283 1740 3337 salvari
1796 3299 1905 3339 non
1955 3301 2120 3355 posse
2220 3281 2456 3336 dendum
2486 3291 2588 3340 est.
2620 3281 2891 3341 Praeterea
2923 3286 2973 3347 si
3005 3288 3076 3344 de
3101 3287 3435 3348 dimitti!
3467 3302 3757 3363 ρτεαθιιωω

530 3360 870 3440 conjugatas,
895 3380 1017 3435 qua:
1037 3382 1163 3422 cum
1187 3369 1464 3426 salvandae
1493 3372 1627 3440 sint,
1655 3385 1870 3430 constat
1900 3391 1995 3446 per
2012 3377 2118 3434 hoc
2219 3371 2374 3427 daret
2399 3372 2795 3442 (praetermisso
2818 3376 3145 3433 sacerdotali
3163 3379 3357 3437 ordine
3384 3360 3485 3454 qui
3520 3360 3763 3455 praecedit)

528 3450 598 3509 de
619 3454 794 3509 salute
814 3455 1086 3528 virginum
1139 3468 1194 3516 et
1239 3461 1550 3518 viduarum.
1582 3462 1681 3520 Vel
1730 3468 2115 3527 continuemus

2220 3461 2489 3516 absonum
2534 3462 2810 3527 videretur
2859 3474 2913 3525 et
2941 3466 3382 3527 inordinabiliter
3401 3450 3634 3537 iactum.
3671 3450 3763 3531 Nec

531 3543 691 3599 aliter
725 3562 745 3598 ε
768 3543 922 3603 Licet
950 3546 1162 3604 mulieri
1188 3567 1293 3625 non
1322 3555 1631 3622 permittam
1654 3556 1837 3613 docere
1859 3560 1915 3614 in
1932 3561 2115 3617 Eccle-

530 3632 636 3700 sia,
657 3642 839 3692 tamen
851 3637 1167 3713 salvabitur,
1200 3641 1253 3699 id
1279 3652 1363 3698 est
1384 3646 1581 3714 poterit
1616 3648 1972 3706 salvationem
1996 3669 2113 3708 me-

526 3725 637 3779 reri
665 3743 760 3796 per
808 3732 1198 3798 generationem
1245 3734 1505 3805 ﬁliorum,
1536 3738 1587 3793 id
1628 3749 1712 3795 est
1760 3743 2115 3812 spiritualiter

527 3814 852 3873 instruendo
869 3818 1017 3875 domi
1043 3820 1189 3878 ﬁlios
1243 3839 1394 3891 suos,
1442 3827 1744 3885 saivabitur
1766 3832 1868 3887 hac
1910 3834 2026 3905 lege
2063 3838 2113 3891 si

527 3905 815 3975 (quantum
842 3907 897 3964 in
926 3910 1022 3966 iila
1041 3912 1167 3984 erit)
1196 3915 1292 3970 lilii
1315 3916 1436 3987 ejus
1454 3924 1838 3989 permanserint
1869 3925 1923 3978 in
1969 3926 2074 3995 ﬁde
2092 3968 2107 3992 ,

523 4005 574 4050 et
593 3996 892 4068 dilectione,
923 4011 972 4056 et
998 4006 1451 4076 sanctiﬁcatione,
1481 4026 1601 4067 cum
1634 4012 1935 4082 sobrietate,
1969 4017 2111 4077 sicut

524 4084 732 4145 dictum
759 4098 870 4147 est.

1127 4184 1357 4242 CAPUT
1408 4188 1498 4245 Ill.
2090 4244 2094 4249 .

601 4284 621 4358 ε
666 4264 871 4325 Fidelis
896 4287 1097 4329 sermo.
1129 4274 1187 4330 Si
1215 4279 1340 4348 quis
1396 4280 1774 4352 episcopatum
1810 4285 2103 4358 desiderat,

530 4370 551 4405 ι
592 4353 799 4412 bonum
821 4374 959 4430 opus
983 4361 1281 4422 desiderat.
1325 4367 1551 4439 Oportet
1595 4372 1740 4428 enim
1786 4353 2102 4450 episcopum

528 4463 551 4497 ι
593 4445 1122 4519 irreprebensibilem
1162 4473 1285 4514 esse
1329 4461 1496 4517 unius
1542 4465 1731 4521 uxoris
1769 4445 1973 4538 virum,
2007 4486 2101 4527 so-

526 4555 555 4591 ι
586 4537 787 4608 brium,
818 4553 1094 4614 ornatum,
1125 4549 1470 4617 prudentem,
1521 4544 1800 4625 pudicum,
1853 4559 2101 4633 hospita-

525 4644 545 4679 ο
589 4627 716 4696 lem,
740 4629 1043 4700 doctorem,
1096 4651 1205 4691 non
1264 4638 1620 4710 vinolentum,
1667 4660 1776 4701 non
1808 4627 2099 4718 percusso-

524 4731 545 4767 ο
588 4733 729 4785 rem,
755 4721 852 4777 sed
883 4724 1213 4794 modestum,
1261 4743 1369 4784 non
1406 4730 1729 4804 litigiosum,
1782 4752 1894 4792 non
1946 4741 2099 4810 cupi-

519 4825 539 4861 l
586 4809 742 4877 dum,
771 4812 865 4868 sed
889 4828 1003 4869 sua:
1029 4816 1215 4872 domui
1238 4818 1376 4876 bene
1395 4823 1746 4894 praepositum
1764 4866 1780 4892 ,
1824 4826 1967 4883 ﬁlios
2000 4809 2100 4883 ba-

516 4918 537 4950 ‹
589 4899 806 4956 bentem
872 4905 1291 4973 subditoscum
1339 4913 1491 4967 omni
1545 4915 1812 4971 castitate.
1860 4914 1929 4985 Si
1974 4919 2099 4988 quis

516 5008 536 5040 ι
587 4999 769 5047 autem
790 4993 986 5050 domui
1010 5012 1123 5054 suae
1174 5015 1409 5070 praeesse
1455 5006 1653 5073 nescit,
1686 5006 1961 5076 quomodo
1996 5008 2133 5069 Ec».

516 5097 535 5130 σ
582 5080 764 5138 clesite
797 5082 890 5138 Dei
919 5086 1257 5169 diligentiam
1287 5092 1544 5149 habebit?
1589 5093 1709 5151 Non
1741 5098 2094 5169 neophytum,

515 5190 533 5217 ι
586 5183 654 5223 ne
680 5169 734 5224 in
772 5166 1083 5242 superbiam
1137 5178 1335 5246 elatus,
1354 5181 1411 5235 in
1446 5182 1715 5251 judicium
1747 5166 1949 5241 incidat
1974 5174 2081 5245 dia-

517 5275 536 5307 ι
581 5258 710 5314 boli.
737 5259 960 5331 Oportet
1004 5275 1186 5322 autem
1227 5277 1283 5323 et
1306 5270 1457 5326 illum
1482 5262 1859 5330 testimonium
1896 5277 2096 5334 habere

517 5362 537 5396 ι
583 5346 788 5404 bonum
813 5353 883 5407 ab
903 5352 1095 5424 bisqui
1108 5355 1245 5413 foris
1258 5367 1405 5426 sunt,
1431 5371 1491 5416 ut
1521 5378 1630 5417 non
1656 5362 1710 5418 in
1737 5366 2099 5436 opprobrium.

518 5452 542 5488 ο
583 5437 879 5509 incidat,et
900 5443 956 5498 in
978 5444 1241 5514 laqueum
1277 5448 1499 5507 diaboli.
1539 5451 1809 5511 Diaconos
1846 5456 2107 5518 similiter-

519 5546 539 5579 ι
585 5532 836 5600 pudicos,
868 5549 982 5590 non
1021 5535 1311 5607 bilingues,
1342 5556 1449 5596 non
1483 5545 1656 5598 multo
1702 5547 1833 5601 vino
1859 5547 2104 5617 deditos,

517 5634 543 5675 ί
585 5637 695 5677 non
719 5633 876 5694 turpe
911 5626 1125 5681 lucrum
1154 5637 1446 5698 sectantes,
1484 5634 1745 5692 habentes
1772 5639 2091 5708 mysterium

519 5725 546 5764 α
581 5709 714 5769 ﬁdei
736 5713 792 5769 in
820 5716 1156 5773 conscientia
1201 5732 1358 5792 pura.
1398 5718 1463 5776 Et
1492 5721 1546 5778 hi
1576 5731 1757 5780 autem
1799 5726 2093 5799 probentur

2217 3550 2420 3607 mirum
2448 3553 2495 3609 si
2537 3570 2635 3627 per
2655 3556 2974 3628 episcopum
3019 3560 3201 3632 signat
3242 3564 3634 3637 presbyterum,
3657 3581 3762 3623 cani

2216 3644 2272 3698 in
2299 3645 2404 3701 hac
2432 3646 2624 3703 eadem
2658 3645 2924 3719 Epistola,
2954 3666 3055 3722 per
3098 3655 3480 3726 presbyterum
3531 3658 3759 3730 signiﬁcet

2214 3733 2556 3806 episcopum.
2583 3735 2649 3792 Et
2675 3739 2804 3809 quia
2829 3740 3103 3797 volentem
3129 3744 3438 3816 episcopari
3458 3746 3759 3818 irrepreben-

2215 3824 2427 3881 sibilem
2450 3841 2573 3882 esse
2594 3842 2819 3884 necesse
2857 3837 2961 3897 est,
3017 3830 3140 3888 ideo
3168 3832 3218 3888 si
3239 3834 3357 3906 quis
3389 3835 3647 3891 desiderat
3666 3836 3757 3906 epi-

2211 3925 2510 3985 scopatum,
2552 3916 2607 3973 id
2650 3928 2734 3975 est
2772 3935 2937 3991 super
2956 3921 3079 3990 {sibi
3116 3925 3444 3983 commissos
3497 3927 3761 3993 intendere,

2212 4003 2302 4059 hic
2334 4004 2609 4063 desiderat
2638 4023 2747 4065 non
2788 4026 3011 4077 aurum,
3048 4027 3160 4069 non
3187 4014 3432 4085 divitias,
3455 4032 3565 4073 non
3587 4018 3757 4089 jucun-

2210 4093 2437 4149 ditatem
2500 4094 2718 4165 saeculi,
2774 4100 2871 4155 sed
2927 4117 3089 4171 opus,
3142 4103 3197 4160 id
3268 4114 3365 4161 est
3411 4107 3644 4163 laborem
3682 4106 3757 4160 bo-

2210 4200 2366 4253 num,
2421 4185 2476 4241 id
2530 4195 2616 4244 est
2669 4189 2859 4261 utilem
2902 4192 3009 4248 sibi
3055 4202 3111 4250 et
3148 4195 3239 4252 bis
3278 4212 3446 4269 supra
3509 4215 3639 4270 quos
3686 4198 3756 4252 in-

2209 4279 2401 4351 tendit.
2476 4279 2782 4353 Episcopus
2852 4284 2997 4343 enim
3039 4288 3497 4361 superintendens
3564 4290 3754 4353 dicitur,

2208 4382 2404 4439 scopos
2447 4370 2592 4426 enim
2629 4371 2885 4439 intentio,
2920 4374 3007 4443 epi
3067 4392 3224 4447 super
3269 4376 3667 4450 interpretatur.
3694 4377 3756 4449 {Et

2137 4438 2184 4494 Ῐ)
2206 4438 2467 4529 quoniam
2537 4460 2634 4531 qui
2702 4438 2978 4520 desiderat
3051 4438 3436 4538 episcopatum
3487 4511 3505 4538 ,
3576 4438 3755 4541 operiri

2207 4549 2366 4631 321
2407 4551 2613 4607 bonum
2661 4553 2958 4623 desiderat,
3012 4570 3145 4628 ergo
3192 4567 3409 4628 oportet
3451 4561 3752 4631 episcopum,

2207 4630 2262 4696 id
2283 4649 2370 4697 est
2393 4657 2617 4698 necesse
2649 4652 2735 4699 est
2772 4645 3044 4701 volentem
3074 4647 3384 4718 episcopari
3406 4630 3530 4708 esse
3558 4630 3753 4721 irrepre.

2206 4731 2552 4799 hensibilem,
2575 4733 2704 4804 quia
2728 4735 2773 4791 si
2798 4735 2870 4791 sit
2898 4737 3345 4806 reprehensibilis
3366 4742 3609 4812 quandiu
3634 4741 3679 4796 in
3702 4755 3755 4794 ea

2204 4830 2307 4889 est,
2331 4822 2535 4877 bonum
2567 4825 2785 4893 operari
2823 4825 3040 4897 nequit.
3061 4826 3605 4899 Irreprebensibilem
3628 4839 3754 4886 vocat

2204 4913 2410 4968 nullius
2460 4912 2762 4971 criminalis
2817 4933 2997 4984 reum,
3044 4919 3165 4989 qui,
3208 4919 3381 4979 etiam,
3421 4920 3551 4978 licet
3580 4922 3752 4978 crimen

2204 5018 2312 5075 non
2342 5003 2559 5071 habeat,
2603 5007 2840 5061 custodit
2873 5022 2932 5062 se
2976 5009 3059 5064 sic
3086 5009 3234 5078 quod
3274 5025 3377 5066 nee
3413 5011 3470 5065 in
3505 5027 3571 5067 eo
3605 5012 3752 5080 aliqua

2201 5097 2449 5173 criminis
2476 5100 2694 5155 occasio
2734 5100 3002 5168 videatur,
3039 5103 3184 5159 unde
3229 5103 3577 5161 criminosus
3595 5100 3747 5173 suspi-

2202 5172 2375 5261 cetur.
2408 5189 2566 5247 nunc
2593 5200 2776 5256 autem
2799 5193 3140 5265 episcopum,
3167 5195 3220 5250 id
3257 5204 3344 5251 est
3394 5198 3655 5254 volentem
3679 5209 3750 5250 sa-

2199 5282 2440 5347 cerdotio
2493 5272 2666 5354 fungi,
2709 5293 2926 5354 oportet
2966 5283 3136 5343 fuisse
3180 5286 3352 5341 virum
3383 5288 3538 5342 unius
3573 5284 3749 5344 uxoris.

2199 5371 2345 5442 quod
2371 5388 2534 5427 unam
2570 5381 2778 5430 tantum
2804 5391 3028 5456 uxorem
3054 5376 3207 5448 (dum
3239 5378 3343 5433 sibi
3360 5378 3579 5434 uxorari
3601 5374 3746 5439 licuit)

2198 5462 2471 5519 habuerit.
2505 5462 2625 5518 Non
2657 5467 2801 5536 quod
2849 5466 2905 5523 in
2938 5468 3255 5540 episcopatu
3286 5484 3410 5524 eam
3449 5470 3653 5543 habeat,
3678 5463 3749 5518 vel

2197 5550 2345 5620 quod
2375 5551 2423 5605 si
2448 5552 2654 5606 nullam
2686 5553 2899 5621 habuit,
2929 5556 3202 5638 repudiari
3233 5557 3453 5625 debeat,
3481 5557 3569 5613 sed
3595 5553 3747 5623 magis

2196 5641 2387 5710 accipi.
2440 5640 2566 5697 ideo
2618 5643 2737 5699 viro
2776 5646 3075 5703 multarum
3119 5664 3354 5704 uxorum
3395 5656 3552 5721 negat
3587 5656 3744 5717 sacer-

2202 5731 2431 5803 dotium,
2462 5733 2610 5809 quia,
2645 5734 2738 5793 illo
2785 5738 2961 5795 soluto
3008 5755 3040 5795 a
3073 5740 3255 5813 priore
3299 5755 3491 5809 uxore,
3524 5750 3637 5797 cum
3672 5745 3747 5792 εε-
