3988 6398
159 389 292 449 ιιι
831 375 1199 437 EXPOSITIO
1235 374 1304 432 ΙΝ
1345 371 1731 431 EPISTOLAS
1764 369 1994 429 PAULI.
2031 405 2105 416 -—
2136 372 2205 429 1N
2245 370 2465 429 EPIST.
2502 371 2522 428 1
2556 371 2648 427 AD
2686 372 2826 428 Till.
3346 376 3456 435 4H

157 503 402 571 caudas
420 498 640 571 nuptias
664 495 956 561 contraxit,
980 491 1246 549 indicavit
1278 506 1338 546 se
1356 488 1637 546 continere
1666 499 1777 540 non
1805 486 1850 543 Α
1878 490 2080 556 oportet
2124 504 2234 545 esse
2272 487 2516 558 pudicos,
2559 486 2612 542 id
2648 494 2735 542 est
2764 484 3023 549 custodes
3055 489 3345 558 castitatis,
3399 504 3456 549 et

158 570 371 663 posse,
407 570 834 647 incontinentem
856 592 1039 639 autem
1061 578 1367 652 episcopari
1386 593 1497 632 non
1532 576 1679 631 licet.
1710 571 1777 629 Et
1879 592 1984 631 non
2024 576 2303 647 bilingues,
2344 575 2397 633 id
2442 588 2526 633 est
2574 592 2683 633 non
2726 578 2868 637 inter
2910 576 3109 635 lratres
3152 579 3456 639 discordias

159 689 236 736 ut
253 676 758 751 irreprebensibilis
780 672 1522 745 sit,0portetepiscopumesse
1540 665 1777 722 sobrium
1879 669 2247 737 seminantes,
2284 685 2387 741 non
2416 669 2622 733 deditos
2670 667 2838 726 multo
2880 670 3021 736 uino,
3078 685 3189 739 quo
3230 671 3455 741 quidem

161 780 229 826 et
282 770 475 835 verbo,
512 776 568 839 et
598 782 784 837 opere.
830 764 1156 821 Prudentem
1195 761 1363 818 etiam
1408 758 1504 831 qui
1531 759 1671 814 sciat
1709 756 1777 812 de
1878 760 2059 816 sobrie
2085 760 2212 833 licet
2248 759 2365 827 uti;
2410 775 2515 814 non
2552 768 2811 814 sectantes
2835 767 2984 830 turpe
3008 758 3238 827 lucrum,
3271 772 3330 817 ut
3356 777 3458 818 nec

161 861 451 917 thesauro
495 857 734 928 pectoris
758 856 845 913 sui
871 869 1069 928 novam
1098 862 1152 911 et
1172 861 1417 908 veterem.
1447 850 1619 922 legem
1643 863 1775 920 pro-
1877 850 2155 921 fenerent,
2184 867 2287 921 nec
2327 852 2702 923 negotientur;
2746 851 2992 909 habentes
3034 852 3200 909 etiam
3258 863 3452 923 myste-

164 948 353 1005 ferre.
1877 944 2039 1012 rium,
2083 940 2139 998 id
2166 950 2251 1015 est
2279 949 2549 1007 secretum
2580 941 2726 1011 fidei,
2767 949 2830 997 ut
2862 952 3205 1011 cognoscant
3230 942 3319 996 illa
3365 958 3459 998 se-

247 1036 487 1109 Oportet
520 1037 685 1092 etiam
715 1050 844 1092 eum
867 1049 993 1092 esse
1023 1049 1128 1089 non
1159 1032 1500 1098 vinolentum,
1526 1029 1645 1101 jugi
1674 1043 1774 1099 po-
1875 1041 2025 1091 creta
2082 1031 2205 1089 ﬁdei
2262 1042 2486 1097 nostrae,
2531 1044 2654 1103 qua:
2696 1031 3019 1102 simplicitas
3069 1032 3216 1103 vulgi
3262 1047 3459 1103 capere

163 1130 395 1187 talione
416 1128 767 1184 dissolutum.
797 1124 922 1180 Non
942 1125 1105 1182 etiam
1126 1138 1484 1195 percussorem
1503 1119 1774 1192 corporali
1854 1142 1987 1181 non
2019 1122 2237 1180 suﬂicit.
2264 1121 2630 1195 Diaconorum
2663 1122 2810 1178 enim
2840 1122 3078 1177 cilicium
3106 1132 3193 1179 est
3222 1139 3457 1194 evange-

165 1219 571 1289 percussione,‘
607 1218 771 1273 habet
790 1212 937 1272 enim
964 1215 1232 1287 spiritalia
1259 1227 1434 1280 arma,
1465 1211 1667 1282 quibus
1694 1210 1775 1279 uti
1876 1217 2044 1272 lizare
2097 1214 2327 1281 verbum
2386 1212 2483 1267 Dei
2555 1214 2794 1284 populo:
2842 1213 3005 1285 322
3048 1213 3102 1267 in
3154 1214 3315 1284 cujus
3379 1216 3461 1270 rei

164 1308 345 1363 debet
369 1317 561 1365 contra
588 1308 954 1375 adversarios,
978 1307 1206 1362 verbum
1232 1306 1442 1361 scilicet
1463 1303 1578 1369 Dei,
1603 1318 1778 1374 quare
1876 1295 2097 1379 signum
2117 1305 2350 1362 traditur
2371 1305 2453 1362 eis
2474 1304 2824 1377 Evangelium
2853 1306 2921 1360 ad
2944 1305 3252 1375 legendum.
3278 1305 3460 1372 Quare

166 1413 293 1454 non
328 1408 548 1471 oportet
576 1414 702 1455 eum
744 1398 824 1453 uti
853 1397 1239 1468 corporalibus
1272 1394 1462 1449 armis.
1502 1391 1621 1447 Non
1646 1407 1773 1462 μετ’
1874 1407 2088 1468 Oportet
2126 1397 2208 1451 eis
2236 1403 2366 1453 nota
2407 1410 2530 1452 esse
2572 1411 2773 1451 arcana
2802 1395 2929 1451 ﬁdei
2956 1395 3051 1465 qui
3078 1397 3145 1451 de
3184 1396 3289 1452 ﬁde
3331 1406 3460 1452 sunt

165 1504 493 1557 cussorem,
527 1490 619 1545 sed
646 1489 958 1555 modestum,
982 1487 1037 1543 id
1070 1495 1156 1543 est
1183 1485 1354 1541 totius
1381 1483 1775 1539 moderationis
1874 1487 2109 1543 docturi.
2140 1485 2211 1539 Et
2238 1485 2366 1541 licet
2410 1486 2527 1542 lucc
2552 1484 2739 1540 omnia
2775 1485 3044 1553 habeant,
3095 1496 3276 1541 tamen
3304 1495 3460 1543 ante-

166 1579 494 1635 custodem.
522 1577 747 1650 Oportet
783 1593 907 1633 eum
950 1590 1073 1633 esse
1108 1592 1215 1628 non
1254 1574 1571 1644 litigiosum,
1602 1572 1656 1628 id
1690 1580 1775 1635 est
1874 1593 2038 1648 quam
2062 1577 2406 1643 ordinentur,
2444 1577 2730 1648 probentur
2756 1575 2988 1645 primum
3015 1576 3459 1647 interrogationi-

165 1681 292 1722 non
356 1666 667 1724 convicium
719 1681 820 1739 pro
871 1664 1123 1721 convicio
1174 1664 1514 1729 reddentem,
1560 1660 1657 1715 sed
1704 1659 1774 1733 ad
1875 1666 1979 1721 bus
2009 1666 2136 1731 illis,
2166 1665 2369 1735 quibus
2408 1673 2537 1721 ante
2562 1664 2785 1721 ordines
2813 1665 2990 1720 solent
3018 1665 3366 1738 interrogari,
3399 1676 3462 1722 ut

165 1755 372 1810 omnia
400 1756 719 1827 patientem.
758 1754 882 1831 Non
908 1754 1073 1809 etiam
1102 1754 1374 1824 cupidum,
1410 1766 1482 1807 ne
1503 1748 1777 1823 cupiditas
1808 1814 1849 1831 ἢ
1876 1755 2030 1811 illud.
2075 1754 2173 1812 Vis
2217 1770 2435 1811 servare
2462 1755 2769 1815 castitatem
2796 1762 2862 1823 et
2899 1756 3132 1811 similia?
3165 1755 3231 1811 lli
3272 1757 3462 1826 utique

164 1814 476 1916 prohibtmt
512 1862 641 1901 eum
675 1826 819 1901 bona
861 1844 1121 1901 Ecclesiae
1142 1814 1370 1915 erogare
1400 1843 1457 1899 in
1485 1814 1777 1914 pauperes,
1806 1814 1850 1869 Β
1875 1845 2200 1917 probentur,
2246 1855 2303 1899 et
2347 1844 2601 1900 similiter
2644 1814 2959 1901 sacerdotes
3005 1846 3073 1901 de
3119 1846 3322 1916 quibus
3355 1814 3463 1901 lioc

164 1952 420 2006 quorum
446 1936 772 2017 patrimonia
795 1944 946 2003 sunt,
974 1950 1083 1991 non
1109 1934 1332 2007 propria
1366 1934 1777 2005 episcoporum,
1875 1950 1984 1990 non
2007 1935 2366 2006 praemiserat.
2401 1932 2471 1988 Et
2507 1935 2586 1989 sic
2610 1933 2830 1989 demum
2851 1935 3101 1990 .ordinati
3136 1937 3457 2003 ministrent,

164 2021 413 2097 Oportet
459 2026 622 2103 etiam
661 2040 787 2081 cum
833 2024 1005 2081 fuisse
1035 2025 1158 2080 bene
1205 2025 1548 2095 praepositum
1590 2021 1777 2081 ὀοηιιιί,
1875 2027 1928 2083 id
1957 2036 2042 2084 est
2063 2043 2154 2084 res
2180 2026 2440 2084 Ecclesia:
2462 2026 2518 2082 in
2540 2026 2866 2083 necessariis
2885 2026 3078 2082 usibus
3106 2026 3457 2093 distribuant,

165 2134 314 2187 suae,
344 2119 495 2189 quod
520 2118 792 2190 privatam
816 2115 1079 2185 familiam
1108 2131 1267 2173 suam
1298 2116 1436 2172 bene
1469 2113 1781 2181 coercueris,
1874 2131 1937 2179 ιιι
1967 2119 2024 2175 in
2049 2119 2188 2176 cibis
2208 2133 2509 2191 pauperum
2534 2128 2589 2173 et
2609 2118 2902 2175 similibus.

164 2225 199 2267 ι
235 2211 561 2287 quibusque
595 2210 915 2277 vitiis;.nec
943 2210 1122 2265 solum
1181 2208 1450 2278 reliquam
1483 2206 1775 2274 familiam,
1947 2209 2223 2267 Statutum
2250 2209 2397 2266 enim
2427 2208 2531 2264 fuit
2557 2209 2720 2264 etiam
2744 2209 2825 2271 .in
2869 2207 3143 2279 primitiva
3190 2206 3456 2273 Ecclesia,

166 2298 266 2355 sed
293 2298 467 2355 etiam
495 2298 637 2368 ﬁlios
666 2297 945 2352 habentem
973 2298 1233 2371 subditos,
1262 2297 1314 2352 id
1337 2306 1421 2353 est
1458 2298 1552 2368 qui
1583 2313 1686 2353 nec
1714 2298 1775 2351 in
1873 2308 1935 2355 ut
1962 2300 2040 2356 illi
2065 2306 2273 2370 septem
2295 2297 2513 2355 diaconi
2535 2311 2625 2354 res
2636 2293 3037 2357 ecclesiasticas
3052 2305 3106 2351 et
3123 2296 3456 2357 domesticas

164 2389 307 2444 ﬁliis
333 2389 657 2444 coercendis
686 2396 913 2460 paterna
937 2388 1222 2444 aﬂ‘cctione
1250 2388 1509 2458 deceptus
1534 2389 1625 2445 sit.
1660 2386 1773 2445 Nec
1871 2391 2249 2462 disponerent,
2279 2390 2611 2463 pauperibus
2655 2389 3032 2445 ministrarent
3075 2389 3217 2457 (Aet.
3269 2400 3343 2452 vi,
3374 2387 3456 2456 2-),

163 2480 247 2535 ita
270 2478 407 2534 dico
430 2487 491 2534 ut
511 2487 635 2550 post
660 2488 936 2551 patratum
962 2479 1152 2535 vitium
1178 2478 1479 2535 correxerit
1498 2493 1626 2547 eos;
1674 2480 1779 2547 sed
1870 2495 2001 2553 etc.,
2051 2494 2111 2539 ut
2158 2482 2390 2553 apostoli
2436 2481 2754 2552 hujusmodi
2801 2481 2952 2535 curis
2994 2480 3181 2544 soluti,
3233 2479 3461 2534 liberius

163 2586 303 2627 cum
335 2571 483 2624 omni
512 2571 781 2639 castitate,
825 2570 881 2626 id
908 2579 991 2626 est
1013 2571 1164 2626 omni
1194 2570 1505 2642 integritate
1532 2582 1768 2638 servata,
1869 2582 2130 2630 vacarent
2158 2571 2551 2643 prtedicationi.
2582 2569 2738 2627 Unde
2781 2570 2962 2626 adhuc
2992 2570 3040 2626 si
3068 2570 3192 2640 jure
3233 2570 3328 2635 ﬁt,
3359 2584 3459 2639 per

163 2662 305 2733 quia
358 2661 499 2717 adeo
540 2661 823 2718 districtus
851 2660 955 2716 fuit
992 2661 1049 2717 in
1078 2662 1327 2717 custodia
1357 2662 1593 2718 ﬁliorum
1625 2662 1770 2732 quod
1872 2677 2070 2719 manus
2109 2661 2469 2718 diaconorum
2510 2659 2813 2717 ministeria
2837 2660 3242 2717 distribuuntur
3272 2660 3459 2717 Eccle-

162 2753 238 2808 ad
291 2760 488 2808 actum
539 2752 764 2809 sceleris
811 2752 891 2809 eis
943 2751 1229 2823 pervenire
1278 2768 1389 2808 non
1451 2752 1625 2809 licuit.
1679 2752 1771 2808 Sic
1870 2754 2099 2809 siarum.
2127 2751 2437 2808 Ministrent
2477 2750 2602 2807 dico
2636 2767 2741 2805 non
2780 2750 3028 2805 habentes
3064 2750 3236 2806 ullum
3263 2750 3462 2805 crimen

164 2844 447 2899 scientem
474 2858 708 2914 pmesse
744 2843 932 2899 domui
957 2859 1092 2911 suae,
1124 2844 1330 2900 bonum
1370 2852 1455 2900 est
1492 2844 1548 2899 ia
1588 2859 1787 2902 sacer-.
1870 2854 2017 2912 actu,
2057 2858 2162 2898 nec
2204 2842 2372 2899 etiam
2417 2842 2752 2913 suspicione,
2807 2850 2959 2897 tanta
2998 2842 3143 2899 enim
3180 2841 3485 2913 vigilantia»

164 2933 390 2990 dotium
417 2934 748 3004 promoveri.
778 2933 947 2990 Sodsi
973 2936 1091 3006 quis
1117 2935 1282 2989 nescit
1311 2950 1531 3005 praesse
1546 2935 1772 3005 privata:
1869 2934 2067 2989 debent
2102 2950 2162 2989 se
2186 2933 2632 3003 circumspicere,
2662 2932 2808 3002 quod
2847 2932 3196 2988 occasionem
3226 2946 3337 2986 non
3368 2931 3463 2986 ba-

164 3026 362 3082 domui
388 3042 522 3091 sate,
553 3012 744 3097 inqua
780 3040 954 3098 pauca
981 3025 1318 3098 disponenda
1340 3033 1486 3094 sunt,
1509 3026 1768 3096 quomodo
1876 3026 2003 3081 beat
2033 3026 2229 3099 hostis,
2280 3025 2367 3081 vel
2412 3024 2682 3095 suspicari
2727 3024 3014 3082 criminale
3038 3024 3170 3096 quid
3208 3025 3277 3080 de
3325 3024 3456 3080 illis.

167 3116 260 3206 bit:
287 3116 509 3171 habebit
534 3116 890 3188 diligentiam,
924 3116 979 3173 id
1009 3125 1096 3173 est
1113 3117 1429 3191 diligentem
1457 3117 1763 3173 custodiam
1793 3145 1838 3206 Ο
1867 3114 1986 3206 Non
2020 3116 2280 3206 habentes
2306 3116 2537 3206 crimen,
2562 3115 2703 3206 idem
2729 3122 2814 3171 est
2835 3116 2983 3185 quod
3012 3130 3179 3206 supra
3209 3113 3286 3206 ait
3324 3115 3477 3206 irreo.

166 3204 442 3263 Ecclesitz
475 3206 596 3275 Dei,
626 3210 682 3263 in
713 3225 824 3281 qua
852 3218 934 3266 tot
975 3217 1031 3265 et
1051 3218 1200 3265 tanta
1225 3208 1569 3280 procuranda
1601 3211 1766 3269 sunt?
1804 3201 1834 3206 ⁷
1866 3205 2286 3275 prehensibilem.
2320 3203 2419 3260 llic
2444 3204 2638 3261 inserit
2683 3211 3013 3275 pracceptum
3041 3203 3109 3259 de
3136 3201 3461 3259 mulieribus

166 3295 384 3355 Praeter
422 3298 680 3368 pradicta
708 3307 924 3370 oportet
958 3316 1085 3355 eum
1127 3317 1232 3354 non
1265 3316 1389 3356 esse
1426 3301 1762 3371 neophytum,
1867 3312 1993 3359 ante
2013 3311 2067 3358 et
2097 3310 2221 3373 post
2253 3316 2422 3373 agens
2446 3301 2513 3356 de
2536 3300 2879 3366 diaconibus,
2916 3299 3066 3370 quod
3107 3298 3457 3355 interscrtum

168 3388 222 3444 id
260 3398 355 3445 est
381 3389 598 3445 naviter
618 3405 966 3459 conversum,
997 3406 1082 3457 ne,
1111 3390 1160 3445 si
1191 3391 1371 3447 adhuc
1402 3392 1556 3447 rudis
1576 3391 1631 3445 in
1662 3391 1766 3446 ﬁde
1860 3395 1975 3451 nisi
1999 3394 2067 3450 ad
2086 3392 2733 3463 diaconos'aliquomodo
2751 3392 3041 3462 pertineat,
3065 3390 3457 3446 inconveniens

165 3486 569 3547 promoveatur
616 3480 672 3535 in
716 3479 1105 3547 sacerdotium,
1156 3478 1329 3534 elatus
1375 3481 1433 3537 in
1467 3480 1740 3553 superbiant

1882 3488 1959 3547 hic
1982 3488 2118 3547 ordo
2140 3487 2376 3545 videtur.
2414 3484 2489 3540 Ut
2510 3492 2694 3541 autem
2724 3483 2870 3554 quod
2902 3483 2981 3538 ait
3022 3482 3090 3538 de
3130 3479 3457 3538 mulieribus

166 3570 473 3643 cogitando
508 3585 715 3638 secum,
763 3569 823 3626 Si
867 3571 1032 3627 modo
1071 3587 1190 3633 non.
1222 3586 1398 3627 essem
1444 3587 1793 3641 conversum.
1866 3578 2253 3639 convenienter
2310 3577 2577 3634 insermm
2620 3574 2930 3645 iudicetur,
2979 3573 3061 3629 sic
3083 3572 3451 3643 exponimus:

165 3677 283 3717 non
316 3669 467 3718 esset
506 3671 703 3732 praeter
749 3676 838 3717 me
882 3662 978 3732 qui
1015 3662 1182 3719 sciret
1226 3677 1461 3733 praeesse
1487 3662 1740 3720 Ecclesia:

1917 3669 2119 3726 lulieres
2145 3685 2268 3741 qua:
2307 3677 2492 3738 nupta:
2521 3667 2724 3724 fuerint
2760 3668 2849 3723 bis
2874 3666 2971 3737 qui
3001 3666 3056 3719 in
3105 3666 3454 3721 diaconatum
3489 3684 3492 3689 υ

165 3752 247 3809 sic
289 3752 667 3823 superbiendo
689 3752 892 3808 incidat
939 3754 996 3807 in
1016 3753 1306 3827 judicium,
1334 3752 1390 3808 id
1428 3760 1515 3808 est
1539 3753 1793 3813 damna-.
1866 3769 2275 3832 promoventur,
2320 3759 2572 3815 similiter
2598 3766 2812 3828 oportet
2853 3773 2977 3813 esse
3004 3757 3250 3826 pudicas,
3285 3756 3338 3810 id
3372 3764 3457 3810 est

166 3843 387 3898 tionem
416 3841 638 3909 diaboli,
681 3842 779 3914 qui
828 3858 927 3913 per
962 3841 1278 3913 superbiam
1320 3841 1612 3898 damnatus
1641 3841 1762 3910 fuit,
1867 3865 2088 3913 necesse
2116 3858 2199 3905 est
2226 3848 2471 3918 proﬁteri
2503 3847 2834 3911 castitatem,
2876 3846 3020 3901 sicut
3046 3844 3197 3900 viros
3238 3858 3452 3899 earum.

165 3941 309 3990 utet
324 3933 421 3988 hic
445 3933 752 4007 neophytus
790 3933 1043 3989 similiter
1071 3947 1169 4003 per
1202 3932 1517 4002 superbiam
1542 3931 1766 4001 damne-
1866 3938 2059 3999 Melius
2081 3938 2236 4009 enim.
2256 3945 2405 3995 esset
2429 3944 2489 3992 ut
2514 3951 2641 3991 cum
2665 3935 2801 3989 viris
2832 3935 2890 3989 in
2926 3935 3181 3990 castitate
3211 3934 3457 4005 coniugii

167 4034 285 4084 tur.
338 4022 532 4095 Neque
574 4024 694 4082 haec
740 4024 920 4082 solum
975 4022 1289 4080 necessaria
1336 4029 1467 4078 sunt
1519 4021 1639 4087 illi,
1669 4021 1795 4088 sed,
1866 4034 2179 4093 manerent,
2226 4040 2391 4096 quam
2450 4031 2716 4096 separata:
2773 4038 2807 4079 a
2859 4023 2995 4078 viris
3049 4022 3323 4094 impudice
3371 4022 3454 4076 v‘i-

166 4118 340 4171 etiam
364 4123 588 4185 oportet,
626 4115 682 4170 id
707 4123 793 4171 est
821 4129 1049 4171 necesse
1070 4123 1155 4170 est
1183 4114 1339 4168 illum
1359 4113 1549 4167 habere
1574 4112 1765 4167 bonum
1865 4125 2075 4176 verem,

158 4208 562 4278 jestimom'um,
606 4222 719 4262 non
770 4207 949 4263 solum
986 4222 1018 4261 a
1053 4205 1325 4273 ﬁdelibus,
1370 4205 1464 4262 sed
1496 4205 1655 4260 etiam
1697 4205 1763 4259 ab
1936 4206 2002 4262 Et
2031 4207 2153 4279 ideo
2184 4206 2285 4262 viri
2330 4221 2521 4263 carum
2569 4221 2679 4262 non
2710 4206 3050 4277 recipiantur
3098 4205 3153 4261 in
3186 4204 3452 4269 Ecclesia,

79 4341 84 4345 -
166 4300 249 4356 bis
275 4300 374 4371 qui
397 4306 520 4352 sunt
548 4298 703 4368 foris,
728 4299 781 4354 id
803 4307 891 4354 est
919 4306 1071 4353 extra
1100 4297 1284 4365 ﬁdem,
1314 4296 1524 4353 scilicet
1546 4296 1615 4351 ab
1637 4294 1763 4350 inﬁ-
1864 4298 1971 4354 nisi
1996 4308 2049 4353 et
2073 4298 2331 4355 mulieres
2350 4314 2541 4355 eorum
2571 4298 2932 4369 proﬁteantur
2951 4296 3280 4364 castitatem,
3309 4311 3455 4366 quas

165 4390 426 4455 delibus,
462 4398 521 4444 ut
545 4406 649 4445 non
678 4389 883 4444 incidat
907 4390 960 4444 in
987 4389 1347 4460 opprobrium,
1373 4388 1504 4460 quia
1531 4388 1579 4443 si
1603 4388 1765 4443 modo
1800 4426 1803 4431 ρ
1866 4406 1975 4445 non
2010 4391 2187 4445 solum
2216 4390 2444 4461 pudicas
2487 4405 2610 4447 esse
2635 4398 2869 4460 oportet,
2900 4389 2997 4446 sed
3026 4388 3189 4443 etiam
3217 4404 3321 4442 non
3360 4388 3455 4441 de-

167 4481 425 4551 inlideles
463 4480 687 4537 videant
726 4481 878 4535 illum
921 4480 1258 4537 sacerdotem
1304 4480 1531 4547 factum,
1568 4478 1764 4549 prmdi—
1793 4473 1843 4533 ὓ
1867 4481 2153 4549 trahentes,
2199 4482 2328 4551 quia
2358 4481 2403 4537 si
2433 4480 2757 4537 detractioni
2781 4489 2998 4547 vacant,
3029 4480 3225 4534 melius
3256 4478 3456 4533 fuisset

167 4580 394 4628 cantem
431 4570 658 4625 verbum
696 4569 813 4637 Dei,
842 4570 1306 4626 convicienturei
1332 4570 1627 4625 dicentes:
1677 4568 1759 4623 Tu
1858 4585 1981 4626 esse
2006 4586 2132 4635 cum
2152 4570 2312 4637 viris,
2357 4571 2453 4640 qui
2496 4571 2832 4641 corrigerent
2869 4585 2985 4626 eas.
3035 4567 3259 4640 Oportet
3282 4569 3448 4623 etiam

168 4662 263 4734 qui
296 4660 463 4732 paulo
484 4669 608 4717 ante
626 4660 920 4730 furabaris,
953 4661 1322 4733 adulterabas,
1350 4670 1479 4728 etc.,
1501 4662 1678 4732 jactus
1711 4670 1763 4717 te
1860 4672 1956 4716 eas
1985 4673 2109 4714 esse
2144 4658 2350 4713 sobrias
2393 4660 2448 4714 in
2477 4660 2624 4725 cibo,
2655 4659 2710 4715 in
2738 4668 2869 4729 potu
2898 4668 2954 4715 et
2990 4658 3044 4713 in
3080 4658 3296 4714 vestitu.
3328 4655 3459 4711 Sint

168 4749 341 4807 modo
369 4750 696 4822 magistrum
720 4759 993 4819 nostrum,
1031 4752 1085 4807 in
1128 4752 1290 4822 cujus
1309 4765 1405 4806 ore
1428 4751 1593 4806 etiam
1617 4752 1761 4807 bona
1862 4752 2027 4817 etiam
2071 4751 2253 4820 ﬁdeles
2301 4752 2356 4806 in
2404 4751 2666 4818 carnibus,
2712 4751 2901 4808 id'est
2924 4748 3367 4821 justiﬁeationem
3415 4764 3454 4802 ιι

168 4840 607 4911 contemptibilia
643 4848 792 4897 sunt.
817 4839 917 4897 llic
939 4850 1121 4898 autem
1150 4844 1255 4898 hoc
1281 4842 1530 4909 audiens,
1563 4857 1762 4909 accen-
1861 4842 2130 4913 peccatis,
2175 4857 2340 4911 quam
2386 4856 2481 4912 per
2510 4842 2670 4899 ﬁdem
2724 4849 3070 4912 acceperunt,
3115 4839 3320 4896 salvam
3354 4852 3468 4907 per'

168 4946 268 4987 sus
298 4932 382 4985 ira
415 4931 624 4986 alterna
659 4932 850 4988 reddat
890 4934 1204 5003 opprobria.
1245 4942 1299 4989 et
1339 4934 1444 4989 hoc
1480 4934 1642 4990 modo
1669 4934 1771 5003 in:
1862 4934 2047 4991 omnia
2069 4934 2460 4999 custodientes.
2481 4933 2576 4990 Vel
2596 4935 2668 4991 ita
2697 4933 2949 4991 :Fideles
2964 4933 3078 4990 sint
3096 4934 3150 4988 in
3167 4931 3446 4997 omnibus,
3490 4950 3495 4957 ί

168 5022 318 5078 sidat
362 5022 418 5077 in
457 5022 712 5094 laqueum
743 5023 967 5093 diaboli,
1013 5026 1106 5096 qui
1136 5025 1206 5081 iis
1226 5025 1368 5081 dolis
1401 5027 1614 5082 laborat
1639 5027 1762 5081 illa-
1861 5025 2007 5098 quod
2050 5026 2097 5082 si
2141 5027 2272 5098 quid
2301 5026 2369 5083 de
2407 5024 2794 5082 ecclesiasticis
2834 5025 3197 5081 committitur
3221 5018 3449 5089 iliis-(ut

168 5129 377 5184 queare
428 5130 577 5169 eum.
628 5114 810 5182 Quare
861 5126 1073 5187 oportet
1107 5134 1233 5172 eum
1265 5118 1360 5189 qui
1408 5131 1760 5189 promovetur
1864 5117 2177 5175 ministrare
2210 5116 2564 5188 pauperibus)
2608 5117 2839 5173 ﬁdeliter
2874 5125 3263 5187 exsequantur.
3314 5115 3446 5169 De‘a-
3548 5152 3567 5165 .

170 5204 223 5260 in
261 5205 659 5274 sacerdotium,
683 5206 850 5263 etiam
887 5224 1012 5264 cum
1053 5209 1287 5266 inﬁdelis
1317 5208 1441 5277 fuit,
1470 5210 1589 5267 sine
1624 5225 1761 5281 que—
1861 5224 2014 5264 canes
2038 5210 2202 5271 etiam
2228 5210 2361 5277 sint,
2382 5209 2434 5265 id
2454 5217 2539 5265 est
2571 5207 2907 5269 fuerintriri
2932 5210 3090 5265 unius
3119 5209 3325 5273 uxoris,
3354 5210 3451 5279 qui

168 5298 286 5352 rela
313 5305 702 5354 conversatum
732 5298 904 5356 fuisse
930 5300 1071 5357 inter
1099 5317 1253 5359 suos.
1528 5348 1531 5351 ι
1863 5304 1993 5373 ﬁliis
2038 5306 2151 5360 suis
2185 5304 2309 5361 bene
2353 5312 2609 5374 prmum,
2653 5312 2705 5359 et
2738 5304 2851 5359 suis
2878 5303 3140 5367 domibus,
3193 5302 3338 5357 sicut
3378 5300 3448 5354 de

234 5387 447 5455 Quales
472 5389 825 5461 presbyteros
848 5402 1101 5462 oportere
1120 5408 1243 5457 esse
1263 5393 1525 5462 diximus,
1546 5405 1760 5466 Oportet
1862 5392 2120 5464 episcOpo
2147 5392 2249 5449 fuit
2276 5392 2606 5465 expositum.
2644 5392 2735 5450 Vel
2755 5394 2804 5449 si
2832 5394 3009 5464 placet
3033 5392 3293 5448 mulieres
3326 5391 3445 5447 dia-
3500 5428 3505 5432 -

166 5492 293 5535 esse
325 5477 593 5537 diaconos
620 5480 853 5547 sobrios,
885 5490 942 5538 et
974 5492 1168 5545 caztera
1208 5500 1333 5555 qua:
1375 5501 1487 5542 non
1520 5488 1755 5557 reponit.
1860 5484 2114 5552 conissae,
2155 5484 2362 5542 scilicet
2410 5485 2707 5551 monialea,
2754 5484 3007 5542 similiter
3050 5489 3267 5553 Oportet
3318 5494 3446 5534 esse

168 5564 274 5624 Per
308 5566 419 5623 hoc
442 5569 591 5638 quod
611 5569 690 5624 ait
713 5570 964 5626 similiter
993 5572 1338 5645 intelligenda
1372 5590 1496 5634 esse
1529 5575 1584 5637 in
1612 5577 1759 5633 ordi-
1861 5576 2112 5646 pudicas,
2147 5584 2277 5643 etc.,
2327 5577 2470 5637 sicut
2514 5577 2658 5635 dicta
2703 5584 2850 5633 sunt.
2895 5574 2973 5630 Nc
3008 5583 3190 5629 autem
3220 5569 3445 5630 cuilibet

172 5656 394 5712 natione
438 5657 795 5714 diaconorum
853 5660 1211 5733 signiﬁcavit,
1248 5664 1351 5734 qui:
1383 5666 1521 5721 ordo
1562 5682 1756 5735 parum
1860 5668 2075 5726 dillicile
2093 5685 2216 5726 esse
2244 5670 2518 5728 videretur
2546 5670 2627 5727 sic
2650 5685 2709 5726 se
2736 5681 3041 5739 prmparare
3064 5678 3163 5735 pro
3193 5661 3447 5718 habendo

169 5744 437 5823 dignitate
464 5746 735 5823 discrepat
766 5765 797 5807 a
820 5751 1143 5809 sacerdotio.
1176 5753 1480 5825 'Diat‘onos,
1507 5758 1758 5831 inquam,
1860 5761 2178 5831 diaconatu,
2214 5766 2326 5820 ait:
2370 5761 2493 5821 Non
2543 5763 2619 5819 sit
2651 5760 2805 5820 vobis
2858 5771 3155 5816 onerosum
3199 5754 3335 5813 tales
3383 5762 3454 5812 et.
