3906 6294
509 343 618 403 μδ

1096 339 1146 398 S.
1189 338 1536 400 BBUNONIS
1567 339 2216 400 CARTHUSIANORUM
2259 345 2759 406 lNSTlTUTORlS
2797 349 2947 406 OPP.
2989 351 3172 408 PARS
3209 351 3275 408 11.
3649 361 3733 421 ια

511 453 648 509 rales
687 449 804 506 ﬁeri
839 458 904 507 ut
933 450 1083 508 Hunc
1128 454 1380 509 ordinem
1421 451 1820 520 conscendatis,
1850 453 1976 524 quia
2005 456 2094 524 qui
2123 457 2166 515 Δ
2194 460 2450 530 mysteria
2498 462 2732 517 revelata
2783 459 3000 518 fuerant
3049 463 3176 518 illis.
3231 461 3347 519 lloc
3387 465 3540 520 etiam
3583 483 3734 528 sacra‘

510 543 636 598 bene
665 549 722 598 ει
768 541 1020 614 religiose
1046 543 1461 599 ministram-int
1485 542 1541 596 in
1573 542 1886 609 diaconatu,
1913 545 2096 616 acqui-

513 644 628 690 rent
655 651 749 705 per
778 635 886 692 hoc
918 637 1022 691 sibi
1061 636 1316 706 majorem
1356 635 1610 707 gradum,
1663 635 1892 704 bonum,
1927 637 1981 693 id
2011 646 2096 695 est

514 726 701 780 utilem
729 725 856 795 sibi,
877 727 1310 800 presbyteratum
1341 726 1551 783 scilicet
1570 743 1668 782 seu
1693 727 2091 800 episcopatum.

515 812 582 869 Et
625 815 671 871 si
712 814 854 873 forte
879 831 1000 880 non
1045 823 1266 886 accepto
1311 815 1508 886 majori
1547 816 1718 888 gradu
1765 819 2093 890 moriantur,

513 905 642 975 quia
675 905 815 962 bene
861 906 1309 962 miuistraverunt
1353 906 1410 961 in
1454 907 1777 976 diaconatu,
1812 909 2096 981 nequirent

516 1000 759 1069 multant,
806 1003 858 1058 id
905 1010 992 1058 est
1043 1001 1361 1073 multiplicis
1403 1003 1534 1058 boni
1579 1004 1858 1074 ﬁduciam,
1887 1007 2098 1064 scilicet

517 1093 793 1148 ctelcstis:
825 1093 882 1146 in
907 1093 1030 1162 ﬁde,
1060 1093 1114 1148 id
1141 1101 1227 1150 est
1242 1093 1536 1165 justiﬁcari
1557 1109 1656 1166 per
1686 1095 1848 1152 ﬁdem
1880 1114 1998 1169 qua
2016 1108 2096 1153 est

513 1183 569 1236 in
597 1181 804 1238 Christo
829 1181 982 1239 Iesu.
1007 1181 1107 1239 Vel
1127 1184 1224 1252 ita,
1246 1193 1308 1241 ut
1325 1185 1622 1257 quamdam
1643 1187 1912 1258 privatam
1934 1187 2096 1246 ﬁdem

511 1273 894 1344 intelligamus.
929 1273 1024 1331 Sic
1047 1277 1335 1346 acquirent
1355 1277 1610 1333 ﬁduciam
1639 1278 1696 1332 in
1721 1273 1846 1346 ﬁde,
1871 1296 1994 1350 qua:
2013 1290 2100 1336 est

509 1363 563 1418 in
587 1360 810 1420 Christo
837 1363 990 1435 Iesu,
1033 1367 1089 1422 id
1133 1376 1220 1424 est
1267 1369 1322 1423 in
1357 1385 1591 1439 persona
1619 1369 1762 1426 Filii.
1805 1371 1958 1428 Licet
1985 1389 2094 1428 non

508 1451 563 1506 in
598 1469 707 1508 uua
734 1469 971 1524 persona
998 1457 1157 1527 plena
1181 1458 1315 1514 ﬁdes
1343 1459 1434 1526 sit,
1465 1459 1560 1516 sed
1599 1461 1655 1515 in
1678 1461 1874 1518 tribus.
1906 1461 2094 1519 Fidem

506 1541 775 1610 privatam
807 1543 862 1599 in
884 1543 1106 1602 Christo
1123 1545 1277 1614 dicit,
1301 1548 1448 1618 quod
1479 1563 1576 1618 per
1596 1549 2022 1620 redemptionem
2043 1560 2098 1608 et

507 1639 726 1699 ctetera,
757 1649 884 1704 qua
924 1635 1144 1705 propria
1169 1651 1420 1706 persona:
1441 1635 1722 1692 Filii‘sunt
1747 1655 1760 1692 :
1789 1638 2015 1694 conﬁdit
2037 1653 2099 1696 se

507 1721 729 1777 salvari.
747 1722 863 1778 Hoc
881 1725 951 1780 de
968 1725 1159 1782 ordine
1177 1726 1504 1782 sacerdotali
1525 1735 1580 1782 et
1591 1727 1808 1784 levitico
1833 1737 1887 1784 et
1901 1738 2091 1784 caatera

2196 555 2442 601 mentum
2489 547 2838 618 pradicatum
2857 559 2935 606 est
2956 551 3196 622 gentibus
3225 551 3296 606 ab
3340 553 3604 622 apostolis,
3645 576 3734 614 cre-

2195 637 2366 692 ditum
2407 647 2486 692 est
2517 637 2680 694 etiam
2713 639 2769 692 in
2791 641 3009 709 mundo,
3039 641 3278 698 mundus
3298 641 3444 697 enim
3467 642 3571 713 jam
3595 649 3736 704 credit

2198 728 2251 783 in
2293 727 2595 784 Christum.
2641 727 2986 801 Assumptum
3023 739 3102 786 est
3151 731 3320 787 etiam
3362 733 3420 785 in
3458 731 3638 803 gloria,
3661 736 3734 792 ubi

2195 818 2346 876 sedet
2367 817 2422 874 in
2443 818 2667 876 dextera
2693 817 2895 888 Patris,
2939 821 3358 878 occurrentibus
3385 821 3462 876 illi
3493 824 3674 896 angelis
3691 827 3736 882 in

2195 907 2285 964 die
2309 908 2650 966 ascensionis
2677 924 2810 966 suae.

2804 998 3038 1055 CAPUT
3075 999 3166 1056 ιν.

2273 1107 2292 1142 ι
2339 1087 2578 1160 Spiritus
2598 1098 2780 1145 autem
2807 1089 3094 1146 manifeste
3121 1089 3275 1157 dicit,
3317 1089 3457 1162 quia
3497 1089 3552 1144 in
3589 1093 3741 1148 novis-

2202 1198 2222 1232 ι
2263 1179 2420 1236 simis
2448 1179 2788 1250 temporibus
2812 1179 3092 1237 discedent
3133 1180 3358 1251 quidam
3387 1195 3421 1234 a
3444 1179 3563 1246 ﬁde,
3591 1190 3739 1236 atten‘

2203 1287 2221 1320 ι
2265 1267 2456 1323 dentes
2475 1267 2756 1338 spiritibus
2775 1269 3000 1336 erroris,
3015 1278 3069 1324 et
3088 1267 3357 1324 doctrinis
3365 1269 3736 1334 daemoniorum,

2202 1377 2222 1411 ι
2269 1359 2323 1412 in
2355 1357 2630 1431 hypocrisi
2658 1359 2998 1428 loquentium
3025 1359 3395 1426 mendacium,
3439 1367 3492 1414 et
3514 1359 3740 1414 canteria—

2203 1468 2222 1501 ς
2267 1458 2378 1504 tam
2402 1449 2716 1505 habentium
2747 1465 2905 1505 suam
2926 1449 3343 1516 conscientiam,
3375 1449 3737 1518 prohibentium

2203 1559 2222 1592 ι
2267 1540 2493 1608 nubere,
2523 1541 2796 1598 abstinere
2849 1557 2880 1596 a
2923 1541 3061 1596 cibis
3089 1555 3229 1610 quos
3277 1540 3423 1596 Deus
3445 1541 3651 1607 creavit,
3685 1542 3738 1596 ad

2203 1651 2222 1684 ι
2260 1632 2670 1702 percipiendum
2695 1647 2822 1688 cum
2851 1631 3148 1703 gratiarum
3171 1631 3389 1686 actione
3419 1617 3664 1694 ﬁdelibus,
3698 1641 3740 1685 et

2202 1741 2224 1776 ι
2267 1723 2354 1778 his
2375 1723 2471 1794 qui
2497 1732 2866 1796 cognoverunt
2907 1722 3210 1793 veritatem.
3259 1719 3402 1787 Quia
3430 1720 3601 1776 omnis
3619 1737 3740 1776 crea-

507 1810 680 1864 scribo
726 1811 844 1880 tibi,
887 1813 971 1882 ﬁli
1019 1813 1304 1881 Timothee,
1348 1830 1564 1884 sperans
1609 1831 1692 1870 me
1733 1783 1919 1872 tamen
1945 1817 2096 1888 (licet
2128 1783 2172 1844 Β
2203 1833 2228 1866 ί
2268 1783 2412 1869 ιιιηλ⁸
2439 1812 2536 1870 Dei
2564 1783 2730 1871 "bona
2781 1823 2885 1881 est,
2918 1790 2994 1870 ἐι
3036 1813 3174 1868 nihil
3223 1783 3574 1883 rejiciendum
3621 1813 3736 1882 quod

506 1899 672 1954 modo
701 1901 800 1956 tibi
827 1901 1087 1973 scribam)
1123 1904 1229 1956 cito
1256 1905 1433 1958 uenire
1460 1905 1532 1958 ad
1561 1913 1628 1960 te.

577 1988 681 2045 Ubi
707 1989 786 2046 ait
811 2006 870 2047 se
899 1993 1137 2049 scribere
1157 2009 1284 2050 cum
1309 1994 1419 2050 cito
1449 1995 1522 2050 sit
1543 2003 1826 2064 venturus,
1863 1997 2092 2054 multam

506 2081 893 2138 necessitatem
931 2086 1027 2156 (ut.
1039 2085 1402 2142 observentur
1433 2101 1498 2143 ea
1536 2103 1660 2159 quae
1697 2089 1946 2146 scribens
1989 2090 2096 2145 im-

501 2172 679 2243 perat)
703 2187 806 2244 per
847 2173 1182 2258 bucinauit.
1217 2179 1342 2234 Cito
1373 2179 1595 2250 quidem
1637 2195 1801 2250 spero
1825 2196 1914 2236 me
1953 2197 2090 2237 vcn-

501 2270 689 2320 turum
718 2264 788 2320 ad
827 2275 916 2335 te;
962 2268 1054 2322 sed
1083 2269 1130 2324 si
1171 2267 1312 2326 forte
1334 2271 1634 2340 tardauero,
1669 2272 1872 2340 scribo,
1912 2282 1970 2327 ut
1998 2289 2096 2345 per

503 2354 611 2410 hoc
629 2356 769 2411 scias
789 2359 1051 2429 quomodo
1073 2370 1312 2432 oporteat
1342 2370 1393 2416 te
1407 2363 1704 2418 conversari
1718 2364 1774 2418 in
1792 2364 1949 2419 domo
1969 2364 2090 2432 Dei,

503 2442 560 2499 id
587 2452 674 2500 est
703 2455 910 2516 quanta
938 2447 1218 2520 vigilantia
1251 2452 1536 2508 custodire
1567 2453 1768 2510 debeas
1797 2453 2006 2522 ﬁdeles,
2035 2455 2090 2510 in

502 2535 706 2605 quibus
747 2536 892 2594 Deus
919 2548 978 2594 ut
1002 2539 1056 2594 in
1085 2541 1248 2597 domo
1276 2543 1502 2598 habitat.
1535 2543 1603 2598 Et
1645 2544 1773 2614 quia
1798 2545 1996 2602 domus
2024 2546 2092 2601 de

505 2624 700 2694 paucis
724 2627 1048 2698 dici'possit,
1085 2631 1273 2687 addit:
1319 2633 1452 2698 Quae
1489 2633 1688 2688 domus
1721 2643 1800 2688 est
1825 2633 2088 2704 Ecclesia,

503 2715 560 2770 id
584 2726 668 2774 est
700 2719 755 2773 in
783 2734 892 2791 qua
935 2720 1079 2778 Deus
1105 2723 1307 2779 multos
1329 2724 1398 2780 ad
1421 2723 1581 2779 ﬁdem
1606 2725 1942 2780 convocavit.
1983 2725 2090 2781 Ec-

501 2806 668 2862 clesia
697 2808 821 2866 dico
847 2810 946 2866 Dei
969 2813 1092 2880 vivi,
1122 2814 1175 2869 id
1203 2823 1285 2869 est
1304 2815 1400 2885 qui
1424 2815 1590 2870 vitam
1613 2823 1894 2882 aeternam,
1923 2831 2090 2886 quam

505 2895 688 2965 habet,
711 2897 808 2955 dat
845 2915 958 2956 suae
991 2901 1267 2959 Ecclesiae.
1293 2903 1427 2972 Quae
1455 2903 1696 2962 Ecclesia
1725 2914 1811 2962 est
1837 2907 2090 2962 columna

503 2989 806 3045 secundum
839 2993 1107 3062 quosdam
1146 2996 1334 3052 ﬁrmos
1375 3005 1430 3051 et
1465 2995 1706 3052 directos
1735 2997 1790 3052 in
1834 2998 1958 3065 ﬁde,
1999 3001 2091 3070 qui

511 3074 758 3132 columna
807 3079 1065 3136 dicuntur
1124 3091 1389 3154 quantum
1437 3083 1504 3139 ad
1540 3099 1621 3138 se.
1664 3083 2090 3138 Firmamentum

505 3165 672 3221 etiam
703 3169 942 3224 veritatis
975 3170 1253 3239 dicuntur,
1277 3185 1547 3244 quantum
1589 3173 1658 3228 ad
1705 3174 1842 3230 alios
1883 3175 2092 3230 debiles

508 3256 563 3310 in
603 3258 728 3326 ﬁde,
756 3260 872 3330 qui,
919 3261 1027 3318 nisi
1075 3261 1426 3320 ﬁrmarentur
1457 3265 1707 3335 exemplo
1750 3275 1806 3320 et
1835 3267 2093 3321 exhorta-

501 3345 651 3402 tione
681 3347 932 3416 istorum,
985 3351 1282 3408 titubarent
1325 3354 1381 3408 in
1425 3353 1561 3423 ﬁde;
1606 3355 1662 3410 in
1711 3371 1820 3426 qua
1849 3353 2090 3412 Ecclesia

500 3435 664 3507 323
713 3446 798 3494 est
845 3451 1268 3512 sacramentum,
1315 3445 1370 3499 id
1414 3453 1501 3500 cst
1552 3443 1845 3503 Christus:
1899 3456 1950 3502 et
1993 3448 2091 3504 hoc

501 3540 892 3585 sacramentum
917 3533 1154 3602 pietatis,
1177 3534 1231 3589 id
1252 3543 1338 3590 est
1357 3535 1523 3590 totius
1547 3535 1825 3606 religionis
1847 3554 2092 3609 magnum

502 3625 604 3686 est,
623 3619 751 3689 quia
784 3623 1177 3692 magnitudinis
1203 3625 1326 3696 ejus
1351 3640 1458 3681 non
1481 3633 1566 3681 est
1595 3627 1738 3682 ﬁnis.
1781 3627 1878 3683 Est
1906 3629 2094 3699 utique

505 3708 612 3764 hoc
631 3719 1035 3770 sacramentum
1065 3715 1118 3769 in
1145 3731 1209 3771 ca
1240 3715 1614 3783 manifestum,
1639 3717 1693 3772 id
1713 3727 1796 3773 est
1824 3734 2093 3789 apparens

502 3815 602 3870 per
630 3802 802 3858 multa
826 3803 1088 3860 miracula
1111 3821 1235 3876 qua:
1271 3815 1533 3876 operatur
1559 3806 1698 3863 Deus
1726 3824 1823 3878 per
1849 3810 2090 3865 membra

505 3888 778 3948 Ecclesiae.
810 3891 1065 3950 Christus
1102 3897 1172 3952 ab
1199 3913 1264 3952 ea
1295 3896 1654 3952 similitudine
1689 3905 2090 3954 saeramentum

502 3980 723 4049 dicitur,
771 3983 932 4039 sicuti
962 3987 1067 4040 sub
1098 3988 1267 4042 veteri
1305 3987 1424 4060 lege
1455 3989 1702 4060 qumdam
1749 3998 2090 4045 sacramenta

505 4070 560 4126 in
613 4073 818 4144 templo
867 4076 1302 4131 recondebantur
1355 4095 1478 4148 qua:
1525 4095 1634 4134 non
1665 4080 1862 4135 licebat
1911 4080 2092 4136 videre

506 4161 732 4230 populo,
769 4163 924 4220 sicin
947 4163 1169 4222 Christo
1193 4168 1318 4223 licet
1357 4169 1526 4224 multa
1558 4170 1865 4237 vidcantur,
1907 4179 2088 4225 tamen

507 4249 679 4306 multa
703 4251 760 4306 in
787 4268 854 4309 eo
897 4255 1163 4336 absconsa
1191 4267 1320 4312 sunt
1344 4275 1466 4329 qua:
1493 4261 1641 4316 nulla
1667 4269 1916 4317 creatura
1942 4277 2091 4316 com-

504 4343 842 4412 prehendere
874 4347 1089 4402 sullieit.
1129 4347 1540 4406 Sacramentum
1569 4361 1750 4406 autem
1777 4367 1868 4407 res
1892 4361 2091 4423 mystc-

2201 1923 2223 1958 (
2265 1921 2390 1962 cum
2443 1903 2742 1976 gratiarum
2789 1905 3005 1962 actione
3047 1903 3365 1974 percipitur.
3401 1901 3740 1959 Sanetiﬁeatur

2200 2014 2220 2047 ι
2265 1994 2411 2050 enim
2461 2009 2560 2064 per
2611 1993 2838 2050 verbum
2867 1993 2963 2050 Dei
3008 2001 3064 2049 et
3112 1993 3442 2048 orationem.
3482 1989 3600 2046 Huic
3641 2008 3738 2062 pm-

2199 2105 2218 2140 ‹
2262 2101 2472 2156 ponens
2532 2082 2795 2141 fratribus
2819 2124 2836 2150 ,
2893 2084 3073 2140 bonus
3123 2083 3235 2139 eris
3281 2082 3532 2138 minister
3573 2081 3740 2140 Christi

2198 2197 2218 2232 ι
2257 2177 2421 2246 Jesu,
2469 2175 2743 2232 enutritus
2794 2175 2977 2232 verbis
3011 2173 3136 2230 ﬁdei
3182 2181 3239 2229 et
3289 2174 3450 2230 bonae
3497 2173 3738 2229 doctrina,

2199 2289 2218 2322 ι
2261 2284 2428 2341 quam
2482 2275 2768 2324 assecutus
2822 2281 2904 2323 es.
2959 2264 3177 2336 lneptas
3237 2273 3422 2320 autem
3478 2272 3532 2319 et
3587 2263 3742 2318 inanes

2199 2379 2218 2413 ι
2262 2359 2502 2432 [aniles.,
2528 2360 2568 2415 i.
2597 2375 2643 2414 c.
2666 2355 3060 2431 infructuosae]
3086 2355 3301 2410 fabulas
3324 2353 3503 2410 devita
3527 2352 3609 2423 (11
3631 2353 3744 2408 Tim.

2198 2470 2217 2504 ι
2264 2467 2324 2517 n,
2351 2451 2466 2522 23).
2505 2449 2711 2506 Exerce
2733 2456 2916 2504 autem
2941 2447 3176 2518 teipsum
3201 2445 3271 2500 ad
3313 2446 3588 2516 pietatem.
3632 2443 3742 2498 Nam

2199 2562 2218 2594 ι
2259 2541 2562 2612 corporalis
2575 2539 2894 2596 exercitatio
2914 2539 2982 2594 ad
3005 2537 3282 2593 modicum
3309 2535 3460 2592 utilis
3479 2543 3578 2591 est.
3596 2534 3742 2590 Pietas

2198 2651 2217 2684 ι
2263 2641 2444 2687 autem
2476 2631 2543 2686 ad
2585 2631 2770 2686 omnia
2795 2629 2946 2684 utilis
2966 2637 3070 2695 est,
3103 2627 3524 2698 promissionem
3569 2625 3741 2680 habens

2197 2742 2216 2775 ι
2251 2723 2400 2787 vitae,
2443 2736 2566 2792 qua:
2603 2735 2752 2777 nunc
2791 2728 2894 2787 est,
2941 2728 2998 2775 et
3017 2718 3233 2774 futurae.
3271 2716 3473 2772 Fidelis
3497 2730 3676 2782 sermo,
3699 2725 3744 2771 et

2197 2830 2217 2864 ι
2263 2813 2412 2867 omni
2443 2811 2757 2882 acceptione
2783 2811 3004 2882 dignus.
3053 2808 3112 2864 In
3154 2809 3262 2864 hoc
3287 2807 3436 2863 enim
3467 2807 3742 2861 laboramus

2199 2921 2219 2954 ι
2259 2911 2314 2958 ει
2343 2901 2739 2968 maledicimur,
2783 2901 2914 2971 quia
2962 2915 3249 2970 speramus
3279 2898 3338 2954 in
3378 2896 3548 2952 Deum
3571 2895 3740 2960 vivum,

2199 3013 2218 3044 ‹
2261 2994 2356 3064 qui
2411 3001 2496 3050 est
2555 2993 2794 3049 salvator
2845 2992 3092 3048 omnium
3152 2989 3482 3056 hominum,
3541 2987 3741 3042 maxime

2137 3129 2162 3152 ,
2199 3105 2218 3137 ι
2263 3083 2522 3141 ﬁdelium.
2538 3083 2776 3154 Praecipe
2797 3084 2912 3140 haec
2929 3083 3148 3138 etdoce.
3165 3079 3338 3136 Nemo
3359 3067 3746 3136 adolescentiam

2199 3195 2219 3228 ι
2264 3183 2416 3231 tuam
2466 3182 2818 3242 contemnat;
2876 3174 2970 3230 sed
3015 3173 3324 3242 exemplum
3370 3180 3490 3226 esto
3539 3169 3740 3225 ﬁdelium

2199 3285 2219 3317 c
2257 3267 2312 3320 in
2339 3266 2526 3332 verbo,
2575 3265 2632 3320 in
2675 3264 3110 3330 conversatione,
3160 3263 3217 3318 in
3244 3262 3527 3326 charitate,
3565 3261 3616 3314 in
3641 3259 3741 3324 ﬁde,

2200 3375 2218 3408 ι
2265 3357 2320 3411 in
2343 3357 2615 3412 castitate.
2645 3353 2786 3412 Dum
2816 3355 2976 3412 venio
3001 3355 3220 3410 attende
3250 3353 3494 3420 lectioni,
3519 3349 3742 3406 exhorta-

2198 3466 2219 3500 ι
2261 3447 2394 3503 ιίοηί
2433 3453 2488 3503 ει
2529 3447 2808 3503 doctrinae.
2841 3445 2962 3502 Noli
2989 3446 3260 3518 negligere
3285 3445 3540 3516 gratiam,
3564 3456 3674 3512 quae
3697 3440 3741 3494 in

2199 3558 2219 3591 ι
2267 3547 2318 3594 ιε
2361 3547 2485 3606 εει;
2531 3553 2655 3609 quae
2683 3538 2810 3595 data
2853 3546 2940 3594 εει
2971 3537 3069 3593 tibi
3121 3553 3219 3607 per
3261 3533 3597 3606 prophetiam
3641 3546 3742 3586 cum

2199 3649 2218 3680 ι
2261 3629 2611 3699 impositione
2671 3645 2935 3686 manuum
2997 3627 3298 3699 presbyteri
3361 3621 3739 3698 [presbyterii].

2199 3739 2218 3772 ‹
2259 3718 2386 3774 11ίεε
2432 3720 2718 3784 meditare,
2775 3719 2830 3773 in
2885 3717 2971 3776 his
3014 3727 3154 3785 esto,
3209 3726 3272 3773 ut
3319 3715 3592 3786 profectus
3643 3725 3743 3768 tuus

2199 3828 2219 3860 ι
2265 3807 2589 3863 manifestus
2635 3809 2707 3864 sit
2758 3809 3033 3866 omnibus.
3101 3806 3335 3862 Attende
3381 3805 3528 3859 enim
3575 3803 3660 3858 tibi
3703 3811 3745 3855 et

2199 3921 2218 3952 ι
2263 3897 2544 3966 doctrinae,
2575 3899 2718 3954 insta
2753 3898 2808 3952 in
2837 3899 2966 3953 illis.
2995 3896 3111 3952 lloc
3153 3897 3301 3952 enim
3360 3895 3564 3950 faciens
3591 3903 3639 3948 et
3663 3893 3744 3948 tei-

2199 4013 2217 4045 ε
2258 4008 2416 4064 psum
2445 3992 2652 4048 salvum
2683 3989 2868 4056 facies,
2899 3997 2954 4044 et
2980 4004 3074 4045 eos
3096 3988 3190 4059 qui
3222 3996 3274 4042 te
3295 3987 3546 4042 audiunt.
3588 4003 3606 4036 ι

2823 4095 3123 4136 εχῐιοειτιο.
3229 4107 3234 4112 ·

2262 4172 2340 4228 Νε
2389 4173 2552 4228 modo
2598 4171 2918 4228 Timotheus
2945 4171 3210 4240 objiceret
3250 4169 3466 4225 Paulo:
3517 4167 3741 4240 quoniam

2193 4272 2406 4318 tantum
2449 4272 2852 4319 sacramentum
2887 4263 2971 4334 (ut
3011 4260 3117 4333 ais)
3148 4261 3205 4315 in
3253 4260 3501 4317 Ecclesia
3532 4269 3629 4324 est,
3659 4273 3744 4312 non

2192 4355 2425 4410 multum
2457 4370 2544 4409 me
2588 4354 2813 4425 vigilare
2835 4361 3047 4422 oportet
3073 4367 3172 4423 pro
3203 4351 3456 4407 custodia
3485 4351 3618 4422 ejus,
3645 4347 3744 4417 quia

505 4433 606 4490 riis
660 4435 902 4492 involuta
957 4439 1173 4495 dicitur.
1230 4440 1387 4508 Quod
1438 4451 1868 4510 sacramentum,
1916 4443 1968 4497 id
2011 4452 2094 4498 est
2121 4451 2169 4511 ι)
2195 4461 2292 4516 per
2317 4445 2422 4500 hoc
2455 4446 2858 4500 sacramentum
2888 4443 3216 4500 suﬁicienter
3243 4441 3598 4498 custodictur.
3625 4439 3742 4493 Con-

503 4524 780 4596 Christus,
809 4530 1204 4600 manifestatum
1230 4543 1306 4587 est
1333 4535 1388 4587 in
1415 4549 1603 4600 carne,
1657 4533 1784 4604 quia
1823 4549 1920 4604 per
1964 4549 2089 4589 vcr-

505 4617 635 4673 lmm
666 4618 757 4674 Dei
793 4619 1136 4676 incarnatum
1157 4664 1172 4689 ,
1199 4623 1374 4679 deitas
1409 4625 1813 4695 quodammodo
1839 4640 1936 4696 per
1969 4641 2091 4680 car-

506 4723 628 4764 nem
657 4709 887 4768 visibilis
911 4710 1053 4768 facta
1097 4725 1218 4784 est;
1255 4731 1398 4787 quae,
1429 4715 1537 4771 nisi
1561 4715 1614 4770 in
1642 4731 1828 4784 carne,
1873 4716 2091 4786 penitus

501 4799 792 4858 invisibilis
854 4813 994 4860 crat.
1063 4805 1178 4862 Hoc
1228 4807 1351 4863 ideo
1409 4817 1811 4864 sacramentum
1836 4849 1851 4876 ,
1904 4808 1959 4864 id
2009 4816 2092 4864 est

503 4890 756 4950 Christus
774 4896 1134 4970 justi/iculum
1155 4908 1254 4967 est,
1279 4914 1388 4954 non
1411 4899 1557 4970 quod
1581 4909 1863 4970 peccatum
1883 4899 2093 4954 habue-

505 4979 597 5045 rit,
649 4983 742 5037 sed
791 4985 956 5040 homo
1010 4987 1099 5042 ille
1153 5003 1315 5060 quem
1368 4987 1514 5044 Deus
1571 4987 1869 5058 assumpsit
1907 4988 2094 5058 justus

438 5112 460 5126 .
504 5067 685 5126 factus
707 5082 793 5127 est
817 5075 874 5128 in
902 5076 1114 5146 spiritu,
1161 5078 1214 5134 id
1237 5087 1324 5134 est
1341 5094 1440 5150 per
1469 5078 1742 5149 spiritum,
1773 5079 1978 5135 scilicet
1997 5093 2094 5148 per

503 5162 758 5220 deitatem
791 5169 1068 5226 counitam
1097 5171 1221 5237 sibi,
1249 5172 1378 5243 quia
1425 5187 1549 5227 cum
1593 5171 1684 5226 alii
1731 5171 1982 5226 homines
2024 5186 2092 5226 cx

504 5256 945 5326 concupiscentia
992 5263 1176 5319 carnis
1222 5263 1600 5333 concipiantur
1633 5303 1650 5331 ,
1715 5263 1969 5320 Christus
2021 5277 2091 5318 ex

503 5343 793 5405 dilectione
825 5353 997 5420 patris
1029 5362 1326 5424 conoeptus
1367 5363 1470 5409 est.
1523 5353 1638 5409 Hoc
1665 5354 1861 5409 iterum
1901 5369 2092 5410 sacra-

507 5446 752 5494 mentum
779 5445 1028 5514 apparuit
1081 5443 1302 5515 angelis,
1355 5444 1410 5503 id
1457 5452 1542 5500 est
1587 5442 1796 5500 fecitse
1841 5445 2092 5501 Christus

506 5533 760 5602 cognosci
783 5534 852 5590 ab
873 5536 1100 5606 angelis,
1128 5551 1224 5606 per
1247 5536 1362 5591 haec
1381 5551 1504 5606 qua;
1525 5535 1688 5592 homo
1709 5535 1885 5590 factus
1906 5548 2093 5604 opera-

393 5619 402 5625 ”
509 5622 598 5676 tns
639 5630 725 5678 est
771 5624 825 5678 in
855 5625 1034 5680 terris.
1061 5623 1157 5679 llis
1184 5623 1329 5678 enim
1374 5623 1542 5691 visis,
1574 5625 1805 5680 multant
1850 5621 2094 5695 profece-

508 5718 639 5767 runt
682 5713 862 5784 angeli
909 5713 974 5792 de
1025 5713 1334 5788 cognitione
1375 5713 1506 5784 Dei,
1559 5729 1668 5769 non
1714 5712 1860 5771 enim
1907 5713 2091 5768 omnia

2198 4545 2280 4591 tra
2302 4535 2408 4590 hoc
2433 4534 2638 4590 Paulus
2663 4535 2776 4590 ait:
2829 4533 2982 4590 Scias
3028 4534 3180 4589 omni
3225 4533 3510 4606 vigilantia
3557 4544 3746 4586 conser-

2196 4626 2428 4682 vandam
2457 4641 2580 4682 esse
2607 4623 2907 4682 Ecclesium
2933 4624 3159 4692 Christi,
3205 4624 3334 4694 quia
3380 4625 3436 4678 in
3487 4619 3746 4678 novissimis

2199 4712 2519 4784 temporibus
2546 4713 2812 4767 discedent
2845 4713 3063 4785 quidam
3105 4729 3138 4766 a
3167 4712 3291 4782 fide.
3325 4710 3441 4767 Hoc
3461 4719 3636 4766 autem
3659 4721 3744 4762 non

2197 4805 2388 4860 leviter
2415 4819 2447 4859 a
2479 4803 2724 4875 quolibet
2747 4803 2953 4874 accepi,
2997 4803 3092 4858 sed
3139 4799 3374 4872 Spiritus
3401 4811 3620 4856 sanctus
3637 4794 3748 4851 dixit

2195 4895 2327 4950 mihi
2361 4911 2465 4950 non
2495 4895 2598 4950 sub
2628 4894 2902 4964 aliquibus
2945 4892 3154 4964 ﬁguris,
3193 4891 3290 4948 sed
3322 4891 3617 4961 manifeste,
3645 4885 3745 4958 quia

2194 4985 2250 5040 in
2280 4985 2597 5042 novissimis
2627 4985 2964 5056 temporibus
2991 4984 3276 5040 discedent
3291 4982 3517 5054 quidam
3541 4975 3744 5036 hazretici

2193 5091 2224 5131 a
2256 5076 2362 5133 ﬁde
2392 5075 2617 5144 Christi,
2665 5075 2992 5131 attendentes
3037 5073 3314 5145 spiritibus
3360 5072 3577 5138 erroris,
3606 5069 3653 5124 id
3684 5075 3748 5122 est

2193 5165 2532 5224 daemonibus
2559 5167 2908 5238 loquentibus
2929 5181 3026 5236 per
3045 5180 3144 5220 ora
3173 5165 3548 5228 seductorum,
3597 5169 3743 5214 atten-

2192 5257 2384 5314 dentes
2431 5273 2542 5314 non
2592 5265 2803 5313 tantum
2854 5257 3160 5312 rationibus
3205 5269 3423 5322 eorum,
3476 5253 3568 5309 sed
3611 5250 3750 5308 etiam

2193 5347 2470 5415 doctrinis,
2486 5347 2541 5404 id
2555 5356 2642 5404 est
2653 5345 3050 5404 assertionibus
3067 5345 3443 5402 doctrinarum
3464 5339 3743 5398 earumdem

2194 5439 2594 5506 daemoniorum,
2637 5439 2962 5510 loquentium
3012 5436 3344 5492 mendacium
3390 5435 3447 5488 in
3496 5427 3742 5502 hypocrisi.

2194 5532 2250 5588 id
2281 5540 2365 5588 est
2397 5531 2453 5586 in
2502 5531 2850 5588 simulatione
2893 5529 3048 5597 boni,
3092 5545 3218 5586 cum
3248 5543 3375 5584 vere
3406 5526 3531 5582 mali
3565 5523 3678 5586 sint,
3703 5527 3746 5571 et

2195 5623 2494 5678 habentium
2521 5623 3099 5690 suamconscienliam,
3147 5619 3200 5676 id
3243 5628 3328 5676 cst
3351 5616 3516 5692 32‘.
3540 5620 3743 5671 mentem

2197 5729 2352 5772 suam
2375 5713 2542 5770 totius
2571 5714 2700 5770 mali
2730 5711 3030 5783 consciam,
3063 5712 3436 5778 cauleriatam,
3460 5707 3512 5766 id
3534 5715 3610 5764 cst
3634 5699 3750 5758 luris.
