3988 6406
141 441 273 500 445
750 430 751 433 “
797 424 1165 493 EXPOISITIO
1202 434 1267 490 IN
1306 431 1690 491 EPISTOLAS
1724 432 1953 489 PAULI.
1989 465 2059 476 --
2092 434 2159 489 IN
2196 428 2394 491 EPIST
2423 435 2464 490 1.
2503 435 2596 490 AD
2630 436 2767 492 TIM.
3333 440 3438 496 ut!

141 553 465 610 manifesta
510 550 796 608 adustione
825 551 1117 623 signatam.
1153 549 1470 604 Cauteriare
1502 564 1533 603 a
1579 564 1754 613 caveo,
1785 552 1829 608 Α
1860 547 1914 601 in
1944 547 2066 615 ﬁde,
2099 547 2279 604 sciens
2319 549 2463 621 quod
2492 548 2547 604 in
2588 550 2866 605 Christum
2910 548 3130 605 credere
3173 561 3441 621 Oportcat.

144 662 346 713 caves,
377 644 597 710 dicitur,
626 641 928 698 cauterium
968 642 1117 698 enim
1160 640 1376 696 adustio
1403 639 1493 695 illa
1532 639 1751 706 dicitur,
1856 637 2169 694 Enutritum
2206 638 2373 696 etiam
2410 640 2554 695 bona
2583 640 2853 706 doctrina,
2882 640 2936 694 id
2966 649 3048 696 est
3083 640 3442 696 instructione

142 751 288 807 qum
320 735 385 791 ﬁt
411 734 764 806 deprehensis
809 731 1042 799 furibus,
1094 741 1154 787 ut
1198 731 1294 802 qui
1334 730 1572 786 viderint
1611 730 1754 795 illos,
1855 745 2091 785 morum.
2120 729 2273 785 Talia
2299 745 2543 801 propone
2567 729 2854 797 fratribus;
2879 732 2969 785 sed
2990 730 3203 786 tabulas
3229 731 3441 801 ineptas

144 842 258 896 per
286 828 402 882 hoc
430 826 647 897 signum
672 832 903 881 caveant
933 823 1039 881 sibi
1063 823 1287 890 abillis,
1328 822 1561 879 scientes
1609 818 1757 893 quod
1855 835 1979 891 qua:
2024 820 2228 876 nullam
2278 820 2560 876 veritatem
2586 820 2804 887 habent,
2854 830 2916 876 ut
2964 821 3032 877 de
3076 822 3441 891 prohibitione

145 914 321 972 fures
354 924 504 972 sunt.
536 915 620 971 Ab
644 931 708 971 ea
753 914 1107 971 similitudine
1134 913 1268 970 dicit
1294 912 1598 968 habentium
1629 928 1755 967 con-
1856 908 2106 965 ciborum
2127 918 2182 965 et
2202 910 2548 981 nuptiarum;
2582 909 2793 979 fabulas
2824 910 3024 982 ineptas
3048 912 3209 964 etiam
3233 911 3445 979 inanes,

144 1009 454 1062 scientiam
501 1008 857 1063 cauteriatam
883 1049 899 1075 ,
954 1007 1084 1077 quia
1137 1006 1342 1063 dolosa
1391 1006 1591 1062 mentis
1645 1021 1760 1062 sum
1858 999 1914 1057 id
1959 1009 2043 1057 est
2091 1000 2331 1068 inutiles,
2378 1015 2521 1070 qum,
2569 999 2983 1077 licet‘veritatis
3027 1001 3457 1056 similitudinem

145 1100 423 1170 quadam
449 1099 604 1171 signa
647 1098 784 1155 foris
829 1099 1107 1166 emittunt,
1154 1114 1253 1169 per
1279 1099 1383 1154 hoc
1412 1097 1539 1170 quia
1567 1096 1758 1169 prohi-
1858 1103 2100 1163 teneant,
2156 1103 2220 1151 ut
2261 1095 2521 1151 reducere
2568 1095 3063 1161 circumcisionem,
3120 1096 3241 1150 sine
3291 1094 3433 1149 omni

147 1192 296 1250 bent
329 1191 561 1248 nubere.
606 1189 734 1247 Haec
775 1198 860 1247 est
900 1190 1045 1245 enim
1071 1198 1290 1245 coctura
1321 1189 1413 1244 illa
1453 1204 1577 1261 quae
1601 1187 1762 1245 nobis
1860 1184 2092 1257 utilitate
2112 1191 2295 1241 tamen
2320 1190 2477 1250 sunt;
2503 1183 2624 1239 illas
2646 1199 2753 1238 non
2782 1182 2959 1239 solum
2979 1182 3120 1238 sicut
3140 1182 3433 1252 praemonui

147 1284 347 1354 aperit
392 1283 598 1337 malum
642 1281 990 1338 conscientiae
1033 1297 1245 1350 eorum,
1296 1282 1446 1353 quod
1487 1282 1764 1354 prohibent

146 1372 385 1441 nubere,
417 1372 470 1429 id
504 1381 590 1428 est
609 1372 755 1443 quod
776 1371 1101 1443 praecipiunt
1127 1388 1237 1428 non
1271 1374 1512 1429 nubere:
1551 1382 1605 1429 et
1622 1389 1765 1445 prte—

146 1462 490 1533 cipientium
513 1462 696 1518 adhuc
720 1462 984 1516 abstinere
1003 1479 1039 1522 a
1066 1461 1197 1515 cibis
1223 1478 1352 1532 quos
1385 1461 1527 1517 Deus
1567 1464 1764 1517 creavit

148 1550 227 1604 ad
265 1551 672 1622 percipiendum
693 1550 963 1620 ﬁdelibus,
1008 1559 1062 1607 et
1088 1540 1215 1607 hoc
1247 1568 1367 1606 cum
1397 1552 1603 1607 actione
1635 1567 1763 1623 gra-

149 1641 393 1707 tiarum,
446 1641 576 1712 quia
625 1641 694 1697 de
739 1641 846 1697 hoc
878 1642 1099 1713 agendae
1146 1649 1276 1699 sunt
1313 1642 1502 1713 gratia:
1531 1644 1767 1699 creatori

153 1729 275 1787 Deo
299 1773 320 1798 ,
375 1747 447 1788 ne
490 1729 632 1788 forte
678 1732 725 1786 si
769 1732 888 1788 sine
934 1730 1313 1789 benedictione
1361 1733 1766 1805 perciperemus

151 1822 341 1892 (Quod
373 1837 517 1893 saepe
544 1821 792 1878 auditum
821 1824 927 1893 est)
955 1823 1209 1878 diabolus
1238 1839 1364 1879 cum
1407 1825 1477 1879 iis
1510 1824 1762 1896 iugi-ede.
1795 1885 1834 1896 __
1868 1835 1994 1890 gere
2010 1820 2164 1876 velis.
2188 1818 2326 1874 Nam
2358 1821 2472 1874 ham
2493 1817 2783 1888 corporalis
2805 1817 3112 1871 exercitatio
3135 1813 3455 1885 perjejunia

152 1885 340 1967 ὲὲωτ.
383 1885 601 1967 creavit
628 1912 819 1983 utique
851 1885 920 1968 ad
950 1914 1359 1984 percipiendum
1405 1885 1676 1981 ﬁdelibus,
1713 1926 1764 1970 et
1795 1885 1837 1941 Β
1867 1885 2015 1964 utilis
2072 1910 2292 1980 quidem
2319 1950 2338 1976 ,
2388 1911 2485 1965 sed
2536 1885 2784 1979 respectu
2832 1908 3052 1978 pietatis
3083 1908 3152 1960 ad
3188 1906 3455 1960 modicum

154 2002 263 2069 his,
305 2002 364 2057 id
410 2012 497 2059 est
534 2004 698 2058 etiam
752 2003 958 2061 eisdem
1020 2003 1224 2059 talibus
1274 2005 1366 2076 qui
1420 2013 1768 2074 cognoverunt
1864 1998 2025 2053 valet.
2074 1997 2217 2064 Quid
2278 1997 2426 2052 enim
2472 1997 2692 2066 prodest
2727 1996 3012 2066 praelatum
3053 1995 3134 2049 sic
3189 2009 3249 2048 se
3307 1991 3451 2046 atlliv

154 2093 470 2161 ueritatem,
499 2093 645 2149 hanc
676 2093 885 2150 scilicet
910 2093 1040 2164 quia
1078 2095 1259 2150 omnis
1288 2102 1537 2149 creatura
1562 2093 1682 2161 Dei,
1710 2094 1769 2157 in
1866 2104 2012 2159 gere,
2059 2097 2119 2143 ut
2154 2103 2266 2158 prae
2298 2087 2575 2143 debilitate
2625 2086 2804 2142 carnis
2860 2083 3208 2141 instructioni
3260 2080 3454 2136 subdi-

153 2198 224 2239 eo
250 2183 408 2254 quod
440 2199 470 2239 a
502 2183 614 2240 Deo
645 2193 830 2241 creata
857 2197 961 2253 est,
996 2185 1140 2241 bona
1190 2192 1246 2240 et
1288 2184 1441 2240 utilis
1487 2194 1571 2240 est
1617 2185 1770 2240 omni
1867 2184 2049 2235 torum
2109 2178 2271 2249 325
2332 2186 2569 2248 nequeat
2627 2177 2866 2233 vacare?
2926 2173 3161 2230 Aﬁlictio
3207 2173 3454 2242 corporis

155 2275 267 2332 hoc
288 2275 543 2331 credenti
570 2294 586 2343 ;
615 2276 663 2331 si
690 2285 873 2331 autem
903 2276 1093 2332 nociva
1116 2284 1202 2332 est
1229 2275 1415 2343 alicui,
1442 2284 1502 2330 ut
1525 2274 1774 2342 coluber,-
1868 2285 2064 2341 parum
2087 2278 2174 2325 est
2195 2268 2345 2324 utilis
2372 2288 2385 2322 :
2410 2268 2579 2338 pietas
2606 2276 2804 2333 autem,
2835 2266 2890 2321 id
2915 2272 3000 2321 est
3032 2280 3098 2319 ex
3129 2264 3329 2335 pietate
3355 2262 3454 2316 mi—

157 2373 468 2436 proptcrea
494 2364 554 2420 ﬁt
577 2365 706 2436 quia
732 2381 841 2420 non
868 2366 1099 2422 credidit
1121 2366 1322 2422 bonam
1346 2380 1471 2421 esse
1499 2363 1607 2420 sibi
1631 2365 1775 2421 hanc
1872 2362 2163 2418 serationis
2188 2361 2469 2417 intendere
2497 2359 2736 2414 ﬁliorum
2763 2356 3113 2413 instructioni
3140 2374 3152 2410 :
3192 2355 3329 2420 haec,
3370 2353 3454 2407 in-

1872 2470 2058 2526 quam,
2100 2453 2275 2524 pietas
2327 2450 2477 2506 utilis
2514 2460 2641 2514 est;
2699 2465 2806 2505 non
2842 2449 2911 2504 ad
2931 2447 3205 2519 quaedam,
3254 2443 3350 2500 sed
3383 2443 3455 2497 ad

1872 2545 2072 2599 omnia.
2115 2542 2241 2600 Ideo
2283 2543 2351 2598 de
2384 2541 2677 2597 aﬁlictione
2702 2539 2951 2610 corporis
2989 2536 3337 2592 Timotheum
3376 2535 3458 2591 sic

1872 2635 2111 2705 quodam
2167 2634 2332 2689 modo
2360 2633 2677 2705 redarguit:
2726 2631 2856 2703 quia
2895 2637 3123 2685 noverat
3152 2643 3278 2684 eum
3321 2627 3465 2682 adeo

1871 2725 2141 2795 ieiunare,
2162 2731 2218 2779 et
2241 2739 2271 2778 a
2292 2732 2424 2794 potu
2447 2723 2562 2779 vini
2584 2739 2644 2780 se
2671 2723 2949 2789 cohibere,
2976 2720 3125 2791 quod
3144 2717 3460 2776 stomachus

1877 2814 1998 2884 ejus
2022 2813 2146 2869 ideo
2168 2813 2547 2868 debilitaretur
2572 2832 2584 2866 :
2609 2827 2779 2883 quare
2796 2809 3042 2882 praecipit
3061 2809 3138 2863 illi
3152 2809 3206 2862 in
3228 2812 3463 2877 sequen-

1861 1367 1991 1422 veiit
2035 1365 2351 1432 discutere;
2405 1379 2506 1419 nec
2550 1362 2713 1418 etiam
2747 1362 2897 1417 solus
2945 1363 3164 1418 studeas
3210 1361 3265 1415 in
3313 1362 3446 1428 illis,

1863 1457 1958 1514 sed
1979 1457 2163 1528 potius
2195 1472 2376 1512 exerce
2400 1463 2473 1517 te,
2510 1470 2611 1511 nec
2641 1454 2864 1524 partim,
2897 1453 2991 1509 sed
3020 1454 3240 1522 teipsum
3270 1460 3442 1506 totum

1862 1558 1918 1606 et
1937 1565 2187 1618 corpore,
2209 1556 2264 1604 et
2290 1547 2475 1603 animo
2499 1547 2569 1601 ad
2592 1546 2860 1617 pietatem,
2885 1543 2938 1598 id
2960 1551 3044 1599 cst
3061 1544 3128 1598 ad
3144 1543 3445 1598 doctrinam

1864 1648 1921 1695 et
1948 1638 2252 1695 custodiam
2284 1636 2582 1708 religionis,
2627 1643 2794 1705 utque
2827 1642 2974 1689 totus
3015 1632 3228 1689 fortiter
3254 1646 3450 1687 vacare

1866 1729 2046 1799 possis
2075 1729 2286 1799 pietati,
2316 1743 2385 1782 ne
2415 1743 2582 1798 supra
2610 1727 2834 1782 modum
2862 1741 3082 1781 carnem
3126 1732 3275 1778 tuam
3316 1721 3444 1777 allii-

157 2465 487 2512 creaturam
518 2455 635 2526 Dei,
664 2464 747 2525 ut,
794 2456 843 2513 si
885 2456 1049 2512 modo
1080 2457 1328 2513 crederet
1359 2456 1485 2527 quis
1512 2470 1622 2511 non
1651 2471 1776 2512 esse

158 2548 378 2603 bonum
406 2561 467 2603 se
489 2547 776 2603 comedere
803 2561 1027 2602 carnem
1051 2546 1217 2603 etiam
1250 2547 1482 2614 licitam,
1508 2555 1563 2603 et
1592 2555 1775 2602 tamen

158 2636 508 2704 comederet,
536 2645 807 2707 peccaret,
844 2636 974 2708 quia
1005 2644 1250 2692 uteretur
1275 2651 1343 2693 eo
1376 2636 1522 2707 quod
1569 2637 1774 2692 bonum

159 2743 290 2784 esse
321 2728 623 2784 dubitaret.
659 2729 1048 2799 Cognoverunt
1079 2728 1244 2785 etiam
1274 2728 1462 2784 ﬁdeles
1488 2728 1625 2782 nihil
1654 2743 1778 2785 esse

161 2814 560 2888 rejiciendum.
583 2814 920 2872 Determinat
942 2816 1088 2887 quod
1111 2815 1242 2871 dicit
1263 2830 1372 2871 non
1397 2815 1773 2886 rejiciendum.

163 2904 314 2962 illud
342 2905 556 2962 scilicet
583 2906 731 2977 quod
758 2906 1079 2977 percipitur,
1110 2906 1166 2963 id
1194 2917 1280 2963 est
1299 2906 1446 2978 quod
1475 2906 1780 2976 percipien-
1879 2905 2028 2959 tibus
2055 2903 2134 2958 uti
2169 2905 2319 2959 vino.
2348 2902 2481 2971 Quae
2511 2904 2687 2974 pietas
2713 2910 2799 2958 est
2828 2902 3023 2955 habens
3063 2899 3461 2970 promissionem

163 2996 308 3052 dum
354 3006 446 3053 est
486 2986 625 3054 cum
658 2998 873 3054 actione
914 2999 1239 3070 gratiarum,
1287 3012 1400 3053 non
1423 2998 1571 3053 enim
1599 2997 1782 3054 omnis
1880 3000 2001 3055 vita:
2027 3015 2144 3069 qua:
2169 3014 2305 3052 nunc
2325 3007 2427 3064 est,
2458 2998 2511 3052 id
2541 3003 2626 3052 est
2653 2995 2968 3050 vitationem
2990 2991 3118 3045 mali
3131 2998 3184 3045 et
3208 3003 3462 3058 augmen-

160 3105 307 3147 caro
362 3087 700 3145 comedenda
728 3096 831 3145 εει.
880 3087 1189 3161 Percipere,
1220 3089 1469 3161 inquam,
1515 3097 1571 3144 et
1622 3104 1782 3160 agere
1883 3097 1996 3144 tum
2030 3088 2277 3161 justitiae,
2310 3104 2433 3161 quae
2484 3088 2538 3143 in
2584 3088 2687 3144 hac
2733 3087 2842 3141 vita
2882 3084 3010 3140 licet
3043 3082 3264 3137 habere.
3290 3077 3465 3135 Habet

166 3181 388 3254 gratias
414 3181 620 3236 bonum
643 3189 748 3249 est,
777 3182 903 3252 quia
931 3191 1184 3238 creatura
1213 3181 1305 3237 illa
1332 3196 1456 3253 quae
1498 3180 1554 3235 in
1598 3181 1779 3247 cibum
1814 3239 1852 3254 Α
1882 3184 2047 3239 etiam
2074 3182 2496 3254 promissionem
2542 3183 2737 3251 futura:
2778 3188 2833 3235 et
2862 3184 3137 3249 perpetua).
3166 3175 3309 3228 vitae.
3364 3171 3465 3228 Hic

167 3239 443 3341 sumitur,
468 3239 837 3341 sanctiﬁcatur
862 3288 954 3343 per
982 3274 1215 3341 verbum,
1264 3272 1319 3329 id
1349 3239 1437 3328 est
1463 3286 1561 3342 per
1584 3270 1783 3327 Filium
1808 3239 1854 3303 α
1885 3239 2294 3341 autem.sermo,
2335 3288 2497 3344 quem
2541 3239 2652 3326 dixi
2691 3239 2970 3325 intendere
3009 3262 3215 3334 pietati,
3254 3277 3356 3317 nec
3390 3261 3468 3316 ita

168 3362 298 3421 Dei.
343 3362 453 3418 Per
494 3362 697 3419 Filium
741 3363 890 3420 enim
927 3371 983 3420 et
1025 3362 1213 3420 omnia
1239 3363 1463 3430 creavit,
1499 3371 1555 3419 et
1600 3361 1783 3418 omnia
1885 3382 2086 3437 corpus
2110 3365 2369 3438 amigere,
2398 3372 2461 3419 ιιι
2490 3361 2817 3434 impediatur
2842 3358 3037 3429 pietas,
3077 3351 3253 3423 ﬁdelis
3275 3360 3379 3419 est,
3411 3360 3465 3406 et

170 3464 372 3512 creata
390 3455 770 3512 sanetiticavit.
796 3455 1350 3512 Sanctiﬁcaturetiam
1362 3472 1454 3526 per
1467 3456 1783 3521 orationem,
1883 3466 1968 3514 est
1989 3458 2179 3528 dignus
2218 3458 2360 3511 omni
2385 3456 2685 3527 acceptione
2702 3469 2721 3508 :
2747 3453 2875 3524 quia
2902 3448 3210 3505 confortato
3238 3458 3471 3515 corpore

170 3547 227 3604 id
259 3551 374 3603 ἐει
413 3555 468 3603 ει
513 3562 611 3618 per
657 3546 1092 3603 benedictionem
1135 3561 1257 3617 quae
1285 3546 1562 3616 praecedit,
1609 3556 1659 3601 et
1692 3561 1786 3616 per
1885 3549 2099 3606 fovetur
2132 3549 2309 3622 pietas
2351 3548 2505 3604 utilis
2557 3546 2627 3603 ad
2653 3545 2855 3601 omnia.
2888 3541 3155 3612 Quodque
3183 3543 3465 3606 acceptum

172 3639 489 3712 gratiarum
510 3639 772 3693 actionem
795 3653 919 3709 qum
949 3637 1216 3710 sequitur.
1886 3658 2008 3700 esse
2029 3643 2224 3699 debeat
2246 3656 2502 3698 exercere
2530 3639 2598 3696 ad
2624 3639 2879 3709 pietatem
2906 3642 3132 3707 apparet
3153 3632 3310 3687 inde:
3338 3627 3469 3699 quia

244 3726 439 3797 Nota.
498 3744 624 3785 cum
667 3729 735 3785 de
781 3738 1029 3799 tempore
1067 3727 1387 3785 Antichristi
1436 3727 1785 3784 Timotheum
1887 3736 1942 3790 in
1966 3734 2085 3802 hoc,
2122 3733 2178 3789 id
2198 3742 2284 3790 est
2311 3733 2365 3788 in
2395 3733 2596 3803 pietate
2620 3729 2922 3784 laboramus
2948 3741 3071 3791 nos,
3118 3722 3270 3778 cibos
3290 3720 3357 3776 de
3389 3717 3469 3773 la-

173 3820 395 3877 Paulus
448 3820 727 3887 instruat,
776 3820 959 3875 innuit
1014 3819 1261 3875 membra
1312 3817 1635 3874 Antichristi
1690 3833 1779 3888 per

1886 3825 2020 3880 bore
2070 3837 2335 3878 manuum
2383 3828 2708 3891 quaerentes.
2758 3815 3137 3870 Maledicimur
3188 3810 3352 3866 etiam
3398 3808 3469 3862 ab

175 3913 349 3984 longa
379 3918 627 3982 tempora
658 3919 823 3982 caput
850 3922 1019 3967 suum‘
1036 3910 1360 3982 praecedere.
1414 3908 1596 3964 lnnuit
1619 3910 1779 3965 etiam

1889 3917 2200 3974 infidelibus
2225 3935 2237 3970 :
2269 3916 2391 3971 ideo
2416 3914 2542 3986 quia
2563 3926 2834 3981 speramus
2862 3907 3203 3964 intendentes
3224 3905 3280 3958 in
3302 3904 3470 3958 Deum

177 4004 338 4077 quod
365 4004 486 4059 haec
520 4000 811 4058 instructio
857 4001 1008 4057 omni
1053 4001 1329 4066 Ecclesiae,
1378 4009 1433 4055 ει
1485 4000 1787 4056 secundum
1888 4011 2084 4075 vivum,
2132 4009 2227 4079 qui
2270 4007 2438 4062 vitam
2468 4014 2727 4061 ana-nam
2756 4015 2925 4073 quam
2967 3999 3130 4055 habet
3167 3996 3321 4055 dabit
3341 4010 3469 4066 spe.

179 4096 381 4154 omnia
428 4093 613 4151 futura
658 4102 909 4165 tempora
935 4093 1079 4150 facta
1103 4094 1196 4149 sit.
1230 4093 1360 4149 Haac
1389 4108 1511 4163 qua:
1536 4093 1789 4163 superius
1887 4100 2138 4156 rantibus
2185 4099 2241 4153 in
2265 4114 2343 4154 se.
2375 4096 2434 4151 In
2474 4110 2541 4151 eo
2583 4093 2781 4150 merito
2815 4090 3143 4163 sperandum
3170 4096 3255 4144 est
3273 4087 3364 4158 qui
3393 4094 3472 4140 est

181 4189 339 4244 dicta
362 4195 514 4254 sum,
542 4186 748 4257 nuptiis
788 4200 900 4251 non
926 4185 1230 4253 detrahere.
1267 4184 1440 4251 cibos,
1476 4199 1617 4255 quos
1644 4182 1790 4239 Deus
1892 4190 2141 4247 Salvator
2182 4190 2417 4244 omnium
2457 4187 2751 4252 hominum,
2800 4184 3070 4239 bonorum
3101 4190 3157 4236 et
3202 4179 3483 4234 malorum.

181 4279 255 4334 ad
288 4276 701 4348 percipiendum
732 4275 985 4342 ﬁdelibus
1013 4275 1240 4341 ereavit,
1270 4290 1381 4329 non
1402 4275 1685 4347 derogare,
1734 4283 1779 4330 cl

1891 4281 2190 4339 salvatione
2210 4278 2535 4350 temporali:
2568 4277 2699 4348 quia
2729 4294 2749 4327 ι
2785 4275 2954 4332 solem
2998 4287 3159 4329 suum
3182 4270 3314 4325 facit
3336 4268 3469 4324 oriri

181 4378 391 4425 cetera
431 4368 716 4438 praemissa
765 4374 823 4422 tu
867 4366 1277 4447 proponens,.id
1297 4373 1381 4422 est
1408 4366 1463 4421 in
1503 4367 1792 4437 propatulo
1892 4388 2057 4444 super
2077 4372 2257 4445 justos
2285 4378 2342 4426 et
2375 4368 2614 4438 injustas
2645 4365 2863 4438 (Matth.
2904 4380 2958 4430 v,
3009 4362 3121 4434 45).
3161 4380 3181 4412 ι
3225 4359 3477 4427 Cumque

183 4474 406 4533 ponens
428 4458 708 4529 fratribus,
761 4457 890 4513 licet
934 4456 1015 4512 sic
1057 4457 1414 4527 proponendo
1459 4456 1779 4527 quibusdam

1892 4463 1965 4518 sit
2018 4461 2262 4518 omnium
2307 4458 2579 4524 Salvator,
2624 4458 2856 4513 maxime
2898 4463 3077 4510 tamen
3115 4460 3169 4509 ct
3204 4450 3477 4522 praecipue

184 4550 434 4608 videaris
456 4549 620 4605 nimis
647 4549 993 4606 remissus.et
1015 4548 1304 4619 indulgens
1340 4546 1671 4615 carnalitati,
1710 4548 1793 4604 sic
1824 4568 1869 4623 ι)
1893 4553 2133 4624 ﬁdelium
2164 4561 2262 4618 est,
2292 4551 2495 4622 quibus
2517 4550 2687 4606 vitam
2707 4557 2967 4603 retentam
2991 4544 3159 4610 dabit,
3184 4556 3351 4613 quam
3375 4555 3473 4594 ne-

182 4650 379 4698 tamen
403 4641 509 4696 eris
533 4640 776 4695 minister
799 4638 1001 4696 Christi
1023 4638 1152 4694 Iesu
1185 4640 1370 4707 bonus,
1418 4640 1472 4695 id
1495 4647 1581 4696 est
1608 4639 1796 4695 utilior
1896 4646 2046 4718 gabit
2088 4645 2313 4716 impiis;
2346 4657 2487 4714 quos
2518 4650 2703 4698 tamen
2739 4640 2794 4694 in
2838 4640 2942 4693 hoc
2982 4635 3188 4691 mundo
3218 4632 3393 4687 salvat
3417 4631 3475 4718 in

183 4733 304 4789 illis
322 4731 421 4803 qui
446 4731 671 4787 modum
692 4731 861 4786 nimia
890 4730 1232 4787 districtione
1257 4731 1581 4787 excedentes
1611 4731 1798 4802 probi-
1895 4717 2289 4805 temporalibus
2312 4733 2492 4788 bonis.
2509 4729 2779 4798 Quoniam
2808 4727 3027 4797 quidem
3049 4736 3303 4779 exercere
3325 4729 3378 4774 te
3406 4717 3476 4772 ad

183 4825 327 4881 bent
352 4824 581 4890 nubere,
605 4820 663 4880 et
688 4822 770 4878 uti
800 4822 1130 4880 carnalibus.
1164 4821 1256 4879 Sic
1275 4823 1441 4880 debes
1470 4837 1796 4894 proponere,
1896 4825 2154 4896 pietatem
2200 4823 2409 4878 bonum
2454 4828 2558 4886 cst,
2595 4825 2650 4872 et
2670 4832 2773 4871 nos
2802 4815 2856 4869 in
2901 4812 3093 4869 eodem
3124 4810 3476 4865 laboramus:

187 4924 311 4971 tum
338 4913 469 4985 quia
500 4913 581 4969 sic
610 4913 811 4981 bonus,
839 4913 895 4969 id
924 4922 1008 4969 est
1037 4912 1187 4969 utilis
1209 4912 1339 4980 eris,
1381 4921 1639 4984 praeterea
1665 4913 1794 4983 quia
1897 4926 2040 4983 quos
2062 4919 2248 4966 tamen
2276 4909 2334 4964 in
2354 4909 2460 4963 hoc
2492 4905 2697 4961 mundo
2718 4900 2919 4958 imitari
2948 4899 3134 4956 debes.

187 5012 356 5074 potes
383 5020 400 5070 ;
428 5010 485 5056 tu
516 5002 662 5057 enim
693 5002 980 5069 enutritus,
1018 5001 1072 5057 id
1096 5011 1180 5058 est
1206 5010 1362 5057 extra
1407 5000 1716 5057 rudimenta
1741 5010 1797 5057 et
1971 5002 2054 5058 Tu
2079 5001 2247 5073 igitur
2271 4999 2519 5055 vacando
2547 4994 2736 5068 pietati
2779 4993 3004 5065 prcecipe
3045 4991 3132 5046 his
3158 4987 3252 5060 qui
3275 4987 3476 5051 sciunt,

191 5095 535 5150 nutrituram
570 5094 837 5165 puerilem
866 5092 1080 5163 positus
1107 5093 1305 5150 doctus
1341 5108 1403 5149 es
1447 5093 1614 5147 verbis
1643 5092 1793 5163 ﬁdei.
1897 5092 2156 5165 scdpigri
2187 5099 2316 5149 sunt
2337 5090 2406 5146 ad
2431 5086 2767 5160 operandum
2798 5104 2812 5140 :
2850 5084 2961 5140 lucc
2983 5082 3190 5138 scilicet
3211 5086 3476 5150 prmccpta

191 5183 358 5242 Nosti
387 5185 535 5241 enim
585 5185 641 5239 in
689 5200 877 5257 quem,
919 5194 975 5240 et
1026 5185 1303 5255 quomodo
1328 5193 1382 5241 te
1406 5194 1653 5257 oporteat
1679 5200 1797 5242 cre-
1896 5200 2021 5256 qua:
2039 5183 2322 5256 praemissa
2371 5189 2520 5237 sunt.
2556 5177 2616 5234 Si
2654 5177 2751 5250 qui
2777 5175 2942 5233 etiam
2994 5184 3123 5231 sunt
3150 5172 3479 5234 nescientes,

193 5279 352 5335 dere.
383 5275 672 5332 Enutritus
695 5277 859 5331 etiam
878 5291 939 5332 es
959 5276 1139 5333 verbis
1162 5276 1308 5331 bona:
1335 5277 1613 5345 doctrinm,
1638 5277 1693 5333 id
1713 5288 1799 5334 est
1896 5277 2026 5331 doce
2061 5289 2160 5331 eos
2209 5282 2265 5330 et
2302 5273 2408 5329 hoc
2444 5281 2741 5342 utrumque
2768 5284 2895 5327 cum
2924 5274 3074 5323 tanta
3116 5263 3404 5321 severitate
3428 5264 3482 5315 et

1861 1274 2179 1342 interdicas,
2231 1273 2323 1330 sed
2368 1273 2561 1340 devita,
2611 1272 2656 1328 si
2686 1273 2812 1342 quis
2856 1269 2982 1327 inde
3009 1279 3187 1327 tecum
3232 1280 3444 1328 secreto
3542 1322 3545 1325 .

196 5369 395 5424 utilem
424 5382 642 5422 morum
677 5367 1097 5424 instructionem
1123 5367 1383 5437 didicisti,
1405 5386 1568 5440 quam
1589 5369 1796 5425 doctri—

198 5477 328 5515 nam
352 5459 599 5529 plenarie
621 5467 893 5514 assecutus
915 5476 967 5515 es
987 5475 1085 5531 per
1105 5474 1214 5527 me,
1237 5460 1332 5530 qui
1356 5471 1409 5515 et
1429 5468 1483 5515 te
1498 5459 1793 5530 baptizavi,

200 5561 255 5605 et
276 5540 407 5620 qua:
432 5549 612 5605 adhuc
635 5549 879 5606 docenda
920 5559 1078 5607 erant
1103 5550 1435 5607 suﬂicienter
1465 5548 1651 5605 docui.
1696 5548 1796 5605 Hic

200 5641 351 5697 enim
383 5639 709 5697 Timotheus
738 5657 770 5695 a
798 5648 973 5696 matre
1015 5639 1159 5695 ﬁdeli
1206 5640 1401 5696 litteris
1442 5638 1618 5696 sacris
1644 5638 1798 5694 addi-

203 5733 424 5790 scendis
454 5748 587 5803 puer
621 5732 853 5789 traditus
878 5740 981 5797 est,
1031 5748 1141 5787 non
1173 5739 1353 5804 tamen
1380 5732 1552 5788 donec
1574 5747 1604 5786 a
1628 5730 1798 5786 Paulo

204 5824 520 5899 baptizatus
555 5833 675 5894 est;
728 5835 779 5882 et
823 5825 945 5882 ideo
980 5823 1104 5880 dicit
1158 5839 1283 5880 cum
1334 5823 1632 5879 enntritum
1678 5837 1798 5880 esse

1898 5364 2190 5433 munditia,
2211 5372 2273 5420 ut
2305 5378 2456 5418 nemo
2490 5369 2788 5416 contemnat
2823 5367 2971 5413 tuam
3017 5353 3430 5410 adolescentiam
3459 5365 3478 5413 ;

1898 5466 1962 5514 ut
1983 5458 2245 5514 honestas
2264 5456 2390 5512 vita:
2416 5464 2472 5512 et
2499 5454 2720 5511 habitus
2759 5460 2971 5509 aetatem
3019 5459 3168 5503 tuam
3204 5444 3365 5501 annis
3385 5441 3480 5513 ju-

1901 5550 2131 5608 venilem
2159 5549 2408 5606 moribus
2437 5547 2644 5604 faciant
2689 5553 2983 5602 maturam.
3014 5539 3207 5605 Nemo,
3234 5537 3480 5605 inquam,

1901 5652 1955 5699 te
1984 5650 2302 5699 contemnat
2336 5639 2465 5695 :sed
2498 5647 2607 5693 esto
2652 5634 2944 5704 exemplum
2974 5640 3325 5701 quorumque
3350 5623 3483 5694 [ide-

1904 5732 2035 5786 lium
2057 5732 2112 5786 in
2134 5731 2285 5786 verbo
2307 5748 2320 5784 :
2346 5731 2400 5784 in
2425 5727 2730 5783 humilitate
2754 5724 3038 5791 alloquens
3065 5732 3256 5772 omnes
3281 5715 3335 5769 in
3357 5729 3483 5768 con—

1908 5822 2214 5893 versatione,
2244 5819 2498 5877 omnibus
2529 5815 2710 5874 omnia
2732 5812 2904 5869 factus
2932 5811 2984 5865 in
3012 5808 3293 5880 charitate,
3318 5804 3376 5861 id
3401 5812 3486 5862 est
