3906 6294
463 313 484 320 ’
527 324 634 381 447
666 336 668 340 '
964 399 968 403 Α
1065 321 1122 376 8.
1155 317 1508 406 ΒΠΠΝΟΝΙΒ
1543 303 2005 373 σΑιιτιιυδιΑΝι

2224 312 2714 372 INSTITUTORIS
2751 314 2902 372 OPP.
2942 315 3124 376 PARS
3162 318 3225 376 ll.
3653 337 3737 394 με

527 429 586 494 in
611 435 905 492 dilatione
931 435 1166 504 proximi
1196 436 1250 488 in
1285 419 1406 503 ﬁde,
1440 431 1493 486 id
1521 437 1606 485 est
1636 430 1690 484 in
1713 427 2100 500 justificatione
2129 429 2176 488 Α
2210 444 2228 476 ε
2274 423 2409 480 Nam
2444 441 2566 496 quae
2614 425 2668 480 in
2710 427 2920 484 deliciis
2966 440 3050 486 est
3082 431 3292 498 viventi.
3338 443 3544 492 mortua
3573 453 3658 500 est.
3683 447 3738 506 Et

524 539 875 596 permanens.
903 522 971 578 Et
990 521 1046 577 in
1067 515 1329 586 castitate,
1356 533 1478 590 quae
1516 519 1692 574 virtus
1737 532 1950 588 gemma
1987 516 2100 570 vir-
2208 535 2227 566 ι
2268 515 2373 572 hoc
2396 515 2648 587 praecipe,
2681 526 2741 572 ut
2763 518 3268 589 irreprebensibiles
3291 525 3420 604 sint.
3452 525 3506 582 Si
3537 533 3646 602 quis
3661 553 3736 592 au-

523 617 708 670 tututn
730 621 816 670 est
849 613 918 696 in
943 613 1158 685 juvene.
1193 610 1316 666 ideo
1343 610 1411 664 de
1455 609 1974 680 castitatejuvenem
2014 608 2101 662 in-
2207 624 2245 688 ci
2272 615 2379 662 tcm
2428 623 2655 662 suorum
2685 609 2760 679 (ct
2807 611 3047 667 maxime
3099 613 3544 688 domesticorum)
3583 638 3734 684 curam

524 703 708 770 struit,
759 699 1121 760 adolescentia
1161 700 1306 756 enim
1357 707 1490 754 tetas
1522 707 1602 755 est
1639 699 1814 770 magis
1847 697 2100 754 lascivire
2205 715 2226 748 t
2267 711 2376 752 non
2400 698 2583 766 habet,
2620 698 2780 754 ﬁdem
2810 702 3044 772 negavit,
3081 713 3248 762 etest
3290 705 3494 762 inﬁdeli
3522 711 3733 776 deterior.

522 803 786 864 appetens
822 809 984 864 quam
1039 791 1164 846 alia.
1197 788 1264 844 Et
1294 797 1352 844 ut
1385 790 1465 846 sis
1509 790 1817 860 exemplum
1857 789 2096 846 fidelium
2205 806 2226 839 ‹
2271 785 2443 844 Vidua
2495 789 2731 860 eligatur
2774 807 2884 847 non
2929 793 3114 850 minus
3161 797 3444 868 sexaginta
3489 781 3734 876 annorum,

523 884 739 938 attende
765 883 997 948 lectioni,
1024 881 1077 936 id
1105 887 1188 934 est
1215 878 1436 935 assidue
1462 879 1676 934 revolve
1711 895 1924 935 sacram
1944 879 2097 950 pagi-
2204 898 2224 932 α
2267 895 2391 950 quae
2428 879 2593 936 fuerit
2651 883 2814 938 unius
2866 883 2988 958 viri
3018 900 3176 953 uxor,
3221 885 3277 941 in
3323 890 3575 959 operibus
3610 895 3735 955 bonis

522 988 672 1040 nam,
697 972 844 1038 dum,
871 972 927 1026 id
961 978 1048 1026 est
1077 969 1258 1026 donec.
1280 985 1382 1042 ego
1416 971 1583 1026 venio.
1625 970 1924 1042 Postquam
1947 971 2095 1037 enim
2191 990 2223 1042 .C
2265 971 2640 1028 testimonium
2665 973 2873 1030 habens
2897 993 2910 1030 :
2937 975 2984 1031 si
3013 975 3154 1032 ﬁlios
3173 978 3446 1046 educavit,
3473 983 3518 1036 si
3542 985 3736 1056 hospitio

523 1063 592 1118 ad
620 1073 683 1118 te‘
695 1056 892 1142 venero
918 1059 1246 1116 sufﬁcienter
1275 1062 1511 1117 monebo
1550 1070 1602 1118 te
1628 1080 1641 1116 :
1664 1061 1786 1117 viva
1820 1063 1964 1120 enim
1989 1076 2093 1116 vox
2203 1077 2222 1111 σ
2266 1061 2492 1131 recepit,
2520 1061 2567 1118 si
2591 1071 2905 1118 sanctorum
2930 1066 3096 1135 pedes
3119 1064 3270 1134 lavit,
3294 1067 3342 1123 si
3373 1069 3734 1132 tribulationem

521 1151 928 1232 magis'animat
966 1166 1348 1222 quemcunque
1375 1168 1540 1228 quam
1569 1152 1758 1212 lectio;
1796 1154 1890 1208 sed
1912 1145 2095 1210 tamen
2202 1167 2222 1202 ι
2264 1150 2600 1220 patientibus
2629 1151 3088 1220 subministravit,
3122 1142 3168 1211 si
3190 1171 3357 1212 omne
3394 1173 3531 1230 opus
3569 1162 3734 1222 bonum

519 1243 672 1298 multi
698 1241 832 1298 satis
883 1241 1086 1310 sciunt,
1132 1242 1250 1315 qui,
1276 1243 1383 1299 nisi
1434 1245 1665 1301 lectione
1711 1245 2092 1311 incitarentur,
2202 1259 2222 1292 ε
2267 1241 2561 1298 subsecuta
2592 1251 2695 1299 est.
2737 1243 3212 1301 Adolescentiores
3247 1255 3432 1302 autem
3466 1250 3641 1308 viduas
3661 1249 3734 1310 de.

515 1338 794 1400 torperent
813 1330 948 1388 dum
975 1324 1218 1390 monitor
1237 1349 1428 1389 eorum
1461 1335 1677 1390 abesset
1701 1352 1716 1401 ;
1740 1343 1795 1391 et
1831 1335 1953 1392 ideo
1974 1335 2051 1390 ait
2077 1355 2090 1390 :
2201 1349 2230 1383 τ
2263 1331 2396 1388 vita.
2424 1331 2564 1388 Cum
2585 1333 2732 1390 enim
2764 1335 3053 1392 luxuriata:
3085 1335 3307 1404 fuerint,
3339 1337 3396 1394 in
3435 1338 3736 1400 Christonu-

511 1421 744 1478 Attende
768 1421 1310 1490 lectiOni,etattende
1327 1425 1708 1488 exhortationi,
1740 1427 2096 1482 idestexhor—
2201 1441 2220 1474 ε
2265 1422 2394 1478 bere
2435 1423 2626 1478 volunt
2652 1426 2674 1478 ἔ
2703 1424 2968 1482 habentes
3014 1426 3450 1496 damnationem,
3491 1431 3612 1504 quia
3651 1437 3736 1506 pri-

440 1527 448 1534 '
509 1523 629 1581 tare
651 1531 748 1572 eos
772 1516 868 1587 qui
891 1516 1040 1574 docti
1065 1526 1214 1584 sunt,
1252 1525 1308 1572 et
1333 1526 1516 1573 tamen
1553 1517 1622 1573 ad
1655 1519 1988 1588 operandum
2012 1517 2095 1588 pi-
2202 1529 2224 1564 ε
2267 1529 2412 1568 mam
2461 1514 2622 1571 ﬁdem
2674 1517 2885 1572 irritam
2934 1515 3199 1574 fecerunt.
3261 1521 3438 1576 Simul
3491 1533 3654 1580 autem
3695 1541 3736 1586 ct

509 1605 614 1676 επὶ.
638 1605 872 1662 Attende
902 1596 1068 1662 etiam
1095 1609 1371 1689 doctrina},
1395 1609 1448 1664 id
1468 1617 1555 1664 est
1575 1609 1710 1664 doce
1742 1623 1839 1664 eos
1871 1609 1966 1680 qui
1999 1625 2095 1664 ne.
2203 1623 2220 1656 ι
2261 1605 2454 1661 otiosa:
2474 1606 2694 1662 discunt
2719 1607 2952 1684 circuire
2979 1608 3172 1666 dumos
3197 1629 3210 1666 :
3237 1627 3346 1666 non
3372 1613 3546 1669 solum
3566 1617 3734 1688 otiosae,

511 1695 732 1751 sciunt:
759 1703 816 1752 et
843 1704 906 1752 ut
938 1696 994 1752 in
1018 1696 1104 1754 his
1126 1699 1388 1754 attentior
1410 1699 1506 1766 sis,
1537 1699 1648 1754 noli
1691 1691 1947 1772 negligere
1971 1717 2096 1771 gra-
2127 1755 2168 1774 η
2202 1712 2222 1744 ε
2265 1695 2360 1750 sed
2386 1702 2442 1749 et
2482 1697 2726 1752 verbosa!
2761 1706 2815 1752 et
2861 1699 3114 1766 curiosae,
3170 1701 3458 1770 loquentes
3499 1721 3614 1774 quae
3651 1723 3734 1764 non

514 1784 912 1858 tiam‘Spiritus
947 1789 1122 1844 sancti
1163 1805 1281 1860 qua:
1316 1799 1395 1844 est
1418 1755 1550 1845 inte
1589 1755 1804 1846 collata.
1829 1755 2089 1847 "Gratiam
2126 1755 2168 1810 Β
2201 1803 2224 1837 t‘
2264 1795 2498 1856 oportet.
2539 1785 2676 1843 Volo
2721 1803 2852 1858 ergo
2889 1789 3133 1859 juniores
3183 1755 3412 1857 nubere,
3461 1755 3594 1852 ﬁlios
3633 1815 3734 1869 pro-

510 1875 636 1931 dico
660 1877 1051 1945 pontiﬁcalem,
1079 1879 1352 1948 quadam
1387 1889 1464 1933 εει
1497 1880 1594 1936 tibi
1615 1897 1709 1951 per
1741 1881 2110 1952 ρνοριιειίωη,-
2199 1894 2218 1926 ‹
2263 1890 2471 1943 creare,
2508 1875 2953 1934 matresfamilias
2980 1895 3126 1948 esse,
3177 1882 3385 1937 nullam
3433 1888 3732 1945 occasionem

511 1963 565 2017 id
618 1971 705 2019 est
741 1979 840 2034 per
891 1966 1312 2036 praevisionem;
1356 1968 1551 2038 spiritu
1601 1969 1747 2024 enim
1793 1970 2093 2041 prophetia
2198 1984 2218 2017 ι
2262 1965 2394 2022 dare
2421 1966 2738 2024 adversario
2771 1966 3039 2025 maledicti
3071 1971 3264 2043 gratia.
3294 1970 3416 2028 Jam
3443 1977 3583 2031 enim
3613 1967 3731 2049 qua

507 2056 1308 2127 jtmdoctum'viditeidoneum
1328 2060 1624 2129 pontiﬁcali
1648 2061 1864 2133 gratiae:
1894 2072 1948 2120 et
1975 2065 2091 2120 haec
2198 2076 2221 2108 ι
2259 2057 2386 2113 dam
2413 2074 2692 2116 conversae
2729 2071 2859 2142 sum
2885 2071 3032 2117 retro
3073 2072 3198 2133 post
3241 2063 3520 2121 Satanam.
3561 2067 3752 2140 Siquis

505 2146 633 2200 data
657 2155 742 2202 est
763 2147 858 2202 tibi
885 2163 1006 2202 cum
1026 2148 1364 2226 Imposition‘e
1403 2167 1655 2206 manuum
1676 2154 2010 2224 presbyterii,
2035 2155 2089 2212 id
2197 2166 2217 2198 ε
2262 2148 2438 2204 ﬁdelis
2468 2149 2630 2205 habet
2659 2151 2874 2219 viduas,
2905 2153 3284 2210 subministret
3305 2155 3413 2212 illis
3435 2165 3494 2212 ut
3515 2174 3615 2213 non
3636 2177 3732 2231 gra-

505 2244 593 2292 cst
625 2237 868 2308 episcopi
897 2241 993 2310 qui
1027 2239 1402 2296 consecrando
1436 2250 1489 2297 ω
1511 2242 1850 2314 episcopum,
1893 2261 2090 2302 manus
2197 2241 2417 2295 t'vetur
2463 2242 2693 2298 ecclesia
2719 2261 2733 2297 :
2759 2251 2819 2298 ut
2841 2244 2928 2299 his
2959 2260 3080 2315 qua:
3113 2260 3242 2301 vere
3265 2247 3444 2304 vidua:
3472 2259 3594 2304 sunt
3616 2251 3732 2306 suill-

508 2326 606 2381 tibi
634 2327 912 2398 imposuit.
951 2327 1050 2385 Vel
1079 2331 1425 2403 presbyterii,
1456 2332 1510 2386 id
1535 2341 1620 2388 est
1649 2335 2050 2406 presbyteratus

2195 2349 2215 2382 ι
2259 2331 2387 2387 ciat.
2419 2331 2524 2398 Qui
2559 2332 2698 2388 bene
2718 2343 2962 2404 praesunt
2991 2336 3316 2408 presbyteri,
3339 2338 3539 2410 duplici
3562 2341 3732 2398 honore

421 2456 436 2464 -
504 2416 636 2488 quia
668 2418 796 2475 licet
839 2421 984 2477 unus
1018 2422 1326 2490 specialiter
1357 2437 1554 2480 manus
1588 2424 1832 2495 imponat
1863 2436 1920 2482 'et
1957 2443 2090 2483 con-
2196 2423 2222 2473 t'
2254 2419 2404 2492 digni
2452 2412 2774 2491 habeantur,
2817 2417 3054 2480 maxime
3097 2427 3193 2498 qui
3229 2427 3482 2484 laborant
3512 2430 3562 2484 in
3599 2433 3733 2490 verbo

503 2511 1100 2587 senaret,tamen_c:eteri
1121 2511 1361 2583 episcopi
1383 2514 1476 2584 qui
1496 2523 1676 2572 astant
1697 2519 1945 2573 eumdem
1961 2535 2086 2574 cum
2195 2528 2214 2562 t
2257 2518 2312 2566 et
2339 2511 2606 2572 doctrina.
2632 2511 2774 2568 Dicit
2808 2503 2956 2569 enim
2990 2513 3316 2586 Scriptura:
3361 2515 3479 2572 Non
3522 2520 3731 2593 alligabis

504 2597 598 2654 illo
619 2609 966 2656 consecrant.
2193 2619 2212 2654 ι
2257 2599 2337 2672 [in
2361 2600 2537 2674 frena]
2565 2618 2628 2658 os
2653 2603 2779 2658 bovi
2825 2605 3098 2660 trituranti
3124 2604 3307 2676 (Deut.
3340 2623 3471 2676 xxv,
3499 2610 3566 2676 4;
3593 2609 3618 2664 1
3633 2611 3729 2668 Cor.

571 2687 710 2770 Nota
735 2685 887 2760 quod
911 2695 1018 2762 ‘per
1048 2691 1452 2763 impositionem
1479 2710 1678 2751 manus
1700 2696 1937 2768 Spiritus
1959 2715 2088 2755 san-
2194 2697 2226 2740 ι’
2261 2705 2336 2755 IX,
2367 2690 2444 2760 9)ο
2481 2689 2580 2744 Ei:
2629 2689 2837 2762 υίεηιιε
2885 2700 2970 2748 εει
3021 2693 3306 2762 operarius
3352 2699 3598 2752 mewede
3636 2716 3728 2758 Sila.

500 2787 624 2835 ctus
645 2781 847 2836 datur:
877 2798 986 2838 non
1010 2783 1136 2839 ideo
1163 2783 1242 2856 iit:
1265 2785 1396 2854 quin
1423 2786 1541 2842 sine
1574 2787 1677 2842 hoc
1708 2799 1895 2858 posset
1931 2790 2042 2847 dari

2193 2799 2212 2833 ς
2258 2781 2533 2838 Adversus
2544 2783 2918 2854 presbyterum
2941 2784 3346 2840 accusationem
3371 2787 3482 2841 noli
3511 2789 3729 2860 recipere,

500 2870 595 2926 sed
621 2871 744 2927 ideo
768 2887 968 2929 manus
997 2873 1313 2945 imponitur,
1341 2884 1403 2931 ιιι
1433 2877 1648 2947 plenam
1689 2881 2084 2950 subjeciioncm
2193 2883 2217 2924 t'
2255 2871 2360 2926 nisi
2391 2871 2494 2927 sub
2515 2871 2728 2929 duobus
2747 2881 2842 2928 aut
2865 2873 3044 2930 tribus
3080 2875 3308 2931 testibus
3329 2875 3510 2945 (Dent.
3535 2895 3638 2946 nx,
3664 2869 3744 2946 i5,

499 2975 597 3031 per
634 2962 741 3018 hoc
767 2961 944 3020 discat
966 2965 1221 3022 exhibere
1254 2966 1365 3022 Deo
1389 2976 1442 3024 et
1463 2971 1835 3026 consecratori
1869 2987 1971 3027 suo
1997 2973 2041 3026 ill

2192 2981 2214 3014 ε
2257 2959 2371 3032 45).
2395 2960 2691 3018 Peccantcs
2717 2979 2902 3020 coram
2931 2965 3188 3022 omnibus
3217 2981 3405 3039 argue,
3431 2979 3490 3029 ut
3509 2978 3558 3027 et
3583 2971 3729 3027 wteri

498 3052 596 3121 qui
624 3061 892 3110 sacratur.
931 3053 1090 3112 Unde
1123 3066 1369 3114 sacrator
1405 3060 1494 3116 ille
1538 3060 1679 3116 hanc
1712 3063 2083 3132 praelationem
2112 3083 2154 3142 ο
2192 3061 2216 3106 θ’
2259 3053 2512 3142 timorem
2547 3053 2802 3111 habeanl-
2841 3054 3036 3112 Testor
3060 3041 3246 3113 coram
3298 3047 3410 3114 Deo
3455 3069 3506 3116 et
3545 3061 3734 3120 Christo

499 3143 663 3199 habet
708 3159 872 3216 super
903 3161 1030 3204 eum
1071 3162 1234 3220 quem
1273 3160 1580 3218 consecrat,
1614 3153 1759 3223 quod
1799 3171 2082 3226 nunquam
2193 3161 2212 3195 ι
2257 3141 2408 3209 Jesu,
2443 3150 2499 3196 et
2547 3145 2734 3200 electis
2771 3146 2978 3217 angelis
3024 3146 3165 3217 ejus,
3215 3157 3274 3202 ut
3325 3148 3443 3203 haec
3490 3155 3730 3208 custodias

495 3235 568 3290 ab
587 3251 658 3291 eo
689 3235 831 3292 ultra
869 3237 1222 3308 judicabitur.
1262 3241 1555 3312 Prophetia
1588 3243 1753 3299 etiam
1796 3247 1886 3302 illa
1915 3263 2082 3319 quam
2191 3256 2210 3288 ί
2257 3237 2376 3292 Sine
2409 3236 2743 3308 Ρτίθὶιιτῖίοίοι
2786 3235 2926 3290 "ill"
2973 3234 3181 3292 Τθοίθυε
3214 3236 3268 3290 in
3305 3237 3529 3292 altera”
3554 3250 3728 3310 Ρπιεηι

495 3326 660 3393 dixit,
681 3328 811 3398 quia
841 3343 958 3384 non
993 3331 1066 3387 ira
1097 3333 1262 3388 modo
1303 3341 1482 3404 ροιεει
1503 3335 1640 3402 θένε,
1674 3351 1784 3392 non
1826 3339 1971 3394 enim
2003 3340 2084 3396 sic
2193 3346 2211 3378 ι
2253 3328 2596 3384 declinando.
2622 3327 2815 3383 Manus
2843 3326 2952 3381 cito
2977 3325 3181 3382 nemini
3211 3327 3556 3397 imposueris,
3585 3345 3730 3400 neque

497 3417 664 3474 modo
703 3421 974 3490 spiritales
1013 3433 1142 3480 sum
1169 3425 1428 3496 episcopi,
1460 3426 1520 3482 ﬁt
1561 3437 1742 3482 tamen
1781 3431 2082 3486 secundum
2121 3440 2124 3442 ν
2189 3438 2208 3472 t
2237 3419 2746 3476 ‘communicaveris
2769 3417 3008 3488 peccatis
3035 3418 3246 3475 alienis.
3266 3417 3524 3490 Teipsum
3551 3432 3729 3482 castum

495 3509 646 3580 quod
668 3521 849 3582 potest
874 3513 989 3570 fieri
1016 3534 1029 3569 :
1065 3515 1154 3570 ubi
1180 3517 1275 3586 qui
1299 3519 1704 3575 consecrandus
1737 3525 1822 3576 est
1845 3522 2084 3590 praesen-
2191 3531 2208 3564 ί
2254 3512 2488 3568 ουειοᾶῐο
2521 3510 2644 3568 Νοιὶ
2671 3509 2850 3566 adhuc
2884 3525 3088 3580 aquam
3123 3501 3330 3579 bibere.
3356 3512 3453 3568 sed
3494 3514 3614 3569 Vino
3635 3529 3728 3568 m0-

497 3609 646 3656 tatur
683 3605 1076 3673 consecratori,
1125 3616 1180 3662 et
1217 3608 1517 3678 requiritur
1553 3608 1619 3664 de
1648 3609 1752 3664 fide
1791 3619 1847 3666 et
1870 3613 2084 3669 caeteris
2189 3622 2208 3654 ι
2253 3603 2376 3658 dico
2402 3613 2551 3659 utere
2580 3611 2800 3674 propter
2825 3601 3170 3658 stomachum
3209 3609 3366 3656 tuum
3422 3611 3476 3659 et
3512 3602 3728 3674 frequen-

495 3699 558 3746 ιιι
588 3689 752 3747 habet
777 3691 942 3750 Ordo.
981 3694 1048 3750 Et
1087 3696 1170 3767 (ut
1196 3711 1488 3752 conserves
1525 3699 1754 3771 gratiam
1794 3717 1918 3770 qua:
1945 3702 2000 3756 in
2031 3711 2084 3758 te
2189 3713 2208 3746 ί
2251 3701 2334 3748 les
2361 3693 2882 3749 luas'inﬁl‘milaws-
2927 3691 3301 3758 Quorumdam
3335 3693 3610 3750 hominum
3635 3711 3726 3764 ιιεο-

493 3781 598 3849 cst)
660 3782 918 3838 meditare
951 3785 1064 3840 lucc
1103 3799 1228 3855 qua:
1267 3801 1498 3843 moneo:
1529 3797 1586 3844 et
1630 3798 1740 3844 esto
1782 3791 1840 3844 t'n
1883 3789 1965 3846 his
1985 3808 2083 3864 per
2189 3783 2218 3837 (
2247 3793 2368 3840 cata
2405 3783 2694 3840 manifesta
2741 3793 2869 3840 sum
2893 3823 2909 3850 ο
2968 3783 3330 3854 Ρτθδοθάθηῑίθ
3372 3785 3439 3840 ad
3473 3786 3726 3854 Ῑυάίοίυῐηι

493 3875 863 3942 operationem
913 3875 1077 3948 326
1115 3885 1173 3931 ut
1216 3878 1298 3934 sic
1351 3879 1663 3936 meditando
1705 3890 1760 3938 et
1805 3883 2082 3952 operando
2189 3894 2208 3928 ε
2249 3875 2613 3946 quorumdam
2643 3883 2826 3929 autem
2855 3882 2909 3929 et
2934 3874 3363 3944 subsequuntur.
3391 3874 3636 3932 Similiter
3652 3893 3728 3929 au-

491 3963 758 4032 profectus
803 3974 926 4020 tuus
963 3967 1278 4036 manifestus
1325 3971 1394 4023 sit
1443 3973 2080 4045 omnibuyetexemplo
2189 3987 2208 4019 ι
2252 3974 2360 4022 ιοηι
2385 3975 2440 4022 ct
2461 3965 2600 4022 facta
2650 3966 2792 4022 bona
2835 3966 3128 4021 manilcsta
3169 3973 3318 4032 sunt.
3354 3975 3408 4020 ct
3449 3982 3566 4037 quae
3601 3967 3731 4024 aliter

495 4061 591 4107 tuo
604 4055 911 4123 proﬁciant.
937 4055 1116 4127 thue
1137 4058 1218 4113 sic
1238 4059 1500 4127 proiicere
1521 4063 1722 4131 possis,
1744 4065 1961 4122 attende
1983 4065 2078 4120 tibi
2188 4076 2206 4108 ο
2255 4073 2314 4112 se
2347 4056 2567 4124 habent,
2599 4055 2860 4112 abscondi
2886 4071 2994 4110 που
3017 4065 3266 4126 ροεειιιιι.
3307 4073 3326 4108 ι

494 4145 788 4213 subtiliter,
834 4148 1048 4226 corrige
1079 4148 1246 4204 vitam
1276 4157 1449 4218 tuam,
1477 4160 1530 4206 et
1581 4161 1633 4207 te
1681 4155 1922 4225 undique
1967 4156 2076 4210 eir-
2812 4161 3129 4201 εινοειτιοο

493 4245 812 4306 cumspeeto
832 4239 1043 4298 attende
1085 4241 1366 4307 doctrinm,
1397 4240 1448 4295 id
1469 4251 1555 4297 est
1581 4243 1719 4300 doce
1768 4245 1926 4301 alios.
1958 4245 2035 4300 Vit

2251 4237 2318 4292 Et
2357 4253 2424 4292 ne
2473 4236 2796 4293 Timotheus
2839 4237 3026 4306 (quem
3085 4236 3165 4291 sic
3190 4235 3496 4303 admonuit,
3517 4238 3727 4315 pra-cipe,

493 4327 644 4382 enim
677 4336 770 4384 tua
799 4329 846 4384 si
873 4329 948 4386 sit
971 4330 1263 4388 laudabilis
1296 4334 1736 4402 praedicationem
1763 4348 1911 4392 tuam
1929 4353 2079 4393 com-
2181 4329 2330 4396 ἀοσεν
2359 4336 2488 4394 εἰςιν
2523 4327 2816 4393 indiserti“
2837 4327 3074 4395 doceret.
3108 4342 3217 4381 ηοιι
3255 4329 3540 4384 attendens
3579 4329 3724 4386 dim-

495 4417 796 4486 mendabit,
819 4429 874 4476 ιιι
902 4420 1024 4476 ideo
1061 4421 1206 4477 insta
1233 4423 1290 4476 in
1330 4423 1462 4491 illis,
1507 4425 1560 4481 id
1587 4428 1755 4482 estin
1781 4427 2080 4484 directione
2109 4426 2154 4484 D
2182 4420 2371 4476 sitatcs
2405 4427 2626 4474 aetatum
2669 4427 2723 4474 ct
2766 4431 3016 4482 sexuum.
3064 4417 3344 4488 subiungit
3387 4415 3582 4474 Paulus
3613 4433 3723 4488 quo-

494 4508 622 4566 vita:
643 4517 700 4566 et.
737 4510 986 4568 doctrina
1032 4513 1399 4570 subditorum.
1436 4515 1550 4570 Hoc
1589 4517 1730 4572 etum
1769 4518 1991 4587 faciens,
2025 4518 2078 4574 id
2180 4511 2345 4566 modo
2379 4509 2592 4580 singula
2612 4515 2745 4563 mtas
2765 4507 3007 4563 docenda
3034 4506 3126 4572 sit.
3147 4506 3372 4562 dicens:
3411 4503 3556 4563 Licet
3578 4507 3725 4562 dicam

492 4607 579 4656 est
604 4601 860 4658 instando
904 4603 961 4658 in
991 4603 1098 4660 illis
1139 4606 1362 4676 teipsunt
1409 4606 1615 4661 salvum
1651 4608 1836 4678 facies.
1885 4609 2046 4664 Atten
2177 4601 2422 4672 prwcipe,
2456 4600 2604 4665 doce,
2629 4598 2750 4653 vide
2779 4605 2962 4654 tamen
2987 4613 3050 4652 ne
3079 4613 3205 4652 cum
3247 4599 3561 4654 austeritate
3588 4601 3722 4652 incre-

493 4689 672 4748 dendo
707 4691 828 4760 tibi,
870 4710 960 4750 eos
987 4696 1152 4749 etiam
1178 4695 1380 4752 salvos
1417 4695 1587 4752 facies
1628 4712 1725 4768 per
1770 4697 2075 4756 doctrinam
2095 4707 2113 4730 -'
2177 4693 2384 4764 paveris
2406 4691 2664 4746 seniorem
2703 4699 2880 4756 aetate,
2918 4689 3009 4744 sed
3049 4687 3261 4742 obsecra
3308 4704 3436 4744 cum
3461 4699 3600 4744 tanta
3621 4689 3723 4744 dili-

491 4782 584 4856 qui
608 4791 660 4839 te
686 4785 932 4842 audiunt.
2094 4790 2102 4796 ’
2178 4783 2378 4857 gentia,
2426 4789 2486 4836 ut
2519 4789 2758 4852 patrem;
2797 4781 3013 4850 juvenes
3067 4789 3249 4836 autem
3283 4779 3530 4848 obsecra,
3552 4789 3605 4836 ut
3634 4780 3723 4849 [ra-

1015 4867 1021 4874 ’
1087 4873 1348 4936 ὈΑΡΗΤ
1386 4875 1452 4932 V.
2178 4884 2280 4931 tres
2304 4889 2324 4938 ;
2347 4889 2481 4927 auus
2515 4887 2666 4939 vero,
2703 4880 2759 4927 ut
2803 4879 3032 4934 matres;
3051 4869 3386 4939 juvenculas,
3423 4879 3480 4924 ut
3530 4885 3722 4926 sorores.

569 4982 590 5017 ι
637 4965 922 5022 Seniorem
944 4983 1012 5022 ne
1041 4967 1426 5039 iucrepaveris,
1471 4967 1567 5024 sed
1617 4967 1843 5025 obsecra
1886 4975 1945 5022 ut
1971 4983 2058 5038 pa-
2175 4959 2242 5024 Et
2269 4963 2398 5037 quia
2427 4961 2748 5018 Timotheus
2776 4961 2996 5032 juvenis
3025 4969 3164 5026 erat,
3189 4960 3312 5015 ideo
3335 4962 3460 5016 cuni
3480 4961 3546 5017 de
3560 4961 3722 5032 juven-

496 5077 516 5108 ι
561 5065 724 5123 trem,
754 5057 982 5128 juvenes
1008 5069 1069 5116 ut
1111 5061 1330 5129 fratres,
1357 5075 1500 5117 anus
1521 5068 1580 5116 ut
1607 5069 1829 5126 matres,
1873 5061 2072 5132 juven-
2175 5055 2316 5112 culis
2344 5054 2570 5122 diceret,
2598 5054 2656 5110 in
2685 5053 2829 5107 omni
2853 5052 3104 5106 castitate
3135 5052 3429 5122 apposuit;
3458 5050 3723 5108 rectissime

495 5167 534 5200 ι·
559 5149 714 5207 cuias
731 5159 794 5206 ut
815 5165 1031 5208 sorores
1059 5153 1113 5208 in
1135 5154 1285 5208 omni
1312 5134 1583 5209 castitate.
1609 5151 1816 5208 Viduas
1839 5152 2072 5216 honora”,
2175 5147 2324 5204 enim
2359 5146 2415 5202 in
2441 5147 2682 5218 alloquio
2703 5143 3122 5216 juveneularum
3143 5143 3364 5214 juvenis
3406 5145 3475 5201 de
3496 5143 3630 5200 omni
3649 5155 3726 5200 cas

495 5257 516 5290 ι
555 5251 684 5310 quae
712 5255 840 5296 vero
866 5241 1045 5298 vidua:
1073 5253 1231 5299 sunt.
1259 5243 1318 5298 Si
1359 5258 1468 5314 qua
1511 5251 1691 5298 autem
1727 5243 1888 5298 vidua
1932 5241 2074 5297 ﬁlius
2177 5239 2361 5296 stitate
2387 5238 2732 5304 admonetur,
2760 5251 2829 5292 ne
2854 5235 3060 5296 saltem
3097 5234 3326 5292 minima
3363 5236 3542 5292 carnis
3565 5233 3720 5290 titillao

495 5348 515 5383 ι
557 5338 654 5386 aut
698 5341 921 5403 nepotes
948 5334 1129 5401 habet,
1175 5334 1352 5390 discat
1383 5333 1622 5403 primum
1656 5332 1878 5388 domum
1911 5347 2069 5388 suam
2172 5330 2324 5386 tione
2364 5329 2510 5385 circa
2547 5343 2644 5385 eas
2675 5335 2978 5384 moveatur.
3023 5325 3312 5398 Timotheo
3355 5327 3613 5384 instructo
3631 5340 3720 5396 qua

493 5437 519 5476 σέ
555 5421 857 5493 pic-regere
887 5431 944 5480 et
983 5433 1230 5480 mutuam
1258 5423 1434 5478 vicem
1479 5422 1705 5478 reddere
1729 5423 2067 5492 parentibus.
2173 5421 2503 5478 discretione
2549 5419 2747 5476 docere
2789 5419 3012 5474 deberet
3070 5418 3256 5474 subdit
3306 5429 3629 5490 prmeeptum
3665 5416 3721 5470 de

495 5531 514 5566 t
555 5511 670 5570 Hoc
692 5515 840 5570 enim
876 5523 1158 5586 acceptum
1189 5521 1274 5570 cst
1301 5505 1488 5569 coram
1542 5511 1672 5568 Deo.
1724 5513 1857 5580 Quae
1885 5522 2066 5570 autem
2171 5511 2381 5578 viduis,
2438 5510 2807 5567 determinans
2855 5511 2987 5581 quasi
3029 5509 3096 5565 de
3149 5509 3307 5566 bonis
3354 5505 3598 5566 Ecclesia:
3643 5507 3720 5563 de.

495 5625 514 5661 t
552 5621 680 5663 vere
705 5607 980 5664 vidua’e'st
1001 5616 1055 5663 et
1082 5605 1346 5670 desolata,
1377 5612 1558 5674 speret
1583 5602 1636 5657 in
1659 5603 1828 5658 Deum
1860 5613 1952 5660 :et
1980 5605 2066 5659 in-
2096 5601 2104 5613 "
2173 5604 2337 5658 beant
2371 5602 2686 5670 sustentari,
2743 5610 2798 5656 et
2837 5616 2960 5672 quae
2990 5616 3120 5668 non,
3151 5601 3340 5658 dicens
3367 5621 3380 5656 :
3426 5599 3722 5658 Juvenculas

495 5720 514 5758 t
559 5707 666 5760 stet
693 5693 1168 5760 obsecratiOnibus
1201 5705 1254 5755 ct
1289 5695 1628 5752 orationibus
1667 5703 1825 5754 nocte
1865 5696 2062 5752 ac'die.
2173 5698 2254 5753 sic
2313 5695 2580 5762 obsecra;
2649 5693 2849 5750 Viduas
2913 5709 3043 5750 vero
3101 5692 3476 5769 confugientes
3525 5691 3588 5752 ad
