3906 6294
541 279 642 336 ist
1091 271 1147 327 s.
1185 267 1538 328 BRUNONIS
1571 261 2216 324 canrnusmuonuu
2257 260 2748 324 INSTITUTOBIS
2783 265 2936 326 ore.
2977 263 3162 324 rans
3199 267 3263 326 tl.
3689 274 3781 332 ιω

539 389 689 460 cipio
721 389 870 462 digni
899 383 1129 442 habendi
1159 389 1292 440 sunt
1309 379 1630 452 presbyteri,
1661 377 1791 448 quia
1817 376 1950 432 dicit
1975 375 2123 432 Scri-
2152 381 2198 440 Α
2227 377 2370 432 dicio
2427 379 2727 448 quemlibet
2769 382 3202 450 examinaveris,
3255 382 3304 437 si
3349 396 3475 438 eum
3521 385 3782 458 indignum

541 489 746 554 putura
783 504 796 538 :
825 489 945 536 Non
971 473 1218 547 attigabis
1241 491 1298 528 os
1345 473 1460 527 bovi
1485 469 1760 524 trituranti
1786 468 1966 540 (Deut.
1998 484 2128 536 xxv,
2233 469 2539 525 sacerdotio
2563 485 2661 540 per
2683 472 3145 528 examinationem
3171 475 3466 540 inveneris,
3487 477 3614 530 nihil
3633 477 3784 538 facias

544 571 606 637 .l;
643 570 670 624 I
706 571 831 627 Cor.
859 587 932 636 ιι,
964 569 1040 638 9).
1071 564 1187 620 Mos
1216 563 1321 618 fuit
1341 560 1614 616 veteribus
1642 558 1715 629 (et
1755 557 1933 614 adhuc
1961 567 2048 613 est
2075 558 2130 614 in
2231 558 2546 612 declinando
2573 561 2628 614 in
2653 573 2858 630 partem
2885 563 3052 617 aliam
3100 564 3170 618 ab
3203 578 3270 619 eo
3297 565 3444 635 quod
3471 566 3646 622 docuit
3670 585 3782 628 era.

546 659 824 731 aliquibus
849 658 1116 732 partibus)
1143 663 1206 710 ut
1243 661 1454 724 segetes
1483 651 1540 705 in
1562 664 1690 706 area
1716 649 1924 720 positas
1945 659 2131 704 conte—
2233 649 2459 704 minatio
2493 669 2504 706 :
2539 659 2600 706 ut
2645 667 2811 722 quem
2861 654 3068 707 malum
3116 653 3486 710 examinando
3533 655 3782 728 invenisti,

549 762 736 808 rerent
764 755 950 818 boves,
975 759 1029 806 et
1057 756 1250 804 czetera
1276 745 1437 800 docta
1455 743 1528 799 ad
1549 743 1656 798 hoc
1677 757 1816 812 opus
1840 742 2127 808 animalia;
2230 749 2422 812 postea
2449 743 2707 798 seductus
2753 743 2938 813 aliquo
2964 741 3130 799 modo
3159 760 3452 802 consecres
3481 746 3538 800 in
3561 750 3784 806 sacerdo-

550 843 647 898 sed
691 851 872 896 tamen
915 839 1190 910 proprium
1222 835 1425 890 bovum
1470 834 1576 888 hoc
1609 843 1726 886 erat
1755 839 1816 886 ut
1835 831 1940 886 hoc
1967 829 2132 885 modo
2231 839 2360 885 tem.
2413 827 2472 886 Si
2513 847 2642 887 vero
2687 832 2950 901 probatus
2979 831 3232 890 inventus
3260 833 3332 888 sit
3361 833 3586 903 dignum
3611 850 3782 891 secun-

548 935 786 988 contrita
815 944 1006 994 messe,
1038 943 1206 999 grana
1237 926 1596 996 seligerentur
1619 940 1652 978 a
1690 924 1880 994 paleis.
1912 921 1988 976 De
2011 923 2132 992 qui-
2231 919 2360 974 dum
2411 919 2558 990 quod
2602 921 2768 976 modo
2800 921 2982 976 visum
3027 929 3133 989 est,
3167 931 3350 978 tamen
3394 925 3588 978 nemini
3620 940 3782 982 eorum

549 1025 651 1077 bus
673 1022 926 1091 praecepit
953 1017 1168 1090 Moyses
1190 1033 1259 1072 ne
1279 1017 1410 1072 bovi
1433 1014 1734 1072 conterenti
1763 1014 1820 1068 in
1849 1029 1977 1070 area
2005 1013 2129 1066 alli-
2231 1007 2336 1064 cito
2369 1027 2556 1064 manus
2591 1011 2925 1080 imposueris,
2954 1011 3008 1066 id
3037 1021 3122 1068 est
3151 1027 3258 1067 non
3289 1013 3474 1068 statim
3503 1029 3782 1082 consecres,

545 1117 766 1178 geretur
788 1125 868 1174 os,
895 1107 988 1162 sed
1007 1107 1074 1161 de
1099 1121 1165 1161 eo
1189 1107 1242 1160 in
1266 1121 1376 1176 quo
1401 1105 1684 1160 laborabat
1703 1103 1930 1159 licenter
1951 1119 2132 1158 come-
2232 1099 2328 1154 sed
2349 1097 2570 1155 differas
2598 1099 2778 1156 adhuc
2808 1116 2904 1170 per
2926 1115 3230 1172 congruum
3257 1110 3494 1172 tempus,
3521 1111 3582 1157 ut
3603 1102 3648 1158 si
3667 1103 3784 1160 forte

547 1200 720 1264 deret,
753 1199 856 1252 hoc
889 1197 1252 1267 praecipiendo
1299 1196 1590 1254 intendens
1636 1196 1804 1262 aliud,
1837 1192 2044 1252 scilicet
2073 1203 2133 1249 ut
2231 1190 2363 1260 quid
2397 1189 2527 1246 latet
2561 1192 2616 1245 in
2656 1206 2723 1246 eo
2757 1191 2905 1261 quod
2937 1193 3272 1247 examinatio
3312 1189 3458 1248 facta
3503 1209 3611 1248 non
3657 1195 3784 1250 inve-

547 1288 870 1357 praedica‘tor
899 1287 1164 1341 triturans
1195 1287 1252 1340 in
1290 1301 1418 1340 area
1445 1283 1663 1339 Domini
1707 1285 1772 1338 de
1821 1283 2006 1340 labore
2030 1299 2132 1338 suo
2233 1283 2391 1348 nerit,
2423 1299 2521 1353 per
2562 1273 2878 1338 dilationem
2911 1285 3174 1354 temporis
3203 1283 3516 1338 inveniatur
3575 1283 3637 1338 Et
3669 1286 3784 1340 nihil

546 1375 866 1432 suﬂicientia
918 1375 1022 1430 sibi
1058 1375 1362 1444 susciperet
1389 1375 1458 1430 ab
1495 1372 1601 1428 illis
1637 1388 1736 1442 pro
1777 1388 2012 1442 quorum
2045 1371 2132 1426 iii-.-
2231 1374 2481 1430 faciendo
2511 1374 2632 1429 sine
2659 1375 2999 1445 praeiudicio,
3033 1390 3134 1430 nec
3153 1389 3415 1444 -przeccps
3443 1375 3498 1428 in
3526 1390 3786 1430 consecrac

545 1465 846 1520 structione
871 1465 1164 1520 laboraret.
1193 1464 1335 1518 Dicit
1369 1464 1534 1518 etiam
1581 1461 1847 1518 Dominus
1876 1461 1930 1516 in
1957 1463 2134 1516 Evan-
2231 1463 2380 1520 tione
2421 1463 2653 1534 alicujus
2695 1477 2807 1518 non
2842 1464 3309 1516 communicaveris
3345 1462 3534 1516 alienis
3565 1465 3782 1532 peccatis.

545 1554 704 1624 gelio.
749 1573 766 1604 ε
802 1553 1007 1624 Dignus
1055 1563 1132 1608 est
1161 1555 1433 1624 operarius
1479 1553 1714 1608 mercede
1739 1569 1836 1606 sua
1885 1551 2036 1622 (Luc.
2074 1568 2130 1618 x,
2233 1554 2293 1609 Si
2319 1555 2465 1612 enim
2491 1571 2602 1609 non
2625 1554 2988 1621 examinares,
3011 1554 3095 1608 vel
3123 1554 3289 1609 nimis
3311 1554 3420 1608 cito
3447 1569 3784 1622 consecrates,

547 1644 623 1714 7-),
659 1665 677 1696 ι
709 1645 762 1700 id
791 1653 875 1701 est
897 1645 1221 1715 prmdicator
1256 1646 1325 1700 ab
1349 1645 1437 1702 his
1463 1645 1520 1698 in
1555 1642 1756 1714 quibus
1799 1643 2132 1698 instruendis
2233 1647 2503 1716 particeps
2529 1660 2680 1700 esses
2707 1645 2954 1700 omnium
2985 1644 3279 1700 criminum
3310 1659 3434 1714 qua:
3463 1645 3658 1714 injuste
3675 1661 3785 1700 eon-

545 1745 824 1805 operatur,
852 1751 974 1806 quin
999 1735 1306 1792 necessaria
1331 1737 1433 1791 sibi
1457 1735 1568 1791 sint
1586 1734 1835 1804 accipiat.
1863 1733 2001 1800 Quia
2031 1733 2133 1788 ite—
2167 1725 2210 1778 Β
2236 1744 2482 1792 secratus
2518 1735 2882 1790 committeret
2924 1735 2980 1788 in
3031 1732 3340 1790 sacerdotio
3385 1753 3400 1788 :
3449 1733 3624 1804 thue
3672 1735 3786 1790 alios

545 1842 668 1882 rum
693 1827 828 1881 vidit
855 1828 1151 1897 Apostolus
1173 1828 1342 1898 quod,
1359 1828 1674 1897 presbytero
1707 1825 2136 1894 reprehendente
2237 1829 2508 1884 subtiliter
2526 1827 2827 1894 examines,
2844 1827 3006 1897 digne
3030 1837 3320 1882 consecres
3343 1826 3580 1880 :custodi
3595 1827 3788 1896 teipse»:

546 1915 679 1969 vitia
705 1916 1049 1970 subditorum
1069 1957 1083 1982 ,
1115 1917 1338 1986 quidam
1376 1916 1517 1970 male
1548 1923 1916 1980 moverentur,
1943 1913 2134 1968 volen-
2237 1929 2463 1988 castum,
2499 1920 2552 1975 id
2573 1928 2658 1976 est
2681 1919 2738 1974 in
2774 1919 2923 1974 omni
2953 1917 3152 1974 virtute
3179 1919 3472 1988 integrum.

547 2014 630 2061 tes
651 2005 948 2076 depravare
975 2007 1142 2062 vitam
1181 2006 1503 2078 presbyteri,
1543 2021 1612 2060 ne
1639 2007 1745 2061 hoc
1787 2015 1990 2062 temere
2019 2021 2138 2062 cre-
2306 2010 2446 2078 Quia
2487 2019 2668 2066 autem
2689 2010 2757 2064 de
2783 2011 3034 2066 castitate
3065 2023 3190 2063 eum
3223 2007 3530 2072 admonuit,
3552 2007 3621 2061 ob
3651 2007 3786 2076 cuius

547 2097 792 2164 daretur,
819 2099 897 2152 ait
923 2117 935 2152 :
961 2097 1251 2170 Presbyter
1274 2098 1354 2154 sic
1375 2099 1675 2154 honoretur
1696 2113 1727 2152 a
1757 2097 2008 2164 subditis,
2041 2099 2109 2151 ad
2120 2124 2138 2137 -
2237 2103 2544 2158 custodiam
2573 2102 2704 2156 vino
2729 2116 2841 2156 non
2867 2101 3123 2158 utebatur
3161 2119 3174 2154 :
3219 2113 3394 2169 quare
3420 2107 3474 2153 et
3504 2099 3789 2154 stomachus

547 2203 725 2240 rersus
759 2204 921 2258 quem
944 2189 1305 2260 presbyterum
1333 2188 1443 2242 noli
1487 2189 1713 2257 recipere
1747 2189 2138 2242 accusationem
2237 2175 2376 2262 ejus.
2399 2191 2806 2260 debilitabatur,
2839 2207 2908 2248 ne
2937 2193 3156 2262 penitus
3205 2207 3240 2244 a
3282 2189 3412 2244 vino
3439 2189 3788 2244 abstinendum

549 2276 749 2332 factam
779 2279 846 2334 de
871 2279 1124 2346 crimine,
1161 2279 1264 2332 nisi
1312 2279 1407 2334 sub
1437 2279 1640 2333 duobus
1669 2275 1748 2333 vel
1783 2279 1952 2333 tribus
1993 2279 2138 2333 testis-
2239 2285 2344 2340 sibi
2383 2300 2506 2340 esse
2531 2284 2808 2351 crederet,
2841 2284 2920 2338 ait
2949 2283 3154 2338 Paulus
3192 2301 3205 2336 :
3239 2281 3370 2336 Noli
3413 2282 3584 2336 bibere
3627 2297 3790 2350 aqum

553 2367 674 2421 bus.
2238 2375 2432 2431 adhuc.
2479 2375 2580 2431 Per
2619 2376 2725 2431 hoc
2771 2375 2920 2445 quod
2957 2373 3097 2429 dixit
3137 2373 3332 2441 adhuc,
3364 2372 3662 2442 designavit
3687 2363 3789 2426 eum

537 2481 546 2492 -
619 2453 778 2524 Quod
804 2455 940 2511 side
965 2456 1170 2524 debito,
1198 2457 1280 2512 vel
1309 2457 1376 2514 de
1397 2459 1641 2528 qualibet
1659 2473 1718 2514 re
1739 2457 1985 2514 saeculari
2007 2474 2138 2514 con—
2239 2467 2391 2537 prius
2430 2467 2508 2521 uti
2541 2481 2702 2536 aqua.
2737 2463 2860 2520 Noli
2903 2465 3090 2521 bibere
3137 2480 3358 2535 aquam,
3397 2464 3486 2518 sed
3527 2471 3666 2516 utere
3703 2477 3790 2516 non

550 2544 786 2610 venitur,
823 2547 1153 2616 respondeat
1182 2545 1434 2619 singulis.
1455 2546 1613 2602 Nunc
1633 2549 1840 2618 utique,
1871 2547 1998 2618 quia
2023 2565 2140 2603 ma-
2239 2559 2427 2624 semel,
2459 2557 2554 2613 sed
2589 2558 2646 2612 in
2681 2573 2786 2612 usu
2833 2556 2992 2612 habe.
3037 2555 3223 2622 Utere,
3257 2556 3502 2625 inquam,
3535 2556 3652 2608 vino
3673 2570 3692 2608 :
3715 2554 3792 2608 sed

551 2635 636 2706 gis
681 2653 744 2692 ac
789 2637 964 2708 magis
997 2638 1051 2692 in
1104 2639 1344 2694 deterius
1374 2639 1514 2710 lapsi
1560 2647 1690 2694 sunt
1717 2639 1987 2708 homines,
2038 2656 2140 2696 nec
2239 2649 2468 2714 modico,
2503 2647 2558 2702 id
2603 2655 2690 2702 est.
2727 2647 3087 2702 custodiendo
3131 2646 3356 2700 modum
3384 2686 3400 2712 ,
3456 2646 3662 2700 scilicet
3703 2659 3792 2699 non

551 2729 726 2784 multo
781 2731 1032 2802 pluribus
1081 2731 1338 2800 testibus,-
1387 2733 1702 2789 conceditur
1737 2733 1919 2801 hodie,
1951 2743 2012 2789 ut
2048 2751 2137 2791 re-
2239 2747 2460 2809 propter
2486 2737 2823 2804 ebrietatem,
2853 2737 2948 2793 sed
2975 2747 3188 2807 propter
3209 2735 3542 2790 stomachum
3576 2745 3730 2800 tuum,
3749 2734 3790 2787 id

550 2821 816 2890 spondeat
841 2822 1144 2892 presbyter,
1168 2821 1276 2877 nisi
1297 2821 1670 2894 interpelletur
1696 2823 1764 2880 de
1785 2825 2000 2880 haeresi.
2025 2823 2140 2880 Sub
2239 2837 2326 2884 est
2369 2837 2592 2899 propter
2617 2829 2873 2883 morbum
2899 2827 3092 2883 crebro
3139 2827 3426 2882 stomacho
3465 2825 3790 2888 insidentem;

548 2911 763 2966 duobus
795 2912 878 2966 vel
925 2912 1102 2970 tribus
1140 2914 1370 2969 testibus
1399 2915 1766 2984 respondeant
1811 2917 2135 2988 presbyteri.
2239 2928 2290 2974 et
2315 2927 2538 2990 propter
2564 2920 2856 2990 frequentes
2883 2927 3004 2972 tuas
3033 2918 3398 2987 inﬁrmitates,
3421 2917 3476 2972 id
3497 2925 3582 2972 est
3611 2905 3794 2986 propter

549 2999 610 3056 Si
635 3009 814 3057 autem
849 3013 1124 3072 peccantes
1168 3005 1298 3072 sint,
1335 3005 1388 3061 id
1409 3013 1497 3062 est
1537 3005 1586 3062 si
1631 3007 1932 3078 presbyteri
1967 3008 2023 3062 in
2073 3024 2140 3064 eo
2167 3054 2209 3109 ρ
2243 3009 2569 3080 multiplices
2591 3023 2848 3065 accessus
2889 3015 2945 3064 et
2965 3008 3319 3064 aestuationes
3351 3007 3597 3078 ejusdem
3625 3007 3792 3070 morbi,

547 3113 660 3168 quo
707 3108 1038 3169 arguuntur,
1073 3115 1334 3168 peccasse
1382 3099 1800 3169 eouvincautur,
1837 3119 2000 3173 argue
2042 3117 2140 3158 eos
2171 3097 2209 3109 “
2241 3111 2304 3156 ut
2333 3101 2565 3172 quilibet
2593 3099 2914 3156 febricitans
2947 3099 3202 3154 morbum
3241 3098 3466 3170 quidem
3507 3113 3711 3169 semper
3749 3097 3793 3150 in

548 3202 730 3240 caram
751 3189 1013 3255 omnibus,
1049 3197 1110 3242 ut
1129 3189 1274 3246 sicut
1298 3188 1506 3245 crimen
1530 3203 1746 3257 eorum,
1769 3191 1850 3246 sic
1873 3193 2142 3261 pteniten-
2241 3210 2302 3250 se
2324 3194 2507 3260 habet,
2535 3193 2663 3247 licet
2709 3192 2873 3246 modo
2897 3191 3100 3258 acrius,
3132 3190 3298 3246 modo
3335 3189 3624 3245 remissius
3647 3189 3792 3259 patia-

551 3277 627 3330 tia
655 3278 904 3334 criminis
933 3279 1191 3335 omnibus
1215 3280 1394 3350 palam
1427 3279 1520 3347 sit,
1551 3296 1620 3336 ne
1645 3280 1784 3336 forte
1811 3281 1858 3338 si
1886 3284 2140 3352 privatim
2241 3287 2354 3354 tur',
2395 3283 2490 3341 sed
2524 3284 2846 3340 accedentes
2878 3291 3046 3338 aestus
3071 3281 3237 3338 febris
3259 3282 3506 3338 vicissim
3530 3281 3737 3352 patitur,
3750 3287 3794 3334 et

550 3369 873 3436 pmnitcaut,
901 3385 1012 3426 non
1053 3371 1320 3440 poenitere
1355 3383 1615 3442 putentur
1651 3374 1746 3444 qui
1781 3373 1850 3428 ab
1884 3373 2140 3431 omnibus
2241 3381 2355 3431 neu
2388 3389 2625 3445 semper.
2682 3373 2776 3430 Sic
2807 3374 2912 3430 iste
2959 3373 3281 3429 Timotheus
3321 3382 3577 3428 naturam
3605 3372 3792 3442 quidem

551 3473 808 3526 peccasse
823 3461 1147 3530 deprehensi
1171 3471 1318 3518 sunt.
1343 3463 1470 3520 ideo
1493 3479 1678 3520 coram
1696 3465 1954 3520 omnibus
1975 3481 2142 3536 argue
2242 3463 2420 3518 morbi
2459 3463 2516 3518 in
2557 3462 2843 3520 stomacho
2884 3461 3086 3532 jugiter
3135 3461 3388 3527 habebat,
3437 3461 3532 3516 sed
3574 3473 3794 3516 accessus

554 3559 610 3602 ut
635 3550 737 3605 hoc
757 3551 877 3605 viso
899 3552 1138 3608 timorem
1159 3554 1381 3608 habeant
1404 3555 1666 3625 peccandi
1691 3557 1868 3610 ueteri
1893 3559 2143 3613 sacerdo-
2242 3549 2422 3610 inorbi
2433 3553 2678 3610 vicissim
2699 3551 3012 3608 diilieillime
3031 3551 3360 3621 patiebatur.
3377 3550 3502 3606 Ideo
3519 3549 3812 3606 necessaria.

552 3648 657 3706 tes,
681 3639 846 3712 329
898 3643 1132 3700 scientes
1186 3645 1354 3702 simili
1383 3661 1546 3716 ptena
1603 3661 1664 3702 se
1706 3647 2041 3716 plectendos,
2093 3649 2142 3704 si
2242 3652 2328 3700 est
2375 3643 2707 3700 examinatio
2755 3645 3078 3714 priusquam
3123 3643 3408 3713 presbyter
3454 3649 3791 3704 consecretur,

553 3731 1316 3802 peccaverint.Velcteteri,id
1330 3747 1414 3792 est
1437 3737 1776 3808 subditi,qui
1799 3737 1918 3793 viso
1937 3748 2141 3809 quanta
2243 3739 2374 3808 quia
2411 3747 2642 3808 peccata
2667 3739 2918 3809 quaedam
2958 3737 3310 3809 quorumdam
3347 3736 3618 3789 hominum
3647 3733 3794 3788 mani-

551 3819 893 3877 districtione
922 3835 1281 3880 coerceantur
1311 3827 1539 3896 praelati,
1570 3828 1746 3898 magis
1776 3828 2008 3882 timeant
2036 3828 2141 3884 sibi
2245 3835 2382 3904 festa
2403 3843 2526 3887 sunt
2554 3833 2904 3903 prwcedentia
2931 3831 3000 3885 ad
3021 3831 3322 3900 judicium;
3349 3831 3480 3900 quia
3508 3829 3792 3899 priusquam

552 3909 648 3978 qui
701 3921 830 3966 sunt
879 3913 1100 3968 subditi.
1159 3912 1241 3970 Ne
1289 3923 1468 3971 autem
1522 3915 1737 3986 aliquos
1789 3918 2143 3989 presbyteros
2243 3925 2498 3979 veniatur
2525 3923 2595 3978 ad
2621 3923 2891 3994 judicium
2921 3921 3006 3977 vel
3037 3921 3106 3976 ad
3141 3922 3566 3987 diseussionem,
3593 3933 3792 3989 praeces-

551 3999 834 4069 eontiugat
856 4001 937 4056 sic
963 4001 1030 4056 de
1057 4011 1281 4072 peccato
1304 4004 1556 4060 convinci
1587 4004 1720 4075 (non
1740 4006 1885 4060 enim
1912 4021 2142 4075 parvum
2246 4013 2862 4072 serunt'discussionem
2887 4013 3035 4067 illam
3081 4010 3330 4082 quaedam
3359 4021 3578 4081 peccata
3611 4010 3794 4064 illorum

555 4090 761 4144 malum
793 4099 878 4145 est
925 4107 1021 4146 eos
1075 4093 1132 4148 in
1183 4093 1390 4149 scelere
1417 4094 1746 4164 deprehendi
1775 4137 1791 4164 ,
1839 4097 1934 4167 qui
1965 4096 2143 4153 forma
2246 4107 2340 4176 qui
2361 4105 2628 4175 probandi
2649 4111 2779 4161 sunt
2798 4104 2932 4158 satis
2956 4103 3173 4173 cognita
3195 4117 3292 4172 per
3309 4103 3480 4156 solam
3507 4101 3716 4156 famam.
3737 4097 3794 4153 De

555 4179 685 4232 boni
735 4195 860 4236 esse
903 4182 1103 4238 debent
1140 4183 1317 4254 aliis);
1367 4200 1437 4240 ne
1477 4185 1583 4240 hoc
1615 4187 1804 4256 utique
1843 4189 2094 4260 continge

2248 4197 2334 4252 his
2365 4205 2550 4252 autem
2581 4211 2704 4266 qua:
2753 4195 2934 4264 palam
2977 4201 3109 4248 sunt
3151 4207 3262 4247 non
3291 4201 3507 4262 oportet
3538 4192 3790 4246 discutere.

555 4269 812 4338 praecipio
843 4287 912 4326 ne
942 4287 1104 4342 quem
1149 4287 1440 4331 consecres
1469 4277 1806 4332 sacerdotem
1849 4278 1968 4334 sine
2005 4295 2144 4348 prae-
2249 4285 2521 4352 Quosdam
2571 4295 2748 4340 autem
2792 4285 3181 4355 subsequuntur
3220 4291 3445 4353 peccata
3490 4280 3794 4338 discussione

563 4359 778 4414 cedenti
831 4362 1256 4420 examinatione.
1323 4364 1395 4421 Ut
1443 4376 1628 4422 autem
1676 4369 1780 4423 hoc
1825 4369 2142 4424 mandatum
2175 4383 2224 4442 ι)
2251 4377 2393 4434 facta
2430 4396 2444 4431 ς
2478 4377 2610 4447 quia
2651 4376 2974 4446 priusquam
3000 4375 3068 4430 de
3105 4374 3192 4430 his
3221 4373 3498 4430 discussio
3525 4374 3690 4436 ﬁeret,
3719 4384 3793 4423 oe-

558 4449 706 4505 nulla
735 4467 902 4508 causa
931 4465 1243 4524 przetereas,
1277 4457 1519 4516 obtestor
1549 4469 1602 4517 te
1624 4477 1806 4515 coram
1847 4461 1952 4514 Deo
1981 4459 2142 4515 Patre
2246 4470 2393 4524 culta
2437 4477 2595 4524 erant.
2629 4467 2862 4524 crimina
2907 4483 3030 4537 quae
3073 4482 3171 4537 per
3217 4465 3616 4521 discussioncm
3645 4471 3793 4533 aperta

558 4551 619 4596 ut
649 4541 792 4599 Deus
817 4545 923 4600 hoc
951 4560 1059 4600 non
1093 4563 1124 4601 a
1154 4563 1277 4614 me,
1317 4550 1414 4604 sed
1443 4550 1512 4605 de
1555 4565 1722 4606 manu
1755 4559 1847 4605 tua
1875 4549 2139 4620 requirat,
2249 4567 2380 4614 sunt
2404 4600 2420 4626 ,
2471 4567 2526 4614 et
2561 4567 2783 4628 propter
2819 4558 2936 4612 haec
2983 4557 3198 4612 occulta
3241 4556 3476 4611 crimina
3527 4551 3793 4609 necessaria

557 4633 605 4686 si
643 4641 824 4689 tamen
865 4634 1082 4694 feceris.
1127 4636 1311 4694 Testor
1333 4641 1500 4696 etiam
1523 4657 1710 4697 coram
1735 4641 1946 4698 Christo
1987 4641 2138 4704 Iesu,
2249 4650 2354 4704 fuit
2381 4649 2677 4706 discussio.
2730 4647 2993 4702 Similiter
3021 4655 3083 4702 ut
3115 4645 3184 4701 de
3219 4646 3384 4700 malis
3419 4644 3665 4714 quaedam
3689 4643 3794 4694 bona

555 4724 650 4793 qui
673 4723 892 4782 futurus
913 4737 996 4784 est
1017 4728 1186 4799 iudex
1208 4731 1476 4800 omnium,
1503 4741 1564 4786 ut
1591 4732 1646 4786 in
1670 4731 1878 4803 judicio
1898 4747 2140 4808 non.me,
2250 4739 2396 4808 facta
2424 4753 2618 4794 eorum
2663 4737 2758 4806 qui
2784 4735 3050 4805 probandi
3095 4741 3224 4790 sunt
3251 4734 3542 4803 manifesta
3583 4739 3720 4795 sunt,
3755 4735 3796 4780 et

557 4814 651 4868 sed
682 4823 734 4870 te
763 4817 888 4873 inde
929 4829 1144 4891 arguat.
1179 4819 1377 4878 Testor
1417 4823 1584 4878 etiam
1613 4837 1800 4878 coram
1837 4823 2015 4877 electis
2046 4839 2146 4876 ωι-
2248 4827 2652 4884 examinatione
2687 4841 2794 4882 non
2825 4833 3006 4896 egent,
3027 4833 3078 4879 et
3107 4841 3138 4880 e
3159 4839 3428 4880 converso
3455 4825 3600 4879 bona
3617 4834 3794 4878 eorum-

555 4903 686 4972 getis
719 4921 737 4958 :
765 4907 1069 4966 ministerio
1097 4926 1334 4981 quorum
1359 4913 1419 4968 in
1447 4913 1534 4968 die
1551 4912 1743 4983 judicii
1771 4913 1900 4968 boni
1923 4928 2148 4982 separa-
2249 4920 2374 4974 dem
2403 4935 2520 4990 qua:
2551 4918 2744 4972 habent
2771 4933 2825 4970 se
2853 4915 3032 4982 aliter,
3065 4915 3122 4969 id
3151 4923 3236 4970 est
3259 4929 3384 4984 quae
3417 4929 3532 4969 non
3556 4921 3676 4969 sunt
3699 4923 3792 4964 ma-

557 4993 762 5048 buutur
784 4997 852 5051 ab
879 4999 1081 5068 impiis,
1110 5009 1171 5056 ut
1203 5003 1257 5056 in
1285 5002 1374 5057 die
1404 5002 1497 5056 illo
1522 5003 1602 5056 rei
1633 5002 1798 5071 hujus
1823 5001 1960 5055 mihi
1983 5009 2147 5057 testes
2249 5009 2470 5076 uifesta,
2521 5007 2776 5062 abscondi
2811 5023 2914 5060 non
2942 5013 3162 5076 possunt
3213 5005 3270 5059 in
3317 5005 3656 5060 discussione
3693 5019 3706 5054 :
3744 4997 3796 5056 ad

557 5085 688 5152 sint,
720 5103 821 5142 nec
870 5106 957 5145 me
992 5091 1114 5146 ideo
1145 5093 1408 5162 repellant
1435 5109 1466 5147 a
1503 5101 1658 5162 parte
1687 5093 1924 5162 piorum.
1964 5090 2146 5147 Testor
2249 5115 2372 5170 qua;
2393 5101 2538 5155 bona
2570 5097 2896 5153 invenienda
2921 5103 3292 5166 opportunum
3322 5091 3426 5147 fuit,
3447 5093 3722 5150 discutere.
3747 5085 3796 5138 Ει

561 5183 610 5230 te
633 5217 648 5242 ,
699 5178 925 5247 inquam
951 5223 965 5246 ,
1017 5191 1072 5234 ut
1121 5183 1231 5236 haec
1267 5200 1390 5254 quae
1417 5185 1668 5238 dicturus
1700 5199 1822 5238 sum
1851 5185 2143 5253 custodias,
2248 5193 2378 5262 quia
2413 5191 2494 5248 sic
2528 5191 2584 5245 in
2617 5188 2944 5260 quibusdam
2991 5195 3234 5257 peccata,
3265 5186 3322 5238 in
3347 5185 3473 5240 aliis
3502 5184 3660 5254 330
3681 5181 3794 5234 bonil

559 5266 768 5322 scilicet
789 5269 919 5323 nihil
947 5271 1140 5337 facias,
1173 5273 1226 5325 id
1257 5283 1341 5327 est
1370 5275 1647 5328 neminem
1679 5274 1748 5328 ad
1777 5275 2144 5330 sacerdotium
2246 5279 2390 5336 facta
2419 5278 2634 5334 occulta
2667 5284 2794 5333 sunt
2821 5295 2833 5330 :
2865 5275 2986 5330 ideo
3017 5289 3240 5330 necesse
3265 5281 3350 5328 est
3383 5289 3482 5328 eos
3511 5273 3602 5341 qui
3633 5281 3793 5324 consov

558 5373 888 5428 promovcas
925 5363 1038 5415 sine
1081 5363 1416 5431 pra-judicio,
1459 5365 1512 5419 id
1539 5373 1624 5420 est
1667 5366 1786 5420 sine
1821 5367 2146 5435 praecedenti
2247 5369 2438 5425 craudi
2466 5378 2594 5422 sunt
2628 5367 2965 5433 examinare,
2991 5374 3053 5419 ut
3085 5366 3180 5434 qui
3215 5365 3343 5419 mali
3381 5363 3582 5418 inventi
3605 5357 3793 5418 fuerint,

559 5451 984 5506 examinatione.
1041 5451 1424 5522 Przejudicium
1483 5457 1751 5526 accipitur
1803 5457 1892 5513 hic
1919 5500 1934 5524 ,
1987 5461 2147 5529 quasi
2248 5460 2638 5529 reprobentur;
2695 5458 2792 5527 qui
2837 5470 2964 5511 vero
3011 5456 3180 5520 boni,
3215 5461 3657 5524 promoveantur.
3701 5446 3797 5500 llirc

562 5541 870 5609 praecedens
891 5541 1156 5612 judicium
1192 5561 1204 5596 :
1235 5545 1330 5598 sed
1360 5545 1412 5598 in
1439 5546 1742 5603 eanonibus
1771 5547 2145 5616 praejudieium
2249 5547 2516 5608 sententia
2545 5547 2690 5602 beati
2727 5545 3018 5616 Augustini
3046 5555 3148 5601 est.
3180 5544 3505 5599 Ambrosius
3541 5549 3714 5596 autem
3737 5536 3798 5590 sit:

551 5625 897 5705 praecipitata
927 5637 1194 5694 sententia
1221 5637 1438 5697 dicitur.
1466 5640 1715 5712 Cumque
1742 5641 2030 5712 praemisso
2055 5641 2144 5713 ju-
2249 5640 2317 5696 ad
2359 5637 2673 5709 proximum
2716 5637 2878 5695 verba
2915 5637 3096 5708 jungit
3127 5655 3140 5693 :
3173 5635 3368 5695 Moneo
3395 5645 3446 5692 te
3479 5634 3554 5690 uti
3589 5632 3730 5698 vino,
3753 5625 3794 5678 in
