3988 6444
165 335 279 392 153

809 330 1174 388 EXPOSITIO
1212 331 1276 385 lN
1318 329 1696 388 EPISTULAS
1733 327 1958 384 PAULI.
1999 359 2069 369 -——
2107 328 2173 384 IN
2214 328 2430 384 EPIST.
2473 325 2496 383 Ι
2533 327 2624 383 AD
2661 324 2800 383 ΤΙΜ.

3330 335 3441 396 εδδ

162 464 282 520 quo
313 455 367 502 te
389 445 730 502 obedientem
772 458 894 498 esse
926 443 1131 496 bonum
1156 451 1243 497 est
1281 461 1291 496 :
1325 443 1452 511 quia
1483 441 1607 496 licet
1639 457 1750 496 non
1780 448 1827 505 Α
1861 460 1879 492 ‹
1912 449 2021 496 stat
2047 439 2206 496 nobis
2229 441 2410 496 omnia
2431 442 2644 497 abunde
2671 444 2739 497 ad
2762 443 3073 511 fruendum,
3101 445 3236 504 bene
3255 462 3440 522 agere,

162 538 430 594 omnibus
453 544 711 606 appareat
735 535 841 590 hoc
867 543 918 588 te
940 534 1078 588 bene
1106 548 1288 602 agere,
1324 548 1393 586 ne
1419 532 1540 586 ideo
1579 531 1753 587 refor-

161 633 346 688 mides
374 651 386 685 :
412 631 542 700 quia
570 644 759 684 verum
790 627 1010 698 quidem
1045 635 1131 681 est
1162 625 1309 695 quod
1329 625 1579 694 quaedam
1612 624 1754 679 bona

161 722 312 777 facta
337 719 627 775 manifesta
655 727 805 784 sunt,
829 725 884 772 ct
909 717 1158 786 quaedam
1196 715 1342 770 facta
1366 728 1489 785 quae
1516 714 1672 769 aliter
1697 728 1756 769 se

162 811 393 874 habent,
419 809 473 863 id
503 816 588 863 est
608 825 730 878 qua:
753 806 1042 862 manifesta
1067 821 1179 860 non
1205 814 1355 870 sunt,
1390 819 1499 858 non
1526 811 1756 873 possunt

157 901 427 956 abscondi
453 899 506 954 in
533 900 620 953 die
639 897 866 968 judicii;
899 898 972 952 ita
996 896 1045 951 si
1071 896 1234 950 modo
1260 911 1369 951 non
1391 894 1594 950 videris
1617 895 1756 948 bene

157 1007 329 1061 agere
362 991 564 1046 utendo
612 989 760 1054 vino,
793 989 920 1058 quia
964 988 1116 1058 prius
1163 995 1434 1041 noverunt
1469 993 1522 1039 te
1563 999 1754 1039 omnes

156 1080 445 1138 abstinere
487 1080 556 1134 ab
605 1080 710 1133 hoc
749 1079 820 1132 ob
853 1077 1156 1132 custodiam
1197 1075 1543 1140 sobrietatis,
1563 1090 1630 1128 ne
1658 1090 1755 1128 cu-

158 1187 249 1225 res
283 1190 297 1225 :
331 1171 464 1240 quia
502 1171 624 1226 licet
649 1185 758 1224 non
792 1168 978 1235 modo,
1002 1178 1186 1223 tamen
1212 1166 1268 1220 in
1291 1167 1380 1222 die
1403 1164 1596 1235 judicii
1640 1179 1755 1217 ma—
1822 1242 1827 1247 ἱ

157 1263 430 1319 nifestum
469 1263 574 1318 erit
611 1272 662 1317 te
691 1263 829 1316 bene
855 1260 1051 1330 egisse,
1087 1258 1240 1336 dum,
1267 1257 1402 1312 mihi
1428 1256 1751 1321 obediendo,

157 1370 299 1410 usus
346 1369 408 1410 es
452 1355 599 1408 vino.
641 1352 797 1419 Quod
827 1351 1076 1421 quietiam
1115 1350 1258 1404 bona
1301 1345 1592 1402 manifesta
1620 1346 1751 1411 sint,

156 1445 418 1514 quaedam
455 1459 586 1498 vero
608 1459 740 1509 non,
771 1450 994 1512 apparet
1031 1456 1127 1511 per
1148 1440 1442 1505 contraria,
1473 1438 1601 1508 quia
1627 1453 1756 1508 pec-

156 1545 281 1588 cata
317 1534 687 1603 quorumdam
726 1533 1014 1588 hominum
1057 1529 1349 1586 manifesta
1379 1531 1508 1583 sunt
1545 1543 1752 1598 prmce-

155 1626 350 1679 dentia
391 1625 460 1678 ad
494 1624 762 1695 judicium
798 1641 810 1678 :
853 1620 1218 1693 quorumdam
1261 1631 1442 1675 autem
1473 1627 1527 1674 et
1557 1619 1752 1673 subsev

1863 549 1880 582 ι
1913 531 2106 587 divites
2157 531 2275 586 ﬁeri
2327 530 2382 584 in
2429 531 2589 587 bonis
2637 535 2926 603 operibus,
2976 535 3132 591 facile
3177 538 3439 610 tribuere,

1862 639 1882 674 ι
1911 622 2338 688 communicare,
2369 621 2743 678 thesaurizare
2772 625 2876 680 sibi
2901 625 3315 682 fundamentum
3339 630 3440 686 bc-

1861 732 1880 765 ‹
1911 729 2043 767 num
2074 712 2131 766 in
2159 711 2404 767 futurum
2431 752 2446 779 ,
2496 721 2557 767 ut
2585 715 2994 784 apprehendant
3021 731 3204 772 veram
3240 719 3434 774 vitam.

1862 823 1880 856 ι
1908 801 1954 858 0
1977 802 2280 869 Timothee,
2303 803 2612 872 depositum
2641 805 2876 870 custodi,
2901 807 3150 863 devitans
3176 808 3438 877 profanas

1862 914 1880 947 ι
1909 910 2107 949 vocum
2156 893 2460 960 novitates,
2511 901 2566 949 et
2611 895 2986 964 oppositiones
3033 896 3155 952 falsi
3202 899 3442 955 nominis

1863 1006 1880 1038 ‹
1912 985 2156 1042 scientia:
2187 1003 2199 1038 :
2232 1000 2397 1055 quam
2427 985 2647 1053 quidam
2675 987 3074 1055 promittentes,
3106 989 3250 1043 circa
3276 989 3435 1044 ﬁdem

1862 1095 1880 1127 ι
1913 1076 2251 1130 exciderunt.
2285 1073 2469 1128 Gratia
2498 1085 2696 1129 tecum.
2728 1076 2922 1137 Amen.
2954 1094 2974 1128 ι

2495 1178 2796 1228 εχροειτιο,

1925 1253 2065 1320 Quia
2087 1255 2286 1309 iterum
2305 1255 2440 1310 vidit
2457 1253 2659 1311 Paulus
2685 1257 2950 1325 quosdam
2975 1273 3163 1312 servos
3186 1260 3254 1314 ad
3278 1260 3438 1314 ﬁdem

1854 1358 2154 1408 conversos
2220 1345 2529 1414 indignari,
2579 1360 2681 1400 nec
2734 1346 2867 1401 velle
2933 1347 3139 1403 servire
3203 1351 3444 1406 dominis

1855 1436 1971 1492 suis
2004 1433 2334 1500 inﬁdelibus,
2365 1442 2620 1503 putantes
2651 1435 2952 1492 absurdum
2975 1453 3117 1505 esse,
3145 1448 3202 1493 ut
3241 1440 3288 1494 si
3317 1441 3445 1511 quis

1854 1529 2029 1584 ﬁdelis
2074 1536 2220 1584 esset
2265 1527 2495 1583 serviret
2542 1527 2792 1584 inﬁdeli:
2827 1544 2927 1584 nec
2977 1530 3138 1584 etiam
3191 1532 3442 1588 ﬁdelibus

1855 1619 2115 1685 dominis,
2167 1619 2430 1684 dicentes,
2482 1635 2607 1674 cum
2655 1634 2847 1674 omnes
2898 1619 3083 1675 ﬁdeles
3132 1621 3185 1674 in
3221 1620 3442 1678 Christo
3505 1605 3512 1610 h

119 1707 433 1784 'qnuntur,
477 1716 620 1769 sicut
661 1715 972 1785 expositum
1017 1722 1120 1769 est.
1175 1711 1438 1767 Similiter
1469 1711 1524 1764 in
1562 1709 1754 1764 ordine
1790 1771 1827 1785 __
1855 1711 2011 1780 331
2053 1709 2249 1764 fratres
2279 1709 2406 1775 sint,
2438 1708 2636 1764 debere
2666 1709 2780 1763 ﬁeri
2816 1724 3008 1764 omnes
3033 1711 3276 1781 ejusdem
3318 1729 3458 1768 con—.

155 1808 361 1864 litterae
394 1807 612 1878 legitur.

779 1893 1010 1950 CAPUT
1051 1893 1138 1948 Vl.

231 2008 251 2038 ι
285 1987 619 2056 Quicunque
666 1994 798 2041 sunt
828 1985 932 2039 sub
972 1985 1106 2053 jugo
1147 1982 1289 2038 servi
1321 1981 1576 2036 dominos
1621 1995 1752 2035 suos

160 2097 178 2128 ι
207 2078 370 2132 omni
395 2077 603 2132 honore
627 2076 825 2146 dignos
850 2075 1202 2139 arbitrentur,
1221 2089 1290 2127 ne
1311 2087 1510 2126 nomen
1535 2070 1751 2125 Domini

160 2188 178 2219 ε
211 2179 269 2223 et
320 2168 574 2223 doctrina
610 2166 1040 2236 blasphemctur.
1091 2163 1194 2229 Qui
1221 2172 1404 2217 autem
1434 2162 1617 2218 ﬁdeles
1656 2161 1752 2224 ha-

160 2285 178 2312 ι
211 2263 352 2317 bent
371 2261 650 2326 dominos,
677 2275 788 2313 non
809 2266 1183 2322 contemnant,
1208 2255 1337 2325 quia
1361 2254 1558 2308 fratres
1581 2263 1709 2308 sunt
1737 2270 1749 2307 :

158 2371 177 2401 ι
211 2351 314 2406 sed
345 2349 521 2420 magis
565 2349 826 2414 serviant,
883 2346 1012 2417 quia
1045 2347 1228 2401 ﬁdeles
1258 2352 1387 2401 sunt
1435 2351 1490 2399 et
1519 2343 1701 2400 dilecti
1736 2361 1750 2397 :

160 2462 176 2491 ι
205 2447 351 2510 quia
373 2440 620 2496 beneﬁcii
644 2439 936 2510 participes
961 2446 1108 2494 sunt.
1151 2436 1268 2491 lloc
1296 2435 1433 2490 doce
1461 2443 1518 2490 et
1555 2435 1756 2490 exhor-

160 2552 176 2582 ι
208 2543 355 2586 tate.
402 2529 462 2586 Si
485 2532 611 2601 quis
640 2531 795 2586 aliter
822 2530 999 2597 docet,
1047 2538 1101 2584 et
1129 2544 1238 2582 non
1271 2526 1573 2597 acquiescit
1604 2525 1754 2580 sanis

159 2642 177 2674 ς
203 2621 564 2678 sermonibus
594 2621 812 2677 Domini
842 2619 1018 2675 nostri
1053 2617 1184 2674 Jesu
1213 2617 1439 2683 Christi,
1471 2624 1526 2670 et
1551 2615 1601 2670 ei
1632 2630 1754 2684 quae

158 2730 176 2761 ι
205 2709 519 2765 secundum
566 2709 822 2778 pietatem
851 2717 934 2763 est
974 2706 1236 2762 docti-inte
1261 2747 1276 2771 ,
1329 2705 1598 2774 superbus
1643 2712 1750 2770 est,

161 2819 180 2852 ι
212 2801 356 2854 nihil
383 2801 586 2867 sciens,
616 2800 710 2856 sed
736 2801 1000 2870 languens
1025 2799 1170 2854 circa
1207 2796 1539 2868 quiestioncs
1569 2804 1622 2850 et
1652 2811 1754 2865 pu-

158 2913 175 2942 I
205 2906 352 2963 gnas
383 2892 678 2947 verborum
714 2909 726 2944 :
755 2905 822 2945 ex
845 2890 1046 2960 quibus
1070 2889 1323 2944 oriuntur
1354 2887 1594 2954 invidiae,
1617 2901 1752 2941 con-

158 3003 176 3032 ι
206 2984 510 3049 tentiones,
557 2981 929 3051 blasphemiae,
960 2979 1301 3049 suspiciones
1347 2979 1523 3045 malae,
1567 2977 1754 3033 conli-

1855 1801 2101 1857 ditionis.
2141 1798 2213 1853 Ut
2245 1801 2451 1854 malum
2475 1798 2641 1868 hujus
2669 1799 2946 1868 Opinionis
2984 1799 3274 1867 refelleret,
3325 1802 3442 1856 ait:

1857 1892 2011 1947 Sicut
2038 1890 2263 1961 prtedixi
2298 1893 2364 1946 de
2393 1890 2781 1947 consecrandis
2813 1891 3146 1963 presbyteris
3177 1895 3406 1948 observa
3431 1911 3446 1960 ;

1856 1983 2087 2054 praecipe
2109 1983 2273 2037 etiam
2305 1983 2428 2048 hoc,
2457 1991 2516 2036 ut
2535 1983 2830 2052 quicunque
2861 1985 2996 2036 servi
3024 1994 3147 2037 sunt
3184 1985 3280 2038 sub
3312 1985 3445 2055 jugo

1857 2069 2156 2124 inﬁdelium
2199 2068 2568 2134 dominorum,
2595 2069 2920 2121 arbitrentur
2946 2069 3187 2123 dominos
3214 2087 3336 2124 suos
3361 2072 3450 2123 di-

1856 2177 1982 2231 gnos
2007 2163 2150 2216 omni
2179 2161 2408 2223 honore;
2433 2158 2536 2214 lide
2560 2167 2740 2212 tamen
2780 2159 2834 2212 in
2866 2161 3122 2216 omnibus
3149 2161 3444 2216 custodita.

1857 2250 1980 2306 ldeo
2013 2267 2110 2321 per
2131 2251 2323 2324 jugnm
2356 2249 2602 2304 inﬁdeles
2624 2249 2878 2318 signavit,
2906 2250 3000 2318 qui
3022 2250 3292 2306 difﬁcilius
3321 2266 3447 2320 pre-

1857 2343 2076 2396 mebant
2108 2356 2295 2396 servos
2319 2354 2486 2412 quam
2517 2339 2704 2394 ﬁdeles
2727 2334 2956 2394 domini.
2999 2339 3126 2396 Ideo
3163 2341 3244 2396 sic
3269 2341 3449 2396 domi-

1857 2433 1943 2488 nis
1965 2433 2348 2503 subjiciantur,
2373 2450 2455 2502 ne,
2487 2435 2534 2491 si
2558 2435 2716 2491 aliter
2739 2435 2913 2502 ﬁeret,
2938 2434 3326 2506 blasphemetur
3349 2452 3448 2490 no-

1858 2541 1975 2578 men
2012 2525 2249 2593 Domini,
2273 2527 2518 2583 dicentes
2538 2527 2709 2584 Deum
2739 2528 3026 2599 injustum,
3059 2530 3152 2599 qui
3177 2529 3446 2584 conditio-

1859 2631 1954 2671 nes
1983 2617 2294 2684 mutaverit,
2324 2627 2380 2673 et
2411 2634 2598 2674 servos
2640 2620 2735 2689 qui
2764 2636 2866 2690 pro
2917 2621 3158 2689 peccatis
3204 2621 3321 2677 suis
3350 2637 3448 2678 seu

1857 2713 2144 2774 parentum
2168 2707 2313 2760 servi
2339 2705 2467 2762 facti
2490 2717 2638 2775 sunt,
2672 2718 2733 2763 ut
2752 2709 2926 2764 Cham
2969 2710 3116 2765 ﬁlius
3154 2709 3287 2778 Noe,
3321 2727 3449 2767 cum

1856 2795 2208 2864 generatione
2242 2811 2342 2851 sua
2377 2797 2531 2865 (Gen.
2574 2815 2649 2864 ιχ,
2681 2799 2796 2868 25),
2829 2801 2958 2869 quia
2987 2801 3239 2870 pudenda
3275 2801 3451 2870 patris

1855 2885 2078 2952 detexit,
2103 2885 2303 2942 liberos
2330 2901 2442 2941 non
2470 2886 2680 2954 fecerit,
2709 2889 2830 2944 ideo
2857 2891 3023 2946 etiam
3071 2889 3314 2945 serviant
3353 2890 3446 2945 do-

1857 2972 2044 3040 minis,
2095 2988 2164 3028 ne
2219 2974 2484 3041 doctrina,
2541 2976 2594 3030 id
2637 2984 2722 3031 est
2765 2978 3080 3046 praedicatio
3133 2987 3450 3035 sanctorum

160 3092 176 3123 ι
205 3070 490 3128 ctation’es
536 3071 822 3126 hominum
861 3078 1043 3125 mente
1087 3077 1474 3140 corruptorum
1515 3087 1527 3122 :
1572 3075 1625 3122 et
1657 3067 1751 3136 qui
1779 3098 1820 3154 ο
1857 3062 2265 3132 blasphcmetur
2299 3070 2355 3118 et
2392 3065 2820 3134 contemptibilis
2860 3067 2975 3134 ﬁat,
3024 3067 3155 3121 dum
3191 3083 3313 3137 qua:
3349 3083 3450 3124 sua

158 3184 178 3213 ι
207 3163 448 3218 veritate
469 3163 665 3233 privati
697 3171 844 3228 sunt,
875 3162 1307 3217 existimantium
1335 3169 1606 3232 quaestum
1629 3175 1751 3215 esse

160 3273 178 3304 ι
210 3254 501 3323 pietatem.
531 3252 629 3309 Est
658 3262 843 3308 autem
867 3260 1112 3323 quaestus
1149 3267 1400 3323 magnus,
1427 3251 1602 3321 pietas
1623 3265 1749 3305 cum

159 3366 176 3396 ι
205 3345 560 3402 sufﬁcientia.
598 3343 745 3399 Nihil
791 3344 940 3399 enim
989 3343 1275 3398 intulimus
1315 3342 1371 3396 in
1402 3341 1551 3396 hunc
1584 3355 1750 3394 mun-

157 3454 176 3486 ε
205 3435 368 3500 dum,
396 3433 546 3489 haud
567 3433 794 3489 dubium
820 3433 950 3503 quia
1006 3448 1106 3488 nec
1145 3431 1361 3487 auferre
1402 3430 1532 3501 quid
1557 3444 1751 3499 possu-

159 3541 177 3571 ι
207 3537 360 3577 mus.
407 3521 685 3578 Habentes
741 3530 924 3576 autem
961 3521 1218 3575 alimenta
1255 3527 1310 3574 et
1357 3519 1559 3589 quibus
1603 3525 1750 3586 tega-

157 3630 178 3664 ι
207 3629 360 3678 mur,
391 3612 480 3667 his
502 3612 744 3668 contenti
784 3611 978 3666 simus.
1012 3609 1149 3665 Nam
1194 3609 1289 3680 qui
1336 3610 1528 3664 volunt
1555 3607 1750 3663 divites

159 3721 177 3752 ι
207 3700 356 3767 ﬁeri,
393 3701 643 3755 incidunt
677 3700 734 3755 in
783 3700 1136 3755 tentationem
1171 3708 1227 3754 et
1261 3699 1316 3753 in
1345 3699 1601 3768 laqueum
1632 3696 1751 3752 dia-

161 3809 180 3842 ο
208 3792 348 3856 boli,
383 3799 441 3846 et
468 3790 738 3846 desideria
763 3792 932 3845 multa
963 3798 1016 3845 et
1045 3789 1260 3844 inutilia
1299 3798 1353 3844 et
1388 3790 1603 3854 nociva,
1628 3804 1750 3858 quae

160 3904 176 3933 ι
209 3891 474 3954 mergunt
528 3883 778 3938 homines
823 3882 877 3936 in
925 3880 1205 3935 interitum
1255 3889 1316 3934 et
1361 3880 1745 3950 perditionem.

160 3995 177 4023 ι
205 3973 387 4027 Radix
413 3972 559 4027 enim
582 3971 828 4026 omnium
853 3971 1123 4026 malorum
1145 3977 1230 4025 est
1247 3969 1515 4038 cupiditas
1545 3988 1556 4022 :
1583 3985 1747 4039 quam

159 4081 175 4107 ι
209 4059 442 4129 quidam
480 4067 813 4128 appetentes,
837 4066 1160 4113 erraverunt
1191 4073 1224 4112 a
1261 4057 1386 4123 ﬁde,
1420 4065 1473 4111 et
1504 4057 1750 4112 inserue-

161 4170 176 4198 ι
210 4159 342 4204 runt
375 4166 438 4204 se
462 4149 743 4207 doloribus
776 4149 982 4204 multis.
1021 4147 1102 4202 Tu
1138 4156 1342 4213 autem,
1367 4163 1401 4202 o
1430 4148 1596 4202 homo
1628 4145 1746 4214 Dei,

161 4263 176 4289 ι
211 4242 331 4296 lucc
360 4239 506 4312 fuge.
538 4239 758 4293 Sectare
781 4255 909 4294 vero
941 4238 1232 4308 justitiam,
1257 4237 1536 4308 pietatem,
1565 4237 1748 4302 ﬁdem,

161 4352 176 4380 ι
207 4331 559 4394 charitatcm,
585 4329 923 4399 patientiam,
948 4327 1445 4383 mansuetudinem.
1471 4327 1632 4382 Certa
1660 4328 1752 4383 bo-

1853 3162 2002 3219 sunt,
2038 3153 2277 3209 dominis
2319 3153 2550 3210 auferat.
2601 3155 2682 3210 Illi
2733 3165 2910 3211 autem
2949 3159 3091 3213 servi
3125 3161 3217 3230 qui
3255 3160 3449 3216 habent

1851 3243 2034 3312 ﬁdeles
2065 3244 2327 3312 dominos,
2363 3262 2466 3300 non
2487 3257 2823 3302 contemnant
2845 3264 2940 3304 eos
2960 3251 3085 3320 quia
3104 3251 3297 3320 fratres
3321 3261 3447 3306 sunt

1853 3334 1908 3388 in
1942 3333 2203 3402 Christo;
2234 3336 2325 3390 sed
2355 3339 2546 3408 magis,
2588 3353 2699 3393 non
2736 3340 2882 3410 quod
2918 3341 3076 3410 plura
3111 3342 3293 3398 debita
3330 3341 3452 3398 sol-

1850 3430 2000 3490 vant,
2048 3425 2143 3480 sed
2178 3426 2375 3496 majori
2414 3427 2701 3484 dilectione
2740 3431 2970 3484 serviant
3006 3432 3107 3499 eis,
3151 3433 3276 3489 ideo
3321 3435 3450 3504 quia

1893 3514 2032 3568 deles
2073 3523 2218 3582 sunt,
2259 3525 2310 3570 et
2343 3516 2524 3571 dilecti
2560 3533 2592 3572 a
2618 3517 2749 3586 Deo,
2778 3528 2834 3576 et
2860 3521 2990 3592 quia
3013 3523 3300 3594 participes
3325 3533 3450 3579 sunt

1849 3603 2090 3673 brae/icii
2112 3604 2228 3672 Dei,
2253 3605 2307 3661 id
2327 3614 2412 3662 est
2426 3607 2768 3676 justitiarum
2791 3625 2914 3681 qute
2937 3611 3206 3668 habentur
3229 3613 3282 3667 in
3306 3629 3448 3684 prte—

1851 3695 2013 3760 scnti,
2057 3705 2112 3750 et
2163 3695 2362 3752 futura:
2410 3698 2784 3756 beatitudinis.
2845 3699 2957 3757 Hos
3005 3703 3212 3758 scilicet
3259 3718 3448 3760 servos

1851 3785 2126 3855 subjectos
2159 3801 2282 3842 esse
2319 3787 2560 3843 dominis
2597 3789 2725 3843 doce
2766 3805 2884 3858 eos,
2933 3791 3026 3861 qui
3071 3793 3344 3859 nesciunt,
3393 3803 3447 3848 et

1849 3875 2130 3930 exhortare
2159 3877 2444 3946 superbos,
2477 3879 2570 3949 qui
2608 3878 2792 3934 sciunt
2829 3888 2884 3935 et
2908 3882 3116 3937 servire
3143 3881 3446 3953 dedignan-

1853 3975 1959 4021 tur.
2003 3965 2062 4022 Si
2091 3969 2208 4038 quis
2236 3983 2370 4024 vero
2393 3969 2603 4039 pseudo
2630 3969 2794 4024 aliter
2815 3971 2983 4038 docet,
3016 3987 3204 4028 servos
3235 3973 3450 4029 scilicet

1852 4072 1962 4111 non
1991 4058 2189 4114 debere
2231 4061 2439 4116 servire
2475 4061 2737 4128 dominis,
2779 4071 2831 4117 et
2860 4077 2891 4117 a
2939 4070 2989 4118 te
3031 4064 3341 4133 prohibitus
3373 4080 3442 4119 ne

1851 4149 1957 4206 hac
1983 4149 2196 4216 doceat,
2227 4166 2329 4204 non
2365 4153 2651 4222 acquiescit
2692 4154 2839 4207 sanis
2869 4154 3196 4208 sermonibus
3230 4154 3441 4208 Domini

1852 4238 2019 4292 nostri
2039 4236 2168 4292 Iesu
2191 4237 2411 4307 Christi,
2435 4249 2486 4294 et
2511 4257 2620 4295 non
2655 4241 2955 4312 acquiescit
2973 4244 3024 4296 ei
3045 4242 3302 4298 doctrina:
3329 4260 3446 4314 qua:

1850 4336 1928 4381 est
1963 4329 2254 4383 secundum
2281 4331 2549 4400 pietatem.
2590 4331 2848 4389 Doctrina
2891 4333 3038 4388 enim
3081 4333 3175 4389 Dei
3206 4335 3295 4405 pia
3339 4345 3444 4403 est,

162 4437 178 4467 ι
211 4434 350 4471 num
377 4424 655 4472 certamen
677 4417 808 4470 ﬁdei
845 4433 857 4469 :
896 4415 1242 4486 apprehende
1281 4415 1450 4470 vitam
1485 4424 1744 4471 aeternam
1781 4419 1826 4478 υ
1853 4433 1963 4472 non
1983 4426 2202 4475 mutans
2223 4421 2582 4488 conditiones,
2610 4422 2743 4476 nulli
2770 4423 2966 4478 tollens
2987 4423 3133 4492 quod
3153 4437 3315 4478 suum
3337 4433 3442 4479 est.

162 4527 180 4558 ι
210 4509 266 4560 in
299 4523 415 4576 qua
445 4515 672 4562 vocatus
701 4523 784 4574 es,
821 4515 875 4562 et
901 4505 1188 4560 confessus
1220 4505 1419 4560 bonam
1445 4503 1748 4561 confessio-
1850 4504 2027 4561 Etiam
2057 4508 2177 4564 ideo
2203 4509 2290 4579 pia
2320 4511 2449 4580 quia
2486 4526 2583 4581 per
2613 4512 2720 4567 hoc
2749 4511 3002 4567 dominos
3033 4513 3265 4566 multum
3302 4512 3444 4566 invi-

163 4615 180 4644 ι
210 4611 340 4651 nem
372 4596 584 4669 [ﬁdem]
613 4612 799 4652 coram
830 4597 1017 4662 multis
1049 4595 1300 4652 testibus.
1350 4594 1620 4666 Praacipio
1651 4597 1749 4652 tibi
1850 4605 1928 4652 tat
1955 4598 2022 4652 ad
2052 4599 2210 4654 ﬁdem
2244 4608 2300 4656 et
2330 4601 2528 4669 allicit,
2566 4617 2733 4672 quam
2781 4602 2968 4671 utique
3013 4600 3342 4666 doctrinam,
3392 4601 3444 4657 si

163 4705 181 4736 ε
214 4702 412 4741 coram
435 4685 545 4741 Deo
571 4688 667 4756 qui
693 4687 930 4742 vivilicat
951 4686 1156 4754 omnia,
1184 4694 1239 4741 et
1257 4685 1476 4742 Christo
1503 4685 1632 4743 Jesu
1654 4689 1751 4757 qui
1851 4704 2041 4745 servos
2065 4691 2144 4746 eis
2167 4690 2427 4760 auferret,
2473 4692 2870 4748 intolerabilem
2900 4691 3213 4760 judicarent
3247 4699 3301 4745 et
3347 4690 3444 4746 ab«

165 4795 181 4825 ι
212 4777 594 4831 testimonium
642 4776 876 4832 reddidit
927 4776 1032 4831 sub
1077 4775 1274 4830 Pontio
1302 4774 1500 4842 Pilato,
1549 4777 1748 4832 bonam
1845 4781 2095 4850 jicerent.
2139 4780 2322 4838 Servis
2358 4782 2527 4838 etiam
2572 4797 2670 4852 per
2707 4782 2825 4836 hac
2852 4781 2941 4851 pia
2986 4790 3071 4836 est
3104 4779 3275 4850 :quia
3314 4794 3443 4835 cum

164 4888 179 4916 ι
210 4865 643 4934 confessionem,
692 4875 752 4922 ut
799 4881 984 4922 serves
1027 4866 1344 4921 mandatum
1389 4866 1508 4921 sine
1536 4867 1748 4921 macula

165 4977 181 5006 ε
212 4958 694 5027 irreprehensihile
721 4973 896 5028 usque
923 4958 979 5012 in
1005 4957 1298 5012 adventum
1328 4954 1546 5010 Domini
1574 4957 1749 5012 nostri

164 5066 181 5095 ε
211 5045 344 5102 Jesu
373 5046 579 5104 Christi
611 5067 624 5102 :
654 5063 816 5118 quem
848 5048 964 5104 suis
990 5046 1327 5118 temporibus
1352 5046 1598 5101 ostendet
1622 5047 1749 5102 bea-

166 5158 183 5189 ι
218 5150 310 5196 tus
336 5149 395 5196 et
420 5141 570 5198 solus
597 5151 791 5213 potens
821 5140 936 5197 Rex
967 5156 1155 5212 regum
1188 5148 1240 5194 ct
1272 5138 1536 5196 Dominus
1564 5140 1744 5195 domi—

165 5249 183 5277 ι
216 5231 493 5298 nantium,
539 5233 637 5302 qui
671 5233 824 5288 solus
852 5233 1015 5288 habet
1057 5229 1542 5298 immortalitatem,
1573 5241 1628 5287 et
1657 5231 1744 5285 lu-

165 5337 183 5366 σ
207 5335 333 5399 cem
363 5320 576 5376 habitat
621 5322 1057 5378 inaccessibilem
1098 5341 1110 5376 :
1144 5337 1306 5392 quem
1344 5321 1528 5376 nullus
1571 5321 1750 5375 homi-

167 5426 185 5457 ι
217 5425 353 5463 num
394 5411 548 5478 vidit,
590 5413 684 5467 sed
732 5429 834 5468 nec
867 5414 1048 5468 videre
1075 5423 1256 5483 potest
1291 5433 1303 5468 :
1336 5415 1425 5470 cui
1475 5415 1654 5468 honor
1699 5421 1754 5467 et

169 5514 187 5545 ι
220 5498 516 5568 imperium
565 5504 960 5574 sempiternum
994 5523 1007 5558 :
1042 5505 1237 5561 Amen.
1289 5506 1558 5562 Divitibus
1585 5505 1753 5575 hujus

167 5604 187 5636 ι
222 5590 412 5647 saeculi
437 5593 669 5664 praecipe
697 5610 803 5648 non
829 5595 1064 5651 sublime
1085 5612 1296 5668 sapere,
1325 5612 1503 5668 neque
1529 5610 1752 5666 sperare

170 5694 189 5726 ι
224 5679 280 5733 in
311 5680 519 5739 incerto
547 5684 860 5742 divitiarum
883 5725 901 5757 ,
949 5687 1042 5742 sed
1072 5688 1126 5740 in
1154 5687 1266 5742 Deo
1297 5688 1444 5756 vivo,
1479 5687 1574 5758 qui
1605 5702 1746 5758 prae-

1856 4887 1954 4942 pro
1971 4873 2207 4941 peccatis
2235 4873 2371 4939 suis,
2415 4888 2513 4928 seu
2553 4881 2842 4943 parentum
2871 4871 3013 4927 servi
3040 4869 3170 4926 facti
3208 4880 3358 4937 sunt,
3394 4870 3443 4926 si

1855 4975 2072 5030 ptenam
2097 4963 2238 5017 hanc
2258 4963 2462 5032 peccati
2509 4962 2776 5033 patienter
2822 4961 3116 5026 sustinent,
3163 4969 3445 5016 merentur

1849 5051 2139 5120 iustiﬁcari
2161 5067 2258 5122 per
2282 5053 2680 5118 humilitatem;
2719 5054 2766 5107 si
2809 5066 2938 5107 vero
2981 5061 3240 5117 renuunt,
3288 5052 3445 5107 dam—

1855 5150 2056 5195 nantur
2100 5156 2197 5211 per
2234 5144 2564 5212 superbiam.
2606 5143 2664 5197 Si
2699 5144 2844 5213 quis,
2883 5144 3128 5214 inquam,
3157 5144 3316 5198 aliter
3352 5143 3446 5197 do-
3466 5143 3501 5216 ξ,

1853 5239 1957 5297 cet,
1993 5247 2092 5286 nec
2120 5232 2425 5301 prohibitus
2455 5233 2698 5300 desistit;
2730 5236 2820 5291 hic
2849 5235 3136 5305 abjiciatur
3178 5244 3239 5290 ut
3261 5250 3445 5304 super-

1858 5320 1952 5373 bus
1972 5329 2028 5375 et
2055 5321 2188 5374 nihil
2222 5324 2412 5390 sciens,
2449 5339 2581 5379 cum
2631 5339 2688 5380 se
2729 5333 2881 5394 putet
2930 5326 3137 5396 aliquid
3187 5325 3348 5390 scire,
3390 5331 3444 5378 et

1857 5426 2046 5468 omnes
2072 5413 2323 5470 homines
2357 5415 2521 5470 unius
2554 5415 2886 5472 conditionis
2923 5432 3045 5473 esse
3077 5422 3306 5471 asserat.
3347 5411 3443 5464 Ni—

1856 5504 1955 5570 hil,
2003 5505 2247 5575 inquam,
2293 5506 2494 5574 sciens,
2527 5508 2617 5562 sed
2645 5508 2920 5580 languens,
2947 5508 3000 5563 id
3029 5516 3114 5562 est
3137 5505 3440 5560 dissolutus

1855 5604 1909 5652 et
1928 5595 2219 5668 languidus
2259 5601 2403 5653 circa
2433 5602 2746 5670 qucestiones
2776 5616 2916 5671 quas
2939 5599 3127 5668 objicit
3155 5606 3209 5652 et
3252 5594 3439 5649 absolu'

1856 5701 1981 5744 vere
2011 5689 2211 5757 nescit;
2240 5699 2292 5746 et
2320 5690 2466 5749 circa
2496 5708 2700 5763 pugnas
2735 5693 3025 5749 verborum,
3065 5689 3125 5743 id
3169 5697 3250 5741 est
3290 5686 3438 5741 circa
