3988 6416
160 365 288 431 ιεγ

806 326 1182 428 Ελιιυδηλιό
1212 371 1280 424 in
1321 366 1705 424 uisiones
1741 368 1808 421 γε

1893 381 1970 425 ιιι.
2006 393 2080 406 --
2116 365 2183 418 ll‘
2223 358 2442 418 LPIbT.
2483 358 2529 418 Π
2565 359 2658 416 AD
2695 357 2835 418 ΠΜ.

3352 361 3460 419 458

158 491 402 554 tempus
431 479 688 538 idoneum
721 478 942 549 viderit,
972 479 1225 537 adveniet
1263 477 1381 535 tibi.
1410 462 1649 534 Causam
1674 490 1775 548 po-
1797 482 1854 551 Α
1875 476 2045 534 homo
2072 476 2296 544 dormit,
2324 467 2578 548 corporei,
2608 491 2808 534 sensus
2841 475 2979 532 nihil
3015 486 3144 534 tunc
3169 477 3414 534 sentiunt
3443 499 3458 532 :

159 576 258 631 nit
303 589 483 648 quare
528 573 803 630 sustinere
835 573 1034 629 debeat
1060 572 1250 628 dicens
1283 587 1297 626 ι
1339 569 1572 626 Servare
1607 568 1772 624 debes

161 667 306 734 hoc,
333 667 511 723 donec
558 664 702 722 Deus
736 665 1008 732 adveniat,
1034 664 1164 735 quia
1196 663 1288 719 ille
1327 662 1509 719 beatus
1544 661 1776 726 beatitu-

157 757 368 812 dinem
387 755 540 812 dabit
565 754 672 810 tibi
683 754 732 810 si
761 754 1070 811 sustineas:
1094 762 1149 810 et
1177 753 1270 808 ille
1288 752 1433 807 solus
1468 759 1650 823 potens
1673 765 1773 820 po-

159 859 387 906 tentem
441 857 494 903 te
539 847 704 903 faciet
756 863 923 918 super
975 861 1169 902 omnes
1219 853 1615 917 persecutores.
1665 842 1777 897 Rex

163 942 347 998 etiam
389 956 570 1011 regum
603 954 787 1013 regem
819 949 871 994 te
915 936 1118 994 faciet:
1169 937 1296 1009 quia
1328 951 1429 992 nec
1458 943 1774 1007 persecuto-

165 1047 317 1098 rem,
357 1046 459 1087 nec
489 1031 842 1086 tentationem
873 1045 999 1084 cum
1036 1045 1102 1084 eo
1142 1029 1359 1099 positus
1387 1027 1648 1083 timebis:
1680 1025 1776 1098 qui

164 1126 351 1180 etiam
380 1123 637 1178 Dominus
660 1131 743 1178 est
772 1121 1165 1175 dominantium
1187 1136 1206 1174 :
1245 1128 1302 1176 et
1331 1119 1494 1176 faciet
1521 1129 1574 1176 te
1601 1118 1779 1175 domi-

168 1214 301 1268 nari
331 1213 686 1270 inimicorum
711 1218 953 1266 tuorum.
1147 1203 1154 1212 ³
1643 1197 1647 1203 ’

244 1305 394 1362 Nota
432 1307 580 1376 quod
628 1303 851 1375 quidam
880 1308 1130 1372 potentes
1160 1309 1308 1367 sunt,
1339 1315 1440 1357 nec
1464 1308 1648 1357 tamen
1675 1301 1778 1356 do-

171 1389 467 1454 minantur
508 1397 763 1451 aliorum.
806 1394 909 1460 Qui
939 1391 1083 1449 Deus
1101 1392 1247 1447 solus
1277 1392 1433 1446 habet
1461 1393 1782 1449 immortali“-

164 1499 351 1546 tatem
377 1532 393 1557 ,
440 1489 493 1545 id
545 1497 631 1545 cst
683 1485 1180 1542 immutabilitatem
1227 1503 1241 1540 :
1287 1486 1417 1557 quia
1464 1501 1679 1558 semper
1724 1486 1779 1540 in
1818 1533 1821 1535 _

165 1583 380 1639 eodem
401 1590 547 1638 statu
567 1590 884 1665 permanet:
913 1579 1010 1651 qui
1029 1578 1194 1634 etiam
1207 1579 1422 1634 .habitat
1453 1579 1641 1635 lucem.
1670 1578 1779 1634 Lo-

167 1675 377 1747 quitur
399 1675 469 1730 de
500 1673 614 1730 Deo
644 1689 676 1729 a
701 1671 1066 1730 similitudine
1099 1670 1247 1728 illius
1285 1671 1382 1743 qui
1421 1672 1694 1729 habitaret
1722 1672 1780 1727 in

171 1766 474 1838 splendida
521 1765 764 1837 regione.
811 1763 1053 1830 Habitat,
1094 1763 1341 1834 inquam,
1389 1764 1610 1821 lucem:
1647 1764 1777 1836 quia

1874 568 2058 624 anima
2079 583 2211 626 vero
2235 577 2366 624 tunc
2394 570 2509 625 sola
2529 569 2736 641 vigilat.

1945 657 2085 727 Quia
2116 660 2370 732 superius
2381 661 2595 716 dixerat
2616 659 2820 716 Paulus
2845 678 2858 715 :
2879 657 3189 716 Habeamus
3202 659 3465 716 alimenta

1875 763 1929 810 et
1961 753 2278 810 indumenta
2319 755 2518 826 quibus
2554 763 2835 826 tegamur;
2872 770 2942 810 ne
2983 755 3106 811 ideo
3143 753 3467 811 Timotheus

1877 845 2235 902 arbitraretur
2281 862 2547 918 pauperes
2607 853 2817 902 tantum
2861 845 3224 918 recipiendos,
3268 847 3468 904 divites

1876 940 2097 996 veroah
2123 939 2367 996 Ecclesia
2395 939 2753 1011 repellendos,
2776 949 2966 997 contra
3010 941 3118 997 hoc
3148 940 3262 996 ait:
3314 938 3471 998 Licet

1879 1030 2153 1086 alimentis
2182 1039 2236 1086 et
2272 1032 2597 1102 tegumentis
2627 1039 2914 1087 contentos
2961 1046 3064 1087 nos
3110 1047 3237 1088 esse
3269 1032 3469 1088 debere

1878 1120 2132 1189 dixerim,
2178 1137 2248 1176 ne
2306 1129 2490 1175 tamen
2536 1121 2763 1191 abjicias
2815 1122 3028 1191 divites,
3069 1123 3167 1179 sed
3214 1114 3469 1178 divitibus

1879 1212 2036 1283 hujus
2062 1212 2246 1267 swculi
2272 1213 2498 1283 prwcipe
2541 1229 2644 1267 non
2668 1230 2849 1284 sapere
2876 1215 3122 1284 sublime,
3158 1214 3214 1270 id
3228 1222 3327 1284 .es‘t
3353 1229 3471 1270 non

1881 1313 2100 1376 propter
2121 1305 2339 1361 divitias
2363 1307 2677 1375 superbire;
2703 1323 2866 1378 neque
2877 1325 3087 1378 sperare
3101 1309 3367 1365 inincerto
3389 1309 3474 1363 di-

1881 1400 2153 1466 vitiarum,
2173 1399 2226 1454 id
2250 1406 2334 1453 est
2353 1398 2407 1452 in
2434 1398 2656 1454 incertis
2676 1399 2900 1469 divitiis,
2921 1401 3077 1472 quasi
3089 1399 3357 1471 quihodie
3377 1399 3472 1456 ha-

1881 1492 1990 1558 bet,
2028 1507 2152 1546 cras
2179 1490 2412 1547 fortasse
2434 1507 2544 1546 non
2568 1491 2856 1548 habiturus
2879 1502 2991 1560 est,
3022 1495 3112 1547 sed
3157 1508 3378 1563 sperare
3413 1493 3474 1546 in

1882 1583 1993 1638 Deo
2007 1600 2027 1651 ;
2043 1591 2096 1640 et
2117 1599 2340 1640 causam
2370 1584 2555 1640 subdit
2575 1600 2747 1655 quare
2771 1603 2784 1641 :
2812 1586 2904 1656 qui
2927 1583 3072 1640 Deus
3092 1594 3309 1656 prazstat
3323 1584 3473 1638 nobis

1882 1676 2061 1729 omnia
2083 1675 2319 1729 abunde:
2347 1691 2458 1731 non
2482 1684 2660 1732 sotum
2689 1675 2758 1731 ad
2787 1676 3073 1742 utendum,
3097 1677 3189 1732 sed
3211 1677 3375 1730 etiam
3401 1675 3474 1730 ad

1885 1767 2188 1839 fruendum,
2219 1767 2273 1822 id
2296 1775 2400 1834 est,
2430 1782 2557 1823 cum
2576 1767 2920 1839 iucunditate
2947 1776 3169 1824 utamur
3190 1768 3316 1823 illis.
3336 1766 3480 1822 Frui

173 1859 371 1914 omnis
394 1873 524 1913 vera
558 1858 653 1913 lux
675 1855 886 1912 habitat
909 1856 968 1911 in
993 1869 1081 1911 eo.
1113 1855 1315 1912 Lucem
1335 1856 1460 1913 dico
1487 1857 1776 1912 inaccessi-
1804 1828 1858 1889 Β*
1881 1828 2115 1917 dicimus
2142 1859 2210 1916 de
2236 1873 2294 1914 re
2320 1875 2442 1930 qua:
2469 1828 2654 1916 suavis
2667 1868 2753 1916 est
2777 1861 2996 1917 etutilis
3019 1874 3033 1914 :
3059 1861 3136 1916 uti
3157 1876 3288 1917 vero
3308 1855 3377 1916 de
3396 1875 3480 1926 re,

171 1952 368 2018 bilem,
398 1951 456 2006 id
499 1957 585 2007 est
635 1950 709 2006 ad
737 1963 906 2021 quam
945 1948 1126 2004 lucem
1161 1948 1568 2022 intelligendam
1599 1949 1782 2007 nullus

173 2041 455 2100 accedere
489 2048 700 2113 potest:
733 2040 881 2112 quod
904 2039 1023 2111 ipse
1048 2038 1392 2108 determinat,
1421 2041 1609 2099 dicens
1630 2043 1783 2096 inac-

173 2135 508 2202 cessibilem,
533 2133 675 2202 ideo,
699 2134 831 2206 quia
863 2147 1031 2204 quam
1059 2132 1240 2189 lucem
1270 2133 1324 2188 in
1354 2133 1486 2202 Deo,
1512 2136 1594 2191 vel
1632 2152 1785 2207 quem

179 2229 367 2286 Deum
399 2229 456 2284 in
487 2230 628 2296 luce,
661 2226 842 2282 nullus
867 2225 1142 2281 hominum
1172 2226 1474 2283 secundum
1505 2229 1785 2286 hominem

180 2323 350 2389 uidit,
377 2322 468 2376 sed
519 2337 610 2375 nec
654 2321 724 2376 de
760 2317 948 2375 futuro
977 2318 1281 2375 secundum
1321 2320 1469 2389 quod
1503 2320 1668 2376 homo
1703 2329 1788 2376 est

180 2416 370 2468 uidere
403 2422 612 2484 potest:
643 2413 729 2466 cui
776 2411 888 2467 Deo
935 2412 1021 2467 est
1066 2412 1237 2483 gloria
1279 2412 1579 2478 secundum
1616 2413 1788 2468 deita-

181 2513 337 2572 tem;
366 2506 554 2571 honor,
583 2505 886 2561 secundum
911 2503 1226 2572 hominem;
1253 2521 1556 2576 imperium,
1592 2521 1787 2562 secun-

181 2598 327 2652 dum
345 2597 618 2668 judicium
639 2612 752 2669 quo
767 2597 998 2668 judicat,
1027 2604 1083 2652 et
1101 2596 1447 2667 iudicaturus
1465 2606 1549 2654 est
1575 2613 1784 2655 omnes.

186 2688 495 2760 Imperium
517 2689 640 2745 dico
666 2689 994 2745 duraturum
1024 2690 1080 2744 in
1103 2689 1475 2760 sempiternum
1497 2706 1516 2744 :
1550 2701 1606 2746 et
1642 2692 1790 2763 quod

184 2792 330 2853 opto
358 2791 424 2838 ut
446 2781 517 2838 sit
544 2781 594 2837 ei
619 2781 790 2853 gloria
833 2791 888 2837 et
919 2782 1117 2850 honor,
1145 2781 1331 2850 Amen,
1365 2783 1418 2839 id
1440 2791 1524 2840 est
1542 2794 1689 2840 certe
1715 2785 1790 2840 ita

147 2881 150 2884 ’
185 2874 302 2929 erit
323 2881 382 2928 et
408 2873 601 2928 deesse
629 2872 834 2943 nequit.
875 2870 1013 2928 Nota
1058 2873 1206 2946 quod
1230 2873 1362 2930 dicit
1387 2874 1580 2932 Nullus
1612 2877 1790 2932 homi-

190 2990 331 3028 num
359 2973 535 3029 Deum
554 2974 689 3029 vidit
717 2993 732 3028 :
765 2974 820 3029 in
837 2989 904 3030 eo
932 2973 1080 3046 quod
1106 2975 1272 3030 homo
1295 2984 1380 3028 est
1400 2967 1574 3042 accipi
1599 2970 1786 3026 debet:

190 3065 328 3136 quia
354 3074 414 3120 et
438 3063 640 3122 Paulus
661 3075 852 3137 raptus
873 3075 956 3121 est
982 3066 1050 3121 ad
1081 3066 1300 3122 tertium
1325 3064 1547 3130 coelum,
1579 3061 1672 3117 ubi
1692 3076 1790 3116 au-

1883 1969 2026 2028 quaz,
2051 1954 2179 2010 licet
2206 1952 2355 2010 utilis
2377 1953 2468 2021 sit,
2491 1968 2741 2008 amarum
2777 1962 2962 2010 tamen
2996 1967 3159 2008 usum
3194 1953 3395 2019 habet;
3421 1961 3484 2007 it

1884 2049 2070 2120 plures
2112 2047 2416 2117 potationes
2447 2060 2572 2117 qua:
2617 2060 2868 2100 amarum
2891 2053 3112 2117 gustum
3163 2045 3384 2109 habent,
3425 2055 3484 2098 et

1885 2139 2048 2196 utiles
2101 2147 2248 2196 sunt.
2304 2137 2546 2209 Praecipe
2591 2137 2755 2193 etiam
2793 2137 3053 2192 divitibus
3111 2135 3236 2190 bene
3284 2150 3479 2206 agere:

1884 2246 2089 2303 eosque
2125 2231 2244 2302 ﬁeri
2289 2229 2477 2284 divites
2509 2230 2567 2283 in
2602 2230 2752 2284 bonis
2774 2229 3051 2299 operibus:
3090 2244 3212 2299 quae
3251 2243 3388 2283 auro
3427 2240 3486 2283 et

1887 2334 2114 2397 argento
2132 2323 2344 2394 potiora
2368 2321 2531 2394 334
2559 2330 2706 2378 sunt.
2730 2320 2972 2392 Prmcipe
3003 2320 3169 2377 etiam
3205 2319 3364 2390 facile
3385 2319 3486 2372 tri-

1887 2419 2039 2474 buere
2066 2434 2164 2475 sua
2204 2417 2568 2488 pauperibus;
2600 2431 2700 2472 nec
2747 2417 2852 2472 hoc
2886 2416 3086 2482 solum,
3118 2415 3211 2469 sed
3240 2413 3403 2469 etiam
3428 2407 3504 2468 in'

1889 2511 2051 2566 bonis
2091 2509 2208 2566 suis
2230 2507 2620 2562 communicare
2649 2505 3004 2577 pauperibus,
3032 2513 3093 2559 ut
3121 2503 3340 2560 divitias
3374 2515 3488 2558 non
3584 2496 3591 2502 ’

1875 2601 2063 2672 magis
2112 2599 2319 2656 faciant
2360 2598 2610 2670 proprias
2669 2597 2795 2665 sibi,
2857 2611 3024 2668 quam
3057 2595 3282 2668 egenis;
3328 2601 3383 2649 et
3407 2593 3491 2649 sic

1889 2692 2269 2750 distribuendo
2295 2708 2416 2760 sua,
2447 2691 2683 2763 pracipe
2705 2691 2828 2746 illos
2856 2689 3219 2744 thesaurizare
3239 2686 3342 2741 sibi
3359 2686 3490 2756 fun-

1889 2786 2218 2852 damentum,
2247 2785 2302 2841 id
2338 2793 2421 2840 est
2447 2785 2677 2839 virtutes
2704 2781 2758 2838 in
2787 2781 2990 2853 quibus
3020 2768 3250 2835 ﬁrmiter
3275 2776 3492 2837 fundati

1891 2879 2020 2934 sint.
2053 2876 2160 2944 Qui
2187 2877 2334 2933 enim
2360 2876 2522 2934 hodie
2550 2884 2738 2931 castus
2781 2883 2886 2939 est,
2918 2889 3042 2929 cras
3072 2873 3340 2938 incestus,
3401 2868 3493 2924 hic

1891 2971 2050 3042 quasi
2078 2970 2134 3025 in
2171 2968 2382 3025 lubrico
2404 2978 2458 3024 et
2482 2984 2593 3023 non
2630 2967 2687 3022 in
2731 2965 3086 3022 fundamento
3107 2979 3231 3020 eam
3277 2961 3488 3018 habuit.

1891 3062 2329 3119 Fundamentum
2354 3061 2478 3118 dico
2508 3061 2721 3127 bonum,
2760 3059 2813 3115 id
2836 3068 2920 3114 est
2936 3057 3089 3124 utile,
3122 3057 3179 3110 in
3201 3055 3443 3125 futurum
3470 3069 3491 3119 ;

189 3160 333 3214 divit
354 3175 481 3230 qua:
515 3174 622 3214 non
675 3143 894 3215 licebat,
923 3158 1112 3214 audire
1156 3157 1364 3214 homini
1388 3176 1401 3211 :
1453 3172 1578 3214 cum
1609 3164 1789 3211 tamen
1819 3174 1860 3233 (ς
1892 3155 1961 3210 ad
1981 3155 2088 3211 hoc
2117 3163 2176 3208 ut
2221 3170 2314 3224 per
2337 3151 2471 3209 illud
2497 3150 2888 3223 apprehendant
2917 3151 3082 3203 vitam
3115 3156 3369 3203 (sternam
3397 3147 3536 3233 qui;

191 3249 406 3307 Paulus
427 3260 480 3306 et
504 3260 800 3322 antequam
824 3260 1130 3322 raperetur,
1157 3261 1212 3306 et
1249 3259 1394 3322 post,
1421 3249 1584 3304 homo
1609 3246 1792 3303 fuerit.

197 3344 265 3402 Et
285 3360 420 3402 cum
459 3345 529 3404 de
563 3345 774 3402 Joanne
799 3346 1132 3418 evangelista
1159 3345 1301 3400 idem
1326 3341 1528 3398 factum
1559 3341 1650 3408 sit,
1674 3341 1797 3396 ideo

200 3437 375 3493 homo
401 3437 706 3493 secundum
739 3429 893 3508 quod
928 3445 1012 3493 est
1040 3438 1225 3503 homo,
1255 3438 1430 3492 lucem
1463 3434 1690 3490 Deitatis
1711 3433 1796 3488 vi-

195 3527 332 3584 dere
356 3544 470 3584 non
507 3528 741 3585 sufﬁcit:
779 3530 908 3601 quia
946 3530 1128 3585 anima
1177 3529 1417 3586 hominis
1463 3529 1796 3584 incarcerata

197 3621 531 3694 deprimitur
585 3622 642 3677 in
701 3637 887 3687 carne,
943 3622 1174 3694 ideoque
1211 3637 1311 3677 nec
1363 3621 1569 3692 aliquid
1617 3620 1800 3676 videre

198 3722 408 3783 potest,
431 3714 518 3769 vel
570 3714 834 3785 cogitare,
875 3714 982 3770 nisi
1030 3715 1264 3770 excitata
1312 3714 1498 3784 aliquo
1537 3727 1800 3784 corporeo

196 3821 397 3873 sensu,
423 3806 567 3872 visu,
588 3807 674 3862 vel
695 3807 1000 3876 auditu,vel
1031 3806 1366 3877 hujusmodi.
1399 3806 1536 3873 Quia
1561 3806 1610 3883 psi
1633 3823 1803 3877 quan-

202 3897 302 3953 diu
331 3898 521 3954 anima
545 3899 602 3954 in
631 3914 853 3956 carcere
877 3899 1063 3956 carnis
1083 3899 1375 3965 clauditur,
1402 3897 1592 3968 nequit
1622 3897 1803 3955 facere

205 3994 545 4064 quidquam;
581 3992 628 4048 si
672 4007 783 4048 non
811 3992 1078 4048 excitetur
1121 4007 1218 4063 per
1248 4005 1540 4062 corporeos
1560 4005 1756 4047 sensus
1785 4008 1798 4044 :

205 4085 273 4140 de
302 4083 511 4156 quibus
539 4084 762 4156 planum
798 4094 903 4152 est,
930 4083 1077 4156 quod
1112 4084 1202 4138 vix
1243 4097 1451 4154 parum
1479 4082 1547 4138 de
1568 4081 1680 4138 Deo
1714 4083 1800 4136 in-

203 4176 465 4248 telligunt
491 4194 506 4230 :
535 4176 865 4233 credendum
896 4185 982 4233 est
1006 4177 1152 4249 quod
1193 4191 1294 4232 nec
1323 4175 1506 4230 anima
1539 4173 1800 4240 hominis,

206 4267 455 4338 quandiu
485 4267 539 4322 in
574 4268 796 4324 homine
820 4276 926 4336 est,
953 4268 1008 4324 in
1030 4267 1341 4340 cognitione
1379 4265 1475 4320 Dei
1508 4279 1803 4335 corporeos

205 4375 412 4416 sensus
435 4359 668 4415 excedit.
702 4359 760 4414 Si
787 4369 970 4416 autem
1000 4361 1184 4415 anima
1208 4358 1384 4425 Pauli,
1425 4367 1524 4414 seu
1551 4355 1799 4424 Joannis,

205 4451 274 4506 de
307 4451 423 4507 Deo
455 4451 592 4506 vidit
621 4451 769 4523 quod
814 4451 1000 4509 videre
1039 4452 1249 4508 homini
1301 4465 1408 4506 non
1447 4450 1621 4516 licuit,
1651 4448 1799 4504 credi

1897 3247 1988 3304 hic
2012 3248 2069 3302 in
2093 3217 2387 3306 virtutibus
2407 3217 2620 3300 fundati
2649 3251 2796 3300 sunt.
2829 3241 2899 3298 Ut
2919 3247 3103 3297 autem
3133 3240 3203 3297 de
3229 3217 3526 3328 divitibus:

1897 3348 1952 3397 et
1972 3339 2040 3396 de
2059 3338 2316 3395 omnibus
2337 3352 2460 3408 qua:
2478 3334 2710 3408 praecepi
2748 3349 2940 3391 sanam
2977 3331 3385 3392 observantiam
3407 3319 3534 3385 fa-"t

1898 3431 2034 3500 cias,
2065 3430 2210 3498 ideo,
2235 3446 2266 3484 ο
2291 3428 2581 3496 Timolhee,
2596 3426 2803 3482 custodi
2828 3424 3214 3497 depositum,id
3236 3431 3322 3480 est
3342 3436 3498 3480 com-

1899 3525 2131 3582 missum
2158 3531 2214 3580 et
2235 3521 2502 3578 creditum
2533 3520 2629 3577 tibi
2658 3520 2866 3577 donum
2898 3517 3136 3590 Spiritus
3156 3517 3352 3575 sancti.
3391 3514 3496 3572 Ut-

1899 3633 2007 3690 que
2050 3617 2190 3673 bene
2238 3614 2546 3681 custodias,
2578 3621 2698 3670 esto
2738 3613 2978 3667 devitans
3015 3611 3298 3676 novitates,
3337 3607 3392 3664 id
3413 3617 3499 3665 est

1899 3710 2139 3764 alternas
2180 3705 2605 3779 tequipollentia’s
2661 3719 2858 3760 vocum
2910 3703 3036 3759 ﬁdei
3092 3711 3320 3758 nostrae:
3365 3700 3498 3771 quia

1891 3799 2145 3876 profanat
2174 3811 2320 3859 sunt.
2351 3800 2602 3858 Haarctici
2624 3799 2767 3854 enim
2793 3811 2955 3854 voces
2979 3797 3179 3867 quibus
3209 3796 3371 3851 tidem
3400 3793 3497 3848 Dei

1903 3896 2248 3962 conﬁtemur,
2285 3902 2520 3960 mutant,
2557 3891 2808 3963 ponendo
2842 3889 3289 3961 atquipollentes:
3321 3888 3499 3942 donec

1902 3990 2111 4047 sensim
2144 4004 2241 4061 per
2267 3987 2368 4043 has
2392 3982 2827 4058 mquipollentias
2858 3982 3140 4038 incautum
3161 3978 3374 4035 ﬁdelem
3396 3977 3495 4033 de-

1905 4081 2184 4153 ceperint:
2214 4094 2384 4153 quare
2410 4077 2658 4149 praecipit
2705 4074 2973 4130 novitates
3007 4085 3206 4128 vocum
3232 4070 3494 4126 devitarc.

1904 4175 2095 4232 Devita
2125 4172 2290 4229 etiam
2340 4170 2714 4242 appositiones,
2747 4167 2802 4222 id
2839 4174 2924 4222 est
2960 4163 3357 4236 disputationes
3402 4177 3496 4217 so-

1903 4268 2232 4340 phistarum.
2260 4263 2640 4335 Oppositiones
2668 4261 2790 4316 dico
2820 4258 3055 4313 scientia:
3080 4273 3202 4328 quae
3252 4263 3336 4309 est
3370 4253 3498 4324 falsi

1905 4359 2133 4415 nominis
2169 4364 2194 4412 :'
2227 4355 2365 4412 falso
2399 4355 2544 4410 enim
2564 4362 2788 4409 vocatur
2813 4350 3062 4415 scientia,
3094 4349 3223 4421 quia
3251 4363 3380 4403 vero
3400 4363 3498 4402 no-

1904 4451 2054 4506 mine
2075 4456 2363 4505 vocaretur
2408 4444 2739 4517 insipientia.
2776 4441 2950 4509 Quam
2990 4439 3186 4496 falsam
3213 4437 3498 4495 scientiam

207 4551 432 4612 oportet
477 4543 626 4613 quod
655 4543 741 4599 vel
772 4543 959 4600 anima
993 4543 1115 4614 ejus
1136 4543 1356 4614 penitus
1391 4542 1483 4597 illa
1519 4543 1653 4596 hora
1685 4554 1808 4594 cor-
1839 4544 1885 4600 D
1909 4543 2125 4615 quidam
2145 4539 2530 4611 promittentes,
2559 4535 2613 4591 id
2628 4542 2712 4591 est
2735 4535 3007 4606 jactantes
3031 4546 3090 4587 se
3111 4531 3332 4596 habere,
3355 4528 3500 4583 exci-

207 4649 314 4704 pus
368 4635 632 4702 deseruit,
680 4635 767 4691 vel
829 4635 878 4690 si
924 4635 982 4690 in
1039 4650 1268 4706 corpore
1317 4634 1557 4700 mansit,
1608 4646 1802 4687 omnes

208 4741 416 4781 sensus
441 4726 691 4796 corporis
739 4726 996 4793 excessit,
1038 4733 1095 4782 et
1138 4725 1439 4781 secundum
1489 4724 1606 4779 haec
1650 4730 1804 4776 extra

209 4818 497 4874 hominem
545 4819 682 4874 fuit:
735 4820 863 4892 quia
903 4829 1036 4876 tunc
1074 4819 1336 4890 temporis
1389 4818 1548 4890 quasi
1601 4815 1805 4872 mortui

209 4908 369 4966 fuere
402 4912 650 4982 corporei
673 4906 888 4969 sensus.
901 4911 1057 4968 Unde
1075 4911 1317 4968 visiones
1340 4911 1514 4982 magis
1529 4908 1805 4964 dormien-

208 5000 364 5058 tibus
411 5002 777 5058 ostenduntur
823 5019 989 5078 quam
1033 5002 1404 5075 vigilantibus.
1472 4999 1612 5055 Dum
1657 4999 1804 5054 enim

1908 4637 2098 4691 derunt
2126 4636 2272 4688 circa
2300 4633 2481 4703 fidem,
2507 4629 2562 4684 id
2598 4637 2682 4685 est
2721 4627 3031 4698 perierunt:
3071 4623 3166 4695 qui
3203 4621 3501 4676 noluerunt

1909 4725 2120 4797 ingredi
2147 4724 2216 4779 ad
2261 4722 2444 4778 fidem.
2492 4719 2558 4776 Et
2585 4727 2645 4775 ut
2679 4718 2786 4774 hoc
2842 4715 3150 4786 depositum
3197 4709 3498 4776 custodias,

1899 4819 2090 4890 'gratia
2110 4815 2210 4870 Dei
2235 4814 2307 4870 sit
2333 4822 2525 4879 tecum,
2546 4811 2735 4878 Amen,
2763 4808 2821 4864 id
2846 4814 2930 4864 est
2949 4807 3026 4861 ita
3045 4811 3192 4860 certe
3215 4801 3347 4868 erit;
3377 4799 3500 4856 vide

1911 4922 2092 4968 tamen
2121 4919 2180 4964 ut
2207 4921 2538 4980 perseveres.

227 5097 2910 5131 _______________________,_,._________._._____

820 5211 1314 5273 ARGUMENTUM
1351 5210 1422 5268 IN
1459 5207 1855 5268 EPISTOLAM
1896 5179 2272 5286 SECUNDAM
2313 5199 2406 5256 AD
2441 5194 2878 5286 ΤΙΜΟἸῊΕΙΙΜἸ

283 5302 424 5360 item
445 5302 736 5362 Timotheo
758 5306 947 5363 scribit
967 5306 1036 5362 de
1054 5305 1434 5362 exhortatione
1462 5301 1733 5375 martyrii,
1764 5309 1819 5375 et
1845 5279 2034 5375 omnis
2047 5294 2251 5369 regula:
2273 5289 2522 5347 veritatis
2551 5307 2562 5342 :
2601 5296 2656 5343 et
2697 5286 2828 5358 quid
2859 5283 3105 5340 futurum
3149 5281 3218 5338 sit
3241 5279 3502 5352 tempori-

207 5372 323 5431 ‘bus
368 5375 686 5433 novissimis
713 5395 726 5430 :
758 5386 812 5432 et
832 5377 901 5432 de
935 5391 1034 5432 sua
1067 5376 1347 5447 passione,
1372 5367 1626 5432 scribens
1655 5367 1805 5428 eiab
1834 5371 1972 5426 urbe
1995 5367 2193 5424 Roma.

3168 5472 3489 5497 ῃ*

2055 5479 3156 5506 W

1110 5611 1528 5676 PROLOGUS
1559 5612 1633 5672 Β.
1681 5594 2081 5680 BRUNONIS
2113 5606 2196 5668 1N
2237 5601 2608 5671 EAMDEM.

294 5719 583 5790 Prtemissa
613 5733 854 5804 Epistola
878 5748 907 5787 a
945 5731 1118 5788 Roma
1151 5732 1316 5788 missa
1345 5733 1543 5788 dicitur
1561 5746 1682 5786 esse
1713 5729 1807 5785 Τί-

221 5825 442 5884 ιηόῦιθο
461 5842 492 5882 a
519 5824 710 5882 Paulo.
739 5825 878 5892 Quia
908 5825 954 5881 si
989 5825 1221 5896 primam
1265 5833 1498 5894 constat,
1523 5823 1652 5894 quia
1691 5832 1744 5878 et
1777 5839 1808 5878 a

593 5923 868 5982 Ρλτιιοι.
903 5918 1095 5981 CLIII

1917 5729 2092 5785 Roma
2121 5729 2263 5783 hanc
2293 5725 2586 5783 secundam
2610 5722 2778 5778 misit.
2811 5719 3106 5788 Postquam
3128 5714 3271 5771 enim
3297 5713 3504 5772 Paulus

1917 5821 2148 5878 Romam
2176 5820 2344 5887 venit,
2378 5819 2501 5873 inde
2523 5833 2630 5871 non
2663 5811 2917 5871 discessit
2945 5811 3120 5866 donec
3152 5819 3252 5876 pro
3281 5805 3501 5864 Christo

3103 5903 3178 5964 15
