3988 6402
631 337 729 394 ι59
1165 335 1223 390 S.
1267 333 1613 391 BRUNONIS
1653 331 2294 392 CARTHUSIANORUM
2336 333 2826 392 INSTIT'UTORIS
2863 333 3012 391 ΘΡΡ.
3057 334 3238 391 PARS
3273 333 3338 391 ιι.
3723 283 3794 400 tm

627 451 950 521 martyrium
973 449 1252 520 sustinuit.
1277 449 1428 506 Hanc
1454 451 1650 506 iterum
1689 447 1892 516 Paulus
1917 465 2044 504 cum
2069 459 2218 506 esset
2245 453 2290 510 Α
2313 449 2449 506 dens
2472 450 2758 520 passiones
2791 465 2920 516 suas
2949 449 3024 504 illi
3067 465 3192 504 cum
3228 449 3566 521 passionibus
3589 449 3800 512 Christiq

627 540 814 597 Roma
861 542 916 599 in
967 543 1204 598 vinculis
1259 541 1548 597 Timotheo
1601 541 1900 612 rescripsit.
1950 542 2209 606 Audierat
2308 549 2520 596 morte:
2554 541 2848 596 ostendens
2882 549 3122 610 quantus
3171 539 3386 596 fructus
3429 539 3491 594 de
3535 542 3800 610 passionibu

605 634 846 703 quidem
875 635 942 690 de
966 649 1033 690 eo
1061 634 1230 689 multa
1257 633 1422 698 bona,
1450 631 1544 690 sed
1574 641 1756 687 tamen
1809 632 2208 702 aliquantulum
2307 633 2395 689 his
2424 633 2746 704 proveniat:
2784 647 2988 701 easque
3027 632 3215 688 multis
3239 631 3798 691 modiscommendatei:

625 725 946 780 remissum:
971 733 1028 780 et
1054 725 1246 780 timore
1267 724 1582 794 passionum
1604 731 1658 778 et
1679 723 1892 788 mortis,
1915 738 2024 777 non
2043 723 2210 792 (sicut
2307 739 2374 780 eo
2397 724 2502 780 ﬁne
2521 735 2582 780 ut
2603 723 2683 780 sic
2703 725 3047 790 exhortatus,
3069 731 3296 792 paratus
3327 733 3400 778 sit
3423 721 3528 792 pati
3549 731 3596 778 et
3616 725 3801 794 moripro

620 816 862 888 deberet)
897 815 1268 888 pradicationi
1295 815 1620 870 instantem:
1651 830 1820 886 quare
1859 815 1916 869 in
1949 815 2052 870 hac
2081 812 2210 888 Epi-
2306 813 2557 880 Christo;
2605 823 2660 869 et
2713 813 2872 884 quasi
2917 813 3084 868 morti
3129 813 3274 867 ultro
3309 827 3370 868 se
3425 811 3670 884 ingerens,
3699 815 3800 869 omni
3891 811 3893 880 !

623 910 763 962 stola
791 909 900 986 agit
924 909 992 964 ad
1014 924 1139 964 eum
1169 907 1236 962 de
1257 907 1605 978 passionibus
1633 915 1687 962 ct
1726 915 1935 962 morte:
1975 914 2210 977 praten-
2307 905 2566 962 instantia
2595 904 2852 975 pradicet
2881 903 3108 960 verbum
3131 901 3247 960 Dei.

3031 1081 3800 1122 ζεῖ-..ψ

1711 1103 1970 1116 _—

1971 1101 2334 1120 ψ

1421 1105 1450 1116 ο
1481 1105 1582 1117 ι*
1597 1105 1696 1117 ο-..
1711 1103 2468 1120 _—w-*
2484 1106 2502 1115 ο
2523 1106 2548 1115 ο
2569 1103 3026 1122 —--\Ig-—_—_

1333 1265 1916 1359 EPISTULA
1989 1266 2078 1354 Il
2155 1263 2304 1354 AD
2377 1263 2908 1358 TIMOTHE

2246 1267 2304 1353 D
2377 1263 3158 1358 TIMOTHEUM.
3239 1324 3284 1344 ,-

1127 1451 1357 1514 CAPUT
1387 1453 1680 1510 PRIMUM.
2235 1459 2278 1514 Β
2303 1453 2472 1510 missa
2523 1462 2608 1512 est
2653 1453 2843 1526 utique
2881 1454 2998 1514 vita
3035 1454 3276 1528 legitime
3305 1459 3659 1518 certantibus:
3685 1477 3798 1533 qua
3895 1475 3897 1480 ‘

687 1571 706 1605 ι
751 1549 957 1608 Paulus
1006 1550 1286 1620 apostolus
1304 1545 1432 1602 Jesu
1481 1545 1688 1601 Christi
1725 1561 1823 1616 per
1863 1543 2198 1608 voluntatem
2298 1546 2718 1617 promissionem
2769 1547 2908 1610 bene
2961 1562 3185 1618 sequor,
3219 1548 3484 1626 legitime
3509 1562 3710 1610 certans.
3745 1555 3800 1610 Τι

515 1669 524 1680 ·
613 1665 640 1702 ι,
679 1644 798 1710 Dei,
851 1641 1152 1698 secundum
1199 1639 1620 1710 promissionem
1661 1637 1804 1704 vitae,
1856 1653 1979 1708 qua
2009 1645 2094 1692 est
2141 1635 2198 1690 in
2298 1651 2428 1692 vero
2458 1637 2733 1698 animatus
2765 1652 2998 1717 sequere
3039 1653 3255 1701 mecum
3283 1643 3661 1717 promicaret
3685 1647 3800 1704 rite:

505 1763 516 1814 τ
614 1757 632 1790 ι
679 1736 902 1810 Christo
930 1733 1101 1790 Jesu:
1154 1732 1442 1787 Timotheo
1463 1730 1792 1786 charissimo
1815 1728 1928 1784 ﬁlio
1949 1728 2122 1799 gratia
2144 1736 2200 1782 et
2299 1743 2408 1794 non
2451 1737 2761 1806 praesentis,
2809 1738 2906 1794 sed
2939 1737 3062 1809 ejus
3089 1737 3217 1794 vim
3261 1756 3384 1810 qua;
3431 1751 3506 1796 εει
3557 1743 3608 1796 in
3649 1741 3799 1798 chriae

613 1849 632 1880 ι
677 1826 1052 1904 misericordia
1080 1832 1134 1892 et
1153 1840 1258 1894 pax
1305 1839 1336 1878 a
1377 1822 1489 1878 Deo
1514 1821 1675 1878 Patre
1725 1829 1781 1876 et
1827 1819 2048 1880 Christo
2066 1817 2198 1882 Jesu
2295 1817 2455 1896 less,
2486 1828 2540 1886 id
2585 1839 2670 1886 est
2713 1837 2950 1887 aterna.
2983 1829 3060 1890 ,Si
3099 1831 3250 1887 enim
3297 1832 3534 1904 legitime
3577 1841 3798 1896 certamus,

609 1940 634 1976 ‹
683 1923 916 1982 Domino
937 1930 1150 1981 nostro.
1185 1918 1404 1980 Gratias
1435 1932 1538 1995 ago
1569 1919 1679 1980 Deo
1702 1931 1825 1980 meo
1847 1924 1937 1980 cui
1966 1927 2144 1980 servio
2165 1939 2198 1980 a
2298 1921 2466 1976 vitam
2509 1929 2768 1978 aternam
2815 1922 3008 1993 utique
3047 1922 3396 1980 habebimus.
3445 1923 3631 1979 Paulus
3667 1923 3801 1978 scribit

613 2037 632 2072 ι
677 2017 1117 2090 progenitoribus
1161 2016 1298 2072 meis
1346 2016 1402 2072 in
1432 2014 1770 2070 conscientia
1815 2031 1952 2086 pura
1983 2013 2195 2088 [bona],
2299 2014 2454 2070 hac:
2492 2014 2763 2070 Timotheo
2785 2015 3100 2071 charissima
3119 2016 3276 2087 ﬁlio:
3307 2017 3420 2073 sint
3441 2017 3534 2072 tibi
3557 2017 3798 2089 ργασίαμὶ-

609 2129 632 2164 1
673 2110 820 2181 quod
847 2111 966 2167 sine
995 2109 1401 2165 intermissione
1427 2107 1658 2163 habeam
1681 2106 1759 2163 tui
1788 2105 2111 2162 memoriam
2139 2105 2196 2174 in
2297 2105 2588 2160 sericordia
2609 2114 2658 2162 et
2681 2121 2790 2176 paa:
2815 2124 2849 2161 a
2873 2106 2983 2162 Deo
2995 2105 3163 2162 Patre
3189 2117 3242 2162 et
3269 2107 3482 2164 Christo
3499 2107 3616 2164 Iesu
3635 2107 3798 2160 Domist

613 2221 632 2254 ι
677 2203 1019 2258 orationibus
1040 2202 1198 2268 meis,
1211 2209 1372 2280 nocte
1391 2215 1457 2256 ac
1468 2199 1914 2256 diezdesiderans
1931 2198 2193 2266 tevidere,
2297 2202 2497 2260 nostra,
2525 2194 2670 2250 sicut
2697 2209 2862 2266 supra
2887 2196 3270 2268 exposuimus.
3305 2195 3408 2254 Hic
3427 2197 3482 2252 in
3509 2195 3677 2268 primis
3691 2195 3800 2250 blan-

607 2308 634 2343 ι
676 2305 888 2356 memor
903 2291 1265 2361 lacrymarum
1279 2287 2068 2358 tuarum,utgaudioimplear.
2091 2287 2197 2344 Re-
2297 2285 2444 2340 ditur
2472 2285 2520 2341 ei
2549 2285 2773 2354 Paulus,
2828 2286 2998 2343 utsic
3041 2287 3239 2343 melius
3292 2287 3512 2350 inducat
3543 2301 3654 2342 eum
3691 2285 3734 2340 in
3761 2285 3797 2342 id

613 2397 634 2432 ι
677 2379 1048 2436 eordationem
1079 2378 1352 2448 accipiens
1370 2375 1862 2448 cjusﬁdeiquaest
1897 2377 1954 2431 in
1989 2385 2042 2432 te
2083 2391 2196 2432 non
2295 2376 2443 2448 quod
2478 2377 2710 2434 suadere
2747 2377 2942 2433 nititur
2982 2377 3170 2434 dicens
3199 2397 3212 2434 :
3247 2377 3466 2434 Gratias
3503 2395 3592 2449 ago
3624 2375 3712 2432 Deo
3739 2376 3797 2429 cui

613 2487 637 2530 ς
681 2469 965 2540 ﬁcta,qua
984 2476 1040 2524 et
1063 2467 1325 2524 habitavit
1345 2467 1582 2538 primum
1604 2467 1660 2522 in
1689 2466 1810 2522 avia
1837 2475 1927 2522 tua
1939 2465 2126 2532 Loide,
2142 2476 2197 2523 et
2295 2480 2397 2536 ego
2428 2467 2596 2520 servio
2625 2466 2852 2523 edoctus
2879 2481 2914 2522 a
2952 2467 3376 2538 progenitoribus
3399 2469 3542 2534 meis,
3570 2466 3618 2522 id
3653 2475 3718 2522 est
3749 2465 3796 2520 si

619 2581 642 2616 ι
687 2571 864 2620 matre
885 2570 978 2616 tua
1003 2559 1336 2634 Eutice_[al.,
1367 2557 1627 2632 Euniee];
1657 2567 1840 2614 certus
1865 2575 1988 2614 sum
2011 2569 2194 2615 autem
2285 2557 2594 2632 Abraham,
2619 2557 2770 2614 Isaac
2788 2567 2842 2614 et
2873 2555 3074 2632 Iacob.
3095 2556 3194 2615 Hic
3213 2561 3365 2616 enim
3389 2558 3582 2614 Paulus
3603 2558 3660 2614 de
3695 2556 3796 2612 tribu

611 2674 632 2708 ι
677 2655 822 2726 quod
837 2653 998 2726 335
1019 2661 1071 2708 et
1089 2653 1142 2708 in
1164 2661 1234 2708 te.
1255 2651 1480 2723 Propter
1499 2666 1664 2722 quam
1681 2667 1906 2708 causam
1925 2653 2195 2709 admoneo
2295 2647 2601 2720 Deujamin.
2636 2647 2818 2705 Servio
2848 2651 2972 2708 dico
3005 2652 3062 2706 in
3088 2667 3224 2723 pura
3255 2651 3568 2707 conscientia
3589 2667 3606 2705 :
3626 2651 3674 2706 in
3690 2649 3794 2704 nullo

609 2767 630 2798 ι
677 2756 831 2814 te,ut
860 2745 1402 2817 resuscites‘gratiam
1424 2743 1520 2800 Dei
1546 2760 1668 2816 qua
1693 2754 1777 2802 est
1799 2745 1852 2800 in
1865 2755 1938 2814 te,
1967 2761 2064 2817 per
2085 2746 2193 2802 im-
2296 2738 2443 2794 enim
2487 2740 2822 2797 conscientia
2863 2757 2984 2798 mea
3014 2742 3188 2814 carpit
3215 2758 3327 2811 me;
3359 2743 3438 2800 sic
3489 2751 3541 2798 et
3577 2751 3626 2796 tu
3653 2755 3795 2812 puram

612 2858 632 2892 ι
679 2838 1011 2911 positionem
1033 2819 1307 2894 manuum
1325 2851 1592 2893 mearum.
1616 2835 1735 2893 Non
1759 2837 1906 2892 enim
1926 2838 2074 2894 dedit
2091 2854 2192 2895 no-
2218 2824 2264 2888 C
2296 2830 2437 2886 habe
2467 2832 2884 2901 conscientiam,
2911 2841 2967 2889 et
2998 2834 3081 2890 sic
3123 2849 3348 2891 servare
3385 2833 3580 2908 poteris
3599 2831 3794 2890 comis-

607 2950 630 2984 ι
673 2931 761 3002 bis
803 2929 948 2986 Deus
996 2930 1248 3002 spiritum
1284 2930 1518 2998 timOris,
1559 2929 1654 2986 sed
1692 2929 1932 2994 virtutis,
1955 2940 2009 2986 et
2052 2929 2191 3000 dile-_-
2293 2937 2413 2978 83m
2443 2923 2542 2978 tibi
2578 2924 2810 2995 gratiam
2867 2924 2944 2980 De
2971 2925 3076 2982 hoc
3105 2926 3296 2998 utique
3345 2928 3541 3000 gratia!
3569 2921 3794 2996 090.1“

609 3041 634 3078 ι
676 3021 897 3090 ctionis,
919 3029 975 3076 et
996 3020 1324 3078 sobrietatis.
1351 3019 1471 3077 Noli
1491 3021 1675 3092 itaque
1693 3020 2018 3077 erubescere
2041 3019 2193 3076 testi-
2293 3015 2514 3071 habeam
2541 3018 2850 3072 memoriam
2883 3019 2961 3072 tui
2989 3019 3102 3073 sine
3127 3019 3514 3077 intermissione
3533 3023 3582 3076 in
3603 3016 3796 3074 orationi-

605 3131 630 3170 s
669 3113 915 3170 monium
961 3111 1179 3168 Domini
1215 3111 1410 3180 nostri,
1451 3127 1627 3182 neque
1665 3123 1752 3167 me
1775 3111 2020 3168 vinctum
2048 3113 2190 3182 ejus,
2293 3105 2388 3160 bus
2412 3107 2560 3174 meiat,
2597 3107 2649 3164 id
2679 3117 2782 3176 est,
2814 3109 2944 3179 quia
2972 3109 3117 3167 Deus
3147 3119 3200 3166 te
3230 3112 3396 3168 talem
3429 3112 3567 3180 fecit,
3592 3109 3795 3180 cujusme

608 3223 627 3256 ι
671 3203 766 3260 sed
795 3202 1073 3260 coltabora
1099 3201 1394 3274 Evangelio
1440 3201 1740 3258 secundum
1763 3202 2021 3258 virtutem
2042 3200 2148 3258 Dei
2173 3222 2187 3258 :
2292 3198 2424 3253 velit
2451 3208 2504 3254 et
2523 3199 2747 3271 dignum
2778 3201 2850 3256 sit
2878 3217 3094 3272 semper
3113 3217 3237 3260 esse
3257 3219 3550 3261 memorem
3575 3222 3586 3259 :
3611 3203 3672 3257 ita
3691 3195 3792 3270 quod

609 3312 630 3346 ι
674 3293 771 3364 qui
793 3308 897 3348 nos
931 3291 1184 3349 liberavit
1205 3301 1260 3348 et
1285 3291 1498 3348 vocavit
1523 3291 1810 3349 vocatione
1845 3308 1945 3348 sua
1969 3301 2186 3350 sancta:
2291 3304 2394 3344 nec
2423 3291 2591 3346 semel
2625 3307 2784 3348 orare
2809 3307 3036 3364 possum
3067 3295 3186 3350 sine
3210 3297 3288 3350 tui
3315 3296 3590 3372 memoria,
3619 3300 3792 3347 nocua:

541 3377 550 3446 ῗ
577 3402 628 3456 ~c
673 3399 783 3438 non
808 3383 1110 3440 secundum
1140 3399 1304 3454 opera
1345 3393 1556 3451 nostra,
1588 3383 1683 3441 sed
1722 3375 2024 3440 secundum
2059 3399 2188 3456 pro-
2291 3381 2398 3450 die,
2435 3383 2488 3438 id
2521 3393 2607 3439 est
2633 3385 2916 3453 continue,
2941 3386 3246 3442 desiderans
3277 3389 3454 3444 uidere
3477 3397 3539 3442 te.
3565 3387 3612 3442 Si
3633 3383 3793 3440 enimte

545 3469 556 3522 .‘
580 3492 627 3552 ,ι
673 3475 915 3544 positum
965 3489 1128 3530 suum
1157 3483 1212 3530 et
1244 3474 1497 3547 gratiam,
1525 3490 1648 3546 qua
1675 3475 1801 3530 data
1831 3483 1918 3530 est
1943 3475 2104 3532 nobis
2132 3475 2189 3531 in
2289 3475 2552 3544 viderem,
2581 3491 2694 3532 non
2721 3477 2910 3548 utique
2943 3495 3031 3535 me
3069 3491 3340 3552 prasente
3368 3481 3664 3538 formidares
3689 3487 3792 3530 mor-

609 3585 627 3618 ι
673 3565 895 3620 Christo
921 3563 1050 3621 Jesu
1079 3573 1206 3622 ante
1229 3575 1476 3637 tempora
1509 3567 1814 3622 saecularia.
1845 3565 2188 3624 Manifestata
2289 3576 2420 3624 sem.
2445 3566 2558 3639 Ego
2585 3567 2710 3624 dico
2747 3587 2945 3626 memor
2975 3580 3188 3626 tuarum
3219 3573 3588 3644 Iacrymarum,
3609 3582 3719 3640 quas
3737 3561 3793 3618 el-

608 3680 624 3710 ι
671 3667 756 3715 est
785 3667 968 3715 autem
997 3675 1144 3714 nunc
1167 3673 1265 3730 per
1289 3658 1742 3715 illuminationem
1766 3657 2066 3718 Salvatoris
2089 3673 2189 3715 no-
2289 3657 2509 3716 fudisti:
2530 3661 2658 3731 quia
2681 3659 2736 3716 in
2761 3678 2894 3734 pace
2915 3673 2968 3720 te
2986 3665 3312 3722 dimitterem
3339 3666 3530 3738 Ephesi
3555 3705 3566 3720 .
3587 3663 3790 3718 volentem

577 3743 623 3802 ἐ
672 3753 773 3808 stri
810 3751 938 3808 Jesu
977 3751 1204 3820 Christi,
1235 3751 1330 3824 qui
1361 3751 1631 3808 destruxit
1666 3753 1888 3824 quidem
1930 3761 2186 3821 mortem,
2289 3768 2506 3810 mecum
2535 3755 2766 3812 transire
2783 3765 2838 3814 et
2869 3759 3144 3816 sustinere
3172 3741 3392 3818 vincula
3413 3769 3468 3818 et
3487 3769 3680 3816 mortes.
3702 3751 3792 3806 Vidi

605 3864 622 3894 ι
669 3843 1002 3900 illuminavit
1044 3853 1230 3901 autem
1281 3843 1447 3900 vitam
1494 3853 1550 3900 et
1594 3843 2060 3916 incorruptionem
2091 3859 2188 3915 per
2289 3854 2351 3900 ut
2380 3847 2521 3904 sicut
2553 3863 2640 3904 me
2665 3860 2952 3920 prasente,
2983 3853 3063 3908 sic
3084 3854 3270 3922 modo,
3293 3856 3416 3912 visa
3452 3851 3655 3924 epistola
3687 3859 3788 3908 mea.

579 3911 622 4013 fc
671 3935 1028 4008 Evangelium
1058 3954 1071 3991 :
1101 3936 1293 4012 inquo
1315 3937 1529 4009 positus
1551 3953 1672 3993 sum
1704 3953 1806 4007 ego
1821 3911 2183 4010 praedicat—or,
2289 3937 2432 3993 ultro
2463 3947 2518 3994 te
2559 3911 2777 4012 ingeras
2803 3911 3156 4013 passionibus
3200 3911 3268 4002 et,
3295 3911 3500 4020 morti:
3519 3942 3628 3998 ideo
3655 3936 3791 4006 utqu

609 4043 628 4077 ι
669 4035 724 4080 et
758 4025 1059 4096 apostOlus,
1094 4035 1150 4082 et
1173 4027 1430 4098 magister
1458 4029 1719 4098 gentium.
1755 4025 1837 4083 Ob
1862 4043 2028 4099 quam
2055 4043 2180 4092 cau-
2289 4037 2339 4084 te
2373 4029 2554 4106 videre
2583 4031 2853 4102 desidero,
2890 4043 2950 4088 ut
2978 4035 3202 4106 implear
3225 4037 3444 4108 gaudio.
3471 4033 3526 4090 Si
3551 4031 3672 4088 enim
3693 4037 3792 4098 pm-

587 4111 624 4169 ἰ
673 4133 788 4172 sam
818 4119 983 4172 etiam
1015 4119 1134 4174 hac
1159 4119 1358 4190 patior,
1396 4119 1492 4176 sed
1528 4136 1638 4175 non
1681 4117 2008 4176 confundor.
2045 4115 2186 4175 'Scio
2217 4193 2250 4199 _
2289 4117 2418 4178 sens
2465 4137 2667 4192 essem,
2723 4134 2954 4182 mortem
2997 4128 3186 4199 utique
3233 4143 3343 4184 non
3381 4125 3674 4184 formidans
3703 4136 3716 4172 :
3745 4113 3792 4168 d0

607 4227 628 4263 ς
674 4209 821 4264 enim
848 4209 936 4265 cui
965 4210 1194 4278 credidi,
1229 4221 1282 4266 et
1323 4220 1509 4267 certus
1533 4228 1662 4273 sum
1698 4228 1827 4288 quia
1873 4229 2066 4288 potens
2100 4221 2184 4271 est
2214 4193 2261 4258 Ι)
2285 4230 2397 4290 quo
2425 4216 2720 4290 plurimum
2751 4219 3062 4293 gauderem.
3094 4193 3384 4294 iit-cipiat:
3419 4221 3574 4278 etiam
3603 4207 3790 4274 rerum?

606 4319 624 4351 ι
671 4299 978 4370 depositum
1007 4317 1188 4364 meum
1215 4317 1434 4365 servare
1465 4308 1517 4362 in
1543 4308 1695 4363 illum
1726 4307 1888 4362 diem.
1928 4299 2184 4361 Formam
2289 4310 2482 4364 tionem
2527 4311 2641 4382 ejus
2672 4312 2798 4382 fidei
2837 4330 2956 4384 quae
2975 4315 3138 4387 estin
3169 4323 3217 4370 te
3249 4330 3370 4387 non.
3389 4315 3530 4384 ﬁcta,
3555 4309 3602 4366 id
3625 4313 3692 4361 est
3713 4310 3790 4355 ιιοιι

605 4411 624 4444 ι
669 4393 808 4450 hall"
844 4392 1104 4475 {habens}
1141 4417 1401 4458 sanorum
1434 4401 1724 4456 verborum
1755 4415 1878 4470 qua
1906 4414 1938 4453 a
1963 4414 2050 4454 me
2087 4413 2186 4452 au-
2225 4425 2228 4428 ι
2281 4393 2588 4476 ἶηγοιιιὶιίε,
2643 4405 2728 4460 vel
2782 4421 2893 4460 non
2941 4385 3150 4478 fragilis
3181 4424 3195 4460 :
3242 4385 3370 4478 qua
3413 4405 3540 4461 ﬁdes
3589 4389 3788 4454 habitat!"

605 4501 630 4548 α
670 4488 802 4552 disti
829 4493 1013 4550 inﬁde
1049 4503 1104 4550 et
1141 4494 1198 4549 in
1227 4492 1518 4550 dilectione
1543 4491 1600 4547 in
1638 4491 1860 4547 Christo
1895 4489 2044 4546 Jesu.
2077 4487 2184 4544 Bo-
2285 4503 2335 4550 et
2337 4495 2456 4564 jam
2475 4496 2706 4566 primum
2735 4495 2789 4550 in
2811 4498 2932 4552 avia
2950 4506 3041 4552 tua
3069 4497 3266 4566 Laide,
3291 4508 3340 4570 et
3367 4517 3424 4553 πη
3449 4503 3602 4552 matre
3622 4499 3694 4542 tua
3715 4479 3790 4570 Ειζ

603 4603 625 4640 ι
673 4602 806 4642 num
853 4587 1164 4658 depositum
1210 4585 1447 4654 custodi,
1491 4600 1589 4656 per
1631 4583 1898 4654 Spiritum
1934 4592 2184 4640 sanctum
2285 4587 2418 4640 uice.
2453 4583 2592 4652 Quia
2620 4586 2667 4643 si
2707 4586 2763 4642 in
2801 4588 3258 4660 progenitricibus
3295 4567 3417 4644 tuis
3436 4595 3488 4642 et
3525 4583 3574 4638 in
3597 4567 3788 4660 muliebri

601 4693 626 4730 ι
669 4677 766 4748 qui
790 4677 1002 4734 habitat
1036 4678 1091 4734 in
1121 4677 1308 4736 nobis.
1345 4675 1467 4732 Scis
1491 4675 1638 4732 enim
1671 4675 1795 4744 hoc,
1821 4667 1968 4746 quod
2009 4674 2186 4734 aversi
2285 4692 2419 4734 sexu
2445 4679 2752 4749 exemplum
2785 4659 2954 4736 habes
2981 4679 3128 4748 ﬁdei,
3155 4680 3461 4756 quasijam
3493 4667 3720 4756 naturalis
3735 4659 3788 4756 fi?

604 4790 626 4826 ι
673 4783 804 4830 sunt
833 4789 866 4830 a
899 4786 984 4828 me
1018 4785 1210 4828 omnes
1244 4769 1340 4842 qui
1366 4769 1422 4825 in
1443 4769 1572 4825 Asia
1599 4757 1748 4836 sunt,
1771 4783 1840 4824 ex
1875 4767 2078 4838 quibus
2102 4775 2186 4822 est
2285 4768 2403 4836 tibi,
2439 4769 2604 4826 debes
2628 4771 2815 4842 utique
2839 4787 2936 4841 per
2957 4771 3062 4828 hoc
3081 4752 3380 4842 plurimum
3401 4769 3594 4850 fervere
3627 4761 3675 4815 in
3695 4752 3784 4818 ﬁde:

605 4881 627 4918 ι
667 4863 910 4922 Philetas
941 4871 997 4920 et
1027 4859 1417 4934 Hermogenes.
1461 4859 1560 4916 Det
1605 4859 2038 4916 misericordiam
2073 4857 2182 4913 Do-
2287 4857 2354 4913 In
2383 4869 2550 4916 matre
2579 4869 2632 4915 et
2657 4861 2712 4916 in
2744 4863 2865 4915 avia
2896 4871 2988 4916 tua
3015 4861 3149 4918 ﬁdes
3177 4861 3298 4918 fuit.
3325 4861 3507 4919 Certus
3535 4863 3684 4912 autem
3703 4855 3786 4900 III

605 4971 626 5006 ι
670 4955 854 5009 minus
882 4952 1210 5026 Onesiphori
1247 4951 1470 5008 domui:
1509 4950 1638 5022 quia
1678 4964 1821 5020 sape
1847 4960 1936 5004 me
1960 4943 2184 5020 relrige-
2284 4951 2421 5022 quod
2473 4943 2633 5008 etiam
2679 4954 2738 5008 in
2785 4964 2834 5009 te
2873 4955 3084 5011 habitat
3131 4955 3264 5012 ﬁdes
3299 4974 3314 5012 :
3357 4955 3452 5014 sed
3500 4949 3678 5008 utinam
3713 4937 3786 4994 [α’-

605 5065 625 5097 s
669 5049 830 5114 ravit,
875 5057 932 5103 et
953 5057 1202 5104 catenam
1234 5061 1413 5102 meam
1445 5060 1556 5100 non
1603 5043 1865 5100 erubuit:
1917 5041 2014 5098 sed
2055 5057 2182 5096 cum
2289 5037 2470 5100 veret'!

606 5153 625 5186 ι
675 5134 904 5190 Romam
935 5138 1194 5204 venisset,
1233 5136 1466 5194 sollicite
1511 5151 1599 5190 me
1639 5132 1908 5205 quaesivit,
1939 5141 1994 5188 et
2027 5133 2181 5188 inve-
2353 5133 2581 5207 Propter
2605 5155 2764 5208 quam
2785 5153 3025 5208 causam,
3052 5141 3180 5212 quia
3217 5151 3270 5198 et
3295 5143 3452 5200 ﬁdem
3477 5147 3526 5197 et
3545 5125 3784 5198 exculle

605 5241 625 5274 ι
667 5225 766 5278 nit.
815 5223 914 5278 Det
957 5225 1032 5278 illi
1085 5225 1351 5280 Dominus
1399 5223 1642 5279 invenire
1687 5222 2118 5280 misericordiam
2151 5237 2181 5275 a
2283 5225 2427 5293 ﬁdei,
2475 5229 2633 5298 quasi
2665 5231 2914 5285 naturale
2957 5233 3011 5287 in
3057 5241 3111 5288 te
3157 5233 3349 5304 video,
3389 5233 3620 5289 admoneo
3653 5231 3707 5282 τε,
3745 5217 3784 5262 ’⁸⁸

593 5309 624 5366 ἰ
669 5311 906 5369 Domino
937 5315 990 5368 in
1021 5315 1111 5370 illa
1141 5317 1228 5372 die
1255 5335 1267 5371 :
1301 5325 1353 5371 et
1382 5325 1587 5386 quanta
1616 5313 1814 5385 Ephesi
1853 5313 2182 5369 ministravit
2281 5320 2513 5390 gratiam
2535 5319 2634 5374 Dei
2659 5337 2776 5392 qua:
2804 5332 2880 5376 est
2905 5325 2961 5377 in
2987 5334 3034 5379 te
3059 5342 3154 5396 per
3179 5327 3554 5397 impositionem
3589 5317 3778 5372 manum

604 5407 626 5456 ι⁴
670 5405 828 5474 mihi,
855 5413 913 5459 tu
935 5406 1135 5463 melius
1160 5406 1327 5462 nosti.
1363 5424 1382 5456 ι
2283 5425 2518 5463 mearum
2553 5413 2699 5482 (cum
2729 5414 2876 5492 enim
2909 5425 2964 5470 te
3001 5424 3377 5475 consecrarcm
3413 5419 3688 5488 episcopum
3716 5407 3784 5468 P"

1235 5511 1538 5552 sxrosrrio.
2283 5493 2684 5568 impositionem
2737 5489 3002 5558 manuum
3043 5522 3312 5576 mearum,
3345 5508 3559 5580 gratiam
3606 5489 3784 5580 Spifi‘ff’

673 5589 898 5656 Paulus,
924 5597 1030 5646 etc.
1061 5589 1268 5664 Paulus
1289 5587 1558 5658 apostolus
1579 5586 1780 5644 Carrsts
1839 5603 1930 5641 esu
1959 5599 2052 5658 per
2087 5603 2176 5660 νο-
2285 5591 2460 5646 sancti
2497 5583 2810 5664 accepisti);
2845 5595 2970 5650 volo
2997 5597 3184 5669 utique
3217 5609 3278 5656 ut
3307 5575 3452 5654 illam
3481 5577 3678 5668 gratiam
3699 5575 3782 5669 si?

595 5681 854 5738 tuntatem
903 5681 1024 5746 Dei,
1057 5681 1198 5738 sicut
1241 5681 1297 5736 in
1347 5679 1667 5750 pracedenti
1719 5675 2172 5748 expositumest.
2287 5684 2609 5752 quantulum
2645 5685 2698 5738 in
2727 5675 2781 5739 te
2815 5687 3047 5756 sopitam
3081 5667 3380 5758 resuscites,
3407 5689 3458 5744 id
3483 5667 3560 5740 est
3578 5667 3780 5742 evigila:

595 5773 878 5850 Apostolus
911 5771 1035 5834 dico
1079 5775 1364 5830 secundum
1408 5773 1808 5842 promissionem
1841 5771 1980 5826 vita.
2035 5769 2174 5826 Pro—
2285 5785 2338 5830 et
2359 5784 2622 5830 aestuante
2643 5776 2732 5832 illa
2763 5777 2934 5848 gratia
2959 5779 3014 5834 in
3038 5789 3112 5848 te,
3133 5761 3370 5852 gaudeas
3389 5775 3492 5852 pati
3515 5759 3779 5830 ϐιαιοτηπθ
