3988 6422
182 295 310 387 iet

825 291 1194 387 nitrosum
1230 325 1300 384 lN
1337 325 1720 385 EPISTOLAS
1754 327 1799 383 p,

1905 323 1985 386 ιι.
2015 318 2094 372 Ξ
2129 330 2197 386 IN
2235 295 2453 389 EPIST.
2497 329 2540 389 ιι
2577 332 2669 386 Al)
2709 328 2848 390 rm.

3385 331 3496 400 J63

178 442 377 518 336
400 450 623 500 nomine
645 443 872 500 Christi.
902 444 1112 502 Memor
1144 445 1290 501 illius
1319 463 1332 500 :
1370 445 1501 516 quia
1534 444 1676 500 Deus
1704 445 1799 501 de-
1825 461 1872 515 Α
1902 448 1990 521 plo
2040 448 2188 504 illius
2233 450 2448 506 custodi
2503 451 2862 522 depositum,’
2893 452 2953 508 id
2995 462 3082 510 est
3124 456 3492 530 episcopalem

180 536 284 590 dit
313 538 464 591 nobis
512 533 776 608 Spiritum
815 547 1109 593 sanctum:
1157 553 1263 592 non
1300 537 1551 607 spiritum
1595 537 1802 591 timoris

180 628 301 681 sed
328 627 564 694 virtutis,
606 628 660 684 id
693 637 777 684 est
825 628 1147 685 constantia:
1179 647 1191 682 :
1239 638 1300 684 ut
1331 627 1575 684 virtuose
1603 627 1806 684 tolere-

183 734 400 777 remus
450 719 762 788 omnia;et
813 720 1066 791 spiritum
1121 715 1422 775 dilectionis
1477 718 1592 774 Dei.
1649 712 1808 775 Dedit

186 810 380 865 etiam
408 811 663 881 spiritum
684 810 1011 879 sobrietatis,
1033 807 1088 867 id
1113 819 1198 866 est
1221 810 1615 881 temperantiae.
1644 803 1810 866 Tem-

183 903 460 972 perantia
487 901 634 959 enim
655 904 828 960 nutrit
857 899 1201 960 dilectionem
1223 942 1240 972 ,
1259 903 1480 958 dilectio
1501 900 1757 960 virtutem
1786 920 1802 958 :

186 993 302 1049 ubi
325 994 477 1051 enim
513 994 752 1062 dilectio,
785 995 860 1051 ibi
896 994 1142 1068 profecto
1175 1013 1287 1053 non
1319 1006 1406 1054 est
1438 998 1624 1054 timor.
1667 999 1803 1057 Per-

186 1085 354 1144 fecta
383 1088 530 1144 enim
555 1089 798 1145 cbaritas
823 1087 974 1147 foras
1004 1090 1174 1146 mittit
1198 1091 1476 1148 timorem.
1509 1091 1645 1149 Vide
1674 1108 1805 1165 ergo

192 1186 290 1244 ut,
323 1179 474 1236 sicut
498 1178 681 1237 socius
701 1181 838 1236 mihi
858 1179 1011 1238 fuisti
1039 1182 1376 1254 suscipiendi
1399 1184 1631 1256 gratiam
1676 1184 1811 1258 Spi~_

187 1270 349 1327 ritus
392 1271 610 1338 sancti,
656 1273 739 1329 sic
765 1271 1009 1329 imitator
1056 1268 1132 1331 sis
1172 1274 1490 1345 passionum
1533 1292 1802 1334 mearum.

189 1359 272 1416 Et
335 1361 784 1436 quandoquidem
831 1366 1084 1436 spiritum
1132 1367 1345 1426 uirtutis
1399 1377 1450 1423 et
1503 1360 1804 1426 dilectionis

189 1451 426 1510 mecum
453 1455 709 1527 accepisti
735 1475 749 1512 :
779 1456 963 1529 itaque
991 1453 1102 1514 noli
1123 1459 1422 1518 erubescere
1445 1461 1805 1517 testimonium

195 1544 426 1616 Domini
456 1548 624 1603 nostri
667 1546 798 1602 Iesu
846 1547 1070 1605 Christi.
1105 1548 1246 1618 Quia
1301 1551 1349 1607 si
1394 1551 1806 1624 improperatur

189 1638 300 1693 tibi
350 1639 872 1714 quodcruciﬁxum
906 1640 1126 1710 adores,
1173 1643 1435 1700 conlitere
1467 1625 1630 1715 plane
1673 1646 1804 1716 quia

189 1731 283 1787 sic
310 1731 536 1788 adoras.
569 1732 750 1804 Neque
771 1733 937 1790 etiam
962 1734 1258 1792 erubescas
1287 1753 1368 1791 me
1391 1737 1626 1792 vinctum
1661 1738 1799 1808 ejus.

1907 539 2139 611 gratiam
2183 539 2281 596 tibi
2318 542 2692 600 commissam.
2745 543 2860 601 Hoc
2896 543 3044 601 cnim
3071 545 3368 617 depositum
3397 550 3501 609 bo-

1907 647 2060 698 num,
2095 632 2149 688 id
2174 641 2258 688 est
2278 633 2430 702 utile,
2458 642 2563 703 est,
2595 635 2641 691 si
2668 635 3031 693 custodiatur.
3057 633 3246 710 Neque
3266 640 3375 700 hoc
3413 641 3500 700 vis

1907 721 2061 779 ribus
2095 723 2202 780 tuis
2223 725 2501 782 custodire
2535 734 2591 784 te
2632 742 2797 799 posse
2836 728 3104 800 cpineris,
3152 731 3248 788 sed
3272 747 3370 804 per
3397 749 3495 790 co-

1907 812 2254 884 adjuvantem
2281 815 2546 888 Spiritum
2575 827 2827 875 sanctum
2856 821 2953 892 qui
2981 822 3193 879 habitat
3217 823 3276 880 in
3309 825 3494 884 nobis.

1908 899 2088 986 thue
2139 903 2448 974 depositum
2491 907 2630 964 bene
2659 909 2963 979 custodias,
3008 920 3119 966 esto
3149 912 3347 970 habens
3376 915 3499 986 for-

1907 1012 2049 1049 mam
2075 1012 2327 1051 sanorum
2357 1003 2650 1068 uerborum,
2693 1018 2812 1072 qua:
2858 1019 2892 1058 a
2936 1019 3017 1073 me
3062 1006 3288 1076 audisti,
3325 1007 3382 1065 id
3411 1018 3500 1066 est

1907 1086 2044 1143 adeo
2088 1103 2344 1159 expresse
2384 1089 2733 1148 conformare
2773 1093 2933 1162 mihi,
2980 1103 3043 1151 ut
3084 1096 3323 1170 videaris
3366 1113 3494 1162 esse

1905 1176 2128 1236 Paulus.
2161 1172 2420 1237 For-mam
2454 1198 2635 1239 meam
2664 1185 2854 1256 utique
2884 1187 3024 1243 habe
3053 1188 3110 1242 in
3137 1189 3242 1258 ﬁde
3266 1205 3496 1259 conser-

1905 1273 2080 1327 vanda
2107 1282 2156 1328 et
2186 1274 2240 1327 in
2281 1273 2565 1329 dilectione
2598 1275 2849 1333 habenda
2879 1296 2892 1333 :
2931 1294 3054 1350 quae
3092 1280 3229 1336 ﬁdes
3262 1289 3318 1337 et
3355 1283 3496 1338 dile-

1905 1364 2017 1420 ctio
2040 1373 2163 1420 sunt
2189 1367 2247 1419 in
2275 1364 2488 1422 Christo
2518 1366 2668 1423 Iesu.
2715 1367 3018 1426 Plurimum
3049 1381 3232 1428 autem
3269 1387 3502 1440 necesse,

1905 1467 1991 1512 est
2017 1465 2078 1512 ut
2109 1466 2169 1513 tu
2198 1457 2496 1530 depositum
2522 1459 2794 1515 custodias
2822 1476 2841 1516 :
2882 1479 2942 1517 eo
2985 1447 3134 1534 quod
3161 1465 3496 1531 aversi,sunt
3546 1462 3550 1467 ’

1905 1565 1941 1612 a
1965 1567 2046 1605 me
2062 1567 2252 1606 omnes
2286 1551 2563 1624 discipuli,
2596 1553 2708 1624 qui,
2741 1569 2830 1610 me
2853 1554 3067 1623 relicto,
3085 1565 3206 1626 sunt
3230 1556 3288 1611 in
3308 1557 3444 1612 Asia
3481 1571 3498 1612 :

1904 1651 1960 1697 et
1979 1643 2084 1698 hoc
2108 1643 2250 1698 idem
2280 1653 2340 1699 tu
2367 1643 2507 1700 bene
2529 1646 2632 1700 scis
2657 1661 2678 1700 :
2713 1659 2778 1700 ea:
2814 1646 3004 1717 quibus
3046 1655 3126 1702 est
3168 1647 3410 1704 Philetus
3441 1654 3497 1705 et

1910 1731 2287 1804 Hermogenes.

188 1820 346 1890 Quia
377 1824 424 1878 si
452 1825 577 1894 quis
602 1823 801 1881 iterum
825 1825 1197 1898 improperat:
1230 1826 1371 1884 Ecce
1396 1829 1657 1900 magister
1677 1838 1805 1888 ιυυε
1835 1815 1881 1876 Β
1977 1823 2086 1881 Ηοε
2119 1825 2240 1881 ideo
2287 1824 2617 1882 determinat
2651 1815 2757 1884 sibi
2787 1842 2854 1884 ex
2880 1829 3126 1895 nomine,
3150 1842 3220 1884 ne
3266 1829 3314 1884 si
3337 1828 3513 1885 veni--

191 1913 253 1968 in
288 1913 531 1971 vinculis
577 1916 868 1972 damnatus
903 1926 1028 1986 est;
1079 1933 1148 1975 ne
1191 1918 1314 1976 ideo
1371 1921 1760 1979 verecunderis
1785 1961 1806 1990 ,ι

189 2021 289 2060 sea
317 2004 596 2062 collabora
618 2006 908 2080 Evangelia
929 2018 984 2064 et
1007 2009 1244 2080 praedica
1270 2025 1488 2067 mecum
1513 2012 1804 2066 secundum

192 2099 454 2153 uirtutem
474 2098 586 2167 Dei,
611 2099 666 2154 id
693 2109 798 2173 est,
828 2102 1110 2172 sequendo
1134 2103 1503 2159 constantiam
1533 2119 1699 2175 quam
1720 2104 1810 2160 di-.

190 2189 367 2244 lectio
390 2189 489 2246 Dei
516 2190 688 2247 nutrit
714 2211 726 2247 :
759 2194 849 2264 qui
877 2191 1021 2249 Deus
1059 2193 1304 2249 liberavit
1327 2211 1420 2250 nos
1452 2210 1485 2250 a
1516 2194 1651 2268 jugo
1681 2196 1802 2255 diae

191 2280 339 2350 boli,
397 2292 450 2337 et
479 2283 682 2338 vocavit
718 2300 819 2340 nos
863 2287 1135 2340 vocatione
1171 2304 1271 2343 sua
1302 2296 1512 2355 sancta,
1538 2288 1592 2346 id
1622 2298 1708 2345 est
1735 2291 1804 2346 ad

191 2373 308 2430 hoc
331 2381 394 2429 ut
421 2391 673 2432 essemus
700 2376 896 2433 sancti.
927 2376 994 2432 Et
1027 2378 1094 2434 ad
1121 2379 1263 2435 hanc
1302 2380 1647 2438 sanctitatem
1693 2397 1804 2446 non

191 2466 410 2521 uocauit
440 2482 542 2523 nos
571 2467 768 2523 merito
783 2482 1012 2539 operum
1035 2478 1374 2539 nostrorum,
1404 2473 1500 2528 sed
1517 2474 1805 2530 secundum

191 2557 536 2628 propositum
559 2576 735 2627 suum,
761 2559 814 2614 id
839 2568 924 2616 est
942 2561 1230 2617 secundum
1252 2561 1621 2632 provisionem
1645 2580 1803 2622 suam

191 2666 310 2722 qua
329 2667 442 2712 nos
468 2638 895 2732 misericorditer
913 2655 1165 2726 praevidit
1187 2655 1415 2711 idoneos
1435 2655 1540 2712 sibi
1554 2654 1803 2714 futuros:

192 2751 258 2798 et.
278 2743 434 2801 sicut
457 2745 694 2814 vocalia,
725 2746 806 2804 sic
829 2763 929 2804 nec
950 2747 1193 2818 provisio
1217 2745 1323 2802 fuit
1360 2763 1429 2803 ex
1456 2748 1643 2820 aliquo
1684 2765 1802 2806 me-

193 2834 332 2902 rito,
394 2836 494 2892 sed
525 2837 828 2894 secundum
875 2839 1130 2910 gratiam,
1160 2854 1278 2908 qua:
1306 2837 1437 2891 data
1479 2847 1580 2906 est,
1629 2839 1682 2895 id
1720 2848 1804 2896 est

190 2941 324 2998 quae
349 2930 717 2999 prseordinata
740 2939 829 2988 est
857 2931 1007 2986 nobis
1033 2929 1154 2988 dari
1176 2931 1231 2984 in
1256 2927 1468 2986 Christo
1512 2929 1642 2986 Iesu
1679 2941 1803 2988 ante

194 3027 446 3091 tempora
473 3022 784 3091 swcularia,
809 3024 863 3079 id
892 3032 980 3080 est
1002 3023 1072 3080 ab
1101 3036 1305 3088 aeterno
1349 3031 1474 3081 ante
1503 3023 1621 3081 haec
1658 3033 1800 3081 teme

192 3125 333 3182 pora
364 3121 580 3181 nostra,
622 3129 745 3184 quae
785 3115 1080 3172 volvuntur
1117 3133 1214 3189 per
1242 3121 1443 3177 saecula
1496 3119 1646 3182 Olim~
1668 3134 1798 3191 pro-.-

193 3203 374 3260 missa
410 3203 518 3260 fuit
561 3206 679 3263 haec
707 3207 884 3278 gratia
927 3209 1046 3264 dari
1079 3211 1257 3267 nobis.
1323 3211 1480 3268 Nunc
1507 3220 1690 3268 autem
1739 3210 1799 3267 in

193 3302 451 3367 tempore
478 3296 687 3355 Christi
722 3301 1092 3372 manifestata,
1115 3303 1171 3358 id
1199 3313 1284 3360 est
1317 3305 1540 3375 impleta
1561 3311 1667 3371 est,
1696 3303 1800 3358 sic-

194 3396 256 3442 ut
276 3389 558 3458 promissa
591 3389 770 3448 fuerat
795 3409 888 3463 per
908 3392 1355 3450 illuminationem
1381 3393 1675 3450 Saluatoris
1697 3408 1795 3448 no-.

191 3484 296 3538 stri
315 3482 452 3539 Iesu
474 3485 701 3555 Christi,
737 3487 793 3544 id
825 3497 912 3545 est
937 3505 1035 3560 per
1058 3488 1344 3546 Christum
1371 3488 1428 3545 in
1457 3489 1664 3544 lumine
1698 3503 1796 3544 θος

193 3575 470 3645 gnitionis
497 3587 702 3635 nostra:
721 3579 962 3651 positum
987 3597 1086 3653 per
1113 3590 1455 3654 assumptam
1471 3581 1576 3637 sibi
1600 3581 1798 3637 huma-

195 3677 450 3724 nitatem.

263 3760 353 3816 Ad
380 3762 530 3831 quod
554 3761 696 3821 forte
717 3763 923 3821 diceret
950 3762 1314 3822 Timotheus:
1350 3761 1489 3820 Nolo
1516 3763 1678 3833 mori,
1698 3763 1796 3820 sed

193 3868 426 3911 manere
455 3854 513 3909 in
555 3855 664 3913 hac
710 3857 1133 3915 illuminatione.
1172 3857 1376 3914 Contra
1413 3859 1519 3914 hoc
1541 3855 1747 3913 Paulus
1777 3874 1793 3922 ;

193 3941 274 3998 Ne
315 3945 516 4001 timeas
555 3946 731 4014 mori;
777 3949 906 4021 quia
954 3948 1209 4006 Christus
1250 3947 1534 4006 moriendo
1573 3949 1798 4020 quidem

192 4034 465 4088 destruxit
496 4047 740 4105 mortem,
771 4047 826 4094 et
848 4039 1014 4095 etiam
1061 4039 1339 4096 destructa
1381 4048 1558 4095 morte
1586 4039 1795 4103 illumi-g

193 4127 366 4191 navit,
395 4126 449 4181 id
482 4139 569 4184 est
601 4129 860 4186 revelavit
899 4140 954 4186 et
995 4132 1266 4204 cognitam
1293 4129 1442 4199 fecit,
1473 4131 1638 4186 vitam
1683 4145 1796 4187 non

193 4219 600 4291 transitoriam,
633 4223 728 4279 sed
755 4225 1224 4296 incorruptionem,
1268 4225 1323 4281 id
1375 4234 1460 4281 est
1501 4224 1671 4280 vitam
1709 4222 1796 4280 in-

193 4313 638 4384 corruptibilem,
676 4316 733 4371 in
781 4333 890 4388 qua
939 4317 1306 4389 impassibiles
1351 4327 1407 4374 et
1456 4316 1795 4373 immortales

192 4403 429 4461 erimus.
468 4404 803 4464 Illuminavit
828 4410 954 4466 dico
977 4426 1071 4484 per
1106 4408 1458 4480 Evangelium
1489 4425 1696 4466 suum:
1735 4409 1795 4463 in

1827 3164 1874 3228 ϐ

1906 1926 2028 1974 rent
2053 1917 2120 1972 ad
2148 1932 2296 1986 eum,
2328 1927 2528 1988 putans
2561 1918 2741 1974 adhuc
2763 1933 2860 1988 eos
2884 1919 3091 1987 ﬁdeles,
3121 1918 3337 1976 facilius
3367 1935 3499 1992 pos-

1907 2019 2029 2066 sent
2057 2009 2290 2066 suadere
2327 2010 2453 2080 ipsi,
2491 2018 2547 2065 et
2575 2010 2734 2081 quasi
2761 2025 2828 2066 ex
2870 2019 3030 2082 parte
3077 2009 3233 2067 Pauli
3282 2010 3499 2084 fallere._

1907 2101 2158 2174 Ephesus
2184 2101 2332 2158 enim
2364 2102 2420 2156 in
2445 2100 2575 2158 Asia
2594 2110 2730 2158 erat.
2763 2101 2828 2156 Hi
2853 2103 3030 2158 aversi
3058 2111 3187 2159 sunt
3209 2117 3240 2157 a
3261 2117 3372 2169 me,
3397 2103 3497 2174 sed

1906 2192 2282 2265 Onesiphorus
2314 2193 2668 2265 permansit“:
2715 2202 2771 2249 et
2808 2193 2932 2249 ideo
2964 2194 3052 2249 det
3085 2193 3345 2248 Dominus
3381 2207 3495 2268 non

1907 2286 2028 2356 soli,
2091 2286 2186 2343 sed
2234 2285 2400 2342 etiam
2451 2285 2633 2340 domui
2683 2284 2997 2356 Onesiplwri
3045 2284 3494 2357 misericordiam,

1906 2379 1960 2435 id
2020 2386 2106 2435 est
2174 2376 2592 2434 retributionem
2664 2376 3059 2433 misericordia
3123 2391 3293 2447 quam
3354 2375 3495 2444 mihi

1905 2471 2066 2544 337
2107 2469 2236 2526 fecit
2264 2487 2277 2524 :
2309 2468 2436 2541 quia
2475 2482 2612 2538 saepe
2642 2467 2975 2539 refrigeravit
3010 2483 3090 2522 me
3114 2507 3130 2534 ,
3179 2476 3235 2522 et
3283 2467 3341 2522 in
3388 2466 3496 2522 ﬁde

1905 2563 2265 2631 consolando,
2296 2571 2352 2620 et
2380 2559 2692 2618 necessaria
2719 2559 3086 2636 ministrando
3119 2578 3132 2614 :
3163 2567 3215 2614 et
3243 2575 3347 2612 non
3371 2575 3494 2624 erue

1907 2651 2018 2707 buit
2048 2660 2292 2707 catenam
2337 2667 2530 2705 meam.
2574 2648 2712 2704 Vide
2741 2664 2808 2704 ne
2845 2658 2900 2703 et
2927 2657 2986 2704 tu
3010 2649 3312 2706 erubescas
3353 2666 3367 2703 :
3394 2648 3493 2715 sed

1906 2732 2275 2816 amplecteris.
2306 2736 2428 2797 Non
2460 2741 2650 2812 utique
2674 2738 2898 2796 erubuit
2932 2758 2945 2796 :
2985 2740 3076 2796 sed
3120 2755 3240 2794 cum
3267 2739 3494 2794 uenisset

1904 2840 2150 2907 Romam,
2179 2838 2409 2893 sollicite
2451 2836 2699 2909 quwsivit
2725 2850 2827 2902 me,
2856 2840 2906 2890 et
2936 2833 3229 2904 quaesitum
3270 2831 3491 2886 invertit.

1905 2931 1972 2990 Et
1993 2933 2122 3007 quia
2151 2949 2240 2988 me
2268 2931 2496 2998 invenit,
2524 2930 2612 2984 det
2652 2928 2738 2983 illi
2772 2927 3031 2982 Dominus
3067 2925 3228 2981 Pater
3258 2925 3491 2979 invenire

1905 3026 2329 3083 misericordiam
2354 3066 2370 3092 ,
2411 3023 2467 3078 id
2499 3030 2584 3078 est
2610 3019 2852 3076 fructum
2878 3019 3045 3090 hujus
3072 3013 3488 3083 misericordia,

1904 3119 2100 3188 a.Deo,
2126 3118 2180 3175 id
2205 3127 2292 3174 est
2319 3133 2352 3171 a
2382 3114 2605 3172 Christo
2641 3112 2851 3184 judice,
2902 3112 2959 3166 in
3007 3109 3107 3164 illa
3133 3108 3240 3176 die,
3269 3106 3486 3180 judicii.

1904 3212 2094 3269 Romae
2142 3210 2198 3265 in
2223 3208 2461 3265 vinculis
2509 3207 2590 3262 sic
2637 3203 2991 3262 ministravit.
3057 3200 3274 3273 Quanta
3319 3199 3488 3282 etiam

1897 3302 2095 3374 Ephesi
2139 3300 2571 3365 ministravit,tu
2599 3299 2736 3374 nosti
2774 3293 2986 3361 melius,
3022 3308 3187 3364 quam
3209 3293 3336 3362 haec
3364 3306 3489 3363 qua

1897 3394 2064 3451 modo
2111 3389 2444 3466 ministravit
2496 3404 2509 3444 :
2553 3388 2672 3462 vel,
2724 3384 2922 3442 melius
2968 3398 3137 3457 quam
3174 3381 3265 3438 alii
3318 3380 3489 3440 disci-

1895 3487 2030 3560 puli.

1920 3649 1922 3653 _
2521 3572 2753 3632 CAPUT
2789 3571 2857 3628 ιι.
3353 3652 3355 3654 η
3479 3631 3484 3638 .

1975 3689 2016 3734 ι,
2038 3669 2121 3726 Tu
2162 3682 2315 3742 ergo,
2347 3669 2423 3725 ﬁli
2454 3667 2552 3737 mi,
2589 3665 2902 3724 confortare
2932 3664 2988 3719 in
3015 3659 3221 3736 gratia,
3252 3673 3376 3732 quae
3401 3665 3491 3716 est

1903 3782 1925 3818 ε
1967 3762 2282 3822 inChristo
2313 3761 2445 3819 Iesu
2477 3777 2491 3817 :
2523 3768 2580 3816 et
2613 3748 2737 3831 qua:
2775 3756 2980 3814 audisti
3023 3771 3054 3811 a
3082 3767 3172 3809 me
3209 3767 3309 3822 per
3340 3750 3488 3838 ωυιτ

1904 3875 1924 3910 ι
1968 3865 2053 3912 ιοε
2102 3863 2291 3922 testes,
2321 3855 2440 3910 haec
2473 3849 2799 3909 commenda
2832 3848 3087 3918 ﬁdelibus
3132 3843 3487 3914 hominibus,

1904 3967 1924 4002 ι
1965 3946 2062 4019 qui
2088 3945 2273 4004 idonei
2305 3952 2471 4001 erunt
2517 3953 2573 3999 et
2615 3942 2754 3997 alios
2800 3940 3019 3996 docere.
3078 3937 3296 3994 Labora
3341 3936 3490 3996 sicut

1903 4054 1924 4089 ι
1967 4037 2148 4092 bonus
2174 4034 2333 4091 miles
2353 4031 2558 4089 Christi
2584 4030 2735 4088 Iesu.
2767 4027 2940 4086 Nemo
2963 4028 3207 4084 militans
3233 4025 3347 4083 Deo
3380 4025 3490 4101 im:-

1903 4149 1922 4180 ι
1967 4129 2134 4200 plicat
2172 4142 2233 4184 se
2261 4125 2495 4198 negotiis
2535 4122 2916 4189 saecularibus,
2952 4131 3014 4178 ut
3058 4121 3108 4178 ei
3150 4121 3364 4194 placeat
3395 4120 3489 4178 cui

1903 4238 1922 4274 ι
1967 4219 2233 4291 probavit.
2253 4215 2392 4272 Nam
2441 4224 2497 4273 et
2541 4215 2638 4288 qui
2680 4223 2854 4272 certat
2898 4213 2955 4269 in
2985 4227 3180 4286 agone,
3225 4203 3336 4270 non
3391 4226 3489 4288 coe

1903 4331 1923 4365 ι
1966 4321 2193 4368 rouatur
2260 4307 2369 4365 nisi
2439 4307 2710 4381 legitime
2748 4305 3060 4364 certaverit.
3115 4302 3492 4362 Laborantem

1903 4421 1922 4456 ε
1968 4402 2513 4478 εει-ἰθοιειωηοροι-ιει
2540 4399 2781 4472 primum
2815 4397 2885 4454 de
2909 4395 3185 4454 fructibus
3236 4394 3490 4466 accipere

193 4512 298 4566 quo
317 4495 614 4571 Evangelio
635 4501 985 4571 praedicando
1008 4518 1102 4574 ego
1123 4502 1326 4572 positus
1341 4499 1498 4558 aDeo
1527 4501 1792 4572 pradica—
1816 4508 1870 4570 ι)
1903 4513 1922 4549 t
1967 4492 2313 4568 [percipere].
2339 4492 2586 4564 Intellige
2623 4506 2748 4563 quae
2785 4490 2910 4547 dico
2965 4531 2980 4545 .
3008 4488 3162 4546 dabit
3207 4488 3358 4544 ellim
3386 4487 3490 4553 tibi

193 4597 302 4655 tor,
329 4598 380 4644 et
401 4592 694 4662 apostolus,
721 4601 771 4648 et
797 4595 1052 4665 magister
1069 4595 1302 4666 gentium
1335 4609 1354 4648 :
1386 4609 1550 4666 quem
1578 4608 1678 4665 pro
1707 4601 1791 4649 tot

193 4682 618 4741 auctoritatibus
645 4684 862 4756 justum
881 4693 987 4754 est,
1016 4695 1078 4741 ut
1105 4701 1216 4742 non
1237 4687 1531 4743 erubescas
1559 4684 1784 4741 imitari.

125 4785 132 4791 ‘
197 4770 279 4826 Ob
319 4790 478 4844 quam
505 4793 745 4845 causam,
778 4777 835 4833 id
863 4785 948 4834 est
982 4778 1114 4850 quia
1149 4777 1259 4834 hoc
1285 4777 1642 4850 hvangelium
1681 4777 1787 4835 do-

195 4865 285 4920 cui
315 4877 526 4938 gentes,
583 4885 782 4940 passus
827 4886 950 4926 sum
987 4870 1182 4926 multa.
1219 4869 1349 4926 Haec
1371 4871 1535 4928 etiam
1565 4873 1786 4936 vincula

193 4972 345 5013 nunc
376 4961 558 5029 patior
579 4977 596 5015 :
619 4962 710 5016 sed
739 4970 925 5020 tamen
970 4979 1076 5018 non
1104 4962 1422 5032 confundor,
1455 4963 1510 5017 id
1542 4970 1629 5018 est
1666 4976 1786 5023 non

194 5050 483 5118 erubesco,
506 5053 600 5108 sed
629 5054 841 5125 gaudeo
870 5055 983 5124 pati
1005 5069 1106 5126 pro
1135 5052 1360 5110 Christo
1391 5072 1404 5115 _:
1442 5054 1524 5110 sic
1552 5063 1606 5109 et
1633 5062 1691 5109 tu
1719 5068 1790 5112 ne

193 5143 512 5200 erubescas.
556 5143 932 5218 Ideo-patiens
973 5161 1086 5203 non
1115 5143 1464 5214 confundor:
1496 5145 1628 5217 quia
1669 5145 1789 5203 scio

193 5233 279 5298 cui
315 5235 550 5303 credidi,
582 5236 639 5292 id
665 5246 752 5293 est
781 5237 840 5294 in
869 5254 981 5309 quo
1010 5238 1172 5294 ﬁdem
1223 5236 1394 5294 habui
1422 5254 1439 5292 :
1483 5237 1696 5295 scilicet
1732 5238 1789 5302 in
1816 5290 1820 5292 .

194 5325 321 5384 Deo.
357 5325 458 5383 Vel
491 5328 567 5385 ita
595 5348 607 5384 :
641 5328 763 5386 Scio
792 5332 880 5386 cui
920 5331 1145 5399 credidi,
1193 5331 1249 5390 id
1291 5340 1376 5387 est
1404 5331 1495 5387 cui
1529 5332 1786 5389 commisi
1814 5409 1818 5411 ἓ

192 5420 482 5485 passiones
509 5436 662 5478 meas
690 5431 747 5478 et
775 5437 975 5494 opera:
997 5431 1048 5478 et
1077 5432 1252 5480 certus
1288 5441 1410 5479 sum
1437 5425 1506 5481 de
1535 5425 1788 5482 mercede

191 5508 425 5577 horum;
463 5513 588 5583 quia
615 5515 704 5570 ille
731 5514 822 5570 cui
865 5515 1117 5571 commisi
1146 5525 1328 5586 potens
1362 5524 1442 5571 est
1470 5516 1788 5586 depositum,

192 5597 744 5674 idestcommissum,
776 5622 949 5662 meum
971 5623 1179 5662 seruare
1208 5623 1380 5679 usque
1393 5607 1451 5662 in
1475 5606 1630 5662 illum
1649 5607 1788 5668 diem

193 5697 655 5760 remunerationis
682 5699 952 5755 omnium.
986 5698 1054 5754 Et
1099 5699 1415 5770 quiavides
1445 5699 1592 5769 quod
1639 5696 1786 5754 Deus

193 5791 435 5848 custodit
459 5791 604 5862 quod
637 5808 806 5861 penes
834 5808 960 5847 cum
977 5792 1290 5862 deponitur,
1317 5802 1371 5847 tu
1403 5793 1567 5864 igitur
1589 5807 1783 5848 exem-

1903 4604 1924 4640 ι
1970 4587 2238 4643 Dominus
2281 4586 2338 4640 in
2381 4584 2640 4641 omnibus
2695 4581 3050 4652 intellectum.
3105 4578 3317 4656 Memor
3365 4587 3487 4634 esto

1902 4705 1922 4740 ‹
1967 4684 2259 4742 Dominum
2282 4681 2471 4738 Iesum
2491 4680 2774 4737 Christum
2795 4677 3166 4734 resurrexissc
3201 4692 3231 4730 a
3251 4672 3486 4746 mortuis

1903 4799 1921 4834 ι
1965 4796 2034 4835 ex
2061 4778 2272 4834 semine
2293 4775 2486 4843 David,
2505 4774 2810 4832 secundum
2825 4771 3409 4843 Evangeliummeum,
3426 4766 3486 4821 in

1901 4889 1940 4925 ι.
1967 4885 2077 4942 quo
2102 4870 2294 4928 laboro
2314 4882 2493 4939 usque
2519 4866 2588 4922 ad
2600 4865 2840 4932 vincula,
2863 4862 3025 4936 quasi
3052 4863 3194 4918 male
3215 4875 3481 4934 operans;

1903 4987 1922 5019 ι
1970 4965 2067 5022 sed
2097 4963 2324 5019 verbum
2355 4959 2453 5016 Dei
2481 4976 2592 5017 non
2639 4965 2726 5016 est
2764 4957 3081 5033 alligatums
3121 4952 3248 5010 Ideo
3296 4953 3510 5024 omnia,

1899 5080 1918 5114 ι
1953 5059 2214 5126 sustineo
2235 5065 2460 5130 propter
2490 5058 2694 5120 electos
2724 5076 2738 5111 :
2775 5065 2839 5111 ut
2870 5064 2927 5112 et
2954 5054 3058 5126 ipsi
3085 5055 3316 5112 salutem
3348 5069 3483 5122 con-

1897 5171 1918 5208 ι
1963 5159 2285 5225 sequantur,
2331 5166 2458 5222 qua;
2497 5159 2583 5206 est
2615 5149 2672 5204 in
2705 5148 2930 5205 Christo
2969 5146 3102 5206 Iesu
3147 5163 3277 5222 cum
3305 5147 3486 5228 gloria

1899 5264 1918 5298 ‹
1937 5296 1944 5301 ,
1963 5245 2193 5301 caelesti.
2214 5242 2421 5300 Fidelis
2444 5257 2662 5314 sermo._
2679 5239 2816 5297 Nam
2833 5241 2879 5298 si
2903 5240 3234 5307 commortui
3264 5255 3482 5309 sumus,
3501 5301 3504 5310 ,

1899 5355 1917 5388 ι
1958 5345 2014 5392 et
2042 5335 2398 5391 convivemus
2439 5353 2451 5389 :
2492 5334 2540 5392 si
2587 5335 2926 5390 sustinemus
2949 5376 2966 5403 ,
3009 5342 3070 5392 et.
3115 5333 3504 5410 conreguabis,

1899 5446 1918 5479 ι
1963 5443 2089 5483 mus
2117 5446 2131 5482 :
2175 5427 2222 5483 si
2249 5426 2654 5500 negaverimus,
2683 5436 2740 5483 et
2775 5427 2866 5484 ille
2888 5424 3110 5500 negabit
3131 5441 3235 5484 nos
3260 5445 3274 5481 :
3299 5425 3500 5500 sinon.

1900 5539 1919 5572 ι
1965 5520 2264 5586 credimus,
2289 5520 2381 5576 ille
2412 5519 2593 5596 ﬁdelis
2627 5527 2934 5592 permanet,
2979 5533 3182 5590 negare
3234 5517 3480 5587 seipsum

1898 5631 1918 5664 ι
1949 5629 2066 5668 .non
2091 5621 2287 5683 potest.
2316 5611 2443 5668 Hac
2471 5627 2762 5674 mutuae
2789 5608 3160 5686 {commoneo}
3179 5607 3502 5686 testiﬁcaris

1898 5721 1918 5754 ι
1957 5715 2147 5766 coram
2180 5701 2311 5758 Deo.
2342 5701 2464 5758 Noli
2494 5704 2827 5778 contendere
2850 5700 3049 5768 verbis,
3073 5699 3140 5756 ad
3164 5697 3478 5777 subversio;
3504 5761 3508 5766 ,

1899 5815 1918 5848 ι
1973 5809 2098 5851 nem
2143 5796 2505 5853 audientium.
2561 5795 2805 5868 Sollicito
2846 5804 3027 5854 autem
3059 5807 3193 5850 cura
3234 5791 3472 5886 teipsum
