3988 6424
524 327 630 403 res

1059 345 1117 402 Β.
1160 342 1506 403 BRUNONIS
1543 342 2187 404 CARTHUSIANORUM
2225 341 2720 405 lNSTlTUTDRIS
2759 348 2909 407 OPP.
2951 345 3135 408 PARS
3172 338 3237 406 ll.

3686 352 3777 415 ια

530 482 548 516 ι
592 459 932 534 probabilem
975 460 1236 516 exhibere
1265 460 1377 518 Deo
1408 461 1719 532 operarium
1747 461 2109 519 lnconfusibl-
2138 462 2184 521 Α
2212 462 2453 518 militum
2486 462 2616 534 Deo,
2650 466 2893 537 implicat
2935 483 2990 521 se
3038 458 3391 521 sweularibus
3433 467 3694 537 negotiis,
3731 468 3799 525 ida

528 575 547 608 ι
590 557 699 612 lem
729 574 760 625 ,θ
782 564 932 611 recte
962 563 1291 612 tractantem
1329 554 1555 610 verbum
1581 557 1845 613 veritatis.
1870 555 2107 614 Profana

529 667 547 700 ι
595 656 780 703 autem
817 656 872 703 et
897 648 1207 719 vaniloquia
1243 646 1443 703 devita.
1475 646 1705 704 Multum
1754 646 1902 705 enim
1934 648 2104 720 proﬁ-

528 763 544 794 ι
592 736 746 797 ciunt
770 741 838 796 ad
880 740 1232 813 impietatem,
1262 748 1318 794 et
1352 754 1539 796 sermo
1587 754 1781 797 eorum
1824 746 1886 797 ut
1908 758 2109 799 cancer

527 855 544 888 ι
593 836 781 908 serpit.
808 833 886 889 Ex
919 832 1120 904 quibus
1147 839 1230 886 est
1259 829 1590 902 Hymenaeus
1612 841 1666 888 et
1702 831 1969 902 Philetas,
2008 834 2105 907 qui

527 951 543 981 ι
592 946 622 984 a
661 929 891 985 veritate
946 923 1597 990 exciderunt,'diccntes
1647 927 2104 983 resurrectionem

526 1041 543 1073 ι
592 1032 723 1077 esse
751 1021 863 1090 jam
896 1016 1118 1079 factam.
1149 1023 1203 1070 et
1226 1015 1621 1071 subverterent
1649 1019 2012 1089 quorumdam
2040 1018 2105 1074 ﬁ-

523 1133 541 1166 ι
590 1112 733 1168 dem.
768 1109 872 1166 Sed
902 1109 1120 1163 ﬁrmum
1151 1106 1573 1163 fundamentum
1605 1106 1702 1164 Dei
1730 1117 1870 1178 stat,
1894 1109 2104 1169 habens

523 1219 557 1256 ι’
586 1198 928 1274 signaculum
952 1199 1092 1255 hoc:
1118 1206 1373 1271 c03nov1t
1396 1196 1665 1254 Dominus
1686 1197 1779 1269 qui
1802 1207 1931 1255 sunt
1959 1198 2100 1270 ejus,

520 1317 538 1348 ι
586 1292 895 1352 ct'discedit
915 1291 984 1347 ab
1012 1290 1302 1362 iniquitate
1325 1291 1507 1346 omnis
1535 1291 1629 1362 qui
1655 1292 1874 1347 invocat
1900 1290 2102 1365 [nomio

517 1405 535 1436 ι
593 1378 711 1455 nat]
739 1395 940 1439 nomen
974 1379 1214 1437 Domini.
1253 1378 1310 1435 In
1336 1390 1539 1453 magna
1569 1366 1752 1436 autem
1784 1379 1948 1438 domo
1990 1397 2102 1438 non

508 1494 526 1527 ‹
576 1475 755 1530 solum
784 1480 916 1529 sunt
933 1487 1067 1529 vasa
1094 1486 1263 1527 aurea
1292 1477 1347 1527 et
1373 1478 1667 1543 argentea,
1714 1471 1808 1528 sed
1838 1474 1894 1528 et
1918 1471 2098 1544 lignea

509 1589 526 1618 ι
580 1575 636 1623 et
665 1565 853 1622 ﬁctilia
885 1583 898 1620 :
928 1571 983 1620 et
1014 1562 1268 1634 quaedam
1291 1561 1514 1633 quidem
1545 1561 1602 1617 in
1636 1562 1924 1630 honorem,
1950 1543 2101 1633 quae-

509 1672 528 1709 ι
576 1655 706 1712 dam
743 1662 931 1712 autem
959 1652 1017 1710 in
1042 1651 1458 1708 contumeliam.
1498 1649 1558 1707 Si
1584 1650 1711 1723 quis
1739 1664 1871 1724 ergo
1904 1666 2101 1707 cmun-

575 1747 788 1803 daverit
829 1761 890 1801 se
918 1743 1157 1810 abistis,
1177 1742 1287 1798 erit
1311 1759 1412 1799 vas
1444 1743 1502 1798 in
1535 1743 1805 1799 honorem
1850 1742 2096 1799 sanctiﬁ-

2209 561 2296 609 est
2330 570 2439 609 non
2468 555 2701 615 intendit
2738 558 3181 615 discussionibus
3215 558 3567 615 saecularium
3596 574 3778 617 causa-

2208 662 2352 714 rum,
2378 647 2474 703 sed
2501 647 2895 731 spiritualium.
2936 648 3113 706 Habet
3145 650 3291 706 enim
3333 650 3578 707 mundus
3623 668 3780 708 saecu-

2202 736 2352 794 larcs
2379 737 2618 810 judices,
2654 741 2748 813 qui
2775 741 3026 812 judicant
3073 740 3142 798 de
3184 741 3608 814 temporalibus.
3665 742 3781 815 Epi-

2205 830 2358 901 scopi
2389 839 2571 887 autem
2598 848 2795 889 vacare
2834 833 3036 889 debent
3079 832 3345 890 doctrinis
3394 834 3781 907 spiritualibus.

2201 919 2304 976 γει
2342 921 2418 977 ita
2457 941 2471 977 :
2505 920 2747 981 Militans
2770 923 2883 981 Deo
2903 939 3017 981 non
3046 941 3107 981 se
3132 925 3378 996 implicat
3417 926 3661 998 negotiis
3695 944 3784 984 sa-

2199 1013 2509 1084 eularibus,
2564 1022 2628 1070 ut
2677 1015 2736 1070 in
2788 1015 3181 1087 prmdicatione
3235 1031 3337 1072 sua
3384 1018 3704 1090 negotietur
3739 1028 3787 1075 et

2203 1105 2405 1161 vendat
2423 1114 2570 1174 eam,
2595 1105 2888 1177 requirens
2918 1105 3043 1163 ideo
3071 1106 3305 1179 pretium
3331 1106 3403 1163 ab
3426 1107 3784 1164 auditoribus.

2200 1192 2331 1251 Ideo
2362 1195 2607 1253 militans
2633 1194 2770 1267 Deo,
2795 1212 2856 1253 se
2877 1211 2989 1252 non
3018 1197 3262 1267 implicat
3284 1196 3373 1253 his
3403 1206 3463 1251 ut
3488 1196 3698 1267 placeat
3721 1200 3786 1267 ei,

2205 1287 2417 1345 scilicet
2443 1285 2577 1358 Deo,
2608 1289 2698 1344 cui
2740 1288 2879 1345 bene
2908 1289 3140 1344 vivendo
3174 1288 3378 1344 bonam
3426 1288 3788 1345 existimatio-

2201 1393 2328 1434 nem
2355 1378 2423 1435 de
2451 1393 2511 1436 se
2540 1378 2862 1451 praebendo,
2908 1393 3009 1450 per
3057 1387 3365 1436 anteactam
3402 1379 3574 1434 vitam
3596 1379 3790 1451 proba-

2202 1469 2282 1525 vit
2305 1484 2368 1526 se
2400 1469 2754 1541 placiturum.
2782 1467 2987 1526 Probat
3032 1469 3104 1526 ab
3142 1483 3211 1526 eo
3252 1469 3402 1542 quod
3448 1469 3637 1527 minus
3680 1478 3787 1538 est,

2202 1560 2446 1619 militans
2502 1560 2616 1619 Deo
2659 1577 2773 1619 non
2816 1561 3068 1634 implicat
3115 1576 3176 1618 se
3215 1561 3558 1631 mundanis,
3611 1571 3677 1618 ut
3712 1564 3787 1619 sic

2201 1657 2416 1730 placeat
2444 1655 2578 1715 Deo.
2611 1657 2757 1714 Nam
2782 1658 2950 1715 etiam
2982 1658 3153 1732 (quod
3192 1659 3381 1717 minus
3404 1658 3521 1732 est)
3567 1659 3662 1715 ille
3702 1676 3786 1734 qu

2202 1757 2371 1804 certat
2402 1750 2457 1805 in
2483 1766 2667 1822 agone,
2701 1749 2754 1807 id
2784 1758 2870 1806 est
2910 1751 2968 1806 in
3018 1751 3322 1808 certamine
3367 1752 3579 1824 aliquo,
3632 1762 3693 1808 ut
3733 1754 3784 1809 in

518 1858 533 1889 ν
582 1847 769 1893 catum
793 1845 847 1892 et
871 1832 1005 1891 utile
1026 1833 1263 1890 Domino
1290 1833 1360 1889 ad
1388 1845 1554 1889 omne
1588 1848 1728 1904 opus
1757 1832 1968 1889 bonum
1994 1849 2095 1906 pa-
2127 1819 2170 1880 Β
2199 1840 2453 1910 palaestra
2488 1819 2574 1896 vel
2610 1841 2665 1896 in
2692 1842 2892 1911 stadio,
2924 1841 3016 1898 hic
3058 1843 3165 1897 nisi
3199 1819 3479 1897 certaverit
3536 1843 3785 1915 legitime,

516 1950 529 1980 ι
580 1938 784 1984 ratum.
811 1924 1082 1987 Iuvenilia
1108 1932 1295 1981 autem
1330 1922 1599 1980 desideria
1643 1920 1771 1995 fuge
1821 1941 1835 1978 :
1886 1914 2099 1981 sectare

506 2039 528 2073 ι
577 2035 708 2076 vero
731 2018 1025 2091 justitiam,
1052 2015 1238 2087 ﬁdem,
1262 2031 1436 2087 spem,
1450 2014 1774 2072 charitatem
1801 2023 1855 2071 et
1882 2029 2097 2086 pacem,

514 2130 533 2164 ι
580 2129 704 2169 eum
733 2112 822 2170 his
851 2112 945 2185 qui
974 2111 1234 2167 invocant
1278 2109 1570 2166 Dominum
1603 2107 1825 2182 [nomen
1854 2107 2097 2183 Domini]

515 2226 535 2259 ι
581 2206 648 2261 de
678 2205 841 2261 corde
879 2219 1039 2277 puro.
1072 2200 1285 2258 Stultus
1319 2212 1502 2259 autem
1548 2212 1603 2257 et
1643 2202 1762 2257 sine
1808 2202 2098 2273 disciplina

513 2316 532 2350 ι
576 2296 909 2368 quaestiones
959 2295 1172 2361 devita,
1219 2294 1402 2357 sciens
1449 2294 1598 2365 quod
1642 2302 1907 2366 generant
1948 2295 2092 2351 lites.

514 2406 536 2442 ι
580 2386 813 2442 Servum
849 2394 1034 2440 autem
1062 2383 1285 2447 Domini
1322 2400 1432 2439 non
1479 2393 1694 2455 oportet
1725 2384 1964 2455 litigare,
1999 2384 2097 2441 sed

516 2497 536 2532 ι
580 2484 932 2537 mansuetum
962 2490 1083 2531 esse
1106 2475 1174 2530 ad
1202 2490 1418 2543 omnes,
1442 2476 1756 2556 docibilem,
1774 2477 2094 2548 patientem,

515 2591 534 2622 ι
580 2584 706 2626 cum
746 2567 1013 2623 modestia
1043 2566 1432 2639 corripientem
1464 2583 1560 2625 eos
1597 2569 1694 2640 qui
1716 2569 1983 2626 resistunt
2004 2586 2098 2626 ves

517 2684 533 2714 I
581 2661 730 2717 ritati
763 2680 775 2715 :
808 2674 877 2716 ne
910 2659 1135 2732 quando
1163 2659 1255 2715 det
1283 2659 1391 2717 illis
1420 2658 1567 2716 Deus
1596 2661 1999 2732 paenitentiam.
2026 2661 2096 2720 ad

516 2776 534 2805 ι
585 2752 1025 2825 cognoscendam
1052 2751 1339 2806 veritatem
1358 2793 1374 2819 ,
1414 2759 1469 2808 et
1487 2752 1811 2824 resipiscam
1840 2769 1870 2809 a
1893 2754 2095 2811 diaboli

515 2857 534 2898 ι
581 2845 825 2916 laqueis,
869 2859 899 2898 a
942 2859 1053 2914 quo
1081 2843 1281 2915 captivi
1326 2852 1582 2901 tenentur
1604 2845 1672 2903 ad
1700 2846 1876 2919 ipsius
1899 2846 2095 2904 volnus

511 2950 530 2988 ι
577 2948 761 2993 tatem.
797 2955 815 2989 ι

1154 3044 1459 3085 εχροειτιο.

519 3134 531 3143 ’
576 3128 716 3197 Quia
747 3136 967 3199 propter
990 3126 1342 3183 ‘avcrsionem
1375 3123 1740 3196 quorumdam
1767 3122 1946 3194 magis
1990 3137 2090 3179 ne-

503 3208 784 3281 cessarius
813 3236 873 3276 es
907 3239 922 3275 :
965 3219 1097 3290 quia
1126 3217 1294 3274 etiam
1323 3216 1572 3287 exemplo
1622 3213 2090 3286 perseverantium

498 3298 566 3374 de
597 3312 915 3371 fortitudine
944 3310 1256 3368 admoneris
1283 3328 1295 3365 :
1325 3325 1447 3381 ergo
1479 3318 1557 3377 tu,
1580 3307 1663 3379 ﬁli
1686 3308 1760 3362 mi
1784 3304 2088 3374 Timothee,

505 3396 806 3478 canfortare
832 3447 848 3474 ,
899 3404 953 3460 id
978 3412 1064 3461 est
1088 3402 1250 3460 fortis
1275 3409 1415 3468 esto,
1444 3414 1557 3455 non
1597 3414 1818 3471 paveas.
1851 3395 2087 3454 Conior-

505 3508 647 3566 tare,
672 3498 921 3567 inquam,
947 3496 1006 3550 in
1043 3494 1222 3566 gratia
1263 3508 1385 3565 qua:
1421 3492 1583 3546 estin
1610 3490 1823 3547 Christo
1847 3488 1998 3557 Iesu,
2034 3488 2101 3545 id.

414 3626 419 3630 ι
502 3599 589 3665 est
626 3590 683 3645 in
715 3587 1015 3661 pontiﬁcali
1056 3585 1306 3642 doctrina
1333 3627 1349 3653 ,
1391 3583 1551 3655 cujus
1585 3570 1816 3656 gratiam
1859 3584 2090 3640 contulit

500 3681 599 3739 tibi
623 3679 787 3737 Deus.
806 3675 925 3747 Vel,
955 3674 1266 3735 confortare
1297 3674 1352 3730 iu
1376 3684 1569 3746 gratia,
1603 3672 1656 3729 id
1678 3682 1762 3729 est
1797 3672 1857 3728 in
1891 3672 2090 3730 remis-

501 3766 658 3832 sione
723 3781 1078 3846 peccatorum
1105 3807 1124 3840 ,
1192 3778 1247 3825 et
1298 3767 1407 3823 vita
1456 3774 1661 3822 aeterna
1718 3762 2082 3837 praedicanda.

503 3865 629 3923 llaec
651 3864 799 3921 enim
832 3872 919 3920 est
938 3862 1114 3935 gratia
1154 3875 1278 3935 qua'
1317 3867 1402 3916 est
1425 3873 1525 3930 per
1546 3855 1738 3913 Iesum
1779 3854 2099 3913 Christum;

493 3961 680 4034 thue
722 3957 1066 4015 confortatus
1099 3954 1277 4028 magis
1327 3951 1608 4026 proﬁcias,
1674 3950 1786 4006 liceo
1825 3965 1949 4021 quas
1989 3949 2085 4005 tibi

492 4047 747 4109 docenda
789 4048 1145 4115 commendo,
1179 4045 1490 4101 commenda
1525 4052 1581 4099 et
1621 4053 1678 4098 tu
1704 4041 1949 4113 ﬁdelibus
1976 4084 1992 4111 ,
2028 4041 2083 4096 id

488 4146 575 4200 eet
615 4141 890 4199 constitue
933 4138 1039 4196 sub
1069 4148 1121 4194 te
1152 4136 1565 4210 praedicatores,
1603 4134 1699 4204 qui
1739 4142 1921 4188 tecum
1952 4146 2086 4202 prte-

497 4228 690 4293 dicent
719 4235 920 4307 populo
947 4232 1045 4288 Dei
1075 4250 1088 4286 :
1119 4231 1174 4287 hi
1199 4238 1381 4285 autem
1409 4229 1520 4285 sint
1544 4244 1693 4284 sana:
1713 4226 1839 4283 ﬁdei
1875 4244 1889 4282 :
1922 4238 2082 4282 cum-

496 4312 603 4400 que
633 4327 744 4383 sint
770 4325 977 4393 ﬁdeles,
1000 4331 1215 4394 oportet
1243 4335 1366 4378 esse
1402 4321 1538 4377 tales
1569 4320 1661 4391 qui
1708 4326 1863 4375 erunt
1905 4318 2084 4373 idonei

492 4403 548 4478 et
596 4422 825 4481 scientia
877 4429 932 4478 et
986 4420 1162 4493 gratia
1204 4417 1531 4488 eloquentiae.
1567 4416 1754 4472 docere
1800 4414 1941 4470 alios
1976 4415 2082 4471 sibi

2199 1930 2255 1987 id
2272 1943 2356 1988 est
2377 1930 2679 1988 secundum
2702 1933 2876 2004 legem
2910 1933 3032 2006 ejus
3061 1933 3404 2002 certaminis,
3428 1951 3536 1990 non
3566 1952 3784 1991 corona.

2201 2026 2308 2086 tur,
2338 2018 2395 2077 id
2418 2030 2504 2076 est
2526 2034 2636 2076 non
2661 2020 2863 2093 accipit
2889 2020 3105 2078 laudem
3137 2022 3226 2078 vel
3265 2022 3545 2079 bravium.

2268 2108 2348 2166 Ne
2402 2112 2569 2168 modo
2597 2113 2917 2184 opinaretur
2938 2112 3262 2171 Timotheus
3322 2114 3454 2185 quia
3490 2115 3786 2173 interdixeo

2198 2210 2285 2259 rat
2308 2202 2360 2258 ei
2391 2204 2610 2276 negotia
2639 2204 2948 2274 saecularia,
2972 2204 3111 2260 nihil
3136 2205 3194 2260 in
3223 2206 3628 2276 temporalibus
3656 2210 3785 2264 acci-

2197 2293 2457 2367 piendum
2485 2310 2607 2352 esse
2632 2311 2663 2351 a
2687 2296 2942 2366 subditis,
2967 2297 3046 2352 ait
3062 2294 3268 2354 Paulus
3311 2317 3324 2352 :
3371 2296 3528 2354 Licet
3569 2299 3785 2355 interdi-

2197 2397 2320 2440 cam
2348 2385 2447 2441 tibi
2471 2386 2757 2442 saecularia
2802 2387 3050 2460 negotia,
3080 2396 3262 2443 tamen
3283 2388 3413 2443 volo
3444 2398 3499 2444 te
3539 2389 3781 2460 accipere

2198 2476 2268 2533 de
2293 2476 2477 2534 fructu
2502 2478 2908 2549 praedicationis
2951 2480 3294 2552 temporalia.
3348 2470 3427 2536 Te
3457 2468 3606 2539 enim
3635 2480 3776 2535 laboa

2199 2580 2404 2625 fantem
2443 2571 2499 2626 in
2529 2574 2741 2627 cultura
2771 2570 3042 2629 Dominici
3069 2573 3186 2645 agri
3217 2582 3421 2643 oportet
3452 2574 3691 2644 accipere
3719 2575 3781 2626 de

2198 2663 2462 2734 fructibus
2500 2663 2649 2719 illius
2688 2665 2828 2737 agri,
2866 2664 2920 2721 id
2946 2675 3029 2721 est
3049 2664 3372 2736 temporalia
3393 2682 3523 2738 qua:
3550 2682 3698 2739 ager,
3725 2664 3775 2720 id

2195 2765 2281 2813 est
2310 2756 2567 2829 populus,
2594 2757 2726 2813 dare
2747 2766 2944 2828 potest.
2964 2758 3230 2829 Accipiat,
3257 2758 3511 2831 inquam,
3546 2759 3775 2830 primum

2196 2849 2267 2907 de
2302 2850 2486 2906 fructu
2509 2850 2657 2922 quod
2695 2849 2800 2906 sibi
2851 2849 3085 2908 suﬁiciat
3118 2870 3132 2907 :
3166 2861 3222 2907 et
3264 2852 3312 2908 si
3354 2852 3773 2923 superabundat,

2196 2944 2525 3001 secundario
2574 2946 2847 3017 accipiant
2877 2961 3168 3020 pauperes.
3193 2942 3292 3004 Vel
3325 2949 3592 3020 primum,
3626 2949 3679 3004 id
3699 2950 3775 3004 est

2090 3055 2094 3058 ’
2195 3035 2429 3092 inultum
2465 3037 2590 3094 inde
2611 3038 2848 3110 accipiat
2887 3058 2903 3095 ε
2948 3039 3079 3112 quia
3123 3055 3214 3096 res
3262 3056 3430 3112 quam
3483 3040 3769 3108 ministrat,

2117 3167 2164 3231 (Ξ

2205 3129 2506 3200 plurimum
2548 3130 2713 3203 digna
2745 3139 2850 3188 est.
2881 3131 3144 3205 Accipere
3174 3145 3358 3189 autem
3406 3134 3477 3190 de
3520 3133 3771 3205 praedicas

2194 3223 2345 3278 tione
2365 3223 2511 3294 quod
2534 3222 2788 3291 sufficiat,
2812 3238 2925 3280 non
2949 3232 3036 3280 est
3062 3225 3342 3298 negotium
3376 3226 3662 3282 saeculare.
3683 3217 3771 3280 Vel

2194 3314 2269 3371 ita
2291 3313 2592 3386 jungamus
2643 3325 2663 3370 ε
2716 3314 2857 3373 Dico
2898 3330 3012 3371 non
3052 3316 3299 3387 implices
3326 3317 3768 3383 tesaecularibus,

2193 3422 2295 3462 nec
2316 3421 2538 3463 necesse
2562 3406 2659 3462 tibi
2680 3415 2799 3475 est;
2838 3406 2968 3478 quia
2995 3406 3062 3463 de
3082 3402 3353 3464 fructibus
3377 3407 3772 3480 praedicationis

2193 3498 2250 3554 in
2279 3513 2389 3570 qua
2413 3493 2655 3565 labbras,
2682 3498 2916 3570 aecipies
2939 3514 3062 3570 quae
3086 3509 3396 3570 opportuna
3431 3498 3637 3554 fuerint
3658 3497 3767 3552 tibi.

2191 3589 2348 3658 Quod
2397 3590 2811 3662 :equipollenter
2839 3590 2936 3659 ait,
2962 3605 3031 3645 ne
3062 3589 3199 3645 forte
3233 3589 3562 3646 Timotheus
3587 3590 3769 3645 absur-

2190 3683 2322 3740 dum
2340 3683 2612 3752 judicaret
2630 3683 2813 3738 virere
2834 3682 2902 3738 de
2927 3682 3315 3754 praedicatione
3355 3701 3368 3736 :
3406 3683 3543 3753 quia
3575 3678 3768 3736 Paulus

2191 3790 2304 3831 non
2334 3777 2434 3843 ita,
2464 3775 2559 3832 sed
2585 3776 2653 3831 de
2673 3783 2937 3830 manuum
2963 3766 3152 3830 labore
3171 3775 3397 3831 viveret.
3437 3773 3531 3828 Ait
3552 3763 3762 3829 Paulus:

2191 3862 2275 3923 Ea
2311 3884 2428 3940 qua:
2467 3868 2586 3922 dico
2608 3910 2623 3935 ,
2661 3865 2717 3922 id
2748 3876 2832 3924 est
2857 3876 2915 3923 te
2943 3867 3010 3923 de
3036 3865 3217 3922 fructu
3244 3866 3654 3938 praedicationis
3677 3880 3766 3936 op-

2189 3969 2426 4032 portuna
2450 3960 2697 4030 accipere
2717 3998 2733 4026 ,
2765 3957 3003 4031 intellige
3036 3973 3262 4014 causam
3291 3974 3467 4029 quare
3490 3974 3601 4013 non
3628 3956 3763 4012 τίει-ἰ-

2189 4053 2339 4124 piam
2378 4051 2528 4123 quod
2555 4051 2780 4122 jubeam
2819 4058 2871 4105 te
2894 4049 3163 4121 accipere.
3218 4047 3398 4121 Hujus
3436 4049 3518 4105 rei
3549 4061 3762 4105 causam

2188 4147 2382 4202 dicunt
2408 4159 2531 4200 esse
2562 4143 2758 4211 sancti,
2787 4143 2935 4214 quod
2979 4142 3110 4214 quia
3162 4140 3489 4197 Timotheus
3524 4140 3763 4195 inﬁmus

2190 4247 2344 4305 crat,
2393 4245 2447 4292 et
2484 4237 2553 4305 si,
2584 4235 2859 4290 laboraret
2897 4234 3153 4290 manibus
3178 4269 3195 4301 ς
3240 4232 3622 4304 prmdicationi
3666 4247 3767 4285 non

2188 4336 2371 4401 posset
2400 4329 2653 4385 insistere
2679 4347 2692 4382 :
2716 4325 2920 4383 Paulus
2945 4337 3152 4395 autem,
3176 4324 3332 4381 fortis
3354 4332 3410 4379 et
3440 4325 3765 4385 laboriosus,

2187 4429 2307 4476 crat
2350 4419 2419 4475 ad
2459 4428 2755 4489 utrumque
2781 4417 3081 4488 suﬁici'ens,
3110 4417 3234 4473 idco
3276 4417 3395 4487 ipse
3444 4416 3589 4471 nihil
3636 4415 3766 4469 acri-

497 4514 846 4573 c'ommissos.
879 4513 1125 4580 Talibus,
1156 4513 1405 4584 inquam,
1449 4510 1773 4565 commenda
1800 4509 1917 4566 haec
1960 4527 2081 4581 qua:
2115 4514 2161 4569 D
2185 4514 2390 4586 piebat,
2416 4522 2471 4568 et
2500 4512 2621 4567 ideo
2640 4512 2888 4581 accipere
2917 4508 3267 4565 Timotheum
3293 4508 3531 4563 volebat.
3564 4505 3769 4561 Poteris

498 4590 553 4666 tu
599 4608 804 4664 audisti
835 4625 868 4662 a
904 4610 1007 4675 me,
1038 4604 1090 4661 id
1130 4614 1214 4661 est
1255 4618 1378 4674 quae
1424 4615 1526 4673 ego
1559 4600 1719 4657 docui
1762 4608 1834 4666 te,
1878 4616 2080 4672 appro-

499 4700 681 4758 bando
706 4716 770 4757 ea
792 4716 884 4771 per
909 4696 1104 4752 multos
1135 4706 1323 4765 testes,
1354 4694 1410 4749 id
1445 4701 1531 4750 est
1567 4708 1664 4764 per
1692 4682 1866 4748 multa
1919 4694 2080 4749 testi-

496 4792 679 4850 monia
719 4792 856 4864 legis
881 4789 1048 4864 338
1073 4797 1127 4845 et
1160 4787 1574 4861 prophetarum.
1628 4783 1787 4852 Quod
1828 4785 1977 4840 enim
2029 4790 2081 4840 te

496 4889 564 4944 de
610 4886 715 4942 ﬁde
762 4883 972 4940 Christi
1000 4872 1201 4949 docui,
1230 4888 1408 4936 totum
1461 4877 1518 4933 in
1562 4878 1680 4949 lege
1712 4884 1767 4932 et
1795 4875 2081 4948 prophetis

492 4982 883 5052 praesignatum
924 4976 1160 5033 Ostendi.
1203 4970 1295 5029 Ne
1328 4970 1470 5028 forte
1515 4968 1836 5025 Timotheus
1865 4975 2084 5038 putaret

491 5072 555 5127 se
589 5070 755 5125 modo
788 5052 959 5138 posse
983 5067 1288 5137 quiescere,
1318 5062 1634 5119 constitutis
1658 5059 1768 5116 sub
1791 5073 1851 5115 se
1890 5057 2084 5128 praedi-

494 5158 774 5215 catoribus
795 5200 809 5224 ,
841 5164 1034 5214 contra
1062 5157 1167 5213 hoc
1194 5157 1271 5212 ait
1296 5153 1502 5211 Paulus
1555 5173 1568 5209 :
1613 5152 1764 5208 Licet
1810 5149 2078 5222 quosdam

497 5258 557 5305 ut
580 5250 815 5306 doceant
858 5249 998 5305 alios
1025 5247 1371 5320 prazfeceris,
1390 5262 1462 5303 ne
1491 5254 1678 5302 tamen
1712 5244 1836 5301 ideo
1862 5251 1923 5299 tu
1963 5252 2079 5297 tor-

496 5348 627 5413 peas
668 5359 686 5396 :
726 5341 825 5398 sed
852 5340 1039 5395 labora
1080 5340 1217 5394 sicut
1263 5338 1414 5393 miles
1444 5337 1648 5393 Christi
1693 5334 1823 5391 Iesu
1848 5378 1863 5404 ,
1903 5334 1957 5390 id
1995 5342 2080 5390 est

496 5438 708 5489 memor
736 5441 856 5489 esto
898 5439 951 5486 te
979 5431 1217 5486 militare
1265 5430 1321 5485 in
1360 5430 1568 5486 castris
1611 5427 1839 5483 Christi.
1900 5425 2083 5481 Labor

494 5524 962 5596 autemvcongruit
1005 5523 1287 5590 militanti,
1319 5535 1429 5577 non
1456 5521 1650 5576 otium.
1684 5518 1897 5575 Labora
1940 5517 2085 5574 sicut

493 5619 652 5675 mites
676 5618 867 5685 bonus,
894 5616 1065 5675 idest
1086 5616 1260 5672 utilis.
1288 5613 1585 5682 Quomodo,
1613 5611 1778 5667 bonus
1816 5610 2069 5666 determi-

491 5714 587 5766 nat
614 5711 670 5766 in
707 5708 1087 5783 sequentibus,
1106 5708 1305 5785 [dicens
1345 5727 1360 5763 :
1389 5705 1446 5762 Si
1482 5705 1640 5761 miles
1678 5706 1856 5761 bonus
1882 5701 2079 5767 fueris,

492 5795 850 5859 mularibus
871 5802 1105 5875 negotiis
1129 5816 1235 5863 non
1271 5795 1580 5872 implicabis
1616 5806 1689 5853 te.
1725 5792 1895 5848 Nemo
1929 5793 2076 5848 enim

2188 4605 2378 4676 utique
2408 4617 2632 4659 causam
2664 4602 2806 4657 hanc
2827 4598 3128 4672 intelligere
3166 4619 3179 4654 :
3213 4600 3342 4670 quia
3384 4597 3649 4652 Dominus
3676 4598 3769 4649 da«

2189 4696 2265 4751 blt
2312 4695 2408 4750 tibi
2460 4692 2809 4760 intellectum,
2861 4701 2917 4748 et
2964 4693 3019 4746 in
3075 4693 3179 4746 hac
3209 4706 3269 4746 re
3311 4697 3365 4744 et
3394 4688 3448 4743 in
3491 4688 3748 4742 omnibus

2187 4786 2339 4842 More
2366 4784 2495 4842 boni
2522 4784 2714 4841 militis
2751 4784 2936 4840 labora
2964 4783 3109 4839 sicut
3136 4779 3466 4852 praemonui.
3494 4779 3587 4834 Et.
3614 4789 3677 4833 ut
3701 4779 3768 4831 ita

2164 4870 2167 4873 ’
2193 4876 2409 4932 labores
2436 4914 2452 4943 ,
2490 4889 2703 4930 memor
2749 4883 2870 4929 esto
2913 4869 3332 4928 resurrectionis
3355 4869 3565 4923 Christi
3598 4886 3613 4922 :
3644 4878 3695 4921 et
3722 4878 3768 4921 te

2182 4985 2313 5027 cum
2338 4984 2406 5024 eo
2436 4969 2505 5040 (si
2537 4967 2678 5022 bene
2707 4964 3065 5035 laboraveris)
3108 4958 3767 5030 resurrecturum.Spem.

2185 5062 2434 5133 inquam,
2459 5056 3015 5129 habensresurgendi
3036 5096 3051 5123 ,
3080 5070 3282 5110 memor
3326 5062 3437 5108 esto
3496 5050 3767 5108 Christum

2182 5152 2366 5209 Iesum
2426 5152 2777 5207 resurrexisse
2831 5167 2864 5204 α
2914 5149 3154 5203 mortuis.
3216 5145 3380 5200 Solus
3436 5143 3698 5199 Chtistus
3736 5158 3766 5195 a

2183 5247 2416 5304 mbrtuis
2466 5245 2771 5302 resurrexit
2835 5261 2850 5298 :
2904 5241 3035 5314 quia
3072 5248 3260 5312 postea
3287 5253 3392 5293 nec
3415 5246 3604 5292 actum
3634 5250 3768 5290 mor-

2183 5338 2410 5396 talitatis
2460 5337 2705 5404 habuit,
2759 5349 2863 5391 nec
2909 5332 3051 5389 mori
3094 5331 3280 5403 potuit
3321 5349 3338 5384 :
3382 5328 3478 5384 sed
3528 5326 3763 5382 Lazarus

2183 5442 2238 5489 et
2296 5432 2614 5504 quicunque
2668 5426 2983 5486 resuScitati
3008 5468 3025 5494 ,
3082 5433 3316 5480 mortem
3374 5422 3577 5476 iterum
3616 5416 3755 5486 passi

2185 5530 2469 5665 Is“illiceret
2526 5603 2783 5664 fortassis
2813 5605 3134 5660 Timotheus
3167 5620 3180 5657 :
3210 5599 3351 5668 Quia
3377 5599 3529 5655 M5
3562 5600 3751 5665 tum“

2182 5703 2359 5774 potuit
2380 5714 2691 5773 resurgere.
2715 5698 2920 5755 Contra
2952 5698 3058 5752 hoc
3087 5692 3294 5750 Paulus
3326 5710 3339 5744 :
3376 5690 3757 5746 Resurremssr

2182 5796 2305 5850 dico
2334 5793 2520 5849 Iesum
2555 5809 2621 5848 ex
2643 5792 2838 5847 semine
2868 5788 3063 5865 David,
3091 5785 3150 5843 id
3178 5794 3262 5843 est
3278 5784 3591 5842 secundum
3619 5779 3753 5843 quod
3783 5784 3787 5793 ‘
