3988 6406
122 449 261 508 865

812 448 1177 511 ειΡοδιΤιο
1213 450 1281 507 ΙΝ
1320 451 1704 509 EPISTULAS
1740 451 1755 507 1

1860 453 1968 512 ιιι.
2009 490 2078 500 -—
2115 456 2440 523 lNEPlST.
2482 460 2526 516 η
2559 456 2650 518 AD
2689 462 2828 519 TIM.

2970 429 3022 448 σε.

3322 474 3431 529 *τοῦ

124 566 333 630 ὴονςη
380 564 510 631 fuit;
561 581 686 635 quia
732 564 1038 621 secundum
1083 581 1304 626 carnem
1361 567 1540 624 solum
1602 568 1749 625 ﬁlius
1776 571 1826 641 Α
1853 567 2060 645 Negare
2111 576 2258 630 enim
2300 575 2395 633 Dei
2450 585 2536 633 cst
2576 577 2720 634 bona
2758 586 2966 635 :eterna
3009 595 3117 636 non
3173 581 3441 644 tribunum

124 656 331 712 David
356 655 481 712 fuit.
512 656 832 712 iiesurresit
866 658 1057 729 utique
1086 658 1373 713 secundum
1402 656 1750 729 Evangeliuin

125 766 360 816 meum,
392 750 448 805 id
468 758 555 805 est
580 750 884 805 secundum
912 750 1062 820 quod
1092 764 1195 820 ego
1225 750 1497 821 praedico;
1519 751 1609 807 cui
1628 765 1759 806 rre-

120 840 402 897 dandum
441 850 549 909 est,
580 842 711 912 quia
740 842 1026 912 apostolus
1062 857 1094 896 a
1131 840 1245 898 Deo
1270 842 1475 899 missus
1500 841 1748 900 s'um.Vel

126 932 241 988 ita:
263 931 354 989 Ex
378 933 586 989 semine
610 932 782 991 David
805 932 907 988 fuit
919 932 1178 989 Christus
1192 935 1493 991 secundum
1512 934 1750 1008 Evange-

125 1025 289 1095 lium
323 1040 513 1081 meum
534 1044 549 1079 :
574 1026 631 1079 in
657 1042 760 1096 quo
782 1024 913 1096 quia
935 1025 1258 1095 resurrexit,
1282 1026 1626 1097 praedicando
1648 1041 1752 1097 ego

128 1115 345 1171 laboro
368 1132 531 1187 usque
550 1117 621 1170 ad
644 1116 873 1171 vincula.
890 1114 1183 1187 Propterea
1199 1118 1348 1173 enim
1366 1118 1494 1188 quia
1511 1117 1593 1174 sic
1613 1134 1751 1192 prae-

126 1207 301 1274 dico,
337 1208 397 1263 in
426 1208 662 1263 vinculis
682 1208 898 1279 positus
922 1208 1290 1280 constringor,
1313 1210 1467 1281 quasi
1486 1210 1623 1265 male
1636 1226 1753 1281 ope-

130 1315 306 1366 rans,
317 1297 489 1370 339
499 1298 553 1354 id
565 1309 649 1355 est
662 1300 822 1369 quasi
839 1299 1213 1370 deprehensus
1227 1299 1281 1355 in
1297 1300 1483 1372 aliquo
1499 1300 1747 1357 crimine.

128 1390 331 1457 Quasi
374 1391 617 1447 diceret:
647 1389 712 1446 Et
744 1407 963 1461 pmnam
995 1390 1195 1462 patior,
1229 1401 1285 1447 et
1320 1393 1488 1464 (quod
1516 1394 1752 1465 amplius

129 1480 374 1552 gravat)
397 1481 712 1552 opprobria.
742 1481 801 1536 Si
823 1481 970 1536 enim
998 1487 1257 1552 putarent
1287 1498 1371 1538 me
1394 1484 1507 1555 pati
1541 1500 1641 1554 pro
1660 1484 1753 1555 ju-

132 1572 332 1642 stitia,
362 1573 558 1630 solatio
586 1573 722 1628 mihi
759 1573 931 1629 ﬁeret.
962 1572 1029 1627 Et
1048 1588 1150 1647 ego
1176 1574 1395 1646 quidem
1435 1575 1491 1630 in
1518 1576 1753 1633 vinculis

131 1677 399 1724 teneor:
451 1667 544 1724 sed
590 1669 803 1723 verbum
845 1666 944 1725 Dei
993 1684 1099 1723 non
1120 1676 1198 1722 est
1248 1667 1533 1740 alligatum
1562 1685 1581 1723 :
1623 1656 1763 1741 quia

118 1759 323 1827 etiam
354 1760 413 1816 in
459 1758 693 1817 vinculis
719 1757 976 1831 praedico.
1018 1757 1149 1816 Vide
1176 1758 1366 1832 igitur,
1398 1775 1468 1817 ne
1510 1769 1564 1818 et
1604 1760 1660 1818 in
1699 1771 1755 1819 te

131 1852 321 1916 timor
350 1850 533 1923 alliget
560 1850 771 1906 verbum
814 1849 933 1906 Dei.
969 1849 1179 1907 Memor
1219 1865 1345 1908 esse
1383 1850 1549 1909 debes
1586 1851 1749 1910 Chri-

133 1913 302 2001 stum
338 1913 648 2000 surrexisse
674 1946 688 1998 ὲ
717 1942 847 2014 quia
891 1942 1009 1997 ideo
1037 1940 1184 2013 quod
1213 1956 1427 1998 memor
1454 1958 1602 2011 sum,
1637 1942 1749 2000 sci-
1781 1913 1827 1979 Β

134 2036 278 2093 licet
335 2035 757 2093 resurrectionis
810 2034 961 2091 illius
982 2077 998 2104 ,
1046 2034 1217 2091 crede
1275 2050 1366 2091 me
1406 2043 1751 2093 resurrectu-

136 2143 271 2185 rum
304 2147 320 2181 :
359 2142 458 2198 per
480 2141 629 2193 eum,
655 2128 891 2183 sustineo
917 2127 1097 2183 omnia
1124 2125 1342 2182 vincula
1363 2134 1418 2182 et
1437 2126 1750 2199 opprobria.

136 2219 375 2275 Diceret
392 2219 596 2291 aliquis
623 2238 636 2275 :
668 2217 849 2276 Etiam
884 2220 932 2276 si
956 2219 1074 2276 hac
1095 2234 1209 2275 non
1236 2218 1560 2287 sustineres,
1592 2235 1756 2275 mun-

135 2312 281 2368 ditia
316 2312 447 2368 vita:
481 2321 539 2368 et.
578 2311 715 2369 ﬁdes
760 2326 896 2371 sana
942 2310 1233 2367 sutliceret.
1261 2309 1468 2367 Contra
1501 2310 1608 2367 hoc
1637 2309 1755 2366 ait:

120 2404 411 2475 ,Sustineo
442 2390 633 2475 utique
660 2414 874 2475 propter
907 2402 1097 2459 electos
1116 2400 1226 2458 ’Dei
1259 2400 1553 2458 salvaudos
1579 2419 1599 2456 ι
1621 2410 1679 2455 ut
1704 2407 1754 2458 et

138 2496 248 2564 ipsi
273 2494 553 2566 pravelecti
578 2510 609 2550 a
644 2493 756 2549 Deo
787 2502 1176 2565 consequantur
1195 2491 1445 2559 salutem,
1477 2491 1530 2549 id
1559 2499 1646 2548 est
1666 2490 1757 2562 ju-

137 2586 547 2645 stiﬁcationem
592 2601 625 2642 a
664 2584 907 2656 peccatis
942 2584 997 2645 in
1027 2582 1305 2659 praesenti,
1348 2599 1470 2656 quc
1497 2582 1650 2640 salus
1678 2590 1759 2637 est

140 2680 199 2736 in
241 2677 475 2753 Christe
505 2674 654 2738 Iesu.
686 2674 1132 2748 Conscquantur,
1163 2676 1413 2747 inquam.
1442 2675 1586 2732 hanc
1611 2675 1759 2732 salu-

140 2780 259 2831 tem
289 2786 421 2824 cum
450 2768 652 2824 caelesti
684 2767 859 2840 gloria
887 2783 906 2823 :
935 2766 1071 2839 quia
1094 2783 1190 2839 per
1212 2764 1598 2824 remissionem
1626 2752 1758 2839 pec-

140 2871 575 2931 catorum,qu:e
595 2859 686 2916 hic
706 2859 1117 2931 ﬁt,pervenitur
1137 2859 1207 2917 ad
1224 2868 1483 2916 aeternam
1506 2858 1755 2927 gloriam.

142 2951 251 3010 llic
300 2961 496 3009 autem
547 2967 721 3007 sermo
768 2967 932 3022 quem
982 2951 1117 3021 dixi,
1156 2952 1518 3025 laborandum
1553 2953 1763 3010 scilicet

141 3060 274 3101 esse
306 3059 409 3115 spe
436 3044 879 3111 resurrectionis,
937 3044 1113 3116 ﬁdelis
1148 3054 1232 3101 est
1259 3055 1315 3102 et
1348 3046 1488 3102 bene
1520 3045 1755 3103 credibi-

130 3122 237 3193 iis.
271 3134 470 3192 Fidele
490 3145 576 3192 est
600 3136 790 3207 utique
814 3145 869 3192 et
882 3137 1021 3193 bene
1054 3137 1314 3196 credibile
1342 3158 1353 3193 :
1384 3139 1531 3209 quod
1554 3139 1600 3194 si
1625 3138 1761 3209 legi-

143 3229 283 3289 time
301 3229 817 3299 laboras,resurges
836 3230 1296 3299 quemadmodum
1318 3227 1592 3287 Christus.
1616 3227 1761 3282 Nam

142 3321 193 3375 si
212 3336 413 3375 sumus
434 3319 772 3385 commortui,
792 3316 1236 3391 derelinquentes
1253 3327 1409 3375 actus
1434 3319 1633 3375 veteris
1651 3319 1744 3374 ho-

144 3412 326 3468 minis
344 3410 502 3478 Adae,
521 3412 849 3466 convivemus
870 3412 1035 3467 etiam
1050 3427 1177 3467 cum
1200 3412 1339 3482 ipso,
1360 3409 1486 3468 facti
1501 3411 1755 3485 impassi-

145 3504 292 3588 biles
316 3513 374 3559 et
396 3502 736 3561 immortales
756 3513 819 3562 ut
838 3504 963 3570 ille;
994 3501 1250 3563 Christus
1288 3503 1477 3575 utique
1511 3502 1756 3576 quaudiu

144 3594 203 3655 in
217 3594 442 3653 mundo
451 3604 809 3661 conversatus
823 3605 937 3664 est,
965 3606 1122 3653 actus
1133 3611 1330 3652 omnes
1358 3595 1557 3651 veteris
1579 3595 1759 3651 homi-

146 3688 238 3744 nis
271 3687 506 3758 (prater
531 3687 844 3759 peccatum)
864 3687 1076 3744 habuit.
1101 3686 1347 3759 Esurivit
1371 3687 1518 3744 enim
1533 3685 1753 3760 (Matth.

146 3780 249 3849 sv),
273 3778 460 3835 sitivit
478 3777 662 3855 (Joan.
681 3778 823 3850 nx),
846 3778 1106 3852 fatigatus
1124 3789 1228 3847 est,
1251 3788 1311 3835 ut
1329 3788 1478 3852 patet
1503 3780 1560 3835 in
1581 3778 1761 3835 Evan-

144 3870 300 3944 gelia
321 3866 561 3927 Joannis
583 3868 768 3942 (Joan.
784 3870 949 3944 1v,6),
967 3871 1037 3927 ad
1049 3879 1277 3943 puteum
1297 3887 1426 3928 cum
1446 3870 1757 3928 Chananara

147 3962 345 4024 tJaan.
365 3964 445 4036 sv)
457 3963 692 4036 loquens
712 3963 808 4039 qui
831 3978 959 4020 vere
982 3964 1232 4021 mortalis
1255 3974 1311 4020 et
1322 3965 1602 4036 passibilis
1617 3973 1753 4021 erat.

150 4054 262 4112 Sed
289 4064 592 4127 postquam
619 4064 858 4114 mortem
882 4070 984 4127 pro
1008 4056 1265 4113 omnibus
1298 4056 1540 4127 pertulit,
1578 4072 1756 4126 neque

148 4165 416 4216 manum,
452 4165 628 4220 neque
649 4150 865 4220 pedem,
892 4148 961 4204 ad
989 4157 1148 4204 actus
1173 4148 1378 4204 veteris
1400 4148 1637 4207 hominis
1658 4164 1759 4208 ex-

132 4240 339 4311 tendit
376 4257 393 4295 :
425 4238 604 4297 iactus
643 4238 1004 4312 impassibilis
1044 4248 1100 4293 et
1142 4238 1491 4295 immortalis.
1524 4238 1593 4294 .Si
1630 4254 1759 4305 vero

150 4347 256 4393 nos
281 4331 686 4387 commorimur
707 4332 760 4387 ei
793 4331 849 4387 in
878 4330 1231 4403 baptismate,
1253 4331 1403 4403 quod
1424 4331 1480 4386 in
1504 4345 1667 4389 cruce
1689 4330 1759 4389 ad

149 4421 612 4495 iustiﬁcationem
679 4420 971 4483 hominum
1039 4423 1417 4491 consecravit,
1473 4422 1759 4486 eﬁ‘undens

148 4527 369 4583 mum
394 4512 464 4569 de
504 4512 673 4569 latere
707 4528 837 4579 suo,
882 4520 945 4568 ut
972 4511 1259 4583 iustificati
1297 4528 1395 4585 per
1424 4513 1772 4585 baptismum.

1922 662 2140 721 Diceret
2178 664 2436 724 fortassis
2464 666 2824 725 Timotheus:
2850 667 3172 729 incredibile
3197 673 3428 742 videtur,

1849 755 1995 826 quod
2023 755 2169 814 Deus
2197 768 2420 829 propter
2442 769 2727 831 peccatum
2750 760 2981 833 abneget
3002 779 3130 820 eum
3151 764 3248 835 qui
3272 765 3441 832 tidem-

1848 847 1900 919 ei
1932 846 2226 906 confessus
2261 850 2354 907 sit.
2382 849 2588 907 Contra
2623 852 2731 909 hoc
2751 851 2959 911 Paulus
2984 873 2998 910 :
3034 853 3092 910 Si
3121 871 3230 912 non
3250 836 3444 914 credi-.

1851 954 1978 995 mus
2002 939 2151 1011 quod
2182 949 2471 1013 negantem
2498 957 2559 998 se
2586 943 2660 998 sit
2696 952 2999 1015 negaturus
3028 943 3196 1014 Deus,
3228 945 3323 1001 ille
3350 956 3434 1004 ta—

1850 1046 1976 1088 men
2011 1042 2283 1103 permanet
2311 1033 2583 1104 ﬁdelis,-id
2612 1041 2699 1091 est
2722 1050 2885 1099 verax
2921 1044 2976 1092 et
3011 1037 3315 1107 credibilis,
3338 1040 3447 1111 qui

1850 1118 1929 1180 ait
1957 1142 1969 1178 :
2000 1142 2020 1176 ι
2050 1122 2155 1192 Qui
2178 1123 2462 1181 erubuerit
2488 1140 2576 1180 me
2599 1140 2786 1181 coram
2814 1124 3150 1194 hominibus,
3180 1143 3282 1200 ego
3308 1142 3436 1186 cru-

1849 1213 2071 1274 bcscam
2111 1228 2240 1269 eum
2282 1228 2469 1269 coram
2499 1211 2666 1271 Patre
2704 1229 2827 1271 meo
2851 1212 3002 1287 (Luc.
3037 1215 3256 1286 αλδ).
3286 1234 3307 1270 ι
3343 1214 3451 1281 Sic

1850 1314 2033 1362 autem
2065 1313 2355 1377 permanet
2391 1305 2595 1373 ﬁdelis,
2629 1306 2776 1376 quod
2804 1306 3141 1381 impossibile
3179 1316 3264 1363 est
3306 1322 3443 1365 eum-

1853 1413 1963 1452 non
1981 1412 2233 1454 veracem
2256 1412 2401 1455 esse.
2436 1395 2564 1451 Non
2592 1396 2739 1452 enim
2762 1406 2931 1468 potest
2968 1414 3155 1470 negare
3180 1398 3447 1470 “ipsum,

1853 1488 2035 1555 idest
2072 1505 2134 1547 se
2168 1504 2291 1546 esse
2320 1487 2533 1544 Deum:
2576 1488 2625 1544 si
2666 1488 2813 1545 enim
2854 1490 3198 1557 mentiretur,
3246 1478 3438 1561 uti'que

1854 1578 2000 1636 Deus
2026 1595 2135 1636 non
2166 1588 2333 1636 esset.
2360 1577 2498 1648 Hoc,
2531 1578 2760 1646 scilicet,
2789 1588 2852 1636 ut
2879 1580 3260 1637 commoriaris
3284 1579 3439 1637 Chri-

1853 1680 1963 1740 sto,
1998 1682 2052 1728 et
2072 1672 2155 1729 sic
2181 1672 2383 1730 doceas
2410 1671 2551 1728 alios
2573 1687 2668 1743 spe
2706 1672 3031 1729 convivendi
3056 1672 3182 1745 ipsi,
3208 1689 3438 1728 comata-

1854 1780 1970 1831 neo,
2014 1772 2063 1819 te
2102 1764 2417 1835 testiﬁcaris,
2456 1763 2561 1821 hoc
2586 1764 2686 1820 tibi
2721 1779 2901 1822 coram
2927 1763 3058 1833 Deo,
3097 1779 3168 1821 ne
3205 1764 3441 1835 amplius

1858 1856 2098 1927 requirat
2123 1854 2271 1912 Deus
2298 1855 2623 1928 sanguinem
2665 1854 2940 1912 Timothei
2966 1856 3035 1912 de
3066 1871 3234 1912 manu
3262 1853 3439 1915 Pauli.

1857 1948 1924 2003 Et
1961 1948 2089 2003 licet
2126 1956 2180 2003 te
2222 1955 2377 2002 tanta
2419 1946 2769 2004 districtione
2807 1961 3208 2013 commoneam,
3257 1954 3442 2003 tamen

1848 2030 1965 2096 noli
2007 2040 2320 2096 contendere
2365 2040 2556 2106 verbis,
2602 2038 2962 2095 immoderate
3002 2037 3249 2094 docendo
3291 2036 3441 2108 quod

1851 2132 2042 2189 doceo.
2090 2129 2189 2186 Vel
2236 2131 2311 2186 ita
2345 2128 2522 2196 :Hoc,
2570 2128 2625 2184 id
2673 2138 2760 2186 est
2802 2128 3454 2185 commoriendumesse
3528 2121 3538 2139 '

1852 2223 2075 2280 Christo
2117 2238 2214 2294 spe
2248 2220 2597 2288 convivendi,
2639 2236 2908 2276 commone
2938 2220 3099 2286 alios,
3143 2219 3445 2277 testiﬁcans

1853 2316 1973 2372 hac
1986 2307 2070 2371 eis
2095 2329 2282 2371 coram
2318 2312 2468 2369 Deo:
2495 2327 2567 2368 ne
2591 2310 2819 2383 sanguis
2844 2326 3036 2368 eorum
3060 2310 3127 2368 de
3156 2326 3325 2366 manu
3349 2319 3445 2365 tua

1854 2406 2187 2479 requiratur.
2205 2404 2273 2460 Et
2293 2405 2347 2460 in
2371 2403 2771 2461 commonendo
2790 2401 2899 2458 noli
2922 2402 3232 2458 contendere
3254 2401 3445 2471 verbis,

1855 2499 1926 2554 ad
1936 2478 2085 2555 nihil
2112 2498 2253 2554 enim
2282 2497 2411 2551 utile
2435 2506 2513 2552 est
2537 2496 2774 2568 litigare,
2799 2495 2903 2569 nisi
2945 2495 3016 2549 ad
3057 2494 3449 2550 subversionem

1843 2589 2211 2645 audientium.
2253 2586 2313 2643 Si
2355 2587 2502 2643 enim
2546 2586 2881 2657 insipientes
2914 2584 3143 2641 audiunt
3178 2584 3430 2655 quoslibt

1856 2678 2091 2750 litigare,
2114 2692 2209 2735 eos
2237 2676 2334 2749 qui
2372 2676 2547 2749 magis
2574 2676 2807 2734 clamosi
2852 2684 3002 2740 sunt,
3027 2682 3221 2746 putant
3240 2673 3432 2743 justic-

1857 2787 1973 2829 rem
2005 2786 2231 2827 causam
2261 2769 2483 2827 habere.
2520 2768 2825 2825 Stultorum
2852 2776 2937 2824 est
2969 2767 3117 2822 enim
3151 2765 3336 2821 stultis
3361 2763 3442 2819 ad-

1859 2849 2086 2919 haerere.
2115 2860 2175 2917 Si
2208 2878 2342 2917 vero
2370 2871 2562 2917 neuter
2584 2859 2915 2933 litigantium
2943 2859 3187 2916 clamore
3216 2872 3445 2927 supcra-

1858 2954 2017 3022 verit,
2041 2952 2206 3027 35,0
2226 2952 2481 3011 dubitant
2502 2952 2800 3024 simplices,
2827 2952 2937 3006 utri
2968 2949 3141 3021 magis
3163 2948 3449 3004 adhaeren-

1859 3046 1991 3102 dum
2019 3046 2109 3102 sit.
2143 3043 2274 3100 Noli
2301 3043 2612 3101 contendere
2635 3059 2653 3096 :
2676 3041 2774 3099 sed
2802 3040 3031 3096 sollicite
3053 3056 3182 3095 cura
3207 3037 3453 3095 exhibere

1862 3139 2089 3210 teipsum
2118 3146 2316 3206 totum,
2359 3146 2414 3194 et
2449 3151 2678 3207 corpore
2705 3143 2760 3190 et
2792 3133 2978 3189 animo
3016 3128 3361 3203 probabilem,
3397 3128 3451 3184 id

1862 3239 1947 3288 est
1968 3231 2296 3287 laudabilem
2317 3229 2449 3287 Deo.
2475 3226 2547 3284 Ut
2576 3236 2759 3285 autem
2783 3225 2862 3283 sis
2886 3223 3207 3298 probabilis,
3237 3231 3455 3294 oportet

1861 3332 1913 3379 te
1938 3339 2061 3379 esse
2089 3322 2393 3394 aperarium
2418 3318 2848 3391 inconfusibilem
2872 3333 2890 3372 :
2920 3313 3067 3389 quod
3112 3331 3222 3370 non
3252 3313 3453 3370 erube—

1860 3431 1984 3473 scas
2010 3414 2307 3487 prmdicare
2335 3428 2555 3471 crucem
2579 3409 2811 3478 Christi,
2843 3418 2948 3466 etc.
2982 3407 3049 3463 Et
3079 3416 3235 3474 recte,
3271 3404 3325 3461 id
3367 3414 3457 3459 est

1860 3508 1978 3564 sine
1998 3505 2367 3571 contentione,
2381 3520 2508 3562 cum
2521 3504 2671 3560 omni
2686 3502 2976 3570 modestia,
2999 3508 3318 3555 tractantem
3339 3512 3456 3552 ver-

1861 3603 1984 3656 bum
2009 3600 2271 3656 veritatis.
2297 3596 2370 3655 Ut
2388 3607 2572 3655 autem
2598 3605 2744 3653 recte
2772 3611 2945 3667 queas
2963 3601 3200 3651 tractare
3223 3590 3451 3647 verbum

1861 3692 1979 3759 Dei,
2018 3692 2196 3747 devita
2222 3691 2471 3763 profana,
2505 3687 2559 3745 id
2584 3697 2670 3745 est
2698 3688 2788 3743 illa
2812 3688 3032 3759 penitus
3062 3682 3451 3741 abominanda.

1860 3786 2049 3843 Devita
2084 3786 2250 3842 etiam
2268 3782 2632 3856 inaniloquia,
2664 3782 2719 3837 id
2752 3789 2837 3839 est
2858 3796 2982 3853 qua:
3010 3779 3056 3835 si
3084 3794 3194 3833 non
3222 3776 3294 3831 ita
3325 3790 3454 3846 pro-

1861 3878 1988 3936 fana
2034 3888 2184 3945 sunt,
2226 3876 2439 3932 inutilia
2476 3884 2662 3931 tamen
2712 3880 2860 3930 sunt.
2899 3871 3091 3927 Devita
3136 3861 3280 3935 ideo,
3324 3866 3453 3939 quia

1861 3974 1978 4029 haec
2009 3972 2196 4029 inania
2235 3970 2402 4025 verba
2440 3965 2668 4021 nutltum
2705 3965 2983 4037 proﬁcient
3014 3964 3083 4017 ad
3128 3961 3454 4032 impietatem

1860 4058 2293 4133 persuadendum
2322 4076 2334 4111 ε
2372 4065 2421 4111 et
2450 4071 2621 4111 sermo
2642 4071 2845 4121 eorum,
2874 4052 3059 4109 inania
3080 4049 3453 4122 loquentium,

1859 4155 2024 4225 serpit
2074 4150 2337 4224 paulatim
2388 4158 2446 4206 ut
2494 4165 2703 4215 cancer,
2746 4146 2843 4220 qui
2892 4146 3119 4203 morbus
3168 4143 3451 4218 paululum

1861 4245 2047 4303 carnis
2080 4245 2323 4318 primum
2351 4252 2603 4315 occupat,
2636 4240 2731 4298 sed
2753 4236 3017 4311 paulatim
3044 4237 3225 4310 magis
3246 4254 3314 4293 ac
3341 4252 3457 4292 ma-

1860 4336 1944 4409 gis
1993 4343 2402 4409 augmentatur,
2449 4333 2628 4391 donec
2681 4331 2916 4388 occidat.
2973 4328 3043 4386 Et
3087 4328 3170 4386 sic
3211 4327 3455 4384 haeretici

1862 4427 2017 4508 prius
2045 4426 2241 4485 callide
2268 4424 2557 4491 inducunt,
2590 4421 2740 4495 quod
2784 4436 2886 4478 nec
2922 4418 3187 4493 prodesse
3215 4433 3317 4473 nec
3352 4432 3453 4471 no-

1860 4535 1984 4576 cere
2002 4518 2273 4585 videatur,
2313 4526 2365 4572 et
2389 4515 2588 4573 dehinc
2609 4511 2932 4572 alternando
2955 4510 3221 4577 rationes,
3245 4508 3450 4564 sensim

152 4603 401 4660 ulterius
420 4602 490 4659 ad
510 4612 670 4660 actus
696 4602 898 4660 veteris
921 4603 1185 4672 hominis,
1214 4603 1270 4660 id
1301 4612 1387 4661 est
1408 4604 1478 4660 ad
1502 4602 1755 4665 miseriae

1860 4614 1918 4669 in
1948 4612 2248 4668 maximam
2278 4609 2531 4666 haeresim
2553 4606 2819 4664 excrescit
2848 4603 3098 4661 doctrina
3124 4616 3338 4660 eorum.
3367 4599 3455 4654 Ea:

153 4695 398 4767 peccati,
424 4710 623 4753 sensus
649 4704 873 4752 nostros
900 4710 1009 4751 non
1034 4694 1454 4751 extenderemus
1483 4696 1758 4750 :convive-

156 4805 275 4844 eius
301 4786 388 4846 illi
420 4805 434 4843 :
470 4785 605 4844 facti
636 4803 762 4847 cum
794 4802 862 4845 eo
907 4787 1275 4859 tmpassibiles
1313 4795 1367 4842 et
1395 4786 1755 4853 immortales.

158 4881 217 4936 Si
242 4897 385 4938 vero
418 4880 587 4953 hujus
623 4881 821 4938 mortis
857 4879 1152 4955 participes
1182 4895 1293 4936 non
1337 4877 1626 4947 fuerimus,
1657 4895 1759 4938 nec

157 4972 286 5029 vita:
311 4972 442 5044 ejus
476 4973 947 5045 participabimur.
983 4970 1043 5027 Si
1071 4970 1425 5030 solummodo
1461 4966 1759 5027 commori-

158 5081 287 5122 mur
306 5065 402 5122 ei:
440 5065 691 5122 vivemus
711 5082 837 5122 cum
868 5078 954 5121 eo.
985 5061 1045 5121 Si
1074 5078 1206 5120 vero
1242 5062 1411 5136 (quod
1441 5061 1623 5135 majus
1652 5064 1759 5136 est)

159 5155 568 5226 sustinebimus,
591 5165 654 5213 ut
677 5166 969 5230 martyres,
995 5155 1197 5231 quibus
1220 5155 1363 5212 mori
1384 5155 1622 5229 peccatis
1647 5169 1757 5211 non

158 5249 299 5306 satis
325 5246 456 5318 fuit,
483 5247 578 5306 sed
608 5264 709 5320 pro
731 5248 946 5321 iustitia
982 5249 1276 5305 voluerunt
1316 5248 1430 5320 pati
1457 5266 1470 5303 :
1515 5262 1617 5305 nos
1647 5245 1758 5304 uti-

137 5341 269 5409 que
296 5339 431 5412 quia
469 5340 890 5407 sustinebimus,
935 5338 1395 5412 conregnabimus,
1439 5339 1493 5395 id
1524 5348 1613 5396 est
1647 5340 1758 5396 non

160 5432 344 5487 solum
371 5430 646 5499 vivemus,
672 5432 769 5489 sed
808 5432 974 5488 etiam
1001 5433 1183 5504 palma
1225 5441 1280 5488 et
1305 5432 1528 5503 quidam
1558 5433 1759 5488 trium-

159 5524 306 5595 phus
327 5523 425 5580 ﬁet
444 5524 605 5581 nobis
624 5541 726 5598 pro
745 5524 1011 5598 dignitate
1034 5524 1304 5598 martyrii.
1328 5522 1481 5581 Licet
1500 5524 1759 5584 omnibus

158 5631 285 5673 esse
309 5632 443 5673 cum
470 5615 695 5675 Christo
725 5617 977 5686 sufﬁciat,
1002 5625 1188 5674 tamen
1216 5618 1274 5673 in
1301 5618 1391 5679 illa
1421 5618 1760 5673 beatitudine

159 5705 531 5767 discretiones
558 5721 689 5766 sunt
719 5709 1067 5782 dignitatum.
1094 5707 1233 5767 Vere
1273 5709 1319 5766 si
1342 5709 1754 5777 commorimur,

163 5800 496 5858 convivemus
518 5818 536 5856 :
553 5802 681 5875 quia
693 5804 1114 5874 sinegaverimus
1130 5800 1326 5868 Deum,
1350 5801 1493 5859 male
1507 5802 1716 5874 agendo
1741 5822 1753 5856 :

164 5889 259 5946 ille
278 5891 445 5951 etiam
470 5893 681 5961 negabit
705 5910 818 5961 nos,
837 5896 1003 5952 vitam
1035 5902 1291 5955 aeternam
1305 5909 1414 5951 non
1442 5895 1750 5953 tribuendo.

1860 4704 2050 4777 quibus
2070 4702 2380 4773 vaniloquis
2402 4708 2481 4756 est
2505 4699 2850 4771 Hymenaeus,
2871 4705 2923 4753 et
2948 4694 3216 4761 Philetas,
3245 4693 3336 4766 qui
3356 4706 3454 4747 ex-

1862 4796 2102 4851 ciderunt
2132 4811 2167 4848 a
2199 4793 2420 4849 veritate
2447 4788 2591 4848 ﬁdei.

1931 4884 2269 4943 Determinat
2295 4899 2418 4956 qua:
2441 4883 2514 4939 sit
2540 4880 2766 4939 haeresis
2789 4895 3003 4946 eorum,
3031 4886 3095 4934 ut
3121 4876 3167 4934 si
3198 4873 3340 4932 forte
3360 4891 3453 4933 ve-

1862 4979 2045 5038 nerint
2089 4977 2157 5035 ad
2187 4976 2559 5045 Timotheum,
2595 4982 2897 5047 prascaveat
2922 4970 3028 5029 sibi
3057 4988 3071 5028 :
3098 4969 3333 5026 dicentes
3372 4982 3453 5024 re:-

1863 5072 2242 5127 surrectionem
2269 5068 2390 5141 jam
2424 5086 2534 5125 esse
2572 5066 2798 5140 factam,
2859 5066 2945 5123 vel
2977 5065 3034 5123 in
3074 5061 3281 5141 bisqui
3326 5079 3451 5122 cum

1862 5163 2084 5219 Christo
2105 5169 2481 5229 surrexerunt,
2506 5160 2588 5216 vel
2614 5158 2670 5214 in
2691 5158 2986 5230 baptismo,
3014 5157 3069 5213 in
3092 5172 3202 5229 quo
3223 5172 3256 5215 a
3277 5162 3452 5213 morte

1864 5255 2075 5329 peccati
2116 5256 2185 5313 ad
2232 5255 2398 5312 vitam
2442 5253 2706 5310 virtutum
2758 5252 3119 5325 resurgimus.
3165 5248 3262 5307 illa
3306 5250 3452 5307 enim

1863 5347 2011 5405 trina
2033 5347 2337 5413 immersio,
2380 5345 2717 5418 sepulturam
2749 5341 2955 5401 Christi
2986 5343 3152 5400 trium
3192 5342 3405 5401 dierum
3436 5361 3450 5399 :

1865 5439 2098 5496 elevatio
2129 5454 2282 5505 vero,
2330 5439 2788 5495 resurrectionem
2815 5432 3022 5493 Christi
3050 5436 3341 5506 signiﬁcat.
3386 5430 3453 5489 Et

1865 5531 1946 5588 sic
1971 5530 2216 5587 dicentes
2257 5530 2564 5585 subvertant
2605 5527 2768 5601 fidem
2798 5526 3168 5601 quorumdam.
3203 5524 3305 5581 Sed
3330 5524 3449 5580 licet
3522 5550 3526 5555 ·

1865 5624 1941 5680 illi
1983 5623 2325 5691 subvertant,
2378 5629 2561 5678 tamen
2598 5620 3005 5692 fundamentum
3030 5615 3149 5685 Dei,
3188 5615 3243 5670 id
3276 5622 3362 5671 est
3395 5614 3451 5669 in

1865 5714 2064 5787 quibus
2088 5710 2222 5771 ﬁdes
2256 5713 2395 5771 bene
2422 5712 2647 5772 fundata
2677 5718 2777 5779 est,
2807 5718 2864 5768 et
2898 5709 2992 5784 qui
3038 5724 3071 5765 e
3098 5720 3365 5764 converso
3395 5706 3449 5763 in

1865 5806 1975 5863 ﬁdem
2003 5820 2099 5877 per
2145 5804 2317 5863 Deum
2355 5805 2565 5864 fundati
2612 5812 2771 5861 sunt:
2797 5803 2925 5869 hoc,
2971 5791 3217 5874 inquam,
3249 5799 3448 5871 funda-

1869 5907 2099 5955 mentum
2133 5906 2213 5955 est
2242 5899 2455 5972 ﬁmum
2488 5896 2681 5967 habens
2707 5893 3063 5968 signaculum.
3098 5890 3215 5951 Hoc
3245 5892 3459 5951 dictum
