3906 6294
558 561 648 615 est
673 567 706 608 a
736 546 1096 607 similitudine
1120 545 1330 602 strenui
1357 541 1534 609 ducis,
1559 526 1653 612 qui
1674 526 1894 611 signum
1921 538 2015 593 dat
2043 533 2147 592 mi-

558 642 758 700 litibus
786 642 926 710 suis,
949 655 1062 711 quo
1095 634 1316 693 discreti
1351 633 1484 688 ﬁant
1519 632 1591 687 ab
1615 631 1758 687 aliis.
1778 628 1879 687 Sic
1904 627 2059 685 Deus
2074 627 2152 685 si-

560 742 696 808 gnat
740 736 875 792 suos
914 729 1166 800 ut,-vise
1196 726 1378 798 signo,
1418 722 1671 781 diabolus
1703 728 2149 795 prsetereateos,

556 826 747 884 sciens
775 823 914 881 nihil
936 820 1041 878 Sibi
1074 832 1198 875 esse
1225 831 1353 875 cum
1398 814 1526 871 illis.
1568 811 1795 886 Signum
1834 821 2017 869 autem
2044 810 2154 867 hoc

559 925 648 973 est
685 934 698 974 :
725 914 975 988 Cognovit
1008 909 1267 965 Dominus
1293 907 1385 979 qui
1412 914 1536 962 sunt
1561 906 1705 977 ejus;
1730 905 1837 962 hoc
1853 903 2059 960 Paulus
2082 918 2152 960 ex

555 1017 718 1082 parte
762 1023 863 1065 sua
883 1004 1058 1078 ponit,
1088 1001 1407 1075 signiﬁcans
1432 1000 1758 1058 electionem
1775 998 1872 1055 Dei
1890 999 1945 1054 in
1962 996 2149 1070 iustis,

558 1101 751 1158 dicens
775 1117 789 1154 :
819 1096 1076 1153 Dominus
1100 1094 1347 1166 cognovit
1376 1092 1447 1150 ab
1483 1100 1690 1149 aeterno
1710 1091 1806 1164 qui
1832 1088 2002 1147 futuri
2028 1097 2151 1145 sunt

557 1193 695 1263 ejus.
715 1189 831 1246 Hoc
858 1198 1042 1246 autem
1068 1202 1306 1258 sequens
1338 1184 1541 1245 lsaiam
1567 1185 1664 1241 ait.
1696 1182 1879 1257 Agens
1901 1182 1969 1239 de
1993 1190 2153 1254 pote‘
2237 1188 2247 1196 '

552 1289 698 1339 atate
718 1272 877 1338 liberi
899 1278 1114 1337 arbitrii
1133 1278 1325 1336 dicens
1349 1297 1367 1334 :u
1387 1276 1643 1334 Discedat
1667 1277 1848 1333 omnis
1867 1276 2034 1333 homo
2056 1274 2153 1346 qui

552 1379 753 1443 potens
772 1379 860 1428 est
871 1386 970 1450 per
983 1371 1294 1429 libertatem
1316 1368 1527 1425 arbitrii
1549 1376 1604 1426 et
1625 1369 1718 1441 qui
1740 1370 1948 1424 invocat
1967 1381 2152 1421 nomen

553 1461 777 1519 Domini
796 1464 904 1521 tide
920 1452 977 1520 et
995 1478 1179 1535 opere,
1197 1462 1263 1518 ab
1280 1463 1582 1533 iniquitate.
1604 1460 1799 1516 Divina
1818 1458 2083 1517 electione
2099 1466 2151 1513 et

550 1554 734 1611 libero
762 1555 1013 1623 arbitrio,
1041 1553 1191 1625 quod
1214 1569 1313 1625 per
1331 1553 1478 1610 bona
1498 1566 1665 1624 opera
1692 1550 1935 1609 occurrit
1953 1548 2154 1606 divinae

552 1645 837 1702 'electioni.
873 1643 972 1702 llis
1015 1644 1232 1709 duobus
1277 1642 1478 1716 signati
1513 1650 1662 1711 sunt,
1707 1640 1801 1714 qui
1841 1642 1898 1697 in
1939 1639 2153 1713 iustitia

552 1744 696 1793 sunt
723 1737 1091 1808 permansuri.
1116 1735 1264 1793 Deus
1283 1736 1433 1792 enim
1458 1735 1540 1791 sic
1570 1749 2020 1806 unumquemque
2037 1734 2150 1790 ele-

532 1829 711 1885 ‘ctum
733 1828 985 1901 praevidit
1005 1827 1251 1884 futurum
1277 1827 1506 1895 bonum,
1539 1835 1599 1883 ut
1627 1835 1683 1883 et
1710 1811 1874 1898 opera
1902 1826 2045 1881 bona
2070 1824 2150 1881 si-

554 1918 679 1979 mul
718 1918 777 1976 in
814 1935 881 1977 eo
911 1919 1251 1994 prmvideret.
1295 1916 1622 1990 Quicunque
1660 1929 1845 1974 autem
1885 1917 2152 1973 electione

554 2007 657 2066 Dei
683 2017 738 2067 et
775 2010 934 2067 bonis
978 2011 1236 2082 operibus
1260 2010 1419 2066 liberi
1456 2010 1669 2066 arbitrii
1713 2010 2021 2082 signantur,
2053 2008 2151 2067 Dei

548 2101 716 2158 ﬁunt.
757 2100 837 2158 Ne
874 2110 1059 2159 tamen
1096 2103 1220 2159 ideo
1257 2102 1499 2172 mireris,
1535 2102 1589 2179 si
1630 2102 1688 2159 in
1719 2103 1886 2160 domo
1921 2101 2019 2159 Dei
2047 2102 2153 2160 hoc

548 2193 641 2261 tit,
682 2202 746 2251 ut
772 2195 996 2266 quidam
1027 2210 1059 2250 a
1095 2194 1203 2251 ﬁde
1227 2194 1488 2252 recedant
1513 2213 1527 2251 :
1558 2194 1653 2250 alii
1677 2195 1734 2250 in
1762 2194 1868 2251 fide
1899 2210 2152 2267 perseve-

548 2295 680 2344 rent
709 2305 725 2344 :
756 2288 889 2359 quia
922 2287 1091 2345 etiam
1116 2287 1175 2343 in
1194 2288 1437 2360 qualibet
1457 2305 1650 2361 magna
1670 2290 1829 2345 domo
1849 2304 1955 2345 non
1979 2289 2151 2344 solum

548 2389 685 2436 ‘sunt
718 2397 854 2437 uasa
868 2397 1034 2437 aurea
1057 2390 1111 2439 et
1135 2391 1385 2455 argentea
1406 2398 1426 2438 :
1455 2381 1599 2440 sicut
1626 2382 1684 2439 in
1714 2382 1882 2439 domo
1900 2380 1998 2439 Dei
2027 2382 2154 2455 qui-

546 2472 695 2531 dam"
719 2463 852 2531 sunt
880 2472 1268 2547 perfectiores,
1308 2474 1401 2531 alii
1441 2474 1668 2547 perfecti
1713 2474 1819 2533 sub
1856 2474 2005 2544 illis;
2060 2474 2153 2531 sed

555 2562 724 2624 etiam
753 2574 885 2624 sunt
909 2566 968 2624 in
995 2567 1378 2624 eadem’domo
1417 2566 1596 2639 lignea
1642 2584 1773 2623 vasa
1815 2575 1871 2624 et
1912 2565 2108 2637 ﬁctilia
2130 2581 2151 2621 :

556 2661 706 2720 sicut
744 2661 801 2719 in
828 2661 1000 2718 domo
1035 2659 1139 2718 Dei
1160 2661 1383 2741 quidam
1419 2653 1571 2730 mali,
1602 2659 1693 2721 alii
1729 2660 2048 2717 deteriores.
2080 2658 2151 2714 Et

554 2748 806 2829 quedam
844 2754 1059 2832 quidem
1107 2770 1301 2815 eorum
1335 2769 1596 2814 vasorum
1638 2764 1767 2811 sunt
1789 2755 1846 2809 in
1880 2742 2151 2823 honorem,

556 2847 619 2902 in
649 2847 853 2919 quibus
872 2847 1124 2918 potiones
1152 2847 1313 2903 bonae
1340 2846 1735 2905 reconduntur.
1769 2845 2029 2913 Quaedam
2055 2862 2154 2900 au-

557 2948 664 2997 tem
696 2948 830 3001 sum
861 2940 923 2999 in.
959 2939 1381 2999 contumeliam:
1425 2947 1487 2995 ut
1528 2937 1599 2994 ad
1622 2937 1996 3011 recipiendum
2039 2938 2154 2994 uri-

553 3046 710 3100 nam,
732 3039 797 3091 et
816 3026 1138 3103 liujusmodi
1165 3049 1179 3087 :
1216 3040 1400 3087 tamen
1427 3031 1572 3088 sicut
1593 3029 2001 3088 honorabiliora
2023 3045 2154 3086 vasa

482 3185 498 3222 ἱ
554 3124 618 3180 in
645 3123 813 3181 domo
842 3131 976 3185 sunt
1001 3124 1336 3192 necessaria,
1363 3122 1558 3180 eodem
1590 3121 1755 3179 modo
1790 3137 1925 3178 vasa
1954 3132 2153 3213 contu-

1099 437 1159 492 s.
1191 420 1549 490 'Butmoms
1585 419 2238 485 CARTHUSIANORUM
2275 419 2766 479 lNS’l'ITUTORtS
2799 419 2954 480 opp.
2992 418 3177 479 PARS
3213 418 3281 477 tt.

2174 535 2222 593 Δ
2247 549 2308 593 se
2348 521 2494 593 male
2521 537 2700 610 egisse
2740 534 3104 607 pmnitebunt,
3139 532 3411 591 veniendo
3440 531 3518 590 sic
3544 536 3612 589 ad
3636 552 3776 611 cogito.
3798 581 3816 611 ι

2251 630 2501 685 scendam
2545 608 2820 685 ueritatem
2841 627 2966 685 ﬁdei
3003 647 3017 684 :
3050 637 3104 684 et
3135 626 3319 700 agnita
3347 624 3471 682 ﬁdei
3493 608 3701 685 veritate
3717 608 3811 688 τε-ἱ

2252 720 2515 792 sipiscant
2556 736 2608 793 at
2628 718 2833 791 laqueis
2867 717 3093 785 diaboli,
3128 717 3185 774 id
3212 729 3297 774 est
3316 731 3348 773 a
3375 717 3605 788 peccatis
3620 720 3776 790 quibus

2251 808 2504 866 diabolus
2554 807 2944 879 illaqueaverat
2963 821 3061 864 eos
3090 822 3105 860 :
3131 823 3164 862 a
3184 822 3313 879 quo"
3337 805 3552 863 diabolo
3590 817 3777 867 teneatur

2240 901 2470 973 captivi,
2519 898 2765 972 quandiu
2807 899 2865 955 in
2912 899 3155 971 peccatis
3202 907 3351 955 sunt.
3401 896 3677 975 Tenentur,
3716 901 3778 958 is-

2228 1008 2417 1065 ‘quam
2441 1034 2457 1061 ,
2508 992 2578 1047 ad
2638 990 3045 1064 exsequendum
3112 991 3279 1063 ipsius
3335 989 3534 1047 diaboli
3584 992 3777 1049 uolunta-

2241 1094 2378 1143 ‘tem.

2864 1174 3109 1232 CAPUT
3144 1174 3233 1234 ιη.

2246 1293 2253 1300 ·
2335 1297 2354 1330 ι
2383 1275 2497 1335 Hoc
2527 1284 2709 1333 autem
2736 1275 2896 1344 scito,
2931 1275 3079 1346 quod
3110 1274 3165 1330 in
3194 1273 3512 1332 novissimis
3534 1273 3703 1333 diebus
3720 1276 3781 1334 in-

2261 1388 2280 1423 ι
2327 1370 2554 1425 stabunt
2608 1378 2859 1440 tempora
2898 1368 3208 1441 periculosa
3240 1386 3253 1423 :
3285 1375 3344 1423 et
3380 1376 3540 1424 erunt
3581 1368 3781 1426 homines

2260 1478 2281 1513 ο
2326 1461 2539 1531 seipsos
2583 1470 2853 1529 amantes,
2900 1459 3105 1531 cupidi,
3129 1459 3278 1528 elati,
3306 1459 3548 1531 superbi,
3576 1459 3780 1531 blasphe-

2259 1570 2281 1606 ι
2325 1552 2423 1621 mi,
2477 1552 2796 1623 parentibus
2822 1566 2934 1608 non
2977 1551 3319 1622 obedientes,
3359 1551 3577 1624 ingrati,
3595 1552 3781 1623 scelesti,

2242 1664 2280 1700 1
2325 1645 2446 1704 sine
2469 1644 2778 1714 affectione,
2828 1643 2951 1702 sine
2978 1659 3136 1716 pace,
3186 1643 3588 1710 criminatores,
3606 1642 3785 1699 inconti-

2260 1754 2280 1791 ι
2325 1745 2538 1804 nentes,
2560 1734 2821 1804 immites,
2846 1736 2966 1791 sine
2985 1734 3342 1806 benignitate,
3366 1733 3787 1805 proditores,pro-

2268 1847 2287 1881 ι
2333 1827 2474 1884 tervi
2503 1824 2840 1900 [procaces],
2889 1825 3043 1894 caeci,
3069 1823 3266 1881 tumidi
3292 1840 3308 1879 :
3331 1824 3656 1895 voluptatum
3673 1839 3786 1880 ama-

2259 1938 2280 1974 t
2327 1928 2474 1976 tores
2496 1919 2674 1992 magis
2709 1932 2876 1989 quam
2906 1915 3024 1985 Dei,
3057 1916 3323 1973 habentes
3347 1914 3583 1988 speciem
3616 1915 3785 1988 quidem

2259 2029 2280 2084 ᾳ
2321 2011 2565 2084 pietatis,
2612 2011 2872 2066 virtutem
2921 2006 3253 2082 [veritatem]
3283 2016 3469 2064 autem
3513 2007 3625 2079 ejus
3658 2007 3786 2063 abne-

2243 2083 2301 2158 ’ῗ
2323 2083 2535 2177 gantes.
2561 2103 2627 2160 Et
2654 2099 2756 2159 hos
2775 2101 2977 2158 devita.
3011 2100 3090 2157 Ex
3115 2101 3203 2157 his
3227 2101 3380 2157 enim
3408 2110 3536 2159 sunt
3560 2100 3645 2171 qui
3663 2114 3785 2171 pem-

2259 2215 2279 2249 ι
2319 2205 2471 2254 trant
2493 2196 2708 2264 domos,
2733 2206 2787 2253 et
2806 2194 3049 2267 captivas
3073 2189 3299 2251 ducunt'
3317 2192 3674 2259 mulierculas,
3692 2207 3787 2249 ous-

2227 2306 2237 2314 ·’
2263 2307 2285 2342 α
2327 2296 2481 2346 ratas
2515 2287 2777 2360 peccatis,
2828 2302 2953 2361 quae
2980 2286 3260 2353 ducuntur
3285 2286 3460 2343 variis
3515 2285 3784 2342 desideriis:

2260 2398 2281 2433 σ
2325 2395 2541 2451 semper
2571 2378 2868 2448 discentes,
2896 2372 2952 2435 et
2981 2394 3268 2450 nunquam
3299 2379 3370 2436 ad
3421 2378 3689 2435 scientiam
3723 2394 3790 2435 ve-

2229 2488 2281 2545 ἧς
2318 2470 2500 2529 ritatis
2542 2470 2944 2543 pervenientes.
2976 2468 3457 2537 Quemadmodum
3489 2478 3659 2526 autem
3680 2467 3791 2524 lam-

2260 2581 2280 2616 ‹
2323 2576 2424 2620 nes
2446 2570 2502 2620 et
2527 2560 2800 2619 Mambres
2823 2560 3156 2631 restiterunt,
3175 2561 3351 2635 Moysi
3379 2561 3582 2634 (Exod.
3599 2578 3684 2629 vn,
3703 2561 3789 2631 tt);

2260 2674 2280 2708 σ
2326 2655 2401 2712 ita
2457 2663 2514 2712 et
2570 2654 2629 2714 bi
2685 2654 2954 2711 resistunt
3003 2653 3241 2723 veritati,
3289 2654 3548 2711 homines
3602 2652 3790 2723 corrupti

2260 2763 2280 2798 ι
2326 2753 2530 2815 mente,
2573 2743 2792 2816 reprobi
2821 2743 2968 2799 circa
2995 2742 3158 2800 ﬁdem
3192 2728 3334 2800 :‘scd
3378 2744 3521 2798 ultra
3548 2756 3649 2798 non
3667 2740 3794 2813 proli-

2228 2852 2281 2891 “c
2326 2838 2493 2896 cient.
2531 2834 2850 2909 insipientia
2880 2834 3029 2891 enim
3052 2852 3245 2893 eorum
3277 2834 3571 2892 manifesta
3597 2835 3791 2890 eritom—

2262 2949 2281 2983 ι
2328 2929 2516 2999 nibus,
2557 2929 2705 2985 sicut
2725 2938 2778 2986 et
2815 2930 3036 2986 illorum
3075 2929 3201 2985 fuit.
3234 2927 3318 2985 Tu
3342 2937 3523 2984 autem
3565 2933 3796 2985 assecutus

2240 3028 2282 3075 ’c
2327 3037 2388 3079 es
2409 3037 2588 3078 meam
2627 3021 2959 3090 doctrinam,
3014 3021 3441 3089 institutionem,
3482 3018 3794 3092 propositum,

2262 3132 2282 3167 α
2328 3114 2511 3182 ﬁdem,
2541 3113 3035 3188 longanimitatem,
3080 3112 3453 3180 dilectionem,
3510 3110 3793 3183 patientiam,

540 3217 810 3276 'meliosa.
862 3216 955 3276 Sic
994 3218 1051 3273 in
1094 3216 1339 3274 Ecclesia
1371 3215 1466 3272 Dei
1504 3215 1635 3273 mali
1676 3225 1732 3273 et
1769 3215 1898 3272 boni
1936 3201 2156 3285 utrique
2181 3222 2229 3289 α
2265 3226 2283 3260 ι
2330 3206 2764 3279 persecutiones,
2796 3205 3085 3277 passiones
3113 3204 3334 3276 :qualia
3361 3203 3499 3259 mihi
3549 3202 3681 3258 facta
3702 3209 3796 3256 sunt

555 3312 727 3369 modo
749 3327 857 3386 suo
872 3310 1178 3369 necessarii
1207 3320 1356 3374 sunt.
1388 3308 1447 3366 Si
1474 3310 1624 3366 enim
1646 3309 1779 3366 mali
1804 3314 1917 3366 non
1944 3317 2151 3377 essent,

541 3398 675 3486 inon
697 3414 845 3463 esset
868 3404 1125 3463 meritum
1151 3404 1446 3462 honorum.
1477 3402 1537 3460 Si
1559 3403 1708 3460 enim
1732 3417 1844 3461 non
1875 3402 1947 3459 sit
1968 3417 2155 3474 perse—

550 3497 742 3571 cutio,
761 3496 855 3557 ubi
879 3496 1143 3568 patientia
1168 3493 1483 3552 bonorum?

549 3578 559 3589 ’
634 3588 909 3661 Quoniam
938 3588 1163 3663 quidem
1196 3602 1331 3649 vasa
1355 3595 1450 3644 aut
1488 3587 1548 3642 in
1584 3586 1834 3642 honorem
1875 3594 2026 3657 sunt,
2061 3594 2158 3642 aut

544 3677 624 3766 iis
664 3680 1042 3739 contumeliam
1069 3696 1088 3736 :
1118 3688 1176 3743 et
1208 3679 1355 3739 nihil
1400 3679 1480 3736 ibi
1504 3678 1747 3736 medium
1783 3687 1908 3736 est:
1942 3694 2077 3751 ergo
2107 3679 2156 3733 si

563 3775 685 3851 quis
712 3773 1047 3828 mandaverit
1069 3789 1124 3828 se
1149 3772 1213 3826 ab
1244 3772 1386 3838 istis,
1420 3770 1477 3828 id
1509 3779 1594 3828 est
1620 3772 1667 3828 si
1695 3771 1822 3843 quis
1850 3786 1961 3827 non
1991 3768 2159 3826 fuerit

547 3881 662 3953 .vas
694 3867 750 3922 in
781 3865 1197 3933 contumeliam;
1230 3865 1332 3921 erit
1374 3879 1465 3919 vas
1505 3864 1563 3919 in
1590 3863 1841 3918 honorem
1876 3861 2008 3919 Deo.
2050 3861 2157 3919 Va’s

549 3956 690 4017 'dico
715 3958 1136 4029 sanctiﬁcatum,
1168 3956 1222 4013 id
1251 3966 1337 4013 est
1371 3956 1732 4025 justiticatum
1765 3972 1797 4012 a
1833 3955 2075 4027 peccatis
2107 3962 2158 4009 et

549 4040 730 4125 fetiam
751 4049 884 4107 utile
909 4048 1140 4103 Domino
1164 4064 1184 4103 .'
1215 4049 1346 4122 quia
1369 4058 1628 4124 paratum.
1647 4059 1731 4106 est
1753 4049 1823 4102 ad
1854 4064 2005 4103 omne
2027 4064 2158 4118 opus

548 4128 1129 4230 Ibonumql'aciendum.
1157 4139 1401 4207 Profana
1424 4142 1601 4199 devita
1625 4157 1644 4196 :
1670 4156 1771 4197 nec.
1800 4141 1904 4196 hoc
1934 4140 2114 4196 solum
2141 4158 2155 4194 :

550 4236 664 4331 ‘sed
679 4235 853 4292 etiam
869 4236 991 4308 fuge
1001 4237 1264 4298 desideria
1272 4235 1561 4311 juvenilia,
1584 4234 1739 4299 idest
1756 4232 2157 4304 qumlubricam

560 4328 907 4401 iuventutem
932 4324 1296 4387 instimulant.
1332 4326 1461 4384 llrec
1494 4326 1653 4399 fuge,
1679 4335 1880 4385 sectare
1919 4341 2037 4381 vero
2060 4326 2158 4395 ju-

548 4422 795 4528 .stitiam,
818 4420 874 4479 id
894 4430 981 4479 est
1005 4421 1317 4497 aequitatem
1332 4420 1408 4476 'ad
1424 4434 1638 4476 omnes.
1665 4417 1924 4473 Fidemin
1945 4416 2113 4495 Deum
2144 4437 2156 4472 :

548 4511 872 4611 gcastitatem
902 4515 1088 4573 carnis
1133 4523 1192 4572 et
1234 4513 1425 4569 animi.
1467 4511 1689 4580 Pacem,
1713 4511 1769 4568 id
1808 4521 1892 4569 est
1928 4526 2159 4567 concor-

562 4606 737 4677 diam,
766 4606 927 4685 θαι
952 4607 1152 4666 habeto
1180 4622 1307 4664 cum
1336 4606 1423 4663 his
1446 4604 1543 4678 qui
1572 4604 1640 4662 de
1662 4620 1801 4673 puro
1813 4604 1977 4660 corde
2005 4603 2160 4661 invo-

548 4674 1061 4764 gcant'Dominum.
1111 4695 1224 4753 Nec
1264 4696 1443 4754 solum
1463 4674 1753 4768 iuvenilia
1804 4694 2013 4767 fugias,
2063 4695 2159 4750 sed

545 4770 735 4879 {etiam
758 4790 936 4848 devita
958 4791 1275 4863 qutestiones
1291 4790 1488 4847 stultas
1513 4790 1570 4848 in
1590 4790 1792 4862 quibus
1817 4804 1919 4845 nec
1931 4788 2161 4846 scientia

548 4890 672 4965 Best,
692 4896 798 4938 nec
815 4897 939 4939 esse
958 4881 1195 4940 videtur.
1216 4881 1416 4938 Devita
1441 4880 1612 4936 etiam
1628 4895 1722 4937 eas
1750 4894 1873 4949 qua:
1902 4880 2030 4948 licet
2048 4895 2160 4935 non

549 4971 647 5057 lita
675 4974 856 5030 stultae
893 4973 1025 5043 sint,
1069 4972 1207 5032 sunt
1229 4982 1416 5030 tamen
1463 4973 1576 5027 sine
1614 4970 1798 5027 fructu
1831 4969 2162 5056 Christiana:

564 5065 888 5137 discipline,
912 5065 1287 5123 utdialecti‘me
1312 5064 1628 5137 qumtiones
1658 5078 1685 5117 τι
1700 5063 1872 5118 sciens
1895 5051 2004 5120 hoc
2020 5064 2160 5138 quod

565 5171 696 5227 quas
735 5165 867 5213 sunt
897 5155 1237 5227 huiusmodi,
1266 5160 1517 5226 generant
1556 5151 1698 5208 lites.
1737 5150 1955 5208 Servum
1985 5164 2161 5209 autem

547 5239 794 5304 'Domini
821 5247 991 5320 (quod
1027 5256 1091 5304 tu
1109 5262 1199 5315 es,
1221 5255 1278 5303 et
1296 5260 1422 5304 esse
1465 5244 1655 5318 debes)
1686 5262 1789 5301 non
1812 5255 2027 5318 oportet.
2043 5247 2159 5302 liti-

555 5336 697 5412 gare
724 5356 743 5396 :
775 5341 866 5396 sed
891 5346 1108 5412 oportet
1145 5356 1258 5395 esse
1304 5348 1657 5410 mansuetum,
1688 5340 1742 5397 id
1768 5350 1854 5399 est
1894 5340 1950 5396 in
1984 5340 2162 5399 omni-

551 5428 679 5491 bus
704 5430 1054 5491 moderatum
1083 5440 1136 5487 et
1176 5431 1255 5487 ad’
1276 5448 1475 5501 omnes,
1503 5433 1734 5502 scilicet,
1772 5425 2074 5499 docibilem,
2109 5432 2162 5488 id

567 5533 659 5583 est
679 5541 807 5583 cum
845 5518 1130 5585 habilitate
1158 5523 1446 5582 docentem
1474 5525 1612 5582 alios
1640 5544 1656 5594 ;
1688 5526 1976 5597 patientem
1999 5523 2164 5583 etiam
2204 5516 2211 5518 ⁷

568 5633 916 5691 quaecunque
954 5616 1262 5678 inferantur
1287 5618 1338 5675 ei
1366 5636 1380 5676 :
1404 5625 1460 5675 et
1489 5619 1862 5690 corripientem
1887 5633 2026 5682 cum~
2049 5632 2165 5669 mo-

570 5707 746 5768 destia
793 5729 880 5769 eos
923 5713 1015 5784 qui
1059 5714 1311 5769 resistunt
1361 5711 1592 5779 veritati,
1645 5727 1755 5766 non
1786 5725 1909 5766 cum
1949 5707 2165 5780 litigio:

571 5803 698 5862 ideo
712 5804 791 5860 sic
813 5804 1216 5876 corripientem,
1236 5821 1297 5858 ne
1323 5802 1557 5874 quando,
1586 5802 1639 5857 id
1663 5809 1747 5857 est
1775 5809 1833 5857 ut
1850 5800 2164 5871 aliquando,

551 5886 653 5959 ‘get
682 5892 824 5960 Deus
856 5895 968 5951 illis
999 5897 1387 5967 paenitentiam.
1407 5894 1689 5951 Fertassis
1706 5894 1853 5951 enim
1874 5893 2167 5966 aliquando

2262 3319 2283 3352 s
2326 3298 2650 3366 Antiochiae,
2684 3296 2874 3364 lconii,
2921 3296 3142 3363 Listris,
3197 3296 3391 3367 quales
3445 3292 3797 3366 persecutiones

2262 3408 2283 3442 ι
2327 3390 2567 3447 sustinui
2599 3409 2612 3445 :
2651 3398 2705 3445 et
2726 3404 2791 3445 ex
2816 3388 3075 3445 omnibus
3096 3387 3299 3459 eripuit
3345 3401 3437 3442 me
3468 3384 3728 3440 Dominus.
3750 3380 3798 3435 Et

2263 3501 2283 3534 α
2329 3497 2520 3538 omnes
2552 3481 2647 3553 qui
2670 3480 2757 3553 pie
2783 3480 2977 3541 volunt
2994 3478 3179 3536 vivere
3214 3478 3272 3533 in
3298 3476 3523 3533 Christo
3545 3474 3684 3543 Iesu,
3709 3488 3799 3545 pet-

2264 3592 2284 3626 t
2329 3573 2666 3631 sccutionem
2686 3573 2982 3644 patientur.
3030 3571 3157 3626 Mali
3183 3578 3367 3625 autem
3417 3569 3655 3625 homines
3678 3575 3800 3621 etse-

2209 3679 2217 3683 '
2248 3680 2285 3719 ι
2328 3665 2589 3722 ductores
2612 3663 2910 3735 proﬁciunt
2936 3665 2991 3720 in
3034 3663 3226 3734 pejus;
3257 3670 3531 3728 errantes,
3548 3669 3599 3716 et
3620 3661 3669 3715 in
3686 3671 3802 3713 erro-

2264 3774 2287 3808 ο
2331 3769 2447 3810 rem
2492 3753 2793 3809 mittentes.
2840 3751 2923 3807 Tu
2952 3766 3085 3808 vero
3111 3766 3374 3823 permane
3426 3750 3482 3805 iu
3514 3749 3597 3804 his
3616 3762 3721 3820 qua:
3740 3744 3803 3799 di-

2265 3864 2285 3898 e
2329 3842 2513 3899 dicisti
2554 3851 2610 3898 et
2643 3841 2852 3897 credita
2895 3840 3214 3897 sunttihi:
3256 3839 3440 3896 sciens
3464 3835 3802 3909 aquodidioe-

2266 3955 2285 3988 ι
2330 3934 2450 3992 ris:
2485 3944 2540 3990 et
2573 3934 2704 4005 quia
2735 3933 2804 3988 ab
2829 3931 3059 3988 infantia
3090 3945 3279 3988 sacras
3307 3931 3518 3986 litteras
3537 3926 3691 3994 nosti,
3712 3938 3803 3996 qua

2266 4042 2286 4077 ι
2334 4033 2385 4080 te
2405 4030 2639 4094 possunt
2668 4023 2942 4078 instruere
2967 4021 3035 4077 ad
3057 4019 3289 4077 salutem
3315 4034 3418 4091 per
3443 4019 3598 4074 tidem
3624 4019 3805 4087 quaeest

2267 4134 2287 4169 ι
2334 4117 2390 4172 in
2409 4115 2633 4172 Christo
2675 4112 2808 4169 Iesu
2852 4111 3047 4168 Omnis
3090 4113 3236 4169 enim
3289 4112 3561 4182 scriptura
3588 4105 3807 4164 divinitus

2268 4227 2287 4260 ι
2330 4207 2597 4278 inspirata
2638 4205 2789 4260 utilis
2822 4212 2908 4260 est
2941 4204 3010 4259 ad
3031 4203 3364 4271 docendum,
3401 4203 3471 4258 ad
3493 4199 3807 4274 urguendum,

2268 4319 2288 4354 σ
2333 4300 2402 4354 ad
2441 4298 2873 4370 corripiendum,
2904 4296 2974 4352 ad
3012 4296 3375 4353 erudiendum
3406 4295 3466 4351 in
3505 4290 3806 4368 justitiaz'ul

2240 4396 2289 4447 δι
2334 4380 2611 4465 perfectus
2637 4391 2707 4447 sit
2730 4391 2899 4448 homo
2924 4388 3043 4458 Dei,
3069 4389 3140 4447 ad
3168 4404 3333 4446 omne
3358 4405 3502 4467 opus
3529 4389 3717 4445 bonum
3738 4385 3805 4441 iu-

2271 4510 2289 4541 s
2334 4494 2599 4543 structus.
2641 4503 2660 4538 I
2856 4508 2857 4511 ‘
3054 4504 3059 4509 '
3627 4502 3633 4507 ’

2192 4569 2238 4624 D
2912 4613 3099 4654 IXPOSI
3106 4614 3138 4653 τ
3147 4614 3218 4653 ιο.

2341 4692 2529 4750 Devita
2573 4691 2769 4748 stultas
2801 4690 3133 4760 quaestiones
3163 4709 3177 4744 :
3210 4688 3390 4745 devita
3415 4689 3578 4745 etiam
3601 4684 3809 4742 homines

2257 4788 2537 4845 habentes
2568 4784 2804 4856 speciem
2835 4783 3080 4855 pietatis,
3106 4791 3213 4838 etc.
3254 4780 3363 4837 Sed
3404 4781 3707 4853 priusquam
3730 4775 3810 4831 hoc

2265 4886 2457 4951 ponat,
2488 4866 2771 4949 praemittit
2802 4890 3023 4942 causas,
3049 4888 3223 4945 quare
3251 4872 3391 4929 tales
3420 4869 3680 4928 devitandi
3708 4866 3809 4929 sint,

2267 4972 2458 5028 dicens
2489 4987 2503 5025 :
2534 4966 2658 5025 Non
2689 4968 2868 5024 solum
2892 4966 3039 5038 quod
3066 4964 3411 5036 praemissum
3437 4966 3524 5020 est
3548 4957 3809 5032 faciendum

2266 5078 2390 5123 esse
2420 5060 2588 5130 scias,
2633 5060 2727 5116 sed
2770 5058 2935 5115 etiam
2971 5058 3067 5112 hoc
3090 5058 3248 5123 scito,
3275 5053 3428 5129 quod
3464 5057 3521 5109 in
3559 5046 3810 5108 novissimis

2250 5157 2478 5231 diebus,
2496 5156 2550 5212 id
2576 5163 2663 5212 est
2688 5153 2834 5212 circa
2872 5152 3037 5208 ﬁnem
3072 5150 3285 5217 mundi,
3315 5150 3589 5205 instabunt
3618 5154 3812 5212 tempore

2266 5247 2587 5320 periculosa,
2621 5246 2676 5302 id
2697 5259 2782 5302 est
2806 5246 2860 5300 in
2882 5255 3125 5315 tempore
3165 5243 3258 5297 illo
3281 5241 3568 5299 instabunt
3589 5231 3813 5295 docendot

2244 5349 2323 5416 ,et
2349 5356 2447 5398 eos
2476 5339 2572 5417 qui
2604 5354 2716 5394 non
2745 5336 3091 5393 consentient
3124 5333 3415 5407 afﬂigendo
3448 5323 3816 5417 periculosido-

2267 5442 2449 5491 ctorcs
2477 5447 2490 5483 :
2514 5414 2613 5502 qui
2644 5429 2930 5488 credentes
2966 5426 3069 5483 sibi
3095 5425 3151 5481 in
3176 5426 3348 5487 multa
3372 5425 3677 5495 demergent
3698 5414 3817 5489 peri-

2268 5523 2393 5581 cula
2447 5541 2460 5576 :
2507 5531 2558 5577 et
2616 5531 2750 5579 tunc
2797 5521 2853 5583 in
2906 5517 3257 5599 temporibus
3287 5517 3398 5575 illis
3434 5525 3586 5573 erunt
3613 5509 3816 5567 hostiae:

2273 5625 2512 5671 amantes
2559 5614 2779 5684 scipsos,
2807 5614 2862 5669 id
2890 5621 2976 5669 est
3005 5611 3314 5671 carnalilati
3350 5626 3470 5668 sua:
3509 5607 3702 5667 murem
3738 5614 3817 5671 $0-

2272 5718 2454 5764 rentes
2484 5708 2571 5764 his
2594 5706 2796 5766 modis.
2828 5705 3005 5762 Erunt
3043 5705 3193 5762 enim
3220 5704 3424 5774 cupidi,
3449 5704 3502 5759 id
3537 5710 3617 5759 est
3637 5703 3814 5753 amato-

2273 5818 2360 5866 res
2394 5800 2664 5874 pecuniae.
2699 5797 2876 5854 Erunt
2918 5798 3083 5854 etiam
3140 5797 3292 5864 elati,
3333 5795 3387 5851 id
3414 5800 3503 5851 est
3531 5791 3646 5849 aliis
3668 5801 3715 5844 se
3738 5798 3815 5874 stt-

2254 5872 2573 5970 'perpvoncre
2597 5890 2899 5965 cupientes.
2934 5885 3106 5947 Erunt
3128 5888 3373 5967 superbi,
3392 5887 3554 5945 idest
3574 5885 3628 5942 in
3647 5872 3820 5948 adeptis
