  <div class='ocr_page' id='page_1' title='image "/cluster/home/n/w/nwhite01/storage/ocr_20150623/153/hvd.32044015473812/240.png"; bbox 0 0 3988 6408; ppageno 0'>
   <div class='ocr_carea' id='block_1_1' title="bbox 781 370 2903 483">
    <p class='ocr_par' dir='ltr' id='par_1_1' title="bbox 781 370 2903 483">
     <span class='ocr_line' id='line_1_1' title="bbox 781 370 2903 483; baseline 0.002 -6"><span class='ocrx_word' id='word_1_1' title='bbox 781 402 1151 478; x_wconf 64' lang='lat' dir='ltr'><strong>exeosrrto</strong></span> <span class='ocrx_word' id='word_1_2' title='bbox 1185 418 1259 477; x_wconf 83' lang='lat' dir='ltr'><strong>1N</strong></span> <span class='ocrx_word' id='word_1_3' title='bbox 1295 370 1680 477; x_wconf 63' lang='lat' dir='ltr'><strong>smsioms</strong></span> <span class='ocrx_word' id='word_1_4' title='bbox 1718 418 1944 476; x_wconf 60' lang='lat' dir='ltr'><strong>rsum.</strong></span> <span class='ocrx_word' id='word_1_5' title='bbox 1982 453 2052 464; x_wconf 83' lang='grc'><strong><em>-</em></strong></span> <span class='ocrx_word' id='word_1_6' title='bbox 2088 420 2159 478; x_wconf 84' lang='lat' dir='ltr'><strong>IN</strong></span> <span class='ocrx_word' id='word_1_7' title='bbox 2190 422 2409 483; x_wconf 78' lang='lat' dir='ltr'><strong>EPIST‘.</strong></span> <span class='ocrx_word' id='word_1_8' title='bbox 2452 424 2501 480; x_wconf 88' lang='lat' dir='ltr'><strong>u</strong></span> <span class='ocrx_word' id='word_1_9' title='bbox 2533 427 2631 481; x_wconf 77' lang='lat' dir='ltr'><strong>At)</strong></span> <span class='ocrx_word' id='word_1_10' title='bbox 2661 424 2802 482; x_wconf 74' lang='lat' dir='ltr'><strong>ml.</strong></span> <span class='ocrx_word' id='word_1_11' title='bbox 2898 394 2903 401; x_wconf 78' lang='grc'><strong>’</strong></span> 
     </span>
    </p>
   </div>
   <div class='ocr_carea' id='block_1_2' title="bbox 3331 428 3437 483">
    <p class='ocr_par' dir='ltr' id='par_1_2' title="bbox 3331 428 3437 483">
     <span class='ocr_line' id='line_1_2' title="bbox 3331 428 3437 483; baseline -0.019 -1"><span class='ocrx_word' id='word_1_12' title='bbox 3331 428 3437 483; x_wconf 72' lang='grc' dir='ltr'><strong>47υ</strong></span> 
     </span>
    </p>
   </div>
   <div class='ocr_carea' id='block_1_3' title="bbox 156 524 3447 615">
    <p class='ocr_par' dir='ltr' id='par_1_3' title="bbox 156 524 3447 615">
     <span class='ocr_line' id='line_1_3' title="bbox 156 524 3447 615; baseline 0.002 -23"><span class='ocrx_word' id='word_1_13' title='bbox 156 534 485 593; x_wconf 77' lang='lat' dir='ltr'><strong>honoribus</strong></span> <span class='ocrx_word' id='word_1_14' title='bbox 509 535 697 593; x_wconf 81' lang='lat' dir='ltr'><strong>illicite</strong></span> <span class='ocrx_word' id='word_1_15' title='bbox 716 536 1030 615; x_wconf 80' lang='lat' dir='ltr'><strong>gloriantes.</strong></span> <span class='ocrx_word' id='word_1_16' title='bbox 1054 539 1230 599; x_wconf 85' lang='lat' dir='ltr'><strong>Erunt</strong></span> <span class='ocrx_word' id='word_1_17' title='bbox 1266 544 1431 608; x_wconf 82' lang='lat' dir='ltr'><strong>etiam</strong></span> <span class='ocrx_word' id='word_1_18' title='bbox 1462 541 1751 614; x_wconf 79' lang='lat' dir='ltr'><strong>blasphemi</strong></span> <span class='ocrx_word' id='word_1_19' title='bbox 1781 539 1827 602; x_wconf 78' lang='grc' dir='ltr'><strong>Α</strong></span> <span class='ocrx_word' id='word_1_20' title='bbox 1855 534 2201 598; x_wconf 75' lang='lat' dir='ltr'><strong>Mulierculas</strong></span> <span class='ocrx_word' id='word_1_21' title='bbox 2221 540 2608 599; x_wconf 73' lang='lat' dir='ltr'><strong>dl&#39;coonemtas</strong></span> <span class='ocrx_word' id='word_1_22' title='bbox 2631 542 3289 612; x_wconf 71' lang='lat' dir='ltr'><strong>peccatis,_dum&#39;scduct:e</strong></span> <span class='ocrx_word' id='word_1_23' title='bbox 3307 524 3447 601; x_wconf 31' lang='lat' dir='ltr'><strong>sunt.</strong></span> 
     </span>
    </p>
   </div>
   <div class='ocr_carea' id='block_1_4' title="bbox 161 625 1758 705">
    <p class='ocr_par' dir='ltr' id='par_1_4' title="bbox 161 625 1758 705">
     <span class='ocr_line' id='line_1_4' title="bbox 161 625 1758 705; baseline 0.009 -25"><span class='ocrx_word' id='word_1_24' title='bbox 161 636 372 682; x_wconf 76' lang='lat' dir='ltr'><strong>contra</strong></span> <span class='ocrx_word' id='word_1_25' title='bbox 420 625 592 683; x_wconf 85' lang='lat' dir='ltr'><strong>Deum</strong></span> <span class='ocrx_word' id='word_1_26' title='bbox 637 637 691 686; x_wconf 87' lang='lat' dir='ltr'><strong>et</strong></span> <span class='ocrx_word' id='word_1_27' title='bbox 722 629 1026 689; x_wconf 77' lang='lat' dir='ltr'><strong>doctrinam</strong></span> <span class='ocrx_word' id='word_1_28' title='bbox 1056 634 1196 705; x_wconf 91' lang='lat' dir='ltr'><strong>ejus.</strong></span> <span class='ocrx_word' id='word_1_29' title='bbox 1244 635 1421 691; x_wconf 86' lang='lat' dir='ltr'><strong>Erunt</strong></span> <span class='ocrx_word' id='word_1_30' title='bbox 1455 636 1618 693; x_wconf 89' lang='lat' dir='ltr'><strong>etiam</strong></span> <span class='ocrx_word' id='word_1_31' title='bbox 1655 656 1758 694; x_wconf 82' lang='lat' dir='ltr'><strong>non</strong></span> 
     </span>
    </p>
   </div>
   <div class='ocr_carea' id='block_1_5' title="bbox 163 716 1758 800">
    <p class='ocr_par' dir='ltr' id='par_1_5' title="bbox 163 716 1758 800">
     <span class='ocr_line' id='line_1_5' title="bbox 163 716 1758 800; baseline 0.01 -30"><span class='ocrx_word' id='word_1_32' title='bbox 163 716 477 772; x_wconf 69' lang='lat' dir='ltr'><strong>ebedientes</strong></span> <span class='ocrx_word' id='word_1_33' title='bbox 528 721 858 789; x_wconf 86' lang='lat' dir='ltr'><strong>parentibus,</strong></span> <span class='ocrx_word' id='word_1_34' title='bbox 901 738 998 779; x_wconf 89' lang='lat' dir='ltr'><strong>seu</strong></span> <span class='ocrx_word' id='word_1_35' title='bbox 1050 726 1360 782; x_wconf 82' lang='lat' dir='ltr'><strong>carnalibus</strong></span> <span class='ocrx_word' id='word_1_36' title='bbox 1397 727 1563 800; x_wconf 87' lang='lat' dir='ltr'><strong>(quod</strong></span> <span class='ocrx_word' id='word_1_37' title='bbox 1606 730 1758 787; x_wconf 83' lang='lat' dir='ltr'><strong>nefas</strong></span> 
     </span>
    </p>
   </div>
   <div class='ocr_carea' id='block_1_6' title="bbox 162 804 1754 894">
    <p class='ocr_par' dir='ltr' id='par_1_6' title="bbox 162 804 1754 894">
     <span class='ocr_line' id='line_1_6' title="bbox 162 804 1754 894; baseline 0.01 -33"><span class='ocrx_word' id='word_1_38' title='bbox 162 804 302 894; x_wconf 73' lang='lat' dir='ltr'><strong>est),</strong></span> <span class='ocrx_word' id='word_1_39' title='bbox 354 824 452 864; x_wconf 88' lang='lat' dir='ltr'><strong>seu</strong></span> <span class='ocrx_word' id='word_1_40' title='bbox 503 810 863 881; x_wconf 77' lang='lat' dir='ltr'><strong>spiritalibus,</strong></span> <span class='ocrx_word' id='word_1_41' title='bbox 908 823 970 870; x_wconf 93' lang='lat' dir='ltr'><strong>ut</strong></span> <span class='ocrx_word' id='word_1_42' title='bbox 1012 817 1286 889; x_wconf 83' lang='lat' dir='ltr'><strong>episcopis</strong></span> <span class='ocrx_word' id='word_1_43' title='bbox 1315 827 1371 875; x_wconf 92' lang='lat' dir='ltr'><strong>et</strong></span> <span class='ocrx_word' id='word_1_44' title='bbox 1405 822 1754 894; x_wconf 75' lang='lat' dir='ltr'><strong>presbyteris.</strong></span> 
     </span>
    </p>
   </div>
   <div class='ocr_carea' id='block_1_7' title="bbox 110 893 1762 982">
    <p class='ocr_par' dir='ltr' id='par_1_7' title="bbox 110 893 1762 982">
     <span class='ocr_line' id='line_1_7' title="bbox 110 893 1762 982; baseline 0.013 -32"><span class='ocrx_word' id='word_1_45' title='bbox 110 973 118 981; x_wconf 30' lang='lat'><strong>.</strong></span> <span class='ocrx_word' id='word_1_46' title='bbox 163 893 359 954; x_wconf 79' lang='lat' dir='ltr'><strong>Erunt</strong></span> <span class='ocrx_word' id='word_1_47' title='bbox 394 900 594 972; x_wconf 76' lang='lat' dir='ltr'><strong>ingrati</strong></span> <span class='ocrx_word' id='word_1_48' title='bbox 616 918 635 957; x_wconf 91' lang='lat'><strong>:</strong></span> <span class='ocrx_word' id='word_1_49' title='bbox 662 902 791 973; x_wconf 85' lang='lat' dir='ltr'><strong>quia</strong></span> <span class='ocrx_word' id='word_1_50' title='bbox 820 905 868 961; x_wconf 89' lang='lat' dir='ltr'><strong>si</strong></span> <span class='ocrx_word' id='word_1_51' title='bbox 892 906 1018 978; x_wconf 90' lang='lat' dir='ltr'><strong>quis</strong></span> <span class='ocrx_word' id='word_1_52' title='bbox 1060 909 1204 965; x_wconf 90' lang='lat' dir='ltr'><strong>bona</strong></span> <span class='ocrx_word' id='word_1_53' title='bbox 1245 910 1492 968; x_wconf 72' lang='lat' dir='ltr'><strong>docuerit</strong></span> <span class='ocrx_word' id='word_1_54' title='bbox 1515 893 1633 982; x_wconf 86' lang='lat' dir='ltr'><strong>eos,</strong></span> <span class='ocrx_word' id='word_1_55' title='bbox 1657 930 1762 969; x_wconf 88' lang='lat' dir='ltr'><strong>un-</strong></span> 
     </span>
    </p>
   </div>
   <div class='ocr_carea' id='block_1_8' title="bbox 163 986 1760 1066">
    <p class='ocr_par' dir='ltr' id='par_1_8' title="bbox 163 986 1760 1066">
     <span class='ocr_line' id='line_1_8' title="bbox 163 986 1760 1066; baseline 0.011 -23"><span class='ocrx_word' id='word_1_56' title='bbox 163 986 239 1045; x_wconf 90' lang='lat' dir='ltr'><strong>de</strong></span> <span class='ocrx_word' id='word_1_57' title='bbox 267 991 420 1061; x_wconf 81' lang='lat' dir='ltr'><strong>grati</strong></span> <span class='ocrx_word' id='word_1_58' title='bbox 457 1008 583 1049; x_wconf 83' lang='lat' dir='ltr'><strong>esse</strong></span> <span class='ocrx_word' id='word_1_59' title='bbox 623 994 945 1066; x_wconf 85' lang='lat' dir='ltr'><strong>debueram,</strong></span> <span class='ocrx_word' id='word_1_60' title='bbox 983 999 1204 1057; x_wconf 76' lang='lat' dir='ltr'><strong>molesti</strong></span> <span class='ocrx_word' id='word_1_61' title='bbox 1239 1011 1402 1060; x_wconf 89' lang='lat' dir='ltr'><strong>erunt</strong></span> <span class='ocrx_word' id='word_1_62' title='bbox 1440 1002 1760 1062; x_wconf 87' lang='lat' dir='ltr'><strong>doctoribus</strong></span> 
     </span>
    </p>
   </div>
   <div class='ocr_carea' id='block_1_9' title="bbox 165 1080 1759 1166">
    <p class='ocr_par' dir='ltr' id='par_1_9' title="bbox 165 1080 1759 1166">
     <span class='ocr_line' id='line_1_9' title="bbox 165 1080 1759 1166; baseline 0.011 -31"><span class='ocrx_word' id='word_1_63' title='bbox 165 1080 315 1136; x_wconf 81' lang='lat' dir='ltr'><strong>suis.</strong></span> <span class='ocrx_word' id='word_1_64' title='bbox 343 1080 523 1138; x_wconf 82' lang='lat' dir='ltr'><strong>Erunt</strong></span> <span class='ocrx_word' id='word_1_65' title='bbox 547 1085 713 1141; x_wconf 87' lang='lat' dir='ltr'><strong>etiam</strong></span> <span class='ocrx_word' id='word_1_66' title='bbox 764 1088 971 1145; x_wconf 76' lang='lat' dir='ltr'><strong>scelesti</strong></span> <span class='ocrx_word' id='word_1_67' title='bbox 997 1106 1017 1146; x_wconf 90' lang='lat'><strong>:</strong></span> <span class='ocrx_word' id='word_1_68' title='bbox 1042 1091 1336 1149; x_wconf 88' lang='lat' dir='ltr'><strong>homicidia</strong></span> <span class='ocrx_word' id='word_1_69' title='bbox 1357 1104 1411 1150; x_wconf 90' lang='lat' dir='ltr'><strong>et</strong></span> <span class='ocrx_word' id='word_1_70' title='bbox 1443 1094 1759 1166; x_wconf 88' lang='lat' dir='ltr'><strong>hujusmodi</strong></span> 
     </span>
    </p>
   </div>
   <div class='ocr_carea' id='block_1_10' title="bbox 168 1170 1759 1257">
    <p class='ocr_par' dir='ltr' id='par_1_10' title="bbox 168 1170 1759 1257">
     <span class='ocr_line' id='line_1_10' title="bbox 168 1170 1759 1257; baseline 0.011 -31"><span class='ocrx_word' id='word_1_71' title='bbox 168 1170 389 1228; x_wconf 85' lang='lat' dir='ltr'><strong>scelera</strong></span> <span class='ocrx_word' id='word_1_72' title='bbox 438 1183 737 1244; x_wconf 84' lang='lat' dir='ltr'><strong>patrantes.</strong></span> <span class='ocrx_word' id='word_1_73' title='bbox 767 1176 943 1235; x_wconf 85' lang='lat' dir='ltr'><strong>Erunt</strong></span> <span class='ocrx_word' id='word_1_74' title='bbox 984 1176 1100 1237; x_wconf 85' lang='lat' dir='ltr'><strong>sine</strong></span> <span class='ocrx_word' id='word_1_75' title='bbox 1152 1184 1450 1254; x_wconf 74' lang='lat' dir='ltr'><strong>affectione,</strong></span> <span class='ocrx_word' id='word_1_76' title='bbox 1479 1187 1626 1257; x_wconf 87' lang='lat' dir='ltr'><strong>piam</strong></span> <span class='ocrx_word' id='word_1_77' title='bbox 1660 1203 1759 1243; x_wconf 89' lang='lat' dir='ltr'><strong>vo-</strong></span> 
     </span>
    </p>
   </div>
   <div class='ocr_carea' id='block_1_11' title="bbox 167 1257 1758 1350">
    <p class='ocr_par' dir='ltr' id='par_1_11' title="bbox 167 1257 1758 1350">
     <span class='ocr_line' id='line_1_11' title="bbox 167 1257 1758 1350; baseline 0.013 -36"><span class='ocrx_word' id='word_1_78' title='bbox 167 1257 450 1350; x_wconf 76' lang='lat' dir='ltr'><strong>luntatem</strong></span> <span class='ocrx_word' id='word_1_79' title='bbox 478 1278 590 1320; x_wconf 89' lang='lat' dir='ltr'><strong>non</strong></span> <span class='ocrx_word' id='word_1_80' title='bbox 633 1265 896 1326; x_wconf 89' lang='lat' dir='ltr'><strong>habentes</strong></span> <span class='ocrx_word' id='word_1_81' title='bbox 918 1270 987 1327; x_wconf 88' lang='lat' dir='ltr'><strong>ad</strong></span> <span class='ocrx_word' id='word_1_82' title='bbox 1028 1274 1373 1344; x_wconf 86' lang='lat' dir='ltr'><strong>proximum;</strong></span> <span class='ocrx_word' id='word_1_83' title='bbox 1411 1275 1574 1350; x_wconf 65' lang='grc'><strong>342</strong></span> <span class='ocrx_word' id='word_1_84' title='bbox 1595 1279 1758 1335; x_wconf 89' lang='lat' dir='ltr'><strong>etiam</strong></span> 
     </span>
    </p>
   </div>
   <div class='ocr_carea' id='block_1_12' title="bbox 170 1348 1762 1434">
    <p class='ocr_par' dir='ltr' id='par_1_12' title="bbox 170 1348 1762 1434">
     <span class='ocr_line' id='line_1_12' title="bbox 170 1348 1762 1434; baseline 0.013 -30"><span class='ocrx_word' id='word_1_85' title='bbox 170 1348 221 1404; x_wconf 92' lang='lat' dir='ltr'><strong>si</strong></span> <span class='ocrx_word' id='word_1_86' title='bbox 246 1350 393 1407; x_wconf 86' lang='lat' dir='ltr'><strong>nihil</strong></span> <span class='ocrx_word' id='word_1_87' title='bbox 438 1351 571 1411; x_wconf 88' lang='lat' dir='ltr'><strong>dare</strong></span> <span class='ocrx_word' id='word_1_88' title='bbox 594 1365 824 1426; x_wconf 87' lang='lat' dir='ltr'><strong>queunt.</strong></span> <span class='ocrx_word' id='word_1_89' title='bbox 880 1357 1054 1416; x_wconf 86' lang='lat' dir='ltr'><strong>Erunt</strong></span> <span class='ocrx_word' id='word_1_90' title='bbox 1090 1363 1204 1418; x_wconf 89' lang='lat' dir='ltr'><strong>sine</strong></span> <span class='ocrx_word' id='word_1_91' title='bbox 1257 1379 1407 1434; x_wconf 84' lang='lat' dir='ltr'><strong>pace,</strong></span> <span class='ocrx_word' id='word_1_92' title='bbox 1438 1348 1608 1422; x_wconf 77' lang='lat' dir='ltr'><strong>idest</strong></span> <span class='ocrx_word' id='word_1_93' title='bbox 1642 1366 1762 1425; x_wconf 88' lang='lat' dir='ltr'><strong>sine</strong></span> 
     </span>
    </p>
   </div>
   <div class='ocr_carea' id='block_1_13' title="bbox 152 1443 1760 1526">
    <p class='ocr_par' dir='ltr' id='par_1_13' title="bbox 152 1443 1760 1526">
     <span class='ocr_line' id='line_1_13' title="bbox 152 1443 1760 1526; baseline 0.011 -30"><span class='ocrx_word' id='word_1_94' title='bbox 152 1443 513 1499; x_wconf 78' lang='lat' dir='ltr'><strong>concordia:</strong></span> <span class='ocrx_word' id='word_1_95' title='bbox 543 1446 640 1502; x_wconf 89' lang='lat' dir='ltr'><strong>sed</strong></span> <span class='ocrx_word' id='word_1_96' title='bbox 680 1463 898 1521; x_wconf 85' lang='lat' dir='ltr'><strong>semper</strong></span> <span class='ocrx_word' id='word_1_97' title='bbox 928 1451 986 1507; x_wconf 92' lang='lat' dir='ltr'><strong>in</strong></span> <span class='ocrx_word' id='word_1_98' title='bbox 1018 1453 1209 1526; x_wconf 79' lang='lat' dir='ltr'><strong>litigio.</strong></span> <span class='ocrx_word' id='word_1_99' title='bbox 1240 1454 1417 1511; x_wconf 80' lang='lat' dir='ltr'><strong>Erunt</strong></span> <span class='ocrx_word' id='word_1_100' title='bbox 1445 1458 1760 1513; x_wconf 76' lang='lat' dir='ltr'><strong>criminato-</strong></span> 
     </span>
    </p>
   </div>
   <div class='ocr_carea' id='block_1_14' title="bbox 171 1532 1763 1625">
    <p class='ocr_par' dir='ltr' id='par_1_14' title="bbox 171 1532 1763 1625">
     <span class='ocr_line' id='line_1_14' title="bbox 171 1532 1763 1625; baseline 0.011 -38"><span class='ocrx_word' id='word_1_101' title='bbox 171 1548 276 1625; x_wconf 79' lang='lat' dir='ltr'><strong>res,</strong></span> <span class='ocrx_word' id='word_1_102' title='bbox 306 1532 365 1590; x_wconf 87' lang='lat' dir='ltr'><strong>id</strong></span> <span class='ocrx_word' id='word_1_103' title='bbox 392 1544 480 1592; x_wconf 84' lang='lat' dir='ltr'><strong>est</strong></span> <span class='ocrx_word' id='word_1_104' title='bbox 505 1534 681 1607; x_wconf 85' lang='lat' dir='ltr'><strong>justis</strong></span> <span class='ocrx_word' id='word_1_105' title='bbox 697 1539 928 1598; x_wconf 88' lang='lat' dir='ltr'><strong>crimina</strong></span> <span class='ocrx_word' id='word_1_106' title='bbox 951 1541 1294 1625; x_wconf 81' lang='lat' dir='ltr'><strong>imponentes</strong></span> <span class='ocrx_word' id='word_1_107' title='bbox 1324 1565 1337 1602; x_wconf 90' lang='lat'><strong>:</strong></span> <span class='ocrx_word' id='word_1_108' title='bbox 1364 1562 1489 1604; x_wconf 91' lang='lat' dir='ltr'><strong>cum</strong></span> <span class='ocrx_word' id='word_1_109' title='bbox 1517 1547 1621 1620; x_wconf 84' lang='lat' dir='ltr'><strong>ipsi</strong></span> <span class='ocrx_word' id='word_1_110' title='bbox 1651 1549 1763 1605; x_wconf 84' lang='lat' dir='ltr'><strong>sint</strong></span> 
     </span>
    </p>
   </div>
   <div class='ocr_carea' id='block_1_15' title="bbox 170 1624 1762 1711">
    <p class='ocr_par' dir='ltr' id='par_1_15' title="bbox 170 1624 1762 1711">
     <span class='ocr_line' id='line_1_15' title="bbox 170 1624 1762 1711; baseline 0.013 -36"><span class='ocrx_word' id='word_1_111' title='bbox 170 1624 565 1683; x_wconf 67' lang='lat' dir='ltr'><strong>incontinentes</strong></span> <span class='ocrx_word' id='word_1_112' title='bbox 588 1631 733 1688; x_wconf 84' lang='lat' dir='ltr'><strong>:sed.</strong></span> <span class='ocrx_word' id='word_1_113' title='bbox 761 1633 968 1703; x_wconf 88' lang='lat' dir='ltr'><strong>passim</strong></span> <span class='ocrx_word' id='word_1_114' title='bbox 988 1624 1166 1691; x_wconf 83' lang='lat' dir='ltr'><strong>ruunt</strong></span> <span class='ocrx_word' id='word_1_115' title='bbox 1190 1637 1259 1693; x_wconf 89' lang='lat' dir='ltr'><strong>ad</strong></span> <span class='ocrx_word' id='word_1_116' title='bbox 1280 1653 1619 1711; x_wconf 63' lang='lat' dir='ltr'><strong>quascunque</strong></span> <span class='ocrx_word' id='word_1_117' title='bbox 1643 1656 1762 1696; x_wconf 88' lang='lat' dir='ltr'><strong>sce-</strong></span> 
     </span>
    </p>
   </div>
   <div class='ocr_carea' id='block_1_16' title="bbox 172 1715 1762 1792">
    <p class='ocr_par' dir='ltr' id='par_1_16' title="bbox 172 1715 1762 1792">
     <span class='ocr_line' id='line_1_16' title="bbox 172 1715 1762 1792; baseline 0.012 -22"><span class='ocrx_word' id='word_1_118' title='bbox 172 1715 307 1772; x_wconf 82' lang='lat' dir='ltr'><strong>lera.</strong></span> <span class='ocrx_word' id='word_1_119' title='bbox 349 1716 531 1776; x_wconf 88' lang='lat' dir='ltr'><strong>Erunt</strong></span> <span class='ocrx_word' id='word_1_120' title='bbox 552 1723 802 1792; x_wconf 78' lang='lat' dir='ltr'><strong>immites,</strong></span> <span class='ocrx_word' id='word_1_121' title='bbox 827 1725 882 1783; x_wconf 91' lang='lat' dir='ltr'><strong>id</strong></span> <span class='ocrx_word' id='word_1_122' title='bbox 907 1735 994 1783; x_wconf 84' lang='lat' dir='ltr'><strong>est</strong></span> <span class='ocrx_word' id='word_1_123' title='bbox 1015 1726 1141 1784; x_wconf 78' lang='lat' dir='ltr'><strong>sine</strong></span> <span class='ocrx_word' id='word_1_124' title='bbox 1159 1730 1325 1784; x_wconf 86' lang='lat' dir='ltr'><strong>omni-</strong></span> <span class='ocrx_word' id='word_1_125' title='bbox 1343 1732 1762 1789; x_wconf 81' lang='lat' dir='ltr'><strong>mansuetudine</strong></span> 
     </span>
    </p>
   </div>
   <div class='ocr_carea' id='block_1_17' title="bbox 172 1807 1757 1893">
    <p class='ocr_par' dir='ltr' id='par_1_17' title="bbox 172 1807 1757 1893">
     <span class='ocr_line' id='line_1_17' title="bbox 172 1807 1757 1893; baseline 0.011 -31"><span class='ocrx_word' id='word_1_126' title='bbox 172 1807 452 1866; x_wconf 75' lang='lat' dir='ltr'><strong>crudeles.</strong></span> <span class='ocrx_word' id='word_1_127' title='bbox 497 1809 565 1867; x_wconf 81' lang='lat' dir='ltr'><strong>Et</strong></span> <span class='ocrx_word' id='word_1_128' title='bbox 594 1815 708 1869; x_wconf 82' lang='lat' dir='ltr'><strong>sine</strong></span> <span class='ocrx_word' id='word_1_129' title='bbox 741 1816 1083 1887; x_wconf 75' lang='lat' dir='ltr'><strong>benignitate;</strong></span> <span class='ocrx_word' id='word_1_130' title='bbox 1128 1819 1183 1876; x_wconf 85' lang='lat' dir='ltr'><strong>id</strong></span> <span class='ocrx_word' id='word_1_131' title='bbox 1211 1828 1300 1875; x_wconf 84' lang='lat' dir='ltr'><strong>est</strong></span> <span class='ocrx_word' id='word_1_132' title='bbox 1324 1819 1441 1877; x_wconf 85' lang='lat' dir='ltr'><strong>sine</strong></span> <span class='ocrx_word' id='word_1_133' title='bbox 1487 1820 1757 1893; x_wconf 83' lang='lat' dir='ltr'><strong>largitate,</strong></span> 
     </span>
    </p>
   </div>
   <div class='ocr_carea' id='block_1_18' title="bbox 172 1902 1765 1982">
    <p class='ocr_par' dir='ltr' id='par_1_18' title="bbox 172 1902 1765 1982">
     <span class='ocr_line' id='line_1_18' title="bbox 172 1902 1765 1982; baseline 0.01 -31"><span class='ocrx_word' id='word_1_134' title='bbox 172 1911 285 1952; x_wconf 78' lang='lat' dir='ltr'><strong>non</strong></span> <span class='ocrx_word' id='word_1_135' title='bbox 330 1908 625 1972; x_wconf 83' lang='lat' dir='ltr'><strong>erogantes</strong></span> <span class='ocrx_word' id='word_1_136' title='bbox 658 1902 758 1960; x_wconf 74' lang='lat' dir='ltr'><strong>sua</strong></span> <span class='ocrx_word' id='word_1_137' title='bbox 795 1904 1182 1979; x_wconf 71' lang='lat' dir='ltr'><strong>indigentibus.</strong></span> <span class='ocrx_word' id='word_1_138' title='bbox 1237 1907 1413 1966; x_wconf 88' lang='lat' dir='ltr'><strong>Erunt</strong></span> <span class='ocrx_word' id='word_1_139' title='bbox 1447 1911 1613 1966; x_wconf 88' lang='lat' dir='ltr'><strong>etiam</strong></span> <span class='ocrx_word' id='word_1_140' title='bbox 1641 1902 1765 1982; x_wconf 83' lang='lat' dir='ltr'><strong>pro-</strong></span> 
     </span>
    </p>
   </div>
   <div class='ocr_carea' id='block_1_19' title="bbox 172 1987 1761 2066">
    <p class='ocr_par' dir='ltr' id='par_1_19' title="bbox 172 1987 1761 2066">
     <span class='ocr_line' id='line_1_19' title="bbox 172 1987 1761 2066; baseline 0.009 -23"><span class='ocrx_word' id='word_1_141' title='bbox 172 1987 399 2058; x_wconf 77' lang='lat' dir='ltr'><strong>ditores,</strong></span> <span class='ocrx_word' id='word_1_142' title='bbox 428 1992 726 2056; x_wconf 62' lang='lat' dir='ltr'><strong>,tradentes</strong></span> <span class='ocrx_word' id='word_1_143' title='bbox 768 1994 949 2066; x_wconf 90' lang='lat' dir='ltr'><strong>justos</strong></span> <span class='ocrx_word' id='word_1_144' title='bbox 999 1996 1068 2052; x_wconf 85' lang='lat' dir='ltr'><strong>ad</strong></span> <span class='ocrx_word' id='word_1_145' title='bbox 1097 2006 1349 2055; x_wconf 90' lang='lat' dir='ltr'><strong>mortem.</strong></span> <span class='ocrx_word' id='word_1_146' title='bbox 1386 1997 1561 2055; x_wconf 87' lang='lat' dir='ltr'><strong>Erunt</strong></span> <span class='ocrx_word' id='word_1_147' title='bbox 1596 2001 1761 2057; x_wconf 89' lang='lat' dir='ltr'><strong>etiam</strong></span> 
     </span>
    </p>
   </div>
   <div class='ocr_carea' id='block_1_20' title="bbox 176 2084 1764 2151">
    <p class='ocr_par' dir='ltr' id='par_1_20' title="bbox 176 2084 1764 2151">
     <span class='ocr_line' id='line_1_20' title="bbox 176 2084 1764 2151; baseline 0.008 -15"><span class='ocrx_word' id='word_1_148' title='bbox 176 2084 433 2151; x_wconf 78' lang='lat' dir='ltr'><strong>protervi,</strong></span> <span class='ocrx_word' id='word_1_149' title='bbox 466 2084 520 2139; x_wconf 90' lang='lat' dir='ltr'><strong>id</strong></span> <span class='ocrx_word' id='word_1_150' title='bbox 542 2093 625 2141; x_wconf 87' lang='lat' dir='ltr'><strong>est</strong></span> <span class='ocrx_word' id='word_1_151' title='bbox 653 2086 721 2142; x_wconf 89' lang='lat' dir='ltr'><strong>de</strong></span> <span class='ocrx_word' id='word_1_152' title='bbox 744 2087 1046 2145; x_wconf 85' lang='lat' dir='ltr'><strong>maledictis</strong></span> <span class='ocrx_word' id='word_1_153' title='bbox 1091 2089 1445 2146; x_wconf 86' lang='lat' dir='ltr'><strong>inverecundi</strong></span> <span class='ocrx_word' id='word_1_154' title='bbox 1475 2110 1488 2147; x_wconf 89' lang='lat'><strong>:</strong></span> <span class='ocrx_word' id='word_1_155' title='bbox 1514 2100 1570 2147; x_wconf 93' lang='lat' dir='ltr'><strong>ct</strong></span> <span class='ocrx_word' id='word_1_156' title='bbox 1596 2093 1764 2150; x_wconf 89' lang='lat' dir='ltr'><strong>etiam</strong></span> 
     </span>
    </p>
   </div>
   <div class='ocr_carea' id='block_1_21' title="bbox 175 2173 1786 2254">
    <p class='ocr_par' dir='ltr' id='par_1_21' title="bbox 175 2173 1786 2254">
     <span class='ocr_line' id='line_1_21' title="bbox 175 2173 1786 2254; baseline 0.009 -24"><span class='ocrx_word' id='word_1_157' title='bbox 175 2173 223 2230; x_wconf 92' lang='lat' dir='ltr'><strong>si</strong></span> <span class='ocrx_word' id='word_1_158' title='bbox 272 2176 779 2248; x_wconf 84' lang='lat' dir='ltr'><strong>reprehenduntur,</strong></span> <span class='ocrx_word' id='word_1_159' title='bbox 836 2181 962 2238; x_wconf 87' lang='lat' dir='ltr'><strong>inde</strong></span> <span class='ocrx_word' id='word_1_160' title='bbox 1003 2182 1368 2254; x_wconf 83' lang='lat' dir='ltr'><strong>impatientes.</strong></span> <span class='ocrx_word' id='word_1_161' title='bbox 1399 2183 1575 2241; x_wconf 86' lang='lat' dir='ltr'><strong>Erunt</strong></span> <span class='ocrx_word' id='word_1_162' title='bbox 1598 2187 1786 2247; x_wconf 65' lang='lat' dir='ltr'><strong>etiam-</strong></span> 
     </span>
    </p>
   </div>
   <div class='ocr_carea' id='block_1_22' title="bbox 178 2268 1765 2335">
    <p class='ocr_par' dir='ltr' id='par_1_22' title="bbox 178 2268 1765 2335">
     <span class='ocr_line' id='line_1_22' title="bbox 178 2268 1765 2335; baseline 0.009 -14"><span class='ocrx_word' id='word_1_163' title='bbox 178 2268 396 2335; x_wconf 73' lang='lat' dir='ltr'><strong>tumidi,</strong></span> <span class='ocrx_word' id='word_1_164' title='bbox 431 2269 484 2325; x_wconf 89' lang='lat' dir='ltr'><strong>id</strong></span> <span class='ocrx_word' id='word_1_165' title='bbox 508 2279 596 2326; x_wconf 85' lang='lat' dir='ltr'><strong>est</strong></span> <span class='ocrx_word' id='word_1_166' title='bbox 622 2270 795 2328; x_wconf 80' lang='lat' dir='ltr'><strong>inﬂati</strong></span> <span class='ocrx_word' id='word_1_167' title='bbox 849 2273 1033 2330; x_wconf 84' lang='lat' dir='ltr'><strong>animo</strong></span> <span class='ocrx_word' id='word_1_168' title='bbox 1058 2292 1072 2328; x_wconf 88' lang='lat'><strong>:</strong></span> <span class='ocrx_word' id='word_1_169' title='bbox 1105 2277 1270 2332; x_wconf 89' lang='lat' dir='ltr'><strong>etiam</strong></span> <span class='ocrx_word' id='word_1_170' title='bbox 1293 2276 1340 2331; x_wconf 90' lang='lat' dir='ltr'><strong>si</strong></span> <span class='ocrx_word' id='word_1_171' title='bbox 1370 2293 1472 2332; x_wconf 88' lang='lat' dir='ltr'><strong>nec</strong></span> <span class='ocrx_word' id='word_1_172' title='bbox 1501 2279 1765 2335; x_wconf 90' lang='lat' dir='ltr'><strong>honorem</strong></span> 
     </span>
    </p>
   </div>
   <div class='ocr_carea' id='block_1_23' title="bbox 174 2360 1767 2441">
    <p class='ocr_par' dir='ltr' id='par_1_23' title="bbox 174 2360 1767 2441">
     <span class='ocr_line' id='line_1_23' title="bbox 174 2360 1767 2441; baseline 0.009 -26"><span class='ocrx_word' id='word_1_173' title='bbox 174 2373 280 2416; x_wconf 87' lang='lat' dir='ltr'><strong>nec</strong></span> <span class='ocrx_word' id='word_1_174' title='bbox 306 2376 468 2431; x_wconf 81' lang='lat' dir='ltr'><strong>spem</strong></span> <span class='ocrx_word' id='word_1_175' title='bbox 511 2360 738 2421; x_wconf 82' lang='lat' dir='ltr'><strong>honoris</strong></span> <span class='ocrx_word' id='word_1_176' title='bbox 779 2366 1049 2425; x_wconf 82' lang='lat' dir='ltr'><strong>habeant:</strong></span> <span class='ocrx_word' id='word_1_177' title='bbox 1080 2380 1134 2427; x_wconf 90' lang='lat' dir='ltr'><strong>et</strong></span> <span class='ocrx_word' id='word_1_178' title='bbox 1159 2371 1214 2426; x_wconf 89' lang='lat' dir='ltr'><strong>hi</strong></span> <span class='ocrx_word' id='word_1_179' title='bbox 1246 2373 1381 2430; x_wconf 83' lang='lat' dir='ltr'><strong>tales</strong></span> <span class='ocrx_word' id='word_1_180' title='bbox 1407 2385 1589 2441; x_wconf 86' lang='lat' dir='ltr'><strong>erunt,</strong></span> <span class='ocrx_word' id='word_1_181' title='bbox 1616 2391 1767 2430; x_wconf 83' lang='lat' dir='ltr'><strong>anta-</strong></span> 
     </span>
    </p>
   </div>
   <div class='ocr_carea' id='block_1_24' title="bbox 179 2452 1768 2537">
    <p class='ocr_par' dir='ltr' id='par_1_24' title="bbox 179 2452 1768 2537">
     <span class='ocr_line' id='line_1_24' title="bbox 179 2452 1768 2537; baseline 0.011 -34"><span class='ocrx_word' id='word_1_182' title='bbox 179 2458 316 2505; x_wconf 82' lang='lat' dir='ltr'><strong>tores</strong></span> <span class='ocrx_word' id='word_1_183' title='bbox 339 2452 697 2524; x_wconf 76' lang='lat' dir='ltr'><strong>voluptatum,</strong></span> <span class='ocrx_word' id='word_1_184' title='bbox 722 2456 775 2511; x_wconf 89' lang='lat' dir='ltr'><strong>id</strong></span> <span class='ocrx_word' id='word_1_185' title='bbox 802 2467 887 2514; x_wconf 90' lang='lat' dir='ltr'><strong>est</strong></span> <span class='ocrx_word' id='word_1_186' title='bbox 913 2460 1080 2518; x_wconf 89' lang='lat' dir='ltr'><strong>totius</strong></span> <span class='ocrx_word' id='word_1_187' title='bbox 1116 2462 1379 2532; x_wconf 64' lang='lat' dir='ltr'><strong>luxurias;</strong></span> <span class='ocrx_word' id='word_1_188' title='bbox 1409 2466 1578 2536; x_wconf 82' lang='lat' dir='ltr'><strong>magis</strong></span> <span class='ocrx_word' id='word_1_189' title='bbox 1607 2482 1768 2537; x_wconf 86' lang='lat' dir='ltr'><strong>quam</strong></span> 
     </span>
    </p>
   </div>
   <div class='ocr_carea' id='block_1_25' title="bbox 180 2540 1766 2628">
    <p class='ocr_par' dir='ltr' id='par_1_25' title="bbox 180 2540 1766 2628">
     <span class='ocr_line' id='line_1_25' title="bbox 180 2540 1766 2628; baseline 0.012 -32"><span class='ocrx_word' id='word_1_190' title='bbox 180 2540 277 2597; x_wconf 83' lang='lat' dir='ltr'><strong>Dei</strong></span> <span class='ocrx_word' id='word_1_191' title='bbox 302 2559 324 2597; x_wconf 89' lang='lat'><strong>:</strong></span> <span class='ocrx_word' id='word_1_192' title='bbox 354 2558 525 2616; x_wconf 83' lang='lat' dir='ltr'><strong>quem</strong></span> <span class='ocrx_word' id='word_1_193' title='bbox 548 2546 604 2602; x_wconf 89' lang='lat' dir='ltr'><strong>in</strong></span> <span class='ocrx_word' id='word_1_194' title='bbox 627 2549 781 2604; x_wconf 89' lang='lat' dir='ltr'><strong>nullo</strong></span> <span class='ocrx_word' id='word_1_195' title='bbox 821 2551 1078 2609; x_wconf 87' lang='lat' dir='ltr'><strong>videntur</strong></span> <span class='ocrx_word' id='word_1_196' title='bbox 1099 2554 1344 2628; x_wconf 78' lang='lat' dir='ltr'><strong>diligere.</strong></span> <span class='ocrx_word' id='word_1_197' title='bbox 1373 2557 1449 2613; x_wconf 92' lang='lat' dir='ltr'><strong>De</strong></span> <span class='ocrx_word' id='word_1_198' title='bbox 1473 2558 1561 2613; x_wconf 89' lang='lat' dir='ltr'><strong>his</strong></span> <span class='ocrx_word' id='word_1_199' title='bbox 1583 2567 1766 2614; x_wconf 89' lang='lat' dir='ltr'><strong>autem</strong></span> 
     </span>
    </p>
   </div>
   <div class='ocr_carea' id='block_1_26' title="bbox 179 2636 1768 2707">
    <p class='ocr_par' dir='ltr' id='par_1_26' title="bbox 179 2636 1768 2707">
     <span class='ocr_line' id='line_1_26' title="bbox 179 2636 1768 2707; baseline 0.01 -16"><span class='ocrx_word' id='word_1_200' title='bbox 179 2636 462 2694; x_wconf 81' lang='lat' dir='ltr'><strong>subtiliter</strong></span> <span class='ocrx_word' id='word_1_201' title='bbox 499 2642 800 2698; x_wconf 82' lang='lat' dir='ltr'><strong>cavendum</strong></span> <span class='ocrx_word' id='word_1_202' title='bbox 827 2652 912 2701; x_wconf 89' lang='lat' dir='ltr'><strong>est</strong></span> <span class='ocrx_word' id='word_1_203' title='bbox 931 2645 1049 2702; x_wconf 87' lang='lat' dir='ltr'><strong>tibi.</strong></span> <span class='ocrx_word' id='word_1_204' title='bbox 1081 2645 1147 2703; x_wconf 88' lang='lat' dir='ltr'><strong>lli</strong></span> <span class='ocrx_word' id='word_1_205' title='bbox 1174 2648 1322 2704; x_wconf 90' lang='lat' dir='ltr'><strong>enim</strong></span> <span class='ocrx_word' id='word_1_206' title='bbox 1370 2659 1501 2707; x_wconf 90' lang='lat' dir='ltr'><strong>sunt</strong></span> <span class='ocrx_word' id='word_1_207' title='bbox 1521 2650 1768 2707; x_wconf 78' lang='lat' dir='ltr'><strong>habentes</strong></span> 
     </span>
    </p>
   </div>
   <div class='ocr_carea' id='block_1_27' title="bbox 180 2728 1839 2810">
    <p class='ocr_par' dir='ltr' id='par_1_27' title="bbox 180 2728 1839 2810">
     <span class='ocr_line' id='line_1_27' title="bbox 180 2728 1839 2810; baseline 0.01 -29"><span class='ocrx_word' id='word_1_208' title='bbox 180 2728 410 2796; x_wconf 78' lang='lat' dir='ltr'><strong>speciem</strong></span> <span class='ocrx_word' id='word_1_209' title='bbox 435 2730 758 2799; x_wconf 41' lang='lat' dir='ltr'><strong>pietatis,‘id</strong></span> <span class='ocrx_word' id='word_1_210' title='bbox 791 2742 878 2791; x_wconf 90' lang='lat' dir='ltr'><strong>est</strong></span> <span class='ocrx_word' id='word_1_211' title='bbox 929 2734 1249 2795; x_wconf 87' lang='lat' dir='ltr'><strong>simulantes</strong></span> <span class='ocrx_word' id='word_1_212' title='bbox 1292 2753 1352 2795; x_wconf 88' lang='lat' dir='ltr'><strong>se</strong></span> <span class='ocrx_word' id='word_1_213' title='bbox 1380 2739 1685 2810; x_wconf 85' lang='lat' dir='ltr'><strong>religiosos,</strong></span> <span class='ocrx_word' id='word_1_214' title='bbox 1715 2748 1772 2797; x_wconf 91' lang='lat' dir='ltr'><strong>et</strong></span> <span class='ocrx_word' id='word_1_215' title='bbox 1832 2744 1839 2752; x_wconf 73' lang='grc'><em>’</em></span> 
     </span>
    </p>
   </div>
   <div class='ocr_carea' id='block_1_28' title="bbox 180 2820 1772 2904">
    <p class='ocr_par' dir='ltr' id='par_1_28' title="bbox 180 2820 1772 2904">
     <span class='ocr_line' id='line_1_28' title="bbox 180 2820 1772 2904; baseline 0.009 -30"><span class='ocrx_word' id='word_1_216' title='bbox 180 2820 442 2877; x_wconf 76' lang='lat' dir='ltr'><strong>virtutem</strong></span> <span class='ocrx_word' id='word_1_217' title='bbox 488 2823 611 2894; x_wconf 89' lang='lat' dir='ltr'><strong>ejus</strong></span> <span class='ocrx_word' id='word_1_218' title='bbox 643 2826 882 2896; x_wconf 90' lang='lat' dir='ltr'><strong>pietatis,</strong></span> <span class='ocrx_word' id='word_1_219' title='bbox 907 2828 962 2885; x_wconf 92' lang='lat' dir='ltr'><strong>id</strong></span> <span class='ocrx_word' id='word_1_220' title='bbox 995 2838 1081 2885; x_wconf 88' lang='lat' dir='ltr'><strong>est</strong></span> <span class='ocrx_word' id='word_1_221' title='bbox 1112 2830 1481 2898; x_wconf 88' lang='lat' dir='ltr'><strong>dilectionem,</strong></span> <span class='ocrx_word' id='word_1_222' title='bbox 1505 2848 1629 2904; x_wconf 60' lang='lat' dir='ltr'><strong>quas</strong></span> <span class='ocrx_word' id='word_1_223' title='bbox 1658 2832 1772 2888; x_wconf 88' lang='lat' dir='ltr'><strong>vir-</strong></span> 
     </span>
    </p>
   </div>
   <div class='ocr_carea' id='block_1_29' title="bbox 182 2915 1772 2989">
    <p class='ocr_par' dir='ltr' id='par_1_29' title="bbox 182 2915 1772 2989">
     <span class='ocr_line' id='line_1_29' title="bbox 182 2915 1772 2989; baseline 0.01 -23"><span class='ocrx_word' id='word_1_224' title='bbox 182 2920 270 2968; x_wconf 85' lang='lat' dir='ltr'><strong>tus</strong></span> <span class='ocrx_word' id='word_1_225' title='bbox 299 2923 395 2969; x_wconf 87' lang='lat' dir='ltr'><strong>est</strong></span> <span class='ocrx_word' id='word_1_226' title='bbox 424 2915 596 2973; x_wconf 78' lang='lat' dir='ltr'><strong>totius</strong></span> <span class='ocrx_word' id='word_1_227' title='bbox 632 2917 936 2989; x_wconf 79' lang='lat' dir='ltr'><strong>religionis.</strong></span> <span class='ocrx_word' id='word_1_228' title='bbox 964 2919 1154 2978; x_wconf 78' lang='lat' dir='ltr'><strong>Valida</strong></span> <span class='ocrx_word' id='word_1_229' title='bbox 1179 2922 1325 2978; x_wconf 85' lang='lat' dir='ltr'><strong>enim</strong></span> <span class='ocrx_word' id='word_1_230' title='bbox 1351 2932 1436 2979; x_wconf 91' lang='lat' dir='ltr'><strong>est</strong></span> <span class='ocrx_word' id='word_1_231' title='bbox 1452 2924 1595 2980; x_wconf 90' lang='lat' dir='ltr'><strong>sicut</strong></span> <span class='ocrx_word' id='word_1_232' title='bbox 1622 2937 1772 2982; x_wconf 86' lang='lat' dir='ltr'><strong>mors</strong></span> 
     </span>
    </p>
   </div>
   <div class='ocr_carea' id='block_1_30' title="bbox 184 3002 1768 3088">
    <p class='ocr_par' dir='ltr' id='par_1_30' title="bbox 184 3002 1768 3088">
     <span class='ocr_line' id='line_1_30' title="bbox 184 3002 1768 3088; baseline 0.009 -29"><span class='ocrx_word' id='word_1_233' title='bbox 184 3002 426 3062; x_wconf 74' lang='lat' dir='ltr'><strong>dilectio.</strong></span> <span class='ocrx_word' id='word_1_234' title='bbox 458 3005 555 3063; x_wconf 76' lang='lat' dir='ltr'><strong>Vel</strong></span> <span class='ocrx_word' id='word_1_235' title='bbox 595 3010 862 3080; x_wconf 73' lang='lat' dir='ltr'><strong>uirtutem,</strong></span> <span class='ocrx_word' id='word_1_236' title='bbox 912 3012 967 3068; x_wconf 89' lang='lat' dir='ltr'><strong>id</strong></span> <span class='ocrx_word' id='word_1_237' title='bbox 999 3020 1087 3071; x_wconf 91' lang='lat' dir='ltr'><strong>est</strong></span> <span class='ocrx_word' id='word_1_238' title='bbox 1130 3012 1417 3070; x_wconf 79' lang='lat' dir='ltr'><strong>veritatem</strong></span> <span class='ocrx_word' id='word_1_239' title='bbox 1465 3014 1768 3088; x_wconf 75' lang='lat' dir='ltr'><strong>religionis,</strong></span> 
     </span>
    </p>
   </div>
   <div class='ocr_carea' id='block_1_31' title="bbox 185 3101 1311 3172">
    <p class='ocr_par' dir='ltr' id='par_1_31' title="bbox 185 3101 1311 3172">
     <span class='ocr_line' id='line_1_31' title="bbox 185 3101 1311 3172; baseline 0.011 -21"><span class='ocrx_word' id='word_1_240' title='bbox 185 3110 345 3167; x_wconf 88' lang='lat' dir='ltr'><strong>opere</strong></span> <span class='ocrx_word' id='word_1_241' title='bbox 376 3101 732 3172; x_wconf 83' lang='lat' dir='ltr'><strong>abnegantes:</strong></span> <span class='ocrx_word' id='word_1_242' title='bbox 755 3112 808 3158; x_wconf 87' lang='lat' dir='ltr'><strong>et</strong></span> <span class='ocrx_word' id='word_1_243' title='bbox 834 3104 928 3160; x_wconf 81' lang='lat' dir='ltr'><strong>hos</strong></span> <span class='ocrx_word' id='word_1_244' title='bbox 948 3105 1086 3163; x_wconf 86' lang='lat' dir='ltr'><strong>tales</strong></span> <span class='ocrx_word' id='word_1_245' title='bbox 1115 3105 1311 3164; x_wconf 84' lang='lat' dir='ltr'><strong>devita.</strong></span> 
     </span>
    </p>
   </div>
   <div class='ocr_carea' id='block_1_32' title="bbox 187 3187 1765 3270">
    <p class='ocr_par' dir='ltr' id='par_1_32' title="bbox 187 3187 1765 3270">
     <span class='ocr_line' id='line_1_32' title="bbox 187 3187 1765 3270; baseline 0.011 -30"><span class='ocrx_word' id='word_1_246' title='bbox 187 3200 197 3237; x_wconf 89' lang='lat'><strong>:</strong></span> <span class='ocrx_word' id='word_1_247' title='bbox 253 3187 477 3247; x_wconf 78' lang='lat' dir='ltr'><strong>Diceret</strong></span> <span class='ocrx_word' id='word_1_248' title='bbox 508 3191 830 3251; x_wconf 86' lang='lat' dir='ltr'><strong>Timotheus</strong></span> <span class='ocrx_word' id='word_1_249' title='bbox 855 3214 873 3251; x_wconf 90' lang='lat'><strong>:</strong></span> <span class='ocrx_word' id='word_1_250' title='bbox 893 3194 1076 3264; x_wconf 86' lang='lat' dir='ltr'><strong>Quare</strong></span> <span class='ocrx_word' id='word_1_251' title='bbox 1101 3198 1168 3254; x_wconf 90' lang='lat' dir='ltr'><strong>de</strong></span> <span class='ocrx_word' id='word_1_252' title='bbox 1212 3200 1300 3255; x_wconf 87' lang='lat' dir='ltr'><strong>his</strong></span> <span class='ocrx_word' id='word_1_253' title='bbox 1324 3199 1623 3270; x_wconf 62' lang='lat' dir='ltr'><strong>praemunis</strong></span> <span class='ocrx_word' id='word_1_254' title='bbox 1656 3216 1765 3269; x_wconf 90' lang='lat' dir='ltr'><strong>me,</strong></span> 
     </span>
    </p>
   </div>
   <div class='ocr_carea' id='block_1_33' title="bbox 186 3281 1767 3352">
    <p class='ocr_par' dir='ltr' id='par_1_33' title="bbox 186 3281 1767 3352">
     <span class='ocr_line' id='line_1_33' title="bbox 186 3281 1767 3352; baseline 0.009 -16"><span class='ocrx_word' id='word_1_255' title='bbox 186 3283 278 3352; x_wconf 87' lang='lat' dir='ltr'><strong>qui</strong></span> <span class='ocrx_word' id='word_1_256' title='bbox 299 3281 479 3338; x_wconf 76' lang='lat' dir='ltr'><strong>futuri</strong></span> <span class='ocrx_word' id='word_1_257' title='bbox 510 3294 640 3341; x_wconf 87' lang='lat' dir='ltr'><strong>sunt</strong></span> <span class='ocrx_word' id='word_1_258' title='bbox 667 3286 813 3343; x_wconf 89' lang='lat' dir='ltr'><strong>circa</strong></span> <span class='ocrx_word' id='word_1_259' title='bbox 838 3288 1000 3344; x_wconf 81' lang='lat' dir='ltr'><strong>linem</strong></span> <span class='ocrx_word' id='word_1_260' title='bbox 1026 3291 1213 3347; x_wconf 91' lang='lat' dir='ltr'><strong>mundi</strong></span> <span class='ocrx_word' id='word_1_261' title='bbox 1229 3292 1254 3347; x_wconf 85' lang='lat'><strong>?</strong></span> <span class='ocrx_word' id='word_1_262' title='bbox 1270 3291 1397 3348; x_wconf 91' lang='lat' dir='ltr'><strong>ldeo</strong></span> <span class='ocrx_word' id='word_1_263' title='bbox 1417 3292 1494 3348; x_wconf 82' lang='lat' dir='ltr'><strong>ait</strong></span> <span class='ocrx_word' id='word_1_264' title='bbox 1516 3290 1719 3349; x_wconf 88' lang='lat' dir='ltr'><strong>Paulus</strong></span> <span class='ocrx_word' id='word_1_265' title='bbox 1753 3312 1767 3349; x_wconf 89' lang='lat'><strong>:</strong></span> 
     </span>
    </p>
   </div>
   <div class='ocr_carea' id='block_1_34' title="bbox 189 3375 1777 3451">
    <p class='ocr_par' dir='ltr' id='par_1_34' title="bbox 189 3375 1777 3451">
     <span class='ocr_line' id='line_1_34' title="bbox 189 3375 1777 3451; baseline 0.006 -20"><span class='ocrx_word' id='word_1_266' title='bbox 189 3375 297 3435; x_wconf 85' lang='lat' dir='ltr'><strong>llos</strong></span> <span class='ocrx_word' id='word_1_267' title='bbox 310 3378 529 3447; x_wconf 76' lang='lat' dir='ltr'><strong>devita;</strong></span> <span class='ocrx_word' id='word_1_268' title='bbox 558 3379 688 3451; x_wconf 90' lang='lat' dir='ltr'><strong>quia</strong></span> <span class='ocrx_word' id='word_1_269' title='bbox 713 3394 780 3435; x_wconf 73' lang='lat' dir='ltr'><strong>ea:</strong></span> <span class='ocrx_word' id='word_1_270' title='bbox 804 3381 887 3436; x_wconf 76' lang='lat' dir='ltr'><strong>Itis</strong></span> <span class='ocrx_word' id='word_1_271' title='bbox 915 3380 1117 3439; x_wconf 82' lang='lat' dir='ltr'><strong>futuris</strong></span> <span class='ocrx_word' id='word_1_272' title='bbox 1143 3382 1200 3439; x_wconf 90' lang='lat' dir='ltr'><strong>in</strong></span> <span class='ocrx_word' id='word_1_273' title='bbox 1237 3382 1554 3440; x_wconf 84' lang='lat' dir='ltr'><strong>novissimis</strong></span> <span class='ocrx_word' id='word_1_274' title='bbox 1579 3383 1777 3441; x_wconf 85' lang='lat' dir='ltr'><strong>diebus</strong></span> 
     </span>
    </p>
   </div>
   <div class='ocr_carea' id='block_1_35' title="bbox 158 3460 1775 3543">
    <p class='ocr_par' dir='ltr' id='par_1_35' title="bbox 158 3460 1775 3543">
     <span class='ocr_line' id='line_1_35' title="bbox 158 3460 1775 3543; baseline 0.007 -21"><span class='ocrx_word' id='word_1_275' title='bbox 158 3463 308 3524; x_wconf 70' lang='lat' dir='ltr'><strong>sunt</strong></span> <span class='ocrx_word' id='word_1_276' title='bbox 367 3470 451 3525; x_wconf 90' lang='lat' dir='ltr'><strong>illi</strong></span> <span class='ocrx_word' id='word_1_277' title='bbox 486 3472 577 3542; x_wconf 83' lang='lat' dir='ltr'><strong>qui</strong></span> <span class='ocrx_word' id='word_1_278' title='bbox 620 3479 898 3543; x_wconf 86' lang='lat' dir='ltr'><strong>penetrant</strong></span> <span class='ocrx_word' id='word_1_279' title='bbox 937 3473 1142 3541; x_wconf 85' lang='lat' dir='ltr'><strong>domos,</strong></span> <span class='ocrx_word' id='word_1_280' title='bbox 1189 3482 1295 3530; x_wconf 86' lang='lat' dir='ltr'><strong>etc.</strong></span> <span class='ocrx_word' id='word_1_281' title='bbox 1334 3460 1647 3531; x_wconf 86' lang='lat' dir='ltr'><strong>Notandum</strong></span> <span class='ocrx_word' id='word_1_282' title='bbox 1689 3485 1775 3535; x_wconf 87' lang='lat' dir='ltr'><strong>est</strong></span> 
     </span>
    </p>
   </div>
   <div class='ocr_carea' id='block_1_36' title="bbox 189 3562 1775 3635">
    <p class='ocr_par' dir='ltr' id='par_1_36' title="bbox 189 3562 1775 3635">
     <span class='ocr_line' id='line_1_36' title="bbox 189 3562 1775 3635; baseline 0.006 -19"><span class='ocrx_word' id='word_1_283' title='bbox 189 3562 315 3632; x_wconf 80' lang='lat' dir='ltr'><strong>quia</strong></span> <span class='ocrx_word' id='word_1_284' title='bbox 337 3578 413 3619; x_wconf 82' lang='lat' dir='ltr'><strong>ex</strong></span> <span class='ocrx_word' id='word_1_285' title='bbox 433 3577 548 3634; x_wconf 89' lang='lat' dir='ltr'><strong>quo</strong></span> <span class='ocrx_word' id='word_1_286' title='bbox 581 3564 748 3635; x_wconf 68' lang='lat' dir='ltr'><strong>coepit</strong></span> <span class='ocrx_word' id='word_1_287' title='bbox 776 3565 1036 3633; x_wconf 81' lang='lat' dir='ltr'><strong>mundus,</strong></span> <span class='ocrx_word' id='word_1_288' title='bbox 1060 3565 1251 3622; x_wconf 88' lang='lat' dir='ltr'><strong>habuit</strong></span> <span class='ocrx_word' id='word_1_289' title='bbox 1283 3566 1342 3621; x_wconf 83' lang='lat' dir='ltr'><strong>in</strong></span> <span class='ocrx_word' id='word_1_290' title='bbox 1381 3581 1450 3623; x_wconf 89' lang='lat' dir='ltr'><strong>eo</strong></span> <span class='ocrx_word' id='word_1_291' title='bbox 1495 3565 1641 3627; x_wconf 87' lang='lat' dir='ltr'><strong>Deus</strong></span> <span class='ocrx_word' id='word_1_292' title='bbox 1665 3567 1775 3626; x_wconf 85' lang='lat' dir='ltr'><strong>&#39;re-</strong></span> 
     </span>
    </p>
   </div>
   <div class='ocr_carea' id='block_1_37' title="bbox 192 3655 1772 3729">
    <p class='ocr_par' dir='ltr' id='par_1_37' title="bbox 192 3655 1772 3729">
     <span class='ocr_line' id='line_1_37' title="bbox 192 3655 1772 3729; baseline 0.006 -21"><span class='ocrx_word' id='word_1_293' title='bbox 192 3668 352 3725; x_wconf 85' lang='lat' dir='ltr'><strong>gnum</strong></span> <span class='ocrx_word' id='word_1_294' title='bbox 379 3671 567 3723; x_wconf 86' lang='lat' dir='ltr'><strong>suum,</strong></span> <span class='ocrx_word' id='word_1_295' title='bbox 593 3665 648 3712; x_wconf 90' lang='lat' dir='ltr'><strong>et</strong></span> <span class='ocrx_word' id='word_1_296' title='bbox 667 3655 917 3713; x_wconf 89' lang='lat' dir='ltr'><strong>diabolus</strong></span> <span class='ocrx_word' id='word_1_297' title='bbox 952 3672 1135 3713; x_wconf 90' lang='lat' dir='ltr'><strong>suum.</strong></span> <span class='ocrx_word' id='word_1_298' title='bbox 1172 3655 1232 3713; x_wconf 74' lang='grc' dir='ltr'><strong>ιη</strong></span> <span class='ocrx_word' id='word_1_299' title='bbox 1271 3658 1406 3715; x_wconf 81' lang='lat' dir='ltr'><strong>Abel</strong></span> <span class='ocrx_word' id='word_1_300' title='bbox 1432 3659 1579 3715; x_wconf 90' lang='lat' dir='ltr'><strong>enim</strong></span> <span class='ocrx_word' id='word_1_301' title='bbox 1608 3658 1772 3729; x_wconf 85' lang='lat' dir='ltr'><strong>Deus,</strong></span> 
     </span>
    </p>
   </div>
   <div class='ocr_carea' id='block_1_38' title="bbox 160 3746 1774 3824">
    <p class='ocr_par' dir='ltr' id='par_1_38' title="bbox 160 3746 1774 3824">
     <span class='ocr_line' id='line_1_38' title="bbox 160 3746 1774 3824; baseline 0.004 -20"><span class='ocrx_word' id='word_1_302' title='bbox 160 3746 165 3751; x_wconf 37' lang='grc' dir='ltr'><em>ί</em></span> <span class='ocrx_word' id='word_1_303' title='bbox 193 3750 317 3805; x_wconf 84' lang='lat' dir='ltr'><strong>etin</strong></span> <span class='ocrx_word' id='word_1_304' title='bbox 342 3748 488 3807; x_wconf 85' lang='lat' dir='ltr'><strong>Cain</strong></span> <span class='ocrx_word' id='word_1_305' title='bbox 512 3750 765 3808; x_wconf 87' lang='lat' dir='ltr'><strong>diabolus</strong></span> <span class='ocrx_word' id='word_1_306' title='bbox 805 3767 1035 3824; x_wconf 89' lang='lat' dir='ltr'><strong>regnare</strong></span> <span class='ocrx_word' id='word_1_307' title='bbox 1069 3754 1252 3824; x_wconf 71' lang='lat' dir='ltr'><strong>erepit.</strong></span> <span class='ocrx_word' id='word_1_308' title='bbox 1281 3752 1427 3810; x_wconf 86' lang='lat' dir='ltr'><strong>Deus</strong></span> <span class='ocrx_word' id='word_1_309' title='bbox 1466 3763 1651 3810; x_wconf 86' lang='lat' dir='ltr'><strong>autem</strong></span> <span class='ocrx_word' id='word_1_310' title='bbox 1693 3770 1774 3811; x_wconf 92' lang='lat' dir='ltr'><strong>re-</strong></span> 
     </span>
    </p>
   </div>
   <div class='ocr_carea' id='block_1_39' title="bbox 194 3843 1778 3917">
    <p class='ocr_par' dir='ltr' id='par_1_39' title="bbox 194 3843 1778 3917">
     <span class='ocr_line' id='line_1_39' title="bbox 194 3843 1778 3917; baseline 0.005 -20"><span class='ocrx_word' id='word_1_311' title='bbox 194 3858 354 3913; x_wconf 88' lang='lat' dir='ltr'><strong>gnum</strong></span> <span class='ocrx_word' id='word_1_312' title='bbox 389 3859 552 3899; x_wconf 89' lang='lat' dir='ltr'><strong>suum</strong></span> <span class='ocrx_word' id='word_1_313' title='bbox 578 3843 910 3901; x_wconf 84' lang='lat' dir='ltr'><strong>assumenda</strong></span> <span class='ocrx_word' id='word_1_314' title='bbox 935 3859 1178 3915; x_wconf 81' lang='lat' dir='ltr'><strong>carnem,</strong></span> <span class='ocrx_word' id='word_1_315' title='bbox 1201 3854 1256 3901; x_wconf 88' lang='lat' dir='ltr'><strong>et</strong></span> <span class='ocrx_word' id='word_1_316' title='bbox 1276 3861 1398 3917; x_wconf 66' lang='lat' dir='ltr'><strong>quin</strong></span> <span class='ocrx_word' id='word_1_317' title='bbox 1436 3855 1626 3906; x_wconf 84' lang='lat' dir='ltr'><strong>secuta</strong></span> <span class='ocrx_word' id='word_1_318' title='bbox 1648 3856 1778 3905; x_wconf 79' lang='lat' dir='ltr'><strong>sunt</strong></span> 
     </span>
    </p>
   </div>
   <div class='ocr_carea' id='block_1_40' title="bbox 194 3935 1777 4011">
    <p class='ocr_par' dir='ltr' id='par_1_40' title="bbox 194 3935 1777 4011">
     <span class='ocr_line' id='line_1_40' title="bbox 194 3935 1777 4011; baseline 0.006 -23"><span class='ocrx_word' id='word_1_319' title='bbox 194 3935 473 4003; x_wconf 85' lang='lat' dir='ltr'><strong>operando</strong></span> <span class='ocrx_word' id='word_1_320' title='bbox 509 3938 913 3994; x_wconf 85' lang='lat' dir='ltr'><strong>consummavit</strong></span> <span class='ocrx_word' id='word_1_321' title='bbox 950 3954 1181 4011; x_wconf 79' lang='lat' dir='ltr'><strong>regnum</strong></span> <span class='ocrx_word' id='word_1_322' title='bbox 1224 3955 1406 4003; x_wconf 89' lang='lat' dir='ltr'><strong>suum,</strong></span> <span class='ocrx_word' id='word_1_323' title='bbox 1451 3941 1777 3998; x_wconf 85' lang='lat' dir='ltr'><strong>remittendo</strong></span> 
     </span>
    </p>
   </div>
   <div class='ocr_carea' id='block_1_41' title="bbox 160 4020 1775 4101">
    <p class='ocr_par' dir='ltr' id='par_1_41' title="bbox 160 4020 1775 4101">
     <span class='ocr_line' id='line_1_41' title="bbox 160 4020 1775 4101; baseline 0.006 -24"><span class='ocrx_word' id='word_1_324' title='bbox 160 4020 440 4093; x_wconf 74' lang='lat' dir='ltr'><strong>&#39;peccata,</strong></span> <span class='ocrx_word' id='word_1_325' title='bbox 475 4033 606 4093; x_wconf 89' lang='lat' dir='ltr'><strong>etc.,</strong></span> <span class='ocrx_word' id='word_1_326' title='bbox 629 4026 909 4096; x_wconf 90' lang='lat' dir='ltr'><strong>quomodo</strong></span> <span class='ocrx_word' id='word_1_327' title='bbox 942 4028 1312 4084; x_wconf 88' lang='lat' dir='ltr'><strong>consummari</strong></span> <span class='ocrx_word' id='word_1_328' title='bbox 1339 4029 1513 4099; x_wconf 88' lang='lat' dir='ltr'><strong>potuit</strong></span> <span class='ocrx_word' id='word_1_329' title='bbox 1556 4030 1612 4085; x_wconf 90' lang='lat' dir='ltr'><strong>in</strong></span> <span class='ocrx_word' id='word_1_330' title='bbox 1634 4026 1775 4101; x_wconf 70' lang='lat' dir='ltr'><strong>prse-</strong></span> 
     </span>
    </p>
   </div>
   <div class='ocr_carea' id='block_1_42' title="bbox 196 4118 1778 4192">
    <p class='ocr_par' dir='ltr' id='par_1_42' title="bbox 196 4118 1778 4192">
     <span class='ocr_line' id='line_1_42' title="bbox 196 4118 1778 4192; baseline 0.003 -19"><span class='ocrx_word' id='word_1_331' title='bbox 196 4118 330 4175; x_wconf 82' lang='lat' dir='ltr'><strong>senti</strong></span> <span class='ocrx_word' id='word_1_332' title='bbox 360 4139 377 4174; x_wconf 87' lang='lat'><strong>:</strong></span> <span class='ocrx_word' id='word_1_333' title='bbox 407 4120 555 4191; x_wconf 90' lang='lat' dir='ltr'><strong>quod</strong></span> <span class='ocrx_word' id='word_1_334' title='bbox 579 4136 808 4191; x_wconf 79' lang='lat' dir='ltr'><strong>regnum</strong></span> <span class='ocrx_word' id='word_1_335' title='bbox 836 4121 904 4176; x_wconf 88' lang='lat' dir='ltr'><strong>ad</strong></span> <span class='ocrx_word' id='word_1_336' title='bbox 939 4120 1159 4192; x_wconf 89' lang='lat' dir='ltr'><strong>plenum</strong></span> <span class='ocrx_word' id='word_1_337' title='bbox 1191 4122 1596 4179; x_wconf 88' lang='lat' dir='ltr'><strong>consummabit</strong></span> <span class='ocrx_word' id='word_1_338' title='bbox 1616 4122 1673 4179; x_wconf 87' lang='lat' dir='ltr'><strong>in</strong></span> <span class='ocrx_word' id='word_1_339' title='bbox 1691 4121 1778 4178; x_wconf 88' lang='lat' dir='ltr'><strong>fu-</strong></span> 
     </span>
    </p>
   </div>
   <div class='ocr_carea' id='block_1_43' title="bbox 196 4209 1777 4278">
    <p class='ocr_par' dir='ltr' id='par_1_43' title="bbox 196 4209 1777 4278">
     <span class='ocr_line' id='line_1_43' title="bbox 196 4209 1777 4278; baseline 0.003 -12"><span class='ocrx_word' id='word_1_340' title='bbox 196 4209 334 4278; x_wconf 84' lang='lat' dir='ltr'><strong>turo,</strong></span> <span class='ocrx_word' id='word_1_341' title='bbox 381 4211 566 4267; x_wconf 89' lang='lat' dir='ltr'><strong>dando</strong></span> <span class='ocrx_word' id='word_1_342' title='bbox 607 4212 778 4268; x_wconf 88' lang='lat' dir='ltr'><strong>vitam</strong></span> <span class='ocrx_word' id='word_1_343' title='bbox 806 4222 1087 4269; x_wconf 81' lang='lat' dir='ltr'><strong>:eteruam.</strong></span> <span class='ocrx_word' id='word_1_344' title='bbox 1124 4213 1279 4271; x_wconf 90' lang='lat' dir='ltr'><strong>Sicut</strong></span> <span class='ocrx_word' id='word_1_345' title='bbox 1324 4224 1505 4272; x_wconf 88' lang='lat' dir='ltr'><strong>autem</strong></span> <span class='ocrx_word' id='word_1_346' title='bbox 1550 4215 1694 4273; x_wconf 90' lang='lat' dir='ltr'><strong>Deus</strong></span> <span class='ocrx_word' id='word_1_347' title='bbox 1720 4215 1777 4271; x_wconf 92' lang='lat' dir='ltr'><strong>in</strong></span> 
     </span>
    </p>
   </div>
   <div class='ocr_carea' id='block_1_44' title="bbox 198 4301 1779 4382">
    <p class='ocr_par' dir='ltr' id='par_1_44' title="bbox 198 4301 1779 4382">
     <span class='ocr_line' id='line_1_44' title="bbox 198 4301 1779 4382; baseline 0.004 -26"><span class='ocrx_word' id='word_1_348' title='bbox 198 4301 336 4358; x_wconf 88' lang='lat' dir='ltr'><strong>bono</strong></span> <span class='ocrx_word' id='word_1_349' title='bbox 375 4321 391 4360; x_wconf 93' lang='lat'><strong>:</strong></span> <span class='ocrx_word' id='word_1_350' title='bbox 425 4304 507 4359; x_wconf 89' lang='lat' dir='ltr'><strong>sic</strong></span> <span class='ocrx_word' id='word_1_351' title='bbox 534 4304 784 4361; x_wconf 84' lang='lat' dir='ltr'><strong>diabolus</strong></span> <span class='ocrx_word' id='word_1_352' title='bbox 827 4304 882 4365; x_wconf 89' lang='lat' dir='ltr'><strong>in</strong></span> <span class='ocrx_word' id='word_1_353' title='bbox 924 4304 1257 4382; x_wconf 80' lang='lat' dir='ltr'><strong>perfectione</strong></span> <span class='ocrx_word' id='word_1_354' title='bbox 1293 4306 1600 4378; x_wconf 83' lang='lat' dir='ltr'><strong>iniquitatis</strong></span> <span class='ocrx_word' id='word_1_355' title='bbox 1646 4324 1779 4365; x_wconf 89' lang='lat' dir='ltr'><strong>con-</strong></span> 
     </span>
    </p>
   </div>
   <div class='ocr_carea' id='block_1_45' title="bbox 199 4395 1778 4473">
    <p class='ocr_par' dir='ltr' id='par_1_45' title="bbox 199 4395 1778 4473">
     <span class='ocr_line' id='line_1_45' title="bbox 199 4395 1778 4473; baseline 0.003 -23"><span class='ocrx_word' id='word_1_356' title='bbox 199 4403 577 4473; x_wconf 72' lang='lat' dir='ltr'><strong>summatur-us</strong></span> <span class='ocrx_word' id='word_1_357' title='bbox 604 4406 698 4453; x_wconf 84' lang='lat' dir='ltr'><strong>est</strong></span> <span class='ocrx_word' id='word_1_358' title='bbox 734 4413 963 4468; x_wconf 80' lang='lat' dir='ltr'><strong>regnum</strong></span> <span class='ocrx_word' id='word_1_359' title='bbox 1003 4414 1162 4454; x_wconf 91' lang='lat' dir='ltr'><strong>suum</strong></span> <span class='ocrx_word' id='word_1_360' title='bbox 1197 4395 1346 4455; x_wconf 83' lang='lat' dir='ltr'><strong>circa</strong></span> <span class='ocrx_word' id='word_1_361' title='bbox 1396 4399 1558 4456; x_wconf 83' lang='lat' dir='ltr'><strong>linem</strong></span> <span class='ocrx_word' id='word_1_362' title='bbox 1586 4398 1778 4457; x_wconf 88' lang='lat' dir='ltr'><strong>mundi</strong></span> 
     </span>
    </p>
   </div>
   <div class='ocr_carea' id='block_1_46' title="bbox 200 4488 1777 4563">
    <p class='ocr_par' dir='ltr' id='par_1_46' title="bbox 200 4488 1777 4563">
     <span class='ocr_line' id='line_1_46' title="bbox 200 4488 1777 4563; baseline 0.003 -20"><span class='ocrx_word' id='word_1_363' title='bbox 200 4502 291 4558; x_wconf 84' lang='lat' dir='ltr'><strong>per</strong></span> <span class='ocrx_word' id='word_1_364' title='bbox 315 4488 744 4546; x_wconf 64' lang='lat' dir='ltr'><strong>Antichristum.</strong></span> <span class='ocrx_word' id='word_1_365' title='bbox 768 4489 833 4546; x_wconf 75' lang='lat' dir='ltr'><strong>Et</strong></span> <span class='ocrx_word' id='word_1_366' title='bbox 866 4491 1011 4548; x_wconf 88' lang='lat' dir='ltr'><strong>sicut</strong></span> <span class='ocrx_word' id='word_1_367' title='bbox 1042 4493 1383 4562; x_wconf 88' lang='lat' dir='ltr'><strong>patriarchas</strong></span> <span class='ocrx_word' id='word_1_368' title='bbox 1408 4500 1463 4548; x_wconf 89' lang='lat' dir='ltr'><strong>et</strong></span> <span class='ocrx_word' id='word_1_369' title='bbox 1483 4492 1777 4563; x_wconf 85' lang='lat' dir='ltr'><strong>prophetas</strong></span> 
     </span>
    </p>
   </div>
   <div class='ocr_carea' id='block_1_47' title="bbox 1862 626 3434 703">
    <p class='ocr_par' dir='ltr' id='par_1_47' title="bbox 1862 626 3434 703">
     <span class='ocr_line' id='line_1_47' title="bbox 1862 626 3434 703; baseline 0.003 -19"><span class='ocrx_word' id='word_1_370' title='bbox 1862 626 2082 687; x_wconf 84' lang='lat' dir='ltr'><strong>diabolo</strong></span> <span class='ocrx_word' id='word_1_371' title='bbox 2109 647 2122 684; x_wconf 91' lang='lat'><strong>:</strong></span> <span class='ocrx_word' id='word_1_372' title='bbox 2155 648 2273 703; x_wconf 73' lang='lat' dir='ltr'><strong>qua:</strong></span> <span class='ocrx_word' id='word_1_373' title='bbox 2305 633 2563 689; x_wconf 82' lang='lat' dir='ltr'><strong>mulieres</strong></span> <span class='ocrx_word' id='word_1_374' title='bbox 2593 633 2861 687; x_wconf 86' lang='lat' dir='ltr'><strong>ducuntur</strong></span> <span class='ocrx_word' id='word_1_375' title='bbox 2908 632 3070 687; x_wconf 83' lang='lat' dir='ltr'><strong>variis</strong></span> <span class='ocrx_word' id='word_1_376' title='bbox 3111 632 3388 689; x_wconf 77' lang='lat' dir='ltr'><strong>desideriis</strong></span> <span class='ocrx_word' id='word_1_377' title='bbox 3415 650 3434 689; x_wconf 91' lang='lat'><strong>:</strong></span> 
     </span>
    </p>
   </div>
   <div class='ocr_carea' id='block_1_48' title="bbox 1859 710 3439 800">
    <p class='ocr_par' dir='ltr' id='par_1_48' title="bbox 1859 710 3439 800">
     <span class='ocr_line' id='line_1_48' title="bbox 1859 710 3439 800; baseline 0.002 -22"><span class='ocrx_word' id='word_1_378' title='bbox 1859 723 1990 800; x_wconf 84' lang='lat' dir='ltr'><strong>quia</strong></span> <span class='ocrx_word' id='word_1_379' title='bbox 2033 710 2236 795; x_wconf 75' lang='lat' dir='ltr'><strong>seniper</strong></span> <span class='ocrx_word' id='word_1_380' title='bbox 2275 724 2552 797; x_wconf 82' lang='lat' dir='ltr'><strong>discentes,</strong></span> <span class='ocrx_word' id='word_1_381' title='bbox 2593 734 2643 780; x_wconf 88' lang='lat' dir='ltr'><strong>et</strong></span> <span class='ocrx_word' id='word_1_382' title='bbox 2668 740 2938 795; x_wconf 80' lang='lat' dir='ltr'><strong>nunquam</strong></span> <span class='ocrx_word' id='word_1_383' title='bbox 2976 724 3326 794; x_wconf 81' lang='lat' dir='ltr'><strong>pervenientes</strong></span> <span class='ocrx_word' id='word_1_384' title='bbox 3365 725 3439 781; x_wconf 81' lang='lat' dir='ltr'><strong>ad</strong></span> 
     </span>
    </p>
   </div>
   <div class='ocr_carea' id='block_1_49' title="bbox 1859 808 3444 886">
    <p class='ocr_par' dir='ltr' id='par_1_49' title="bbox 1859 808 3444 886">
     <span class='ocr_line' id='line_1_49' title="bbox 1859 808 3444 886; baseline 0 -15"><span class='ocrx_word' id='word_1_385' title='bbox 1859 808 2138 871; x_wconf 82' lang='lat' dir='ltr'><strong>scientiam</strong></span> <span class='ocrx_word' id='word_1_386' title='bbox 2186 816 2444 883; x_wconf 80' lang='lat' dir='ltr'><strong>veritatis,</strong></span> <span class='ocrx_word' id='word_1_387' title='bbox 2494 816 2546 871; x_wconf 94' lang='lat' dir='ltr'><strong>id</strong></span> <span class='ocrx_word' id='word_1_388' title='bbox 2598 823 2687 872; x_wconf 88' lang='lat' dir='ltr'><strong>est</strong></span> <span class='ocrx_word' id='word_1_389' title='bbox 2733 830 2953 886; x_wconf 86' lang='lat' dir='ltr'><strong>semper</strong></span> <span class='ocrx_word' id='word_1_390' title='bbox 3008 815 3339 882; x_wconf 80' lang='lat' dir='ltr'><strong>laberantcs,</strong></span> <span class='ocrx_word' id='word_1_391' title='bbox 3384 824 3444 871; x_wconf 77' lang='lat' dir='ltr'><strong>et</strong></span> 
     </span>
    </p>
   </div>
   <div class='ocr_carea' id='block_1_50' title="bbox 1860 894 3441 979">
    <p class='ocr_par' dir='ltr' id='par_1_50' title="bbox 1860 894 3441 979">
     <span class='ocr_line' id='line_1_50' title="bbox 1860 894 3441 979; baseline 0.001 -16"><span class='ocrx_word' id='word_1_392' title='bbox 1860 900 2141 979; x_wconf 86' lang='lat' dir='ltr'><strong>nunquam</strong></span> <span class='ocrx_word' id='word_1_393' title='bbox 2170 906 2240 963; x_wconf 90' lang='lat' dir='ltr'><strong>ad</strong></span> <span class='ocrx_word' id='word_1_394' title='bbox 2269 906 2655 978; x_wconf 83' lang='lat' dir='ltr'><strong>perfectionem</strong></span> <span class='ocrx_word' id='word_1_395' title='bbox 2705 894 3017 963; x_wconf 53' lang='lat' dir='ltr'><strong>venientes:</strong></span> <span class='ocrx_word' id='word_1_396' title='bbox 3049 904 3117 961; x_wconf 84' lang='lat' dir='ltr'><strong>Et</strong></span> <span class='ocrx_word' id='word_1_397' title='bbox 3167 904 3254 962; x_wconf 89' lang='lat' dir='ltr'><strong>isti</strong></span> <span class='ocrx_word' id='word_1_398' title='bbox 3301 906 3441 964; x_wconf 79' lang='lat' dir='ltr'><strong>tales</strong></span> 
     </span>
    </p>
   </div>
   <div class='ocr_carea' id='block_1_51' title="bbox 1863 998 3436 1070">
    <p class='ocr_par' dir='ltr' id='par_1_51' title="bbox 1863 998 3436 1070">
     <span class='ocr_line' id='line_1_51' title="bbox 1863 998 3436 1070; baseline -0.001 -15"><span class='ocrx_word' id='word_1_399' title='bbox 1863 1013 1971 1069; x_wconf 85' lang='lat' dir='ltr'><strong>non</strong></span> <span class='ocrx_word' id='word_1_400' title='bbox 1996 1006 2209 1054; x_wconf 89' lang='lat' dir='ltr'><strong>tantum</strong></span> <span class='ocrx_word' id='word_1_401' title='bbox 2252 998 2307 1054; x_wconf 90' lang='lat' dir='ltr'><strong>in</strong></span> <span class='ocrx_word' id='word_1_402' title='bbox 2352 999 2606 1056; x_wconf 89' lang='lat' dir='ltr'><strong>domibus</strong></span> <span class='ocrx_word' id='word_1_403' title='bbox 2635 998 2866 1070; x_wconf 80' lang='lat' dir='ltr'><strong>privatis</strong></span> <span class='ocrx_word' id='word_1_404' title='bbox 2896 998 3113 1067; x_wconf 87' lang='lat' dir='ltr'><strong>docent,</strong></span> <span class='ocrx_word' id='word_1_405' title='bbox 3149 999 3243 1055; x_wconf 88' lang='lat' dir='ltr'><strong>sed</strong></span> <span class='ocrx_word' id='word_1_406' title='bbox 3270 999 3436 1056; x_wconf 90' lang='lat' dir='ltr'><strong>etiam</strong></span> 
     </span>
    </p>
   </div>
   <div class='ocr_carea' id='block_1_52' title="bbox 1862 1089 3434 1173">
    <p class='ocr_par' dir='ltr' id='par_1_52' title="bbox 1862 1089 3434 1173">
     <span class='ocr_line' id='line_1_52' title="bbox 1862 1089 3434 1173; baseline 0 -27"><span class='ocrx_word' id='word_1_407' title='bbox 1862 1091 1920 1146; x_wconf 90' lang='lat' dir='ltr'><strong>hi</strong></span> <span class='ocrx_word' id='word_1_408' title='bbox 1950 1090 2202 1149; x_wconf 89' lang='lat' dir='ltr'><strong>homines</strong></span> <span class='ocrx_word' id='word_1_409' title='bbox 2230 1089 2496 1148; x_wconf 83' lang='lat' dir='ltr'><strong>resistunt</strong></span> <span class='ocrx_word' id='word_1_410' title='bbox 2514 1091 2725 1148; x_wconf 84' lang='lat' dir='ltr'><strong>veritati</strong></span> <span class='ocrx_word' id='word_1_411' title='bbox 2749 1090 2804 1146; x_wconf 90' lang='lat' dir='ltr'><strong>in</strong></span> <span class='ocrx_word' id='word_1_412' title='bbox 2833 1099 3022 1163; x_wconf 86' lang='lat' dir='ltr'><strong>aperto</strong></span> <span class='ocrx_word' id='word_1_413' title='bbox 3054 1091 3434 1173; x_wconf 76' lang='lat' dir='ltr'><strong>:quemadmo-</strong></span> 
     </span>
    </p>
   </div>
   <div class='ocr_carea' id='block_1_53' title="bbox 1861 1174 3439 1258">
    <p class='ocr_par' dir='ltr' id='par_1_53' title="bbox 1861 1174 3439 1258">
     <span class='ocr_line' id='line_1_53' title="bbox 1861 1174 3439 1258; baseline -0.001 -15"><span class='ocrx_word' id='word_1_414' title='bbox 1861 1184 1990 1243; x_wconf 83' lang='lat' dir='ltr'><strong>dum</strong></span> <span class='ocrx_word' id='word_1_415' title='bbox 2020 1174 2243 1242; x_wconf 79' lang='lat' dir='ltr'><strong>lamnes</strong></span> <span class='ocrx_word' id='word_1_416' title='bbox 2263 1196 2316 1243; x_wconf 89' lang='lat' dir='ltr'><strong>et</strong></span> <span class='ocrx_word' id='word_1_417' title='bbox 2340 1176 2628 1254; x_wconf 78' lang='lat' dir='ltr'><strong>Mambres,</strong></span> <span class='ocrx_word' id='word_1_418' title='bbox 2661 1185 2772 1242; x_wconf 90' lang='lat' dir='ltr'><strong>duo</strong></span> <span class='ocrx_word' id='word_1_419' title='bbox 2789 1184 2985 1242; x_wconf 79' lang='lat' dir='ltr'><strong>fratres</strong></span> <span class='ocrx_word' id='word_1_420' title='bbox 3013 1185 3159 1256; x_wconf 89' lang='lat' dir='ltr'><strong>magi</strong></span> <span class='ocrx_word' id='word_1_421' title='bbox 3183 1183 3243 1240; x_wconf 78' lang='lat' dir='ltr'><strong>in‘</strong></span> <span class='ocrx_word' id='word_1_422' title='bbox 3271 1182 3439 1258; x_wconf 67' lang='lat' dir='ltr'><strong>Egy-</strong></span> 
     </span>
    </p>
   </div>
   <div class='ocr_carea' id='block_1_54' title="bbox 1860 1274 3443 1353">
    <p class='ocr_par' dir='ltr' id='par_1_54' title="bbox 1860 1274 3443 1353">
     <span class='ocr_line' id='line_1_54' title="bbox 1860 1274 3443 1353; baseline -0.001 -20"><span class='ocrx_word' id='word_1_423' title='bbox 1860 1285 1977 1349; x_wconf 85' lang='lat' dir='ltr'><strong>pto,</strong></span> <span class='ocrx_word' id='word_1_424' title='bbox 2005 1277 2310 1333; x_wconf 80' lang='lat' dir='ltr'><strong>restiterunt</strong></span> <span class='ocrx_word' id='word_1_425' title='bbox 2359 1275 2534 1347; x_wconf 73' lang='lat' dir='ltr'><strong>Moysi</strong></span> <span class='ocrx_word' id='word_1_426' title='bbox 2582 1291 2768 1333; x_wconf 88' lang='lat' dir='ltr'><strong>coram</strong></span> <span class='ocrx_word' id='word_1_427' title='bbox 2816 1275 3133 1344; x_wconf 83' lang='lat' dir='ltr'><strong>Pharaone,</strong></span> <span class='ocrx_word' id='word_1_428' title='bbox 3186 1274 3443 1353; x_wconf 70' lang='lat' dir='ltr'><strong>faciendo</strong></span> 
     </span>
    </p>
   </div>
   <div class='ocr_carea' id='block_1_55' title="bbox 1861 1365 3436 1440">
    <p class='ocr_par' dir='ltr' id='par_1_55' title="bbox 1861 1365 3436 1440">
     <span class='ocr_line' id='line_1_55' title="bbox 1861 1365 3436 1440; baseline -0.003 -15"><span class='ocrx_word' id='word_1_429' title='bbox 1861 1368 2112 1440; x_wconf 67' lang='lat' dir='ltr'><strong>quaedam</strong></span> <span class='ocrx_word' id='word_1_430' title='bbox 2133 1383 2231 1439; x_wconf 92' lang='lat' dir='ltr'><strong>per</strong></span> <span class='ocrx_word' id='word_1_431' title='bbox 2255 1366 2655 1426; x_wconf 88' lang='lat' dir='ltr'><strong>incantationes</strong></span> <span class='ocrx_word' id='word_1_432' title='bbox 2708 1381 2838 1423; x_wconf 89' lang='lat' dir='ltr'><strong>suas</strong></span> <span class='ocrx_word' id='word_1_433' title='bbox 2862 1381 2984 1438; x_wconf 70' lang='lat' dir='ltr'><strong>qua:</strong></span> <span class='ocrx_word' id='word_1_434' title='bbox 3009 1365 3222 1439; x_wconf 80' lang='lat' dir='ltr'><strong>Moyses</strong></span> <span class='ocrx_word' id='word_1_435' title='bbox 3272 1365 3436 1425; x_wconf 82' lang='lat' dir='ltr'><strong>facie-</strong></span> 
     </span>
    </p>
   </div>
   <div class='ocr_carea' id='block_1_56' title="bbox 1861 1448 3445 1528">
    <p class='ocr_par' dir='ltr' id='par_1_56' title="bbox 1861 1448 3445 1528">
     <span class='ocr_line' id='line_1_56' title="bbox 1861 1448 3445 1528; baseline -0.001 -15"><span class='ocrx_word' id='word_1_436' title='bbox 1861 1458 1974 1525; x_wconf 86' lang='lat' dir='ltr'><strong>bat,</strong></span> <span class='ocrx_word' id='word_1_437' title='bbox 1997 1473 2099 1514; x_wconf 92' lang='lat' dir='ltr'><strong>nec</strong></span> <span class='ocrx_word' id='word_1_438' title='bbox 2127 1467 2306 1513; x_wconf 88' lang='lat' dir='ltr'><strong>tamen</strong></span> <span class='ocrx_word' id='word_1_439' title='bbox 2350 1458 2533 1528; x_wconf 83' lang='lat' dir='ltr'><strong>omnia</strong></span> <span class='ocrx_word' id='word_1_440' title='bbox 2566 1456 2764 1527; x_wconf 72' lang='lat' dir='ltr'><strong>(Exod.</strong></span> <span class='ocrx_word' id='word_1_441' title='bbox 2799 1473 2897 1525; x_wconf 86' lang='lat' dir='ltr'><strong>vn,</strong></span> <span class='ocrx_word' id='word_1_442' title='bbox 2952 1448 3071 1527; x_wconf 41' lang='lat' dir='ltr'><strong>ll);</strong></span> <span class='ocrx_word' id='word_1_443' title='bbox 3112 1456 3178 1512; x_wconf 85' lang='lat' dir='ltr'><strong>lli</strong></span> <span class='ocrx_word' id='word_1_444' title='bbox 3203 1457 3445 1517; x_wconf 77' lang='lat' dir='ltr'><strong>homines</strong></span> 
     </span>
    </p>
   </div>
   <div class='ocr_carea' id='block_1_57' title="bbox 1861 1547 3442 1624">
    <p class='ocr_par' dir='ltr' id='par_1_57' title="bbox 1861 1547 3442 1624">
     <span class='ocr_line' id='line_1_57' title="bbox 1861 1547 3442 1624; baseline 0 -19"><span class='ocrx_word' id='word_1_445' title='bbox 1861 1547 1986 1606; x_wconf 89' lang='lat' dir='ltr'><strong>dico</strong></span> <span class='ocrx_word' id='word_1_446' title='bbox 2018 1553 2253 1622; x_wconf 85' lang='lat' dir='ltr'><strong>corrupti</strong></span> <span class='ocrx_word' id='word_1_447' title='bbox 2284 1558 2473 1617; x_wconf 84' lang='lat' dir='ltr'><strong>mente,</strong></span> <span class='ocrx_word' id='word_1_448' title='bbox 2518 1549 2573 1605; x_wconf 91' lang='lat' dir='ltr'><strong>id</strong></span> <span class='ocrx_word' id='word_1_449' title='bbox 2607 1559 2704 1624; x_wconf 82' lang='lat' dir='ltr'><strong>est</strong></span> <span class='ocrx_word' id='word_1_450' title='bbox 2747 1549 3026 1621; x_wconf 82' lang='lat' dir='ltr'><strong>depravati</strong></span> <span class='ocrx_word' id='word_1_451' title='bbox 3075 1549 3345 1607; x_wconf 87' lang='lat' dir='ltr'><strong>intellectu</strong></span> <span class='ocrx_word' id='word_1_452' title='bbox 3387 1558 3442 1605; x_wconf 92' lang='lat' dir='ltr'><strong>et</strong></span> 
     </span>
    </p>
   </div>
   <div class='ocr_carea' id='block_1_58' title="bbox 1862 1640 3439 1713">
    <p class='ocr_par' dir='ltr' id='par_1_58' title="bbox 1862 1640 3439 1713">
     <span class='ocr_line' id='line_1_58' title="bbox 1862 1640 3439 1713; baseline -0.001 -15"><span class='ocrx_word' id='word_1_453' title='bbox 1862 1648 2060 1713; x_wconf 83' lang='lat' dir='ltr'><strong>Opere:</strong></span> <span class='ocrx_word' id='word_1_454' title='bbox 2088 1651 2144 1700; x_wconf 90' lang='lat' dir='ltr'><strong>et</strong></span> <span class='ocrx_word' id='word_1_455' title='bbox 2183 1640 2330 1698; x_wconf 89' lang='lat' dir='ltr'><strong>circa</strong></span> <span class='ocrx_word' id='word_1_456' title='bbox 2368 1641 2529 1697; x_wconf 84' lang='lat' dir='ltr'><strong>ﬁdem</strong></span> <span class='ocrx_word' id='word_1_457' title='bbox 2561 1649 2827 1697; x_wconf 86' lang='lat' dir='ltr'><strong>errantes.</strong></span> <span class='ocrx_word' id='word_1_458' title='bbox 2859 1640 2938 1697; x_wconf 81' lang='lat' dir='ltr'><strong>Ad</strong></span> <span class='ocrx_word' id='word_1_459' title='bbox 2972 1656 3138 1712; x_wconf 86' lang='lat' dir='ltr'><strong>quam</strong></span> <span class='ocrx_word' id='word_1_460' title='bbox 3165 1641 3295 1712; x_wconf 86' lang='lat' dir='ltr'><strong>quia</strong></span> <span class='ocrx_word' id='word_1_461' title='bbox 3330 1656 3439 1700; x_wconf 81' lang='lat' dir='ltr'><strong>non</strong></span> 
     </span>
    </p>
   </div>
   <div class='ocr_carea' id='block_1_59' title="bbox 1861 1731 2930 1806">
    <p class='ocr_par' dir='ltr' id='par_1_59' title="bbox 1861 1731 2930 1806">
     <span class='ocr_line' id='line_1_59' title="bbox 1861 1731 2930 1806; baseline -0.003 -16"><span class='ocrx_word' id='word_1_462' title='bbox 1861 1732 2260 1806; x_wconf 81' lang='lat' dir='ltr'><strong>ingrediuntur,</strong></span> <span class='ocrx_word' id='word_1_463' title='bbox 2285 1732 2557 1804; x_wconf 86' lang='lat' dir='ltr'><strong>reprobati</strong></span> <span class='ocrx_word' id='word_1_464' title='bbox 2576 1743 2704 1788; x_wconf 90' lang='lat' dir='ltr'><strong>sunt</strong></span> <span class='ocrx_word' id='word_1_465' title='bbox 2736 1748 2768 1789; x_wconf 90' lang='lat' dir='ltr'><strong>a</strong></span> <span class='ocrx_word' id='word_1_466' title='bbox 2801 1731 2930 1787; x_wconf 89' lang='lat' dir='ltr'><strong>Deo.</strong></span> 
     </span>
    </p>
   </div>
   <div class='ocr_carea' id='block_1_60' title="bbox 1932 1821 3456 1895">
    <p class='ocr_par' dir='ltr' id='par_1_60' title="bbox 1932 1821 3456 1895">
     <span class='ocr_line' id='line_1_60' title="bbox 1932 1821 3456 1895; baseline -0.002 -15"><span class='ocrx_word' id='word_1_467' title='bbox 1932 1824 2012 1883; x_wconf 83' lang='lat' dir='ltr'><strong>Ne</strong></span> <span class='ocrx_word' id='word_1_468' title='bbox 2049 1825 2215 1882; x_wconf 90' lang='lat' dir='ltr'><strong>modo</strong></span> <span class='ocrx_word' id='word_1_469' title='bbox 2254 1826 2341 1881; x_wconf 91' lang='lat' dir='ltr'><strong>his</strong></span> <span class='ocrx_word' id='word_1_470' title='bbox 2385 1824 2661 1895; x_wconf 67' lang='lat' dir='ltr'><strong>praedictis</strong></span> <span class='ocrx_word' id='word_1_471' title='bbox 2690 1823 3059 1880; x_wconf 86' lang='lat' dir='ltr'><strong>deterreretur</strong></span> <span class='ocrx_word' id='word_1_472' title='bbox 3102 1821 3456 1889; x_wconf 58' lang='lat' dir='ltr'><strong>Timotheus.</strong></span> 
     </span>
    </p>
   </div>
   <div class='ocr_carea' id='block_1_61' title="bbox 1865 1915 3448 1988">
    <p class='ocr_par' dir='ltr' id='par_1_61' title="bbox 1865 1915 3448 1988">
     <span class='ocr_line' id='line_1_61' title="bbox 1865 1915 3448 1988; baseline -0.004 -11"><span class='ocrx_word' id='word_1_473' title='bbox 1865 1919 2182 1977; x_wconf 86' lang='lat' dir='ltr'><strong>consolatur</strong></span> <span class='ocrx_word' id='word_1_474' title='bbox 2219 1932 2345 1975; x_wconf 89' lang='lat' dir='ltr'><strong>eum</strong></span> <span class='ocrx_word' id='word_1_475' title='bbox 2379 1916 2605 1985; x_wconf 86' lang='lat' dir='ltr'><strong>Paulus,</strong></span> <span class='ocrx_word' id='word_1_476' title='bbox 2657 1916 2846 1974; x_wconf 90' lang='lat' dir='ltr'><strong>dicens</strong></span> <span class='ocrx_word' id='word_1_477' title='bbox 2882 1915 3085 1975; x_wconf 89' lang='lat' dir='ltr'><strong>:Tales</strong></span> <span class='ocrx_word' id='word_1_478' title='bbox 3115 1916 3336 1988; x_wconf 89' lang='lat' dir='ltr'><strong>quidem</strong></span> <span class='ocrx_word' id='word_1_479' title='bbox 3362 1915 3448 1972; x_wconf 85' lang='lat' dir='ltr'><strong>lu-</strong></span> 
     </span>
    </p>
   </div>
   <div class='ocr_carea' id='block_1_62' title="bbox 1865 2006 3444 2080">
    <p class='ocr_par' dir='ltr' id='par_1_62' title="bbox 1865 2006 3444 2080">
     <span class='ocr_line' id='line_1_62' title="bbox 1865 2006 3444 2080; baseline -0.003 -14"><span class='ocrx_word' id='word_1_480' title='bbox 1865 2010 1977 2067; x_wconf 90' lang='lat' dir='ltr'><strong>turi</strong></span> <span class='ocrx_word' id='word_1_481' title='bbox 2013 2017 2174 2076; x_wconf 86' lang='lat' dir='ltr'><strong>sunt;</strong></span> <span class='ocrx_word' id='word_1_482' title='bbox 2222 2008 2319 2065; x_wconf 89' lang='lat' dir='ltr'><strong>sed</strong></span> <span class='ocrx_word' id='word_1_483' title='bbox 2340 2023 2410 2065; x_wconf 92' lang='lat' dir='ltr'><strong>ne</strong></span> <span class='ocrx_word' id='word_1_484' title='bbox 2447 2008 2644 2065; x_wconf 89' lang='lat' dir='ltr'><strong>timeas</strong></span> <span class='ocrx_word' id='word_1_485' title='bbox 2666 2007 2794 2080; x_wconf 92' lang='lat' dir='ltr'><strong>quia</strong></span> <span class='ocrx_word' id='word_1_486' title='bbox 2835 2006 2987 2061; x_wconf 90' lang='lat' dir='ltr'><strong>ultra</strong></span> <span class='ocrx_word' id='word_1_487' title='bbox 3015 2023 3119 2063; x_wconf 90' lang='lat' dir='ltr'><strong>non</strong></span> <span class='ocrx_word' id='word_1_488' title='bbox 3145 2006 3444 2077; x_wconf 81' lang='lat' dir='ltr'><strong>proﬁcient.</strong></span> 
     </span>
    </p>
   </div>
   <div class='ocr_carea' id='block_1_63' title="bbox 1865 2094 3446 2172">
    <p class='ocr_par' dir='ltr' id='par_1_63' title="bbox 1865 2094 3446 2172">
     <span class='ocr_line' id='line_1_63' title="bbox 1865 2094 3446 2172; baseline -0.005 -15"><span class='ocrx_word' id='word_1_489' title='bbox 1865 2101 1995 2159; x_wconf 86' lang='lat' dir='ltr'><strong>ideo</strong></span> <span class='ocrx_word' id='word_1_490' title='bbox 2008 2103 2136 2172; x_wconf 84' lang='lat' dir='ltr'><strong>quia</strong></span> <span class='ocrx_word' id='word_1_491' title='bbox 2185 2098 2493 2171; x_wconf 78' lang='lat' dir='ltr'><strong>insipientia</strong></span> <span class='ocrx_word' id='word_1_492' title='bbox 2547 2098 2763 2155; x_wconf 86' lang='lat' dir='ltr'><strong>illorum</strong></span> <span class='ocrx_word' id='word_1_493' title='bbox 2789 2097 2933 2154; x_wconf 84' lang='lat' dir='ltr'><strong>sicut</strong></span> <span class='ocrx_word' id='word_1_494' title='bbox 2964 2094 3174 2152; x_wconf 65' lang='lat' dir='ltr'><strong>lamna:</strong></span> <span class='ocrx_word' id='word_1_495' title='bbox 3198 2106 3253 2152; x_wconf 87' lang='lat' dir='ltr'><strong>et</strong></span> <span class='ocrx_word' id='word_1_496' title='bbox 3272 2095 3446 2151; x_wconf 81' lang='lat' dir='ltr'><strong>Mant-</strong></span> 
     </span>
    </p>
   </div>
   <div class='ocr_carea' id='block_1_64' title="bbox 1866 2182 3445 2264">
    <p class='ocr_par' dir='ltr' id='par_1_64' title="bbox 1866 2182 3445 2264">
     <span class='ocr_line' id='line_1_64' title="bbox 1866 2182 3445 2264; baseline -0.006 -13"><span class='ocrx_word' id='word_1_497' title='bbox 1866 2182 1980 2264; x_wconf 72' lang='lat' dir='ltr'><strong>bra:</strong></span> <span class='ocrx_word' id='word_1_498' title='bbox 2004 2194 2074 2249; x_wconf 82' lang='lat' dir='ltr'><strong>ad</strong></span> <span class='ocrx_word' id='word_1_499' title='bbox 2095 2192 2349 2250; x_wconf 85' lang='lat' dir='ltr'><strong>ultimum</strong></span> <span class='ocrx_word' id='word_1_500' title='bbox 2382 2191 2668 2262; x_wconf 80' lang='lat' dir='ltr'><strong>manifesta</strong></span> <span class='ocrx_word' id='word_1_501' title='bbox 2696 2191 2820 2257; x_wconf 83' lang='lat' dir='ltr'><strong>erit,</strong></span> <span class='ocrx_word' id='word_1_502' title='bbox 2856 2187 2936 2246; x_wconf 90' lang='lat' dir='ltr'><strong>illi</strong></span> <span class='ocrx_word' id='word_1_503' title='bbox 2963 2203 3073 2245; x_wconf 89' lang='lat' dir='ltr'><strong>non</strong></span> <span class='ocrx_word' id='word_1_504' title='bbox 3105 2187 3246 2247; x_wconf 87' lang='lat' dir='ltr'><strong>ultra</strong></span> <span class='ocrx_word' id='word_1_505' title='bbox 3278 2187 3445 2258; x_wconf 82' lang='lat' dir='ltr'><strong>proﬁ-</strong></span> 
     </span>
    </p>
   </div>
   <div class='ocr_carea' id='block_1_65' title="bbox 1867 2276 3453 2356">
    <p class='ocr_par' dir='ltr' id='par_1_65' title="bbox 1867 2276 3453 2356">
     <span class='ocr_line' id='line_1_65' title="bbox 1867 2276 3453 2356; baseline -0.004 -15"><span class='ocrx_word' id='word_1_506' title='bbox 1867 2285 2053 2341; x_wconf 88' lang='lat' dir='ltr'><strong>cient:</strong></span> <span class='ocrx_word' id='word_1_507' title='bbox 2085 2292 2143 2341; x_wconf 92' lang='lat' dir='ltr'><strong>tu</strong></span> <span class='ocrx_word' id='word_1_508' title='bbox 2185 2292 2390 2352; x_wconf 89' lang='lat' dir='ltr'><strong>autem,</strong></span> <span class='ocrx_word' id='word_1_509' title='bbox 2440 2282 2629 2356; x_wconf 51' lang='lat' dir='ltr'><strong>quasi,</strong></span> <span class='ocrx_word' id='word_1_510' title='bbox 2655 2281 2882 2349; x_wconf 80' lang='lat' dir='ltr'><strong>diceret,</strong></span> <span class='ocrx_word' id='word_1_511' title='bbox 2911 2280 3175 2351; x_wconf 82' lang='lat' dir='ltr'><strong>prolicere</strong></span> <span class='ocrx_word' id='word_1_512' title='bbox 3207 2276 3379 2336; x_wconf 82' lang='lat' dir='ltr'><strong>debes</strong></span> <span class='ocrx_word' id='word_1_513' title='bbox 3396 2284 3453 2334; x_wconf 87' lang='lat' dir='ltr'><strong>et</strong></span> 
     </span>
    </p>
   </div>
   <div class='ocr_carea' id='block_1_66' title="bbox 1848 2368 3453 2449">
    <p class='ocr_par' dir='ltr' id='par_1_66' title="bbox 1848 2368 3453 2449">
     <span class='ocr_line' id='line_1_66' title="bbox 1848 2368 3453 2449; baseline -0.004 -20"><span class='ocrx_word' id='word_1_514' title='bbox 1848 2384 2022 2449; x_wconf 83' lang='lat' dir='ltr'><strong>potes</strong></span> <span class='ocrx_word' id='word_1_515' title='bbox 2078 2395 2091 2431; x_wconf 73' lang='lat'><strong>.&#39;</strong></span> <span class='ocrx_word' id='word_1_516' title='bbox 2137 2378 2194 2430; x_wconf 84' lang='lat' dir='ltr'><strong>tu</strong></span> <span class='ocrx_word' id='word_1_517' title='bbox 2242 2375 2390 2431; x_wconf 88' lang='lat' dir='ltr'><strong>enim</strong></span> <span class='ocrx_word' id='word_1_518' title='bbox 2440 2382 2713 2429; x_wconf 82' lang='lat' dir='ltr'><strong>assecutus</strong></span> <span class='ocrx_word' id='word_1_519' title='bbox 2760 2389 2815 2428; x_wconf 87' lang='lat' dir='ltr'><strong>es</strong></span> <span class='ocrx_word' id='word_1_520' title='bbox 2845 2387 3015 2426; x_wconf 88' lang='lat' dir='ltr'><strong>meam</strong></span> <span class='ocrx_word' id='word_1_521' title='bbox 3057 2369 3357 2427; x_wconf 83' lang='lat' dir='ltr'><strong>doctrinam</strong></span> <span class='ocrx_word' id='word_1_522' title='bbox 3392 2368 3453 2423; x_wconf 88' lang='lat' dir='ltr'><strong>in</strong></span> 
     </span>
    </p>
   </div>
   <div class='ocr_carea' id='block_1_67' title="bbox 1868 2458 3456 2539">
    <p class='ocr_par' dir='ltr' id='par_1_67' title="bbox 1868 2458 3456 2539">
     <span class='ocr_line' id='line_1_67' title="bbox 1868 2458 3456 2539; baseline -0.009 -13"><span class='ocrx_word' id='word_1_523' title='bbox 1868 2466 2093 2539; x_wconf 87' lang='lat' dir='ltr'><strong>scientia</strong></span> <span class='ocrx_word' id='word_1_524' title='bbox 2126 2458 2230 2523; x_wconf 45' lang='grc' dir='ltr'><strong>τίει</strong></span> <span class='ocrx_word' id='word_1_525' title='bbox 2258 2482 2436 2524; x_wconf 90' lang='lat' dir='ltr'><strong>meam</strong></span> <span class='ocrx_word' id='word_1_526' title='bbox 2458 2464 2844 2520; x_wconf 81' lang='lat' dir='ltr'><strong>institutionem</strong></span> <span class='ocrx_word' id='word_1_527' title='bbox 2872 2462 2930 2520; x_wconf 90' lang='lat' dir='ltr'><strong>in</strong></span> <span class='ocrx_word' id='word_1_528' title='bbox 2950 2459 3302 2532; x_wconf 82' lang='lat' dir='ltr'><strong>dispositione</strong></span> <span class='ocrx_word' id='word_1_529' title='bbox 3329 2458 3456 2513; x_wconf 84' lang='lat' dir='ltr'><strong>vitae</strong></span> 
     </span>
    </p>
   </div>
   <div class='ocr_carea' id='block_1_68' title="bbox 1870 2549 3457 2628">
    <p class='ocr_par' dir='ltr' id='par_1_68' title="bbox 1870 2549 3457 2628">
     <span class='ocr_line' id='line_1_68' title="bbox 1870 2549 3457 2628; baseline -0.008 -10"><span class='ocrx_word' id='word_1_530' title='bbox 1870 2569 1925 2618; x_wconf 91' lang='lat' dir='ltr'><strong>et</strong></span> <span class='ocrx_word' id='word_1_531' title='bbox 1947 2561 2011 2625; x_wconf 13' lang='lat' dir='ltr'><strong>in,</strong></span> <span class='ocrx_word' id='word_1_532' title='bbox 2030 2559 2278 2616; x_wconf 89' lang='lat' dir='ltr'><strong>moribus</strong></span> <span class='ocrx_word' id='word_1_533' title='bbox 2310 2577 2324 2614; x_wconf 87' lang='lat'><strong>:</strong></span> <span class='ocrx_word' id='word_1_534' title='bbox 2356 2567 2411 2615; x_wconf 93' lang='lat' dir='ltr'><strong>et</strong></span> <span class='ocrx_word' id='word_1_535' title='bbox 2435 2571 2619 2613; x_wconf 90' lang='lat' dir='ltr'><strong>meum</strong></span> <span class='ocrx_word' id='word_1_536' title='bbox 2655 2556 3002 2628; x_wconf 79' lang='lat' dir='ltr'><strong>propositum,</strong></span> <span class='ocrx_word' id='word_1_537' title='bbox 3030 2552 3159 2625; x_wconf 91' lang='lat' dir='ltr'><strong>quia</strong></span> <span class='ocrx_word' id='word_1_538' title='bbox 3183 2550 3345 2608; x_wconf 77' lang='lat' dir='ltr'><strong>sicuti</strong></span> <span class='ocrx_word' id='word_1_539' title='bbox 3373 2549 3457 2606; x_wconf 87' lang='lat' dir='ltr'><strong>vi-</strong></span> 
     </span>
    </p>
   </div>
   <div class='ocr_carea' id='block_1_69' title="bbox 1869 2644 3459 2718">
    <p class='ocr_par' dir='ltr' id='par_1_69' title="bbox 1869 2644 3459 2718">
     <span class='ocr_line' id='line_1_69' title="bbox 1869 2644 3459 2718; baseline -0.007 -7"><span class='ocrx_word' id='word_1_540' title='bbox 1869 2663 1983 2711; x_wconf 90' lang='lat' dir='ltr'><strong>tam</strong></span> <span class='ocrx_word' id='word_1_541' title='bbox 2039 2662 2300 2710; x_wconf 60' lang='lat' dir='ltr'><strong>aeternam</strong></span> <span class='ocrx_word' id='word_1_542' title='bbox 2348 2651 2514 2711; x_wconf 84' lang='lat' dir='ltr'><strong>tinem</strong></span> <span class='ocrx_word' id='word_1_543' title='bbox 2553 2649 2761 2706; x_wconf 88' lang='lat' dir='ltr'><strong>laboris</strong></span> <span class='ocrx_word' id='word_1_544' title='bbox 2804 2646 2911 2704; x_wconf 90' lang='lat' dir='ltr'><strong>mei</strong></span> <span class='ocrx_word' id='word_1_545' title='bbox 2943 2644 3244 2718; x_wconf 89' lang='lat' dir='ltr'><strong>proposui:</strong></span> <span class='ocrx_word' id='word_1_546' title='bbox 3288 2644 3365 2700; x_wconf 89' lang='lat' dir='ltr'><strong>ita</strong></span> <span class='ocrx_word' id='word_1_547' title='bbox 3402 2652 3459 2700; x_wconf 87' lang='lat' dir='ltr'><strong>et</strong></span> 
     </span>
    </p>
   </div>
   <div class='ocr_carea' id='block_1_70' title="bbox 1871 2735 3456 2814">
    <p class='ocr_par' dir='ltr' id='par_1_70' title="bbox 1871 2735 3456 2814">
     <span class='ocr_line' id='line_1_70' title="bbox 1871 2735 3456 2814; baseline -0.009 -10"><span class='ocrx_word' id='word_1_548' title='bbox 1871 2755 1930 2804; x_wconf 91' lang='lat' dir='ltr'><strong>tu</strong></span> <span class='ocrx_word' id='word_1_549' title='bbox 1971 2754 2255 2803; x_wconf 88' lang='lat' dir='ltr'><strong>assecutus</strong></span> <span class='ocrx_word' id='word_1_550' title='bbox 2299 2759 2360 2801; x_wconf 89' lang='lat' dir='ltr'><strong>es</strong></span> <span class='ocrx_word' id='word_1_551' title='bbox 2404 2743 2567 2801; x_wconf 88' lang='lat' dir='ltr'><strong>etiam</strong></span> <span class='ocrx_word' id='word_1_552' title='bbox 2586 2742 2754 2814; x_wconf 83' lang='lat' dir='ltr'><strong>ﬁdem</strong></span> <span class='ocrx_word' id='word_1_553' title='bbox 2785 2755 2805 2795; x_wconf 90' lang='lat'><strong>:</strong></span> <span class='ocrx_word' id='word_1_554' title='bbox 2832 2739 2962 2811; x_wconf 87' lang='lat' dir='ltr'><strong>quia</strong></span> <span class='ocrx_word' id='word_1_555' title='bbox 3009 2753 3143 2795; x_wconf 87' lang='lat' dir='ltr'><strong>sane</strong></span> <span class='ocrx_word' id='word_1_556' title='bbox 3178 2735 3357 2792; x_wconf 88' lang='lat' dir='ltr'><strong>credis</strong></span> <span class='ocrx_word' id='word_1_557' title='bbox 3395 2743 3456 2791; x_wconf 83' lang='lat' dir='ltr'><strong>ut</strong></span> 
     </span>
    </p>
   </div>
   <div class='ocr_carea' id='block_1_71' title="bbox 1870 2822 3449 2910">
    <p class='ocr_par' dir='ltr' id='par_1_71' title="bbox 1870 2822 3449 2910">
     <span class='ocr_line' id='line_1_71' title="bbox 1870 2822 3449 2910; baseline -0.008 -16"><span class='ocrx_word' id='word_1_558' title='bbox 1870 2853 1995 2910; x_wconf 84' lang='lat' dir='ltr'><strong>ego;</strong></span> <span class='ocrx_word' id='word_1_559' title='bbox 2029 2845 2086 2893; x_wconf 88' lang='lat' dir='ltr'><strong>et</strong></span> <span class='ocrx_word' id='word_1_560' title='bbox 2118 2826 2587 2910; x_wconf 22' lang='lat' dir='ltr'><strong>longanimitatem’</strong></span> <span class='ocrx_word' id='word_1_561' title='bbox 2619 2832 2675 2888; x_wconf 90' lang='lat' dir='ltr'><strong>in</strong></span> <span class='ocrx_word' id='word_1_562' title='bbox 2721 2847 2819 2903; x_wconf 88' lang='lat' dir='ltr'><strong>spe</strong></span> <span class='ocrx_word' id='word_1_563' title='bbox 2852 2849 2866 2887; x_wconf 94' lang='lat'><strong>:</strong></span> <span class='ocrx_word' id='word_1_564' title='bbox 2906 2822 3033 2902; x_wconf 86' lang='lat' dir='ltr'><strong>quia</strong></span> <span class='ocrx_word' id='word_1_565' title='bbox 3089 2837 3315 2899; x_wconf 83' lang='lat' dir='ltr'><strong>paratus</strong></span> <span class='ocrx_word' id='word_1_566' title='bbox 3362 2842 3449 2890; x_wconf 88' lang='lat' dir='ltr'><strong>es,</strong></span> 
     </span>
    </p>
   </div>
   <div class='ocr_carea' id='block_1_72' title="bbox 1871 2908 3456 3002">
    <p class='ocr_par' dir='ltr' id='par_1_72' title="bbox 1871 2908 3456 3002">
     <span class='ocr_line' id='line_1_72' title="bbox 1871 2908 3456 3002; baseline -0.008 -16"><span class='ocrx_word' id='word_1_567' title='bbox 1871 2908 2117 3002; x_wconf 78' lang='lat' dir='ltr'><strong>quandiu</strong></span> <span class='ocrx_word' id='word_1_568' title='bbox 2184 2927 2296 2984; x_wconf 83' lang='lat' dir='ltr'><strong>Deo</strong></span> <span class='ocrx_word' id='word_1_569' title='bbox 2349 2908 2603 2999; x_wconf 77' lang='lat' dir='ltr'><strong>placebit,</strong></span> <span class='ocrx_word' id='word_1_570' title='bbox 2640 2922 2878 2981; x_wconf 83' lang='lat' dir='ltr'><strong>mecum.</strong></span> <span class='ocrx_word' id='word_1_571' title='bbox 2918 2922 3211 2988; x_wconf 73' lang='lat' dir='ltr'><strong>sustinere.</strong></span> <span class='ocrx_word' id='word_1_572' title='bbox 3272 2917 3456 2974; x_wconf 84' lang='lat' dir='ltr'><strong>Habes</strong></span> 
     </span>
    </p>
   </div>
   <div class='ocr_carea' id='block_1_73' title="bbox 1871 3001 3486 3095">
    <p class='ocr_par' dir='ltr' id='par_1_73' title="bbox 1871 3001 3486 3095">
     <span class='ocr_line' id='line_1_73' title="bbox 1871 3001 3486 3095; baseline -0.007 -18"><span class='ocrx_word' id='word_1_573' title='bbox 1871 3020 2038 3078; x_wconf 85' lang='lat' dir='ltr'><strong>etiam</strong></span> <span class='ocrx_word' id='word_1_574' title='bbox 2079 3018 2416 3075; x_wconf 80' lang='lat' dir='ltr'><strong>dilectionem</strong></span> <span class='ocrx_word' id='word_1_575' title='bbox 2453 3015 2554 3074; x_wconf 87' lang='lat' dir='ltr'><strong>Dei</strong></span> <span class='ocrx_word' id='word_1_576' title='bbox 2596 3018 2651 3083; x_wconf 84' lang='lat' dir='ltr'><strong>et</strong></span> <span class='ocrx_word' id='word_1_577' title='bbox 2686 3014 2923 3095; x_wconf 80' lang='lat' dir='ltr'><strong>proximi</strong></span> <span class='ocrx_word' id='word_1_578' title='bbox 2963 3033 2979 3070; x_wconf 93' lang='lat'><strong>:</strong></span> <span class='ocrx_word' id='word_1_579' title='bbox 3014 3008 3084 3070; x_wconf 58' lang='lat' dir='ltr'><strong>~et</strong></span> <span class='ocrx_word' id='word_1_580' title='bbox 3118 3001 3486 3085; x_wconf 30' lang='lat' dir='ltr'><strong>patientiam,‘</strong></span> 
     </span>
    </p>
   </div>
   <div class='ocr_carea' id='block_1_74' title="bbox 1871 3100 3458 3181">
    <p class='ocr_par' dir='ltr' id='par_1_74' title="bbox 1871 3100 3458 3181">
     <span class='ocr_line' id='line_1_74' title="bbox 1871 3100 3458 3181; baseline -0.006 -14"><span class='ocrx_word' id='word_1_581' title='bbox 1871 3109 1929 3168; x_wconf 86' lang='lat' dir='ltr'><strong>id</strong></span> <span class='ocrx_word' id='word_1_582' title='bbox 1987 3100 2072 3166; x_wconf 84' lang='lat' dir='ltr'><strong>est</strong></span> <span class='ocrx_word' id='word_1_583' title='bbox 2114 3110 2288 3181; x_wconf 90' lang='lat' dir='ltr'><strong>ipsam</strong></span> <span class='ocrx_word' id='word_1_584' title='bbox 2330 3104 2588 3169; x_wconf 79' lang='lat' dir='ltr'><strong>virtutem</strong></span> <span class='ocrx_word' id='word_1_585' title='bbox 2616 3126 2651 3178; x_wconf 30' lang='grc' dir='ltr'>σε</span> <span class='ocrx_word' id='word_1_586' title='bbox 2683 3106 2900 3162; x_wconf 87' lang='lat' dir='ltr'><strong>etiamsi</strong></span> <span class='ocrx_word' id='word_1_587' title='bbox 2926 3105 3065 3161; x_wconf 85' lang='lat' dir='ltr'><strong>nihil</strong></span> <span class='ocrx_word' id='word_1_588' title='bbox 3104 3104 3320 3177; x_wconf 82' lang='lat' dir='ltr'><strong>operari</strong></span> <span class='ocrx_word' id='word_1_589' title='bbox 3358 3118 3458 3158; x_wconf 83' lang='lat' dir='ltr'><strong>ne-</strong></span> 
     </span>
    </p>
   </div>
   <div class='ocr_carea' id='block_1_75' title="bbox 1872 3194 3457 3269">
    <p class='ocr_par' dir='ltr' id='par_1_75' title="bbox 1872 3194 3457 3269">
     <span class='ocr_line' id='line_1_75' title="bbox 1872 3194 3457 3269; baseline -0.008 -10"><span class='ocrx_word' id='word_1_590' title='bbox 1872 3216 2027 3260; x_wconf 87' lang='lat' dir='ltr'><strong>cesse</strong></span> <span class='ocrx_word' id='word_1_591' title='bbox 2070 3199 2161 3267; x_wconf 85' lang='lat' dir='ltr'><strong>sit,</strong></span> <span class='ocrx_word' id='word_1_592' title='bbox 2186 3208 2241 3255; x_wconf 88' lang='lat' dir='ltr'><strong>et</strong></span> <span class='ocrx_word' id='word_1_593' title='bbox 2278 3207 2434 3255; x_wconf 85' lang='lat' dir='ltr'><strong>actus</strong></span> <span class='ocrx_word' id='word_1_594' title='bbox 2469 3198 2616 3252; x_wconf 88' lang='lat' dir='ltr'><strong>illius</strong></span> <span class='ocrx_word' id='word_1_595' title='bbox 2641 3196 2937 3269; x_wconf 73' lang='lat' dir='ltr'><strong>patientiae,</strong></span> <span class='ocrx_word' id='word_1_596' title='bbox 2963 3194 3174 3252; x_wconf 88' lang='lat' dir='ltr'><strong>scilicet</strong></span> <span class='ocrx_word' id='word_1_597' title='bbox 3210 3210 3457 3266; x_wconf 76' lang='lat' dir='ltr'><strong>persecu-</strong></span> 
     </span>
    </p>
   </div>
   <div class='ocr_carea' id='block_1_76' title="bbox 1877 3286 3460 3361">
    <p class='ocr_par' dir='ltr' id='par_1_76' title="bbox 1877 3286 3460 3361">
     <span class='ocr_line' id='line_1_76' title="bbox 1877 3286 3460 3361; baseline -0.001 -14"><span class='ocrx_word' id='word_1_598' title='bbox 1877 3292 2049 3347; x_wconf 85' lang='lat' dir='ltr'><strong>tiones</strong></span> <span class='ocrx_word' id='word_1_599' title='bbox 2095 3289 2164 3347; x_wconf 92' lang='lat' dir='ltr'><strong>de</strong></span> <span class='ocrx_word' id='word_1_600' title='bbox 2192 3288 2314 3346; x_wconf 88' lang='lat' dir='ltr'><strong>loco</strong></span> <span class='ocrx_word' id='word_1_601' title='bbox 2339 3289 2406 3345; x_wconf 90' lang='lat' dir='ltr'><strong>ad</strong></span> <span class='ocrx_word' id='word_1_602' title='bbox 2431 3287 2635 3361; x_wconf 85' lang='lat' dir='ltr'><strong>locum,</strong></span> <span class='ocrx_word' id='word_1_603' title='bbox 2665 3297 2718 3344; x_wconf 89' lang='lat' dir='ltr'><strong>et</strong></span> <span class='ocrx_word' id='word_1_604' title='bbox 2736 3286 3004 3359; x_wconf 85' lang='lat' dir='ltr'><strong>passiones</strong></span> <span class='ocrx_word' id='word_1_605' title='bbox 3033 3293 3460 3345; x_wconf 85' lang='lat' dir='ltr'><strong>tormentorum.</strong></span> 
     </span>
    </p>
   </div>
   <div class='ocr_carea' id='block_1_77' title="bbox 1875 3375 3457 3456">
    <p class='ocr_par' dir='ltr' id='par_1_77' title="bbox 1875 3375 3457 3456">
     <span class='ocr_line' id='line_1_77' title="bbox 1875 3375 3457 3456; baseline -0.003 -19"><span class='ocrx_word' id='word_1_606' title='bbox 1875 3380 2037 3456; x_wconf 56' lang='lat'><strong>35,3</strong></span> <span class='ocrx_word' id='word_1_607' title='bbox 2071 3378 2231 3437; x_wconf 85' lang='lat' dir='ltr'><strong>Nosti</strong></span> <span class='ocrx_word' id='word_1_608' title='bbox 2249 3379 2413 3436; x_wconf 88' lang='lat' dir='ltr'><strong>etiam</strong></span> <span class='ocrx_word' id='word_1_609' title='bbox 2437 3378 2620 3451; x_wconf 83' lang='lat' dir='ltr'><strong>qualia</strong></span> <span class='ocrx_word' id='word_1_610' title='bbox 2643 3379 2793 3450; x_wconf 80' lang='lat' dir='ltr'><strong>facta</strong></span> <span class='ocrx_word' id='word_1_611' title='bbox 2826 3376 2950 3433; x_wconf 75' lang='lat' dir='ltr'><strong>sunt</strong></span> <span class='ocrx_word' id='word_1_612' title='bbox 2971 3375 3102 3431; x_wconf 82' lang='lat' dir='ltr'><strong>mihi</strong></span> <span class='ocrx_word' id='word_1_613' title='bbox 3124 3376 3422 3432; x_wconf 79' lang='lat' dir='ltr'><strong>Antiochia:</strong></span> <span class='ocrx_word' id='word_1_614' title='bbox 3441 3419 3457 3444; x_wconf 80' lang='lat'><strong>,</strong></span> 
     </span>
    </p>
   </div>
   <div class='ocr_carea' id='block_1_78' title="bbox 1876 3466 3461 3546">
    <p class='ocr_par' dir='ltr' id='par_1_78' title="bbox 1876 3466 3461 3546">
     <span class='ocr_line' id='line_1_78' title="bbox 1876 3466 3461 3546; baseline -0.005 -16"><span class='ocrx_word' id='word_1_615' title='bbox 1876 3473 2074 3544; x_wconf 82' lang='lat' dir='ltr'><strong>Icouii,</strong></span> <span class='ocrx_word' id='word_1_616' title='bbox 2104 3472 2335 3546; x_wconf 80' lang='lat' dir='ltr'><strong>Lystris,</strong></span> <span class='ocrx_word' id='word_1_617' title='bbox 2363 3466 2438 3538; x_wconf 71' lang='lat' dir='ltr'><strong>et,</strong></span> <span class='ocrx_word' id='word_1_618' title='bbox 2474 3478 2671 3543; x_wconf 63' lang='lat' dir='ltr'><strong>prater</strong></span> <span class='ocrx_word' id='word_1_619' title='bbox 2698 3470 2834 3536; x_wconf 61' lang='lat' dir='ltr'><strong>haec,</strong></span> <span class='ocrx_word' id='word_1_620' title='bbox 2865 3467 3047 3541; x_wconf 86' lang='lat' dir='ltr'><strong>quales</strong></span> <span class='ocrx_word' id='word_1_621' title='bbox 3069 3467 3461 3540; x_wconf 79' lang='lat' dir='ltr'><strong>persecutiones</strong></span> 
     </span>
    </p>
   </div>
   <div class='ocr_carea' id='block_1_79' title="bbox 1876 3559 3460 3640">
    <p class='ocr_par' dir='ltr' id='par_1_79' title="bbox 1876 3559 3460 3640">
     <span class='ocr_line' id='line_1_79' title="bbox 1876 3559 3460 3640; baseline -0.007 -15"><span class='ocrx_word' id='word_1_622' title='bbox 1876 3580 1978 3640; x_wconf 81' lang='lat' dir='ltr'><strong>ego</strong></span> <span class='ocrx_word' id='word_1_623' title='bbox 2007 3566 2235 3622; x_wconf 88' lang='lat' dir='ltr'><strong>sustinui</strong></span> <span class='ocrx_word' id='word_1_624' title='bbox 2270 3565 2325 3621; x_wconf 91' lang='lat' dir='ltr'><strong>in</strong></span> <span class='ocrx_word' id='word_1_625' title='bbox 2358 3563 2546 3621; x_wconf 90' lang='lat' dir='ltr'><strong>multis</strong></span> <span class='ocrx_word' id='word_1_626' title='bbox 2581 3562 2737 3618; x_wconf 89' lang='lat' dir='ltr'><strong>locis.</strong></span> <span class='ocrx_word' id='word_1_627' title='bbox 2783 3560 2889 3617; x_wconf 87' lang='lat' dir='ltr'><strong>Sed</strong></span> <span class='ocrx_word' id='word_1_628' title='bbox 2915 3559 3046 3633; x_wconf 84' lang='lat' dir='ltr'><strong>quid</strong></span> <span class='ocrx_word' id='word_1_629' title='bbox 3088 3559 3213 3616; x_wconf 91' lang='lat' dir='ltr'><strong>inde</strong></span> <span class='ocrx_word' id='word_1_630' title='bbox 3260 3560 3460 3615; x_wconf 78' lang='lat' dir='ltr'><strong>timen-</strong></span> 
     </span>
    </p>
   </div>
   <div class='ocr_carea' id='block_1_80' title="bbox 1876 3652 3467 3720">
    <p class='ocr_par' dir='ltr' id='par_1_80' title="bbox 1876 3652 3467 3720">
     <span class='ocr_line' id='line_1_80' title="bbox 1876 3652 3467 3720; baseline -0.005 -4"><span class='ocrx_word' id='word_1_631' title='bbox 1876 3658 2055 3718; x_wconf 78' lang='lat' dir='ltr'><strong>dum?</strong></span> <span class='ocrx_word' id='word_1_632' title='bbox 2080 3657 2166 3713; x_wconf 78' lang='lat' dir='ltr'><strong>Ea:</strong></span> <span class='ocrx_word' id='word_1_633' title='bbox 2202 3656 2444 3713; x_wconf 79' lang='lat' dir='ltr'><strong>omnibus</strong></span> <span class='ocrx_word' id='word_1_634' title='bbox 2489 3655 2635 3712; x_wconf 89' lang='lat' dir='ltr'><strong>enim</strong></span> <span class='ocrx_word' id='word_1_635' title='bbox 2673 3654 2817 3710; x_wconf 90' lang='lat' dir='ltr'><strong>eruit</strong></span> <span class='ocrx_word' id='word_1_636' title='bbox 2861 3670 2943 3708; x_wconf 88' lang='lat' dir='ltr'><strong>me</strong></span> <span class='ocrx_word' id='word_1_637' title='bbox 2970 3652 3269 3720; x_wconf 88' lang='lat' dir='ltr'><strong>Dominus;</strong></span> <span class='ocrx_word' id='word_1_638' title='bbox 3302 3660 3355 3707; x_wconf 89' lang='lat' dir='ltr'><strong>et</strong></span> <span class='ocrx_word' id='word_1_639' title='bbox 3379 3652 3467 3708; x_wconf 83' lang='lat' dir='ltr'><strong>sic</strong></span> 
     </span>
    </p>
   </div>
   <div class='ocr_carea' id='block_1_81' title="bbox 1875 3742 3462 3820">
    <p class='ocr_par' dir='ltr' id='par_1_81' title="bbox 1875 3742 3462 3820">
     <span class='ocr_line' id='line_1_81' title="bbox 1875 3742 3462 3820; baseline -0.007 -10"><span class='ocrx_word' id='word_1_640' title='bbox 1875 3759 2034 3810; x_wconf 88' lang='lat' dir='ltr'><strong>eruet</strong></span> <span class='ocrx_word' id='word_1_641' title='bbox 2064 3758 2119 3807; x_wconf 91' lang='lat' dir='ltr'><strong>te</strong></span> <span class='ocrx_word' id='word_1_642' title='bbox 2146 3749 2213 3805; x_wconf 90' lang='lat' dir='ltr'><strong>de</strong></span> <span class='ocrx_word' id='word_1_643' title='bbox 2240 3749 2326 3806; x_wconf 90' lang='lat' dir='ltr'><strong>his</strong></span> <span class='ocrx_word' id='word_1_644' title='bbox 2353 3764 2474 3820; x_wconf 74' lang='lat' dir='ltr'><strong>quae</strong></span> <span class='ocrx_word' id='word_1_645' title='bbox 2504 3756 2557 3803; x_wconf 91' lang='lat' dir='ltr'><strong>te</strong></span> <span class='ocrx_word' id='word_1_646' title='bbox 2590 3746 2703 3818; x_wconf 89' lang='lat' dir='ltr'><strong>pati</strong></span> <span class='ocrx_word' id='word_1_647' title='bbox 2730 3744 3036 3817; x_wconf 86' lang='lat' dir='ltr'><strong>contigerit.</strong></span> <span class='ocrx_word' id='word_1_648' title='bbox 3053 3742 3275 3800; x_wconf 83' lang='lat' dir='ltr'><strong>incitari</strong></span> <span class='ocrx_word' id='word_1_649' title='bbox 3296 3743 3462 3800; x_wconf 80' lang='lat' dir='ltr'><strong>debes</strong></span> 
     </span>
    </p>
   </div>
   <div class='ocr_carea' id='block_1_82' title="bbox 1878 3835 3460 3912">
    <p class='ocr_par' dir='ltr' id='par_1_82' title="bbox 1878 3835 3460 3912">
     <span class='ocr_line' id='line_1_82' title="bbox 1878 3835 3460 3912; baseline -0.007 -10"><span class='ocrx_word' id='word_1_650' title='bbox 1878 3843 1947 3902; x_wconf 83' lang='lat' dir='ltr'><strong>ad</strong></span> <span class='ocrx_word' id='word_1_651' title='bbox 1982 3840 2375 3902; x_wconf 84' lang='lat' dir='ltr'><strong>continentiam</strong></span> <span class='ocrx_word' id='word_1_652' title='bbox 2406 3839 2655 3912; x_wconf 80' lang='lat' dir='ltr'><strong>exemplo</strong></span> <span class='ocrx_word' id='word_1_653' title='bbox 2697 3852 2841 3907; x_wconf 89' lang='lat' dir='ltr'><strong>meo,</strong></span> <span class='ocrx_word' id='word_1_654' title='bbox 2876 3845 2941 3894; x_wconf 83' lang='lat' dir='ltr'><strong>et</strong></span> <span class='ocrx_word' id='word_1_655' title='bbox 2959 3835 3208 3892; x_wconf 88' lang='lat' dir='ltr'><strong>omnium</strong></span> <span class='ocrx_word' id='word_1_656' title='bbox 3238 3835 3460 3908; x_wconf 77' lang='lat' dir='ltr'><strong>religio-</strong></span> 
     </span>
    </p>
   </div>
   <div class='ocr_carea' id='block_1_83' title="bbox 1878 3922 3460 4004">
    <p class='ocr_par' dir='ltr' id='par_1_83' title="bbox 1878 3922 3460 4004">
     <span class='ocr_line' id='line_1_83' title="bbox 1878 3922 3460 4004; baseline -0.006 -10"><span class='ocrx_word' id='word_1_657' title='bbox 1878 3951 2089 3994; x_wconf 86' lang='lat' dir='ltr'><strong>sorum.</strong></span> <span class='ocrx_word' id='word_1_658' title='bbox 2123 3922 2316 3992; x_wconf 81' lang='lat' dir='ltr'><strong>omnes</strong></span> <span class='ocrx_word' id='word_1_659' title='bbox 2343 3932 2488 3989; x_wconf 91' lang='lat' dir='ltr'><strong>enim</strong></span> <span class='ocrx_word' id='word_1_660' title='bbox 2517 3932 2607 4004; x_wconf 87' lang='lat' dir='ltr'><strong>qui</strong></span> <span class='ocrx_word' id='word_1_661' title='bbox 2641 3929 2821 3986; x_wconf 82' lang='lat' dir='ltr'><strong>uolunt</strong></span> <span class='ocrx_word' id='word_1_662' title='bbox 2857 3929 2962 4004; x_wconf 77' lang='lat' dir='ltr'><strong>pie,</strong></span> <span class='ocrx_word' id='word_1_663' title='bbox 2985 3928 3041 3986; x_wconf 88' lang='lat' dir='ltr'><strong>id</strong></span> <span class='ocrx_word' id='word_1_664' title='bbox 3080 3935 3165 3985; x_wconf 89' lang='lat' dir='ltr'><strong>est</strong></span> <span class='ocrx_word' id='word_1_665' title='bbox 3184 3926 3460 4002; x_wconf 80' lang='lat' dir='ltr'><strong>religiose,</strong></span> 
     </span>
    </p>
   </div>
   <div class='ocr_carea' id='block_1_84' title="bbox 1877 4021 3503 4096">
    <p class='ocr_par' dir='ltr' id='par_1_84' title="bbox 1877 4021 3503 4096">
     <span class='ocr_line' id='line_1_84' title="bbox 1877 4021 3503 4096; baseline -0.006 -11"><span class='ocrx_word' id='word_1_666' title='bbox 1877 4030 2046 4085; x_wconf 79' lang='lat' dir='ltr'><strong>vivere</strong></span> <span class='ocrx_word' id='word_1_667' title='bbox 2092 4028 2149 4082; x_wconf 88' lang='lat' dir='ltr'><strong>in</strong></span> <span class='ocrx_word' id='word_1_668' title='bbox 2190 4024 2403 4083; x_wconf 82' lang='lat' dir='ltr'><strong>Christo</strong></span> <span class='ocrx_word' id='word_1_669' title='bbox 2440 4023 2593 4093; x_wconf 74' lang='lat' dir='ltr'><strong>Iesu,</strong></span> <span class='ocrx_word' id='word_1_670' title='bbox 2628 4022 2898 4095; x_wconf 80' lang='lat' dir='ltr'><strong>patientur</strong></span> <span class='ocrx_word' id='word_1_671' title='bbox 2931 4021 3383 4093; x_wconf 80' lang='lat' dir='ltr'><strong>persecutionem:</strong></span> <span class='ocrx_word' id='word_1_672' title='bbox 3407 4028 3463 4076; x_wconf 86' lang='lat' dir='ltr'><strong>et</strong></span> <span class='ocrx_word' id='word_1_673' title='bbox 3499 4092 3503 4096; x_wconf 7' lang='grc' dir='ltr'><em>ὶ</em></span> 
     </span>
    </p>
   </div>
   <div class='ocr_carea' id='block_1_85' title="bbox 1878 4112 3464 4190">
    <p class='ocr_par' dir='ltr' id='par_1_85' title="bbox 1878 4112 3464 4190">
     <span class='ocr_line' id='line_1_85' title="bbox 1878 4112 3464 4190; baseline -0.006 -11"><span class='ocrx_word' id='word_1_674' title='bbox 1878 4123 2001 4179; x_wconf 90' lang='lat' dir='ltr'><strong>ideo</strong></span> <span class='ocrx_word' id='word_1_675' title='bbox 2028 4137 2098 4178; x_wconf 91' lang='lat' dir='ltr'><strong>nc</strong></span> <span class='ocrx_word' id='word_1_676' title='bbox 2126 4119 2365 4177; x_wconf 90' lang='lat' dir='ltr'><strong>turberis</strong></span> <span class='ocrx_word' id='word_1_677' title='bbox 2402 4117 2450 4175; x_wconf 90' lang='lat' dir='ltr'><strong>si</strong></span> <span class='ocrx_word' id='word_1_678' title='bbox 2481 4118 2663 4190; x_wconf 88' lang='lat' dir='ltr'><strong>aliqua</strong></span> <span class='ocrx_word' id='word_1_679' title='bbox 2693 4113 2915 4188; x_wconf 88' lang='lat' dir='ltr'><strong>pateris.</strong></span> <span class='ocrx_word' id='word_1_680' title='bbox 2960 4112 3055 4170; x_wconf 90' lang='lat' dir='ltr'><strong>Pie</strong></span> <span class='ocrx_word' id='word_1_681' title='bbox 3080 4114 3327 4173; x_wconf 86' lang='lat' dir='ltr'><strong>viventes</strong></span> <span class='ocrx_word' id='word_1_682' title='bbox 3365 4129 3464 4187; x_wconf 80' lang='lat' dir='ltr'><strong>pa-</strong></span> 
     </span>
    </p>
   </div>
   <div class='ocr_carea' id='block_1_86' title="bbox 1879 4205 3464 4270">
    <p class='ocr_par' dir='ltr' id='par_1_86' title="bbox 1879 4205 3464 4270">
     <span class='ocr_line' id='line_1_86' title="bbox 1879 4205 3464 4270; baseline -0.003 0"><span class='ocrx_word' id='word_1_683' title='bbox 1879 4216 2085 4270; x_wconf 87' lang='lat' dir='ltr'><strong>tientur</strong></span> <span class='ocrx_word' id='word_1_684' title='bbox 2107 4229 2121 4266; x_wconf 94' lang='lat'><strong>:</strong></span> <span class='ocrx_word' id='word_1_685' title='bbox 2147 4213 2383 4267; x_wconf 82' lang='lat' dir='ltr'><strong>homines</strong></span> <span class='ocrx_word' id='word_1_686' title='bbox 2406 4219 2580 4266; x_wconf 86' lang='lat' dir='ltr'><strong>autem</strong></span> <span class='ocrx_word' id='word_1_687' title='bbox 2599 4207 2727 4263; x_wconf 86' lang='lat' dir='ltr'><strong>mali</strong></span> <span class='ocrx_word' id='word_1_688' title='bbox 2756 4207 2810 4262; x_wconf 91' lang='lat' dir='ltr'><strong>in</strong></span> <span class='ocrx_word' id='word_1_689' title='bbox 2842 4222 2900 4262; x_wconf 90' lang='lat' dir='ltr'><strong>se</strong></span> <span class='ocrx_word' id='word_1_690' title='bbox 2926 4216 2974 4262; x_wconf 88' lang='lat' dir='ltr'><strong>et</strong></span> <span class='ocrx_word' id='word_1_691' title='bbox 3003 4206 3300 4263; x_wconf 86' lang='lat' dir='ltr'><strong>seductores</strong></span> <span class='ocrx_word' id='word_1_692' title='bbox 3321 4205 3464 4265; x_wconf 54' lang='lat' dir='ltr'><strong>alio-</strong></span> 
     </span>
    </p>
   </div>
   <div class='ocr_carea' id='block_1_87' title="bbox 1877 4295 3463 4373">
    <p class='ocr_par' dir='ltr' id='par_1_87' title="bbox 1877 4295 3463 4373">
     <span class='ocr_line' id='line_1_87' title="bbox 1877 4295 3463 4373; baseline -0.006 -13"><span class='ocrx_word' id='word_1_693' title='bbox 1877 4320 2001 4361; x_wconf 90' lang='lat' dir='ltr'><strong>rum</strong></span> <span class='ocrx_word' id='word_1_694' title='bbox 2029 4301 2302 4373; x_wconf 77' lang='lat' dir='ltr'><strong>proﬁcient</strong></span> <span class='ocrx_word' id='word_1_695' title='bbox 2329 4300 2546 4371; x_wconf 88' lang='lat' dir='ltr'><strong>quidem</strong></span> <span class='ocrx_word' id='word_1_696' title='bbox 2588 4299 2642 4351; x_wconf 88' lang='lat' dir='ltr'><strong>in</strong></span> <span class='ocrx_word' id='word_1_697' title='bbox 2697 4296 2989 4353; x_wconf 88' lang='lat' dir='ltr'><strong>mundanis</strong></span> <span class='ocrx_word' id='word_1_698' title='bbox 3028 4295 3463 4370; x_wconf 63' lang='lat' dir='ltr'><strong>[immunditiisL</strong></span> 
     </span>
    </p>
   </div>
   <div class='ocr_carea' id='block_1_88' title="bbox 1881 4387 3463 4458">
    <p class='ocr_par' dir='ltr' id='par_1_88' title="bbox 1881 4387 3463 4458">
     <span class='ocr_line' id='line_1_88' title="bbox 1881 4387 3463 4458; baseline -0.006 -8"><span class='ocrx_word' id='word_1_699' title='bbox 1881 4394 1978 4450; x_wconf 87' lang='lat' dir='ltr'><strong>sed</strong></span> <span class='ocrx_word' id='word_1_700' title='bbox 2012 4393 2118 4448; x_wconf 88' lang='lat' dir='ltr'><strong>hoc</strong></span> <span class='ocrx_word' id='word_1_701' title='bbox 2151 4400 2327 4446; x_wconf 89' lang='lat' dir='ltr'><strong>totum</strong></span> <span class='ocrx_word' id='word_1_702' title='bbox 2370 4390 2473 4446; x_wconf 88' lang='lat' dir='ltr'><strong>erit</strong></span> <span class='ocrx_word' id='word_1_703' title='bbox 2498 4388 2606 4447; x_wconf 88' lang='lat' dir='ltr'><strong>illis</strong></span> <span class='ocrx_word' id='word_1_704' title='bbox 2636 4388 2691 4443; x_wconf 90' lang='lat' dir='ltr'><strong>in</strong></span> <span class='ocrx_word' id='word_1_705' title='bbox 2731 4388 2935 4458; x_wconf 85' lang='lat' dir='ltr'><strong>poenis,</strong></span> <span class='ocrx_word' id='word_1_706' title='bbox 2966 4396 3021 4444; x_wconf 90' lang='lat' dir='ltr'><strong>et</strong></span> <span class='ocrx_word' id='word_1_707' title='bbox 3060 4388 3116 4442; x_wconf 88' lang='lat' dir='ltr'><strong>in</strong></span> <span class='ocrx_word' id='word_1_708' title='bbox 3154 4387 3463 4455; x_wconf 86' lang='lat' dir='ltr'><strong>damnatio-</strong></span> 
     </span>
    </p>
   </div>
   <div class='ocr_carea' id='block_1_89' title="bbox 1881 4477 3463 4554">
    <p class='ocr_par' dir='ltr' id='par_1_89' title="bbox 1881 4477 3463 4554">
     <span class='ocr_line' id='line_1_89' title="bbox 1881 4477 3463 4554; baseline -0.006 -13"><span class='ocrx_word' id='word_1_709' title='bbox 1881 4501 2027 4541; x_wconf 87' lang='lat' dir='ltr'><strong>nem.</strong></span> <span class='ocrx_word' id='word_1_710' title='bbox 2059 4483 2166 4554; x_wconf 84' lang='lat' dir='ltr'><strong>lpsi</strong></span> <span class='ocrx_word' id='word_1_711' title='bbox 2197 4483 2342 4550; x_wconf 90' lang='lat' dir='ltr'><strong>dico,</strong></span> <span class='ocrx_word' id='word_1_712' title='bbox 2367 4490 2601 4536; x_wconf 86' lang='lat' dir='ltr'><strong>errantes</strong></span> <span class='ocrx_word' id='word_1_713' title='bbox 2624 4479 2681 4537; x_wconf 80' lang='lat' dir='ltr'><strong>in</strong></span> <span class='ocrx_word' id='word_1_714' title='bbox 2699 4493 2778 4546; x_wconf 89' lang='lat' dir='ltr'><strong>se,</strong></span> <span class='ocrx_word' id='word_1_715' title='bbox 2808 4487 2862 4534; x_wconf 91' lang='lat' dir='ltr'><strong>et</strong></span> <span class='ocrx_word' id='word_1_716' title='bbox 2897 4477 3017 4533; x_wconf 90' lang='lat' dir='ltr'><strong>ideo</strong></span> <span class='ocrx_word' id='word_1_717' title='bbox 3046 4477 3176 4542; x_wconf 78' lang='lat' dir='ltr'><strong>mali</strong></span> <span class='ocrx_word' id='word_1_718' title='bbox 3200 4479 3463 4532; x_wconf 84' lang='lat' dir='ltr'><strong>mittentes</strong></span> 
     </span>
    </p>
   </div>
   <div class='ocr_carea' id='block_1_90' title="bbox 160 4567 3465 4665">
    <p class='ocr_par' dir='ltr' id='par_1_90' title="bbox 160 4567 3465 4665">
     <span class='ocr_line' id='line_1_90' title="bbox 160 4567 3465 4665; baseline -0.003 -31"><span class='ocrx_word' id='word_1_719' title='bbox 160 4660 169 4665; x_wconf 25' lang='lat'>&#39;</span> <span class='ocrx_word' id='word_1_720' title='bbox 201 4579 497 4637; x_wconf 81' lang='lat' dir='ltr'><strong>adventum</strong></span> <span class='ocrx_word' id='word_1_721' title='bbox 523 4580 730 4637; x_wconf 84' lang='lat' dir='ltr'><strong>Christi</strong></span> <span class='ocrx_word' id='word_1_722' title='bbox 760 4579 904 4638; x_wconf 88' lang='lat' dir='ltr'><strong>Deus</strong></span> <span class='ocrx_word' id='word_1_723' title='bbox 937 4582 1242 4652; x_wconf 58' lang='lat' dir='ltr'><strong>praecedere</strong></span> <span class='ocrx_word' id='word_1_724' title='bbox 1267 4581 1465 4647; x_wconf 76' lang='lat' dir='ltr'><strong>voluit;</strong></span> <span class='ocrx_word' id='word_1_725' title='bbox 1503 4581 1582 4638; x_wconf 86' lang='lat' dir='ltr'><strong>sic</strong></span> <span class='ocrx_word' id='word_1_726' title='bbox 1607 4583 1779 4637; x_wconf 89' lang='lat' dir='ltr'><strong>multa</strong></span> <span class='ocrx_word' id='word_1_727' title='bbox 1813 4596 1858 4655; x_wconf 80' lang='grc' dir='ltr'><strong>ι)</strong></span> <span class='ocrx_word' id='word_1_728' title='bbox 1881 4578 2045 4635; x_wconf 90' lang='lat' dir='ltr'><strong>etiam</strong></span> <span class='ocrx_word' id='word_1_729' title='bbox 2072 4577 2212 4632; x_wconf 84' lang='lat' dir='ltr'><strong>alios</strong></span> <span class='ocrx_word' id='word_1_730' title='bbox 2238 4575 2293 4629; x_wconf 88' lang='lat' dir='ltr'><strong>in</strong></span> <span class='ocrx_word' id='word_1_731' title='bbox 2321 4588 2572 4639; x_wconf 86' lang='lat' dir='ltr'><strong>errorem,</strong></span> <span class='ocrx_word' id='word_1_732' title='bbox 2595 4579 2650 4627; x_wconf 91' lang='lat' dir='ltr'><strong>et</strong></span> <span class='ocrx_word' id='word_1_733' title='bbox 2674 4571 2796 4627; x_wconf 91' lang='lat' dir='ltr'><strong>ideo</strong></span> <span class='ocrx_word' id='word_1_734' title='bbox 2820 4570 3152 4665; x_wconf 81' lang='lat' dir='ltr'><strong>seductores.</strong></span> <span class='ocrx_word' id='word_1_735' title='bbox 3182 4567 3291 4640; x_wconf 82' lang='lat' dir='ltr'><strong>ipsi</strong></span> 
     </span>
    </p>
   </div>
   <div class='ocr_carea' id='block_1_91' title="bbox 200 4673 1781 4745">
    <p class='ocr_par' dir='ltr' id='par_1_91' title="bbox 200 4673 1781 4745">
     <span class='ocr_line' id='line_1_91' title="bbox 200 4673 1781 4745; baseline 0.003 -18"><span class='ocrx_word' id='word_1_736' title='bbox 200 4675 444 4729; x_wconf 84' lang='lat' dir='ltr'><strong>membra</strong></span> <span class='ocrx_word' id='word_1_737' title='bbox 480 4673 805 4730; x_wconf 81' lang='lat' dir='ltr'><strong>Antichristi</strong></span> <span class='ocrx_word' id='word_1_738' title='bbox 847 4674 1150 4745; x_wconf 67' lang='lat' dir='ltr'><strong>praecedeut</strong></span> <span class='ocrx_word' id='word_1_739' title='bbox 1195 4683 1359 4744; x_wconf 89' lang='lat' dir='ltr'><strong>caput</strong></span> <span class='ocrx_word' id='word_1_740' title='bbox 1387 4689 1570 4741; x_wconf 90' lang='lat' dir='ltr'><strong>suum,</strong></span> <span class='ocrx_word' id='word_1_741' title='bbox 1614 4673 1668 4729; x_wconf 91' lang='lat' dir='ltr'><strong>id</strong></span> <span class='ocrx_word' id='word_1_742' title='bbox 1695 4684 1781 4731; x_wconf 88' lang='lat' dir='ltr'><strong>est</strong></span> 
     </span>
    </p>
   </div>
   <div class='ocr_carea' id='block_1_92' title="bbox 201 4763 1791 4835">
    <p class='ocr_par' dir='ltr' id='par_1_92' title="bbox 201 4763 1791 4835">
     <span class='ocr_line' id='line_1_92' title="bbox 201 4763 1791 4835; baseline 0.001 -17"><span class='ocrx_word' id='word_1_743' title='bbox 201 4763 621 4821; x_wconf 79' lang='lat' dir='ltr'><strong>Antichristum.</strong></span> <span class='ocrx_word' id='word_1_744' title='bbox 653 4763 855 4822; x_wconf 90' lang='lat' dir='ltr'><strong>Contra</strong></span> <span class='ocrx_word' id='word_1_745' title='bbox 886 4764 1045 4835; x_wconf 88' lang='lat' dir='ltr'><strong>cujus</strong></span> <span class='ocrx_word' id='word_1_746' title='bbox 1067 4765 1311 4820; x_wconf 88' lang='lat' dir='ltr'><strong>membra</strong></span> <span class='ocrx_word' id='word_1_747' title='bbox 1332 4763 1535 4820; x_wconf 87' lang='lat' dir='ltr'><strong>Paulus</strong></span> <span class='ocrx_word' id='word_1_748' title='bbox 1557 4763 1791 4820; x_wconf 83' lang='lat' dir='ltr'><strong>instruit</strong></span> 
     </span>
    </p>
   </div>
   <div class='ocr_carea' id='block_1_93' title="bbox 203 4850 1784 4926">
    <p class='ocr_par' dir='ltr' id='par_1_93' title="bbox 203 4850 1784 4926">
     <span class='ocr_line' id='line_1_93' title="bbox 203 4850 1784 4926; baseline 0.003 -19"><span class='ocrx_word' id='word_1_749' title='bbox 203 4850 572 4920; x_wconf 77' lang='lat' dir='ltr'><strong>Timotheum,</strong></span> <span class='ocrx_word' id='word_1_750' title='bbox 617 4853 809 4910; x_wconf 87' lang='lat' dir='ltr'><strong>dicens</strong></span> <span class='ocrx_word' id='word_1_751' title='bbox 838 4852 958 4910; x_wconf 78' lang='lat' dir='ltr'><strong>:Ex</strong></span> <span class='ocrx_word' id='word_1_752' title='bbox 1006 4854 1093 4911; x_wconf 92' lang='lat' dir='ltr'><strong>his</strong></span> <span class='ocrx_word' id='word_1_753' title='bbox 1133 4870 1274 4926; x_wconf 90' lang='lat' dir='ltr'><strong>quos</strong></span> <span class='ocrx_word' id='word_1_754' title='bbox 1308 4854 1616 4925; x_wconf 89' lang='lat' dir='ltr'><strong>descripsi,</strong></span> <span class='ocrx_word' id='word_1_755' title='bbox 1651 4863 1784 4912; x_wconf 88' lang='lat' dir='ltr'><strong>sunt</strong></span> 
     </span>
    </p>
   </div>
   <div class='ocr_carea' id='block_1_94' title="bbox 202 4944 1780 5017">
    <p class='ocr_par' dir='ltr' id='par_1_94' title="bbox 202 4944 1780 5017">
     <span class='ocr_line' id='line_1_94' title="bbox 202 4944 1780 5017; baseline -0.001 -15"><span class='ocrx_word' id='word_1_756' title='bbox 202 4945 685 5015; x_wconf 79' lang='lat' dir='ltr'><strong>pseudodoctores,</strong></span> <span class='ocrx_word' id='word_1_757' title='bbox 716 4944 810 5016; x_wconf 91' lang='lat' dir='ltr'><strong>qui</strong></span> <span class='ocrx_word' id='word_1_758' title='bbox 859 4954 1145 5017; x_wconf 86' lang='lat' dir='ltr'><strong>penetrant</strong></span> <span class='ocrx_word' id='word_1_759' title='bbox 1171 4946 1403 5013; x_wconf 83' lang='lat' dir='ltr'><strong>domos,‘</strong></span> <span class='ocrx_word' id='word_1_760' title='bbox 1428 4960 1539 5001; x_wconf 92' lang='lat' dir='ltr'><strong>non</strong></span> <span class='ocrx_word' id='word_1_761' title='bbox 1571 4946 1780 5001; x_wconf 86' lang='lat' dir='ltr'><strong>auden-</strong></span> 
     </span>
    </p>
   </div>
   <div class='ocr_carea' id='block_1_95' title="bbox 202 5026 1780 5108">
    <p class='ocr_par' dir='ltr' id='par_1_95' title="bbox 202 5026 1780 5108">
     <span class='ocr_line' id='line_1_95' title="bbox 202 5026 1780 5108; baseline 0.001 -16"><span class='ocrx_word' id='word_1_762' title='bbox 202 5045 280 5094; x_wconf 86' lang='lat' dir='ltr'><strong>tes</strong></span> <span class='ocrx_word' id='word_1_763' title='bbox 316 5038 519 5094; x_wconf 84' lang='lat' dir='ltr'><strong>docere</strong></span> <span class='ocrx_word' id='word_1_764' title='bbox 549 5037 605 5092; x_wconf 84' lang='lat' dir='ltr'><strong>in</strong></span> <span class='ocrx_word' id='word_1_765' title='bbox 650 5037 864 5108; x_wconf 87' lang='lat' dir='ltr'><strong>plateis,</strong></span> <span class='ocrx_word' id='word_1_766' title='bbox 890 5053 958 5093; x_wconf 91' lang='lat' dir='ltr'><strong>ne</strong></span> <span class='ocrx_word' id='word_1_767' title='bbox 985 5026 1233 5094; x_wconf 84' lang='lat' dir='ltr'><strong>doctrina</strong></span> <span class='ocrx_word' id='word_1_768' title='bbox 1279 5053 1471 5094; x_wconf 91' lang='lat' dir='ltr'><strong>eorum</strong></span> <span class='ocrx_word' id='word_1_769' title='bbox 1492 5038 1690 5108; x_wconf 85' lang='lat' dir='ltr'><strong>pateat</strong></span> <span class='ocrx_word' id='word_1_770' title='bbox 1710 5033 1780 5093; x_wconf 77' lang='lat' dir='ltr'><strong>in</strong></span> 
     </span>
    </p>
   </div>
   <div class='ocr_carea' id='block_1_96' title="bbox 203 5123 1795 5199">
    <p class='ocr_par' dir='ltr' id='par_1_96' title="bbox 203 5123 1795 5199">
     <span class='ocr_line' id='line_1_96' title="bbox 203 5123 1795 5199; baseline 0.001 -17"><span class='ocrx_word' id='word_1_771' title='bbox 203 5128 480 5184; x_wconf 78' lang='lat' dir='ltr'><strong>audientis</strong></span> <span class='ocrx_word' id='word_1_772' title='bbox 504 5128 772 5184; x_wconf 88' lang='lat' dir='ltr'><strong>bonorum</strong></span> <span class='ocrx_word' id='word_1_773' title='bbox 801 5144 816 5182; x_wconf 93' lang='lat'><strong>:</strong></span> <span class='ocrx_word' id='word_1_774' title='bbox 853 5129 949 5185; x_wconf 89' lang='lat' dir='ltr'><strong>sed</strong></span> <span class='ocrx_word' id='word_1_775' title='bbox 994 5136 1055 5185; x_wconf 89' lang='lat' dir='ltr'><strong>ut</strong></span> <span class='ocrx_word' id='word_1_776' title='bbox 1096 5123 1635 5195; x_wconf 78' lang='lat' dir='ltr'><strong>liberius-seducunt,</strong></span> <span class='ocrx_word' id='word_1_777' title='bbox 1665 5126 1795 5199; x_wconf 80' lang='lat' dir='ltr'><strong>pri-&#39;</strong></span> 
     </span>
    </p>
   </div>
   <div class='ocr_carea' id='block_1_97' title="bbox 203 5219 1789 5291">
    <p class='ocr_par' dir='ltr' id='par_1_97' title="bbox 203 5219 1789 5291">
     <span class='ocr_line' id='line_1_97' title="bbox 203 5219 1789 5291; baseline -0.001 -15"><span class='ocrx_word' id='word_1_778' title='bbox 203 5222 369 5277; x_wconf 66' lang='lat' dir='ltr'><strong>vatim</strong></span> <span class='ocrx_word' id='word_1_779' title='bbox 410 5220 469 5277; x_wconf 83' lang='lat' dir='ltr'><strong>in</strong></span> <span class='ocrx_word' id='word_1_780' title='bbox 511 5221 766 5278; x_wconf 84' lang='lat' dir='ltr'><strong>domibus</strong></span> <span class='ocrx_word' id='word_1_781' title='bbox 793 5220 1105 5288; x_wconf 22' lang='lat' dir='ltr'><strong>docent,,et</strong></span> <span class='ocrx_word' id='word_1_782' title='bbox 1124 5221 1205 5277; x_wconf 90' lang='lat' dir='ltr'><strong>sic</strong></span> <span class='ocrx_word' id='word_1_783' title='bbox 1254 5219 1596 5275; x_wconf 85' lang='lat' dir='ltr'><strong>mulierculas</strong></span> <span class='ocrx_word' id='word_1_784' title='bbox 1640 5220 1789 5291; x_wconf 67' lang='lat' dir='ltr'><strong>(qum</strong></span> 
     </span>
    </p>
   </div>
   <div class='ocr_carea' id='block_1_98' title="bbox 207 5312 1784 5384">
    <p class='ocr_par' dir='ltr' id='par_1_98' title="bbox 207 5312 1784 5384">
     <span class='ocr_line' id='line_1_98' title="bbox 207 5312 1784 5384; baseline 0 -17"><span class='ocrx_word' id='word_1_785' title='bbox 207 5314 449 5382; x_wconf 85' lang='lat' dir='ltr'><strong>quolibet</strong></span> <span class='ocrx_word' id='word_1_786' title='bbox 469 5322 634 5369; x_wconf 86' lang='lat' dir='ltr'><strong>vento</strong></span> <span class='ocrx_word' id='word_1_787' title='bbox 656 5313 921 5370; x_wconf 71' lang='lat' dir='ltr'><strong>doctrina:</strong></span> <span class='ocrx_word' id='word_1_788' title='bbox 952 5312 1139 5369; x_wconf 87' lang='lat' dir='ltr'><strong>leviter</strong></span> <span class='ocrx_word' id='word_1_789' title='bbox 1167 5312 1449 5384; x_wconf 79' lang='lat' dir='ltr'><strong>falluntur)</strong></span> <span class='ocrx_word' id='word_1_790' title='bbox 1478 5312 1675 5367; x_wconf 88' lang='lat' dir='ltr'><strong>ducunt</strong></span> <span class='ocrx_word' id='word_1_791' title='bbox 1697 5326 1784 5368; x_wconf 77' lang='lat' dir='ltr'><strong>se-</strong></span> 
     </span>
    </p>
   </div>
   <div class='ocr_carea' id='block_1_99' title="bbox 208 5403 1781 5475">
    <p class='ocr_par' dir='ltr' id='par_1_99' title="bbox 208 5403 1781 5475">
     <span class='ocr_line' id='line_1_99' title="bbox 208 5403 1781 5475; baseline 0.001 -18"><span class='ocrx_word' id='word_1_792' title='bbox 208 5403 397 5462; x_wconf 86' lang='lat' dir='ltr'><strong>ductas</strong></span> <span class='ocrx_word' id='word_1_793' title='bbox 443 5404 691 5475; x_wconf 86' lang='lat' dir='ltr'><strong>quolibet</strong></span> <span class='ocrx_word' id='word_1_794' title='bbox 732 5404 962 5461; x_wconf 87' lang='lat' dir='ltr'><strong>inductu</strong></span> <span class='ocrx_word' id='word_1_795' title='bbox 1002 5405 1094 5461; x_wconf 89' lang='lat' dir='ltr'><strong>illo</strong></span> <span class='ocrx_word' id='word_1_796' title='bbox 1135 5403 1307 5461; x_wconf 82' lang='lat' dir='ltr'><strong>laetas</strong></span> <span class='ocrx_word' id='word_1_797' title='bbox 1337 5405 1573 5475; x_wconf 84' lang='lat' dir='ltr'><strong>captivas</strong></span> <span class='ocrx_word' id='word_1_798' title='bbox 1609 5420 1628 5459; x_wconf 90' lang='lat'><strong>:</strong></span> <span class='ocrx_word' id='word_1_799' title='bbox 1655 5404 1781 5475; x_wconf 86' lang='lat' dir='ltr'><strong>quia</strong></span> 
     </span>
    </p>
   </div>
   <div class='ocr_carea' id='block_1_100' title="bbox 211 5495 1781 5567">
    <p class='ocr_par' dir='ltr' id='par_1_100' title="bbox 211 5495 1781 5567">
     <span class='ocr_line' id='line_1_100' title="bbox 211 5495 1781 5567; baseline 0.001 -18"><span class='ocrx_word' id='word_1_800' title='bbox 211 5497 493 5567; x_wconf 69' lang='lat' dir='ltr'><strong>captivatae</strong></span> <span class='ocrx_word' id='word_1_801' title='bbox 522 5505 651 5552; x_wconf 89' lang='lat' dir='ltr'><strong>sunt</strong></span> <span class='ocrx_word' id='word_1_802' title='bbox 672 5513 705 5552; x_wconf 89' lang='lat' dir='ltr'><strong>a</strong></span> <span class='ocrx_word' id='word_1_803' title='bbox 730 5495 863 5565; x_wconf 88' lang='lat' dir='ltr'><strong>Deo,</strong></span> <span class='ocrx_word' id='word_1_804' title='bbox 890 5504 945 5553; x_wconf 89' lang='lat' dir='ltr'><strong>et</strong></span> <span class='ocrx_word' id='word_1_805' title='bbox 966 5496 1105 5553; x_wconf 53' lang='lat' dir='ltr'><strong>datae</strong></span> <span class='ocrx_word' id='word_1_806' title='bbox 1130 5505 1261 5552; x_wconf 89' lang='lat' dir='ltr'><strong>sunt</strong></span> <span class='ocrx_word' id='word_1_807' title='bbox 1287 5496 1392 5552; x_wconf 88' lang='lat' dir='ltr'><strong>sub</strong></span> <span class='ocrx_word' id='word_1_808' title='bbox 1407 5497 1532 5567; x_wconf 86' lang='lat' dir='ltr'><strong>jura</strong></span> <span class='ocrx_word' id='word_1_809' title='bbox 1559 5495 1781 5552; x_wconf 90' lang='lat' dir='ltr'><strong>diaboli.</strong></span> 
     </span>
    </p>
   </div>
   <div class='ocr_carea' id='block_1_101' title="bbox 214 5585 1802 5660">
    <p class='ocr_par' dir='ltr' id='par_1_101' title="bbox 214 5585 1802 5660">
     <span class='ocr_line' id='line_1_101' title="bbox 214 5585 1802 5660; baseline 0 -18"><span class='ocrx_word' id='word_1_810' title='bbox 214 5585 307 5642; x_wconf 74' lang='lat' dir='ltr'><strong>Vel</strong></span> <span class='ocrx_word' id='word_1_811' title='bbox 334 5589 716 5647; x_wconf 85' lang='lat' dir='ltr'><strong>adcumulum</strong></span> <span class='ocrx_word' id='word_1_812' title='bbox 758 5589 1077 5660; x_wconf 88' lang='lat' dir='ltr'><strong>improperii</strong></span> <span class='ocrx_word' id='word_1_813' title='bbox 1135 5589 1279 5644; x_wconf 87' lang='lat' dir='ltr'><strong>sicut</strong></span> <span class='ocrx_word' id='word_1_814' title='bbox 1326 5587 1560 5645; x_wconf 86' lang='lat' dir='ltr'><strong>feminas</strong></span> <span class='ocrx_word' id='word_1_815' title='bbox 1593 5587 1712 5644; x_wconf 91' lang='lat' dir='ltr'><strong>:sic</strong></span> <span class='ocrx_word' id='word_1_816' title='bbox 1734 5596 1802 5642; x_wconf 35' lang='lat' dir='ltr'><strong>et:</strong></span> 
     </span>
    </p>
   </div>
   <div class='ocr_carea' id='block_1_102' title="bbox 215 5679 1790 5749">
    <p class='ocr_par' dir='ltr' id='par_1_102' title="bbox 215 5679 1790 5749">
     <span class='ocr_line' id='line_1_102' title="bbox 215 5679 1790 5749; baseline 0.001 -17"><span class='ocrx_word' id='word_1_817' title='bbox 215 5679 358 5737; x_wconf 73' lang='lat' dir='ltr'><strong>viros</strong></span> <span class='ocrx_word' id='word_1_818' title='bbox 394 5689 557 5739; x_wconf 75' lang='lat' dir='ltr'><strong>vocat</strong></span> <span class='ocrx_word' id='word_1_819' title='bbox 600 5681 970 5749; x_wconf 73' lang='lat' dir='ltr'><strong>mulierculas,</strong></span> <span class='ocrx_word' id='word_1_820' title='bbox 995 5679 1049 5736; x_wconf 90' lang='lat' dir='ltr'><strong>id</strong></span> <span class='ocrx_word' id='word_1_821' title='bbox 1085 5690 1169 5737; x_wconf 91' lang='lat' dir='ltr'><strong>est</strong></span> <span class='ocrx_word' id='word_1_822' title='bbox 1211 5680 1407 5736; x_wconf 87' lang='lat' dir='ltr'><strong>molles</strong></span> <span class='ocrx_word' id='word_1_823' title='bbox 1437 5679 1585 5735; x_wconf 88' lang='lat' dir='ltr'><strong>omni</strong></span> <span class='ocrx_word' id='word_1_824' title='bbox 1625 5689 1790 5734; x_wconf 67' lang='lat' dir='ltr'><strong>vento</strong></span> 
     </span>
    </p>
   </div>
   <div class='ocr_carea' id='block_1_103' title="bbox 217 5768 1789 5842">
    <p class='ocr_par' dir='ltr' id='par_1_103' title="bbox 217 5768 1789 5842">
     <span class='ocr_line' id='line_1_103' title="bbox 217 5768 1789 5842; baseline 0.001 -19"><span class='ocrx_word' id='word_1_825' title='bbox 217 5771 473 5830; x_wconf 63' lang='lat' dir='ltr'><strong>notarium</strong></span> <span class='ocrx_word' id='word_1_826' title='bbox 519 5773 773 5830; x_wconf 88' lang='lat' dir='ltr'><strong>cedentes</strong></span> <span class='ocrx_word' id='word_1_827' title='bbox 801 5791 813 5829; x_wconf 94' lang='lat'><strong>:</strong></span> <span class='ocrx_word' id='word_1_828' title='bbox 841 5782 902 5829; x_wconf 90' lang='lat' dir='ltr'><strong>ut</strong></span> <span class='ocrx_word' id='word_1_829' title='bbox 955 5772 1142 5828; x_wconf 86' lang='lat' dir='ltr'><strong>audito</strong></span> <span class='ocrx_word' id='word_1_830' title='bbox 1192 5772 1416 5827; x_wconf 87' lang='lat' dir='ltr'><strong>nomine</strong></span> <span class='ocrx_word' id='word_1_831' title='bbox 1475 5768 1789 5842; x_wconf 85' lang='lat' dir='ltr'><strong>improperii</strong></span> 
     </span>
    </p>
   </div>
   <div class='ocr_carea' id='block_1_104' title="bbox 219 5862 1787 5925">
    <p class='ocr_par' dir='ltr' id='par_1_104' title="bbox 219 5862 1787 5925">
     <span class='ocr_line' id='line_1_104' title="bbox 219 5862 1787 5925; baseline 0.003 -10"><span class='ocrx_word' id='word_1_832' title='bbox 219 5865 301 5918; x_wconf 85' lang='lat' dir='ltr'><strong>sui</strong></span> <span class='ocrx_word' id='word_1_833' title='bbox 329 5864 486 5924; x_wconf 88' lang='lat' dir='ltr'><strong>citius</strong></span> <span class='ocrx_word' id='word_1_834' title='bbox 535 5865 867 5925; x_wconf 81' lang='lat' dir='ltr'><strong>erubescant</strong></span> <span class='ocrx_word' id='word_1_835' title='bbox 888 5874 942 5923; x_wconf 88' lang='lat' dir='ltr'><strong>et</strong></span> <span class='ocrx_word' id='word_1_836' title='bbox 974 5871 1362 5922; x_wconf 72' lang='lat' dir='ltr'><strong>cotwcrtautur</strong></span> <span class='ocrx_word' id='word_1_837' title='bbox 1387 5864 1453 5920; x_wconf 91' lang='lat' dir='ltr'><strong>ad</strong></span> <span class='ocrx_word' id='word_1_838' title='bbox 1475 5862 1787 5920; x_wconf 77' lang='lat' dir='ltr'><strong>Dotniuum.</strong></span> 
     </span>
    </p>
   </div>
   <div class='ocr_carea' id='block_1_105' title="bbox 1884 4656 3463 4736">
    <p class='ocr_par' dir='ltr' id='par_1_105' title="bbox 1884 4656 3463 4736">
     <span class='ocr_line' id='line_1_105' title="bbox 1884 4656 3463 4736; baseline -0.012 -8"><span class='ocrx_word' id='word_1_839' title='bbox 1884 4672 2022 4728; x_wconf 90' lang='lat' dir='ltr'><strong>bunt</strong></span> <span class='ocrx_word' id='word_1_840' title='bbox 2054 4687 2068 4725; x_wconf 89' lang='lat'><strong>:</strong></span> <span class='ocrx_word' id='word_1_841' title='bbox 2107 4678 2163 4722; x_wconf 90' lang='lat' dir='ltr'><strong>tu</strong></span> <span class='ocrx_word' id='word_1_842' title='bbox 2198 4681 2316 4721; x_wconf 80' lang='lat' dir='ltr'><strong>vero</strong></span> <span class='ocrx_word' id='word_1_843' title='bbox 2341 4680 2588 4736; x_wconf 85' lang='lat' dir='ltr'><strong>permane</strong></span> <span class='ocrx_word' id='word_1_844' title='bbox 2635 4664 2693 4718; x_wconf 87' lang='lat' dir='ltr'><strong>in</strong></span> <span class='ocrx_word' id='word_1_845' title='bbox 2730 4662 2816 4718; x_wconf 90' lang='lat' dir='ltr'><strong>his</strong></span> <span class='ocrx_word' id='word_1_846' title='bbox 2852 4656 3138 4733; x_wconf 72' lang='lat' dir='ltr'><strong>praeceptis</strong></span> <span class='ocrx_word' id='word_1_847' title='bbox 3164 4674 3281 4731; x_wconf 65' lang='lat' dir='ltr'><strong>qua</strong></span> <span class='ocrx_word' id='word_1_848' title='bbox 3316 4656 3463 4715; x_wconf 61' lang='lat' dir='ltr'><strong>didi—</strong></span> 
     </span>
    </p>
   </div>
   <div class='ocr_carea' id='block_1_106' title="bbox 1866 4748 3463 4833">
    <p class='ocr_par' dir='ltr' id='par_1_106' title="bbox 1866 4748 3463 4833">
     <span class='ocr_line' id='line_1_106' title="bbox 1866 4748 3463 4833; baseline -0.01 -13"><span class='ocrx_word' id='word_1_849' title='bbox 1866 4764 2009 4833; x_wconf 80' lang='lat' dir='ltr'><strong>cisti</strong></span> <span class='ocrx_word' id='word_1_850' title='bbox 2043 4778 2075 4818; x_wconf 87' lang='lat' dir='ltr'><strong>a</strong></span> <span class='ocrx_word' id='word_1_851' title='bbox 2102 4775 2211 4827; x_wconf 90' lang='lat' dir='ltr'><strong>me,</strong></span> <span class='ocrx_word' id='word_1_852' title='bbox 2247 4766 2303 4814; x_wconf 89' lang='lat' dir='ltr'><strong>et</strong></span> <span class='ocrx_word' id='word_1_853' title='bbox 2326 4757 2383 4813; x_wconf 91' lang='lat' dir='ltr'><strong>in</strong></span> <span class='ocrx_word' id='word_1_854' title='bbox 2407 4751 2496 4812; x_wconf 89' lang='lat' dir='ltr'><strong>his</strong></span> <span class='ocrx_word' id='word_1_855' title='bbox 2522 4770 2643 4828; x_wconf 70' lang='lat' dir='ltr'><strong>quae</strong></span> <span class='ocrx_word' id='word_1_856' title='bbox 2677 4754 2879 4809; x_wconf 86' lang='lat' dir='ltr'><strong>credita</strong></span> <span class='ocrx_word' id='word_1_857' title='bbox 2903 4760 3026 4807; x_wconf 87' lang='lat' dir='ltr'><strong>sunt</strong></span> <span class='ocrx_word' id='word_1_858' title='bbox 3070 4750 3188 4820; x_wconf 86' lang='lat' dir='ltr'><strong>tibi,</strong></span> <span class='ocrx_word' id='word_1_859' title='bbox 3217 4749 3272 4807; x_wconf 91' lang='lat' dir='ltr'><strong>id</strong></span> <span class='ocrx_word' id='word_1_860' title='bbox 3298 4748 3463 4807; x_wconf 81' lang='lat' dir='ltr'><strong>est-in</strong></span> 
     </span>
    </p>
   </div>
   <div class='ocr_carea' id='block_1_107' title="bbox 1884 4842 3479 4930">
    <p class='ocr_par' dir='ltr' id='par_1_107' title="bbox 1884 4842 3479 4930">
     <span class='ocr_line' id='line_1_107' title="bbox 1884 4842 3479 4930; baseline -0.01 -18"><span class='ocrx_word' id='word_1_861' title='bbox 1884 4852 2182 4930; x_wconf 82' lang='lat' dir='ltr'><strong>pontiﬁcali</strong></span> <span class='ocrx_word' id='word_1_862' title='bbox 2202 4850 2396 4924; x_wconf 86' lang='lat' dir='ltr'><strong>gratia,</strong></span> <span class='ocrx_word' id='word_1_863' title='bbox 2422 4851 2592 4905; x_wconf 88' lang='lat' dir='ltr'><strong>sciens</strong></span> <span class='ocrx_word' id='word_1_864' title='bbox 2622 4856 2675 4929; x_wconf 86' lang='lat' dir='ltr'><strong>et</strong></span> <span class='ocrx_word' id='word_1_865' title='bbox 2699 4858 3070 4906; x_wconf 85' lang='lat' dir='ltr'><strong>rememoraus</strong></span> <span class='ocrx_word' id='word_1_866' title='bbox 3094 4842 3212 4899; x_wconf 74' lang='lat' dir='ltr'><strong>haec</strong></span> <span class='ocrx_word' id='word_1_867' title='bbox 3229 4859 3263 4897; x_wconf 90' lang='lat' dir='ltr'><strong>a</strong></span> <span class='ocrx_word' id='word_1_868' title='bbox 3282 4859 3386 4915; x_wconf 86' lang='lat' dir='ltr'><strong>quo</strong></span> <span class='ocrx_word' id='word_1_869' title='bbox 3412 4851 3479 4899; x_wconf 80' lang='lat' dir='ltr'><strong>et</strong></span> 
     </span>
    </p>
   </div>
   <div class='ocr_carea' id='block_1_108' title="bbox 1886 4932 3485 5021">
    <p class='ocr_par' dir='ltr' id='par_1_108' title="bbox 1886 4932 3485 5021">
     <span class='ocr_line' id='line_1_108' title="bbox 1886 4932 3485 5021; baseline -0.009 -18"><span class='ocrx_word' id='word_1_870' title='bbox 1886 4953 2093 5021; x_wconf 88' lang='lat' dir='ltr'><strong>quanto</strong></span> <span class='ocrx_word' id='word_1_871' title='bbox 2139 4943 2362 5000; x_wconf 87' lang='lat' dir='ltr'><strong>doctore</strong></span> <span class='ocrx_word' id='word_1_872' title='bbox 2408 4938 2662 4995; x_wconf 88' lang='lat' dir='ltr'><strong>didiceris</strong></span> <span class='ocrx_word' id='word_1_873' title='bbox 2708 4936 2832 4992; x_wconf 90' lang='lat' dir='ltr'><strong>ista.</strong></span> <span class='ocrx_word' id='word_1_874' title='bbox 2865 4933 2923 4989; x_wconf 89' lang='lat' dir='ltr'><strong>Si</strong></span> <span class='ocrx_word' id='word_1_875' title='bbox 2961 4932 3107 4989; x_wconf 82' lang='lat' dir='ltr'><strong>enim</strong></span> <span class='ocrx_word' id='word_1_876' title='bbox 3160 4932 3485 4990; x_wconf 85' lang='lat' dir='ltr'><strong>recordaris.</strong></span> 
     </span>
    </p>
   </div>
   <div class='ocr_carea' id='block_1_109' title="bbox 1886 5023 3487 5101">
    <p class='ocr_par' dir='ltr' id='par_1_109' title="bbox 1886 5023 3487 5101">
     <span class='ocr_line' id='line_1_109' title="bbox 1886 5023 3487 5101; baseline -0.009 -6"><span class='ocrx_word' id='word_1_877' title='bbox 1886 5053 2022 5097; x_wconf 72' lang='lat' dir='ltr'><strong>mete</strong></span> <span class='ocrx_word' id='word_1_878' title='bbox 2048 5033 2408 5101; x_wconf 86' lang='lat' dir='ltr'><strong>auctoritatis,</strong></span> <span class='ocrx_word' id='word_1_879' title='bbox 2437 5028 2771 5101; x_wconf 88' lang='lat' dir='ltr'><strong>contemptui</strong></span> <span class='ocrx_word' id='word_1_880' title='bbox 2797 5028 2890 5084; x_wconf 81' lang='lat' dir='ltr'><strong>lict</strong></span> <span class='ocrx_word' id='word_1_881' title='bbox 2908 5026 3008 5082; x_wconf 89' lang='lat' dir='ltr'><strong>tibi</strong></span> <span class='ocrx_word' id='word_1_882' title='bbox 3029 5023 3170 5081; x_wconf 79' lang='lat' dir='ltr'><strong>falsa</strong></span> <span class='ocrx_word' id='word_1_883' title='bbox 3195 5024 3487 5087; x_wconf 27' lang='lat' dir='ltr'><strong>doctrina...</strong></span> 
     </span>
    </p>
   </div>
   <div class='ocr_carea' id='block_1_110' title="bbox 1889 5106 3487 5190">
    <p class='ocr_par' dir='ltr' id='par_1_110' title="bbox 1889 5106 3487 5190">
     <span class='ocr_line' id='line_1_110' title="bbox 1889 5106 3487 5190; baseline -0.009 -5"><span class='ocrx_word' id='word_1_884' title='bbox 1889 5129 1960 5184; x_wconf 90' lang='lat' dir='ltr'><strong>Et</strong></span> <span class='ocrx_word' id='word_1_885' title='bbox 1984 5138 2037 5184; x_wconf 89' lang='lat' dir='ltr'><strong>te</strong></span> <span class='ocrx_word' id='word_1_886' title='bbox 2065 5128 2191 5183; x_wconf 78' lang='lat' dir='ltr'><strong>inde</strong></span> <span class='ocrx_word' id='word_1_887' title='bbox 2216 5138 2514 5181; x_wconf 86' lang='lat' dir='ltr'><strong>memorem</strong></span> <span class='ocrx_word' id='word_1_888' title='bbox 2548 5136 2671 5178; x_wconf 83' lang='lat' dir='ltr'><strong>esse</strong></span> <span class='ocrx_word' id='word_1_889' title='bbox 2694 5119 2820 5175; x_wconf 84' lang='lat' dir='ltr'><strong>volo</strong></span> <span class='ocrx_word' id='word_1_890' title='bbox 2845 5135 2859 5173; x_wconf 92' lang='lat'><strong>:</strong></span> <span class='ocrx_word' id='word_1_891' title='bbox 2884 5118 3011 5190; x_wconf 86' lang='lat' dir='ltr'><strong>quia</strong></span> <span class='ocrx_word' id='word_1_892' title='bbox 3031 5125 3089 5173; x_wconf 90' lang='lat' dir='ltr'><strong>tu</strong></span> <span class='ocrx_word' id='word_1_893' title='bbox 3120 5117 3259 5172; x_wconf 84' lang='lat' dir='ltr'><strong>nosti</strong></span> <span class='ocrx_word' id='word_1_894' title='bbox 3285 5106 3487 5173; x_wconf 30' lang='lat' dir='ltr'><strong>sacras)</strong></span> 
     </span>
    </p>
   </div>
   <div class='ocr_carea' id='block_1_111' title="bbox 1888 5210 3467 5287">
    <p class='ocr_par' dir='ltr' id='par_1_111' title="bbox 1888 5210 3467 5287">
     <span class='ocr_line' id='line_1_111' title="bbox 1888 5210 3467 5287; baseline -0.008 -11"><span class='ocrx_word' id='word_1_895' title='bbox 1888 5221 2100 5276; x_wconf 85' lang='lat' dir='ltr'><strong>litteras</strong></span> <span class='ocrx_word' id='word_1_896' title='bbox 2135 5218 2200 5273; x_wconf 91' lang='lat' dir='ltr'><strong>ab</strong></span> <span class='ocrx_word' id='word_1_897' title='bbox 2248 5215 2515 5287; x_wconf 72' lang='lat' dir='ltr'><strong>infantia,</strong></span> <span class='ocrx_word' id='word_1_898' title='bbox 2554 5212 2786 5270; x_wconf 88' lang='lat' dir='ltr'><strong>traditus</strong></span> <span class='ocrx_word' id='word_1_899' title='bbox 2823 5210 3027 5275; x_wconf 85' lang='lat' dir='ltr'><strong>scholis</strong></span> <span class='ocrx_word' id='word_1_900' title='bbox 3060 5226 3090 5265; x_wconf 90' lang='lat' dir='ltr'><strong>a</strong></span> <span class='ocrx_word' id='word_1_901' title='bbox 3138 5220 3312 5266; x_wconf 90' lang='lat' dir='ltr'><strong>matre</strong></span> <span class='ocrx_word' id='word_1_902' title='bbox 3351 5218 3467 5285; x_wconf 84' lang='lat' dir='ltr'><strong>tua,</strong></span> 
     </span>
    </p>
   </div>
   <div class='ocr_carea' id='block_1_112' title="bbox 1890 5302 3469 5384">
    <p class='ocr_par' dir='ltr' id='par_1_112' title="bbox 1890 5302 3469 5384">
     <span class='ocr_line' id='line_1_112' title="bbox 1890 5302 3469 5384; baseline -0.009 -15"><span class='ocrx_word' id='word_1_903' title='bbox 1890 5327 2014 5384; x_wconf 69' lang='lat' dir='ltr'><strong>qua:</strong></span> <span class='ocrx_word' id='word_1_904' title='bbox 2036 5309 2212 5366; x_wconf 81' lang='lat' dir='ltr'><strong>fidelis</strong></span> <span class='ocrx_word' id='word_1_905' title='bbox 2240 5306 2341 5363; x_wconf 82' lang='lat' dir='ltr'><strong>fuit</strong></span> <span class='ocrx_word' id='word_1_906' title='bbox 2370 5324 2381 5359; x_wconf 91' lang='lat'><strong>:</strong></span> <span class='ocrx_word' id='word_1_907' title='bbox 2414 5323 2530 5379; x_wconf 80' lang='lat' dir='ltr'><strong>qute</strong></span> <span class='ocrx_word' id='word_1_908' title='bbox 2558 5306 2740 5362; x_wconf 88' lang='lat' dir='ltr'><strong>omnia</strong></span> <span class='ocrx_word' id='word_1_909' title='bbox 2770 5311 2990 5377; x_wconf 85' lang='lat' dir='ltr'><strong>possunt</strong></span> <span class='ocrx_word' id='word_1_910' title='bbox 3020 5313 3069 5358; x_wconf 88' lang='lat' dir='ltr'><strong>te</strong></span> <span class='ocrx_word' id='word_1_911' title='bbox 3107 5304 3368 5358; x_wconf 83' lang='lat' dir='ltr'><strong>instruere</strong></span> <span class='ocrx_word' id='word_1_912' title='bbox 3396 5302 3469 5356; x_wconf 78' lang='lat' dir='ltr'><strong>ad</strong></span> 
     </span>
    </p>
   </div>
   <div class='ocr_carea' id='block_1_113' title="bbox 1891 5395 3501 5467">
    <p class='ocr_par' dir='ltr' id='par_1_113' title="bbox 1891 5395 3501 5467">
     <span class='ocr_line' id='line_1_113' title="bbox 1891 5395 3501 5467; baseline -0.009 -7"><span class='ocrx_word' id='word_1_913' title='bbox 1891 5401 2197 5459; x_wconf 84' lang='lat' dir='ltr'><strong>habendam</strong></span> <span class='ocrx_word' id='word_1_914' title='bbox 2237 5398 2463 5454; x_wconf 81' lang='lat' dir='ltr'><strong>salutem</strong></span> <span class='ocrx_word' id='word_1_915' title='bbox 2501 5407 2718 5453; x_wconf 63' lang='lat' dir='ltr'><strong>aeterna:</strong></span> <span class='ocrx_word' id='word_1_916' title='bbox 2739 5397 2886 5464; x_wconf 71' lang='lat' dir='ltr'><strong>vitte,</strong></span> <span class='ocrx_word' id='word_1_917' title='bbox 2930 5396 2996 5451; x_wconf 90' lang='lat' dir='ltr'><strong>ad</strong></span> <span class='ocrx_word' id='word_1_918' title='bbox 3032 5411 3196 5467; x_wconf 89' lang='lat' dir='ltr'><strong>quam</strong></span> <span class='ocrx_word' id='word_1_919' title='bbox 3229 5395 3339 5448; x_wconf 89' lang='lat' dir='ltr'><strong>itur</strong></span> <span class='ocrx_word' id='word_1_920' title='bbox 3374 5408 3501 5463; x_wconf 43' lang='lat' dir='ltr'><strong>per‘</strong></span> 
     </span>
    </p>
   </div>
   <div class='ocr_carea' id='block_1_114' title="bbox 1892 5484 3491 5563">
    <p class='ocr_par' dir='ltr' id='par_1_114' title="bbox 1892 5484 3491 5563">
     <span class='ocr_line' id='line_1_114' title="bbox 1892 5484 3491 5563; baseline -0.008 -12"><span class='ocrx_word' id='word_1_921' title='bbox 1892 5495 2075 5561; x_wconf 81' lang='lat' dir='ltr'><strong>iidem,</strong></span> <span class='ocrx_word' id='word_1_922' title='bbox 2106 5506 2231 5563; x_wconf 70' lang='lat' dir='ltr'><strong>qua:</strong></span> <span class='ocrx_word' id='word_1_923' title='bbox 2276 5491 2413 5547; x_wconf 82' lang='lat' dir='ltr'><strong>ﬁdes</strong></span> <span class='ocrx_word' id='word_1_924' title='bbox 2450 5500 2534 5546; x_wconf 88' lang='lat' dir='ltr'><strong>est</strong></span> <span class='ocrx_word' id='word_1_925' title='bbox 2579 5490 2636 5544; x_wconf 89' lang='lat' dir='ltr'><strong>in</strong></span> <span class='ocrx_word' id='word_1_926' title='bbox 2684 5488 2899 5547; x_wconf 82' lang='lat' dir='ltr'><strong>Christo</strong></span> <span class='ocrx_word' id='word_1_927' title='bbox 2941 5486 3091 5542; x_wconf 78' lang='lat' dir='ltr'><strong>J‘esu.</strong></span> <span class='ocrx_word' id='word_1_928' title='bbox 3122 5484 3260 5542; x_wconf 84' lang='lat' dir='ltr'><strong>Vere</strong></span> <span class='ocrx_word' id='word_1_929' title='bbox 3301 5499 3491 5540; x_wconf 33' lang='lat' dir='ltr'><strong>sacra,</strong></span> 
     </span>
    </p>
   </div>
   <div class='ocr_carea' id='block_1_115' title="bbox 1890 5575 3472 5657">
    <p class='ocr_par' dir='ltr' id='par_1_115' title="bbox 1890 5575 3472 5657">
     <span class='ocr_line' id='line_1_115' title="bbox 1890 5575 3472 5657; baseline -0.008 -15"><span class='ocrx_word' id='word_1_930' title='bbox 1890 5587 2087 5642; x_wconf 69' lang='lat' dir='ltr'><strong>litterae</strong></span> <span class='ocrx_word' id='word_1_931' title='bbox 2113 5590 2348 5657; x_wconf 88' lang='lat' dir='ltr'><strong>possunt</strong></span> <span class='ocrx_word' id='word_1_932' title='bbox 2368 5590 2421 5639; x_wconf 90' lang='lat' dir='ltr'><strong>te</strong></span> <span class='ocrx_word' id='word_1_933' title='bbox 2445 5582 2715 5639; x_wconf 87' lang='lat' dir='ltr'><strong>instruere</strong></span> <span class='ocrx_word' id='word_1_934' title='bbox 2747 5580 2824 5635; x_wconf 78' lang='lat' dir='ltr'><strong>ad-</strong></span> <span class='ocrx_word' id='word_1_935' title='bbox 2846 5580 3076 5636; x_wconf 87' lang='lat' dir='ltr'><strong>salutem</strong></span> <span class='ocrx_word' id='word_1_936' title='bbox 3106 5595 3119 5632; x_wconf 94' lang='lat'><strong>:</strong></span> <span class='ocrx_word' id='word_1_937' title='bbox 3148 5575 3277 5647; x_wconf 88' lang='lat' dir='ltr'><strong>quia</strong></span> <span class='ocrx_word' id='word_1_938' title='bbox 3300 5577 3472 5630; x_wconf 76' lang='lat' dir='ltr'><strong>omnis</strong></span> 
     </span>
    </p>
   </div>
   <div class='ocr_carea' id='block_1_116' title="bbox 1895 5666 3472 5749">
    <p class='ocr_par' dir='ltr' id='par_1_116' title="bbox 1895 5666 3472 5749">
     <span class='ocr_line' id='line_1_116' title="bbox 1895 5666 3472 5749; baseline -0.008 -17"><span class='ocrx_word' id='word_1_939' title='bbox 1895 5679 2164 5749; x_wconf 88' lang='lat' dir='ltr'><strong>scriptura</strong></span> <span class='ocrx_word' id='word_1_940' title='bbox 2195 5676 2459 5746; x_wconf 84' lang='lat' dir='ltr'><strong>inspirata</strong></span> <span class='ocrx_word' id='word_1_941' title='bbox 2504 5674 2776 5737; x_wconf 81' lang='lat' dir='ltr'><strong>divinitus,</strong></span> <span class='ocrx_word' id='word_1_942' title='bbox 2808 5670 2860 5726; x_wconf 83' lang='lat' dir='ltr'><strong>id</strong></span> <span class='ocrx_word' id='word_1_943' title='bbox 2889 5678 2971 5725; x_wconf 83' lang='lat' dir='ltr'><strong>est</strong></span> <span class='ocrx_word' id='word_1_944' title='bbox 3001 5666 3356 5739; x_wconf 86' lang='lat' dir='ltr'><strong>spiritualiter</strong></span> <span class='ocrx_word' id='word_1_945' title='bbox 3384 5681 3472 5721; x_wconf 86' lang='lat' dir='ltr'><strong>se-</strong></span> 
     </span>
    </p>
   </div>
   <div class='ocr_carea' id='block_1_117' title="bbox 1896 5757 3472 5829">
    <p class='ocr_par' dir='ltr' id='par_1_117' title="bbox 1896 5757 3472 5829">
     <span class='ocr_line' id='line_1_117' title="bbox 1896 5757 3472 5829; baseline -0.01 -2"><span class='ocrx_word' id='word_1_946' title='bbox 1896 5770 2138 5827; x_wconf 88' lang='lat' dir='ltr'><strong>cundum</strong></span> <span class='ocrx_word' id='word_1_947' title='bbox 2170 5767 2342 5824; x_wconf 84' lang='lat' dir='ltr'><strong>Deum</strong></span> <span class='ocrx_word' id='word_1_948' title='bbox 2370 5765 2663 5829; x_wconf 87' lang='lat' dir='ltr'><strong>intellecta,</strong></span> <span class='ocrx_word' id='word_1_949' title='bbox 2689 5761 2838 5817; x_wconf 87' lang='lat' dir='ltr'><strong>utilis</strong></span> <span class='ocrx_word' id='word_1_950' title='bbox 2866 5769 2943 5815; x_wconf 88' lang='lat' dir='ltr'><strong>cst</strong></span> <span class='ocrx_word' id='word_1_951' title='bbox 2973 5757 3353 5814; x_wconf 82' lang='lat' dir='ltr'><strong>addocendunt</strong></span> <span class='ocrx_word' id='word_1_952' title='bbox 3376 5772 3472 5812; x_wconf 88' lang='lat' dir='ltr'><strong>cos</strong></span> 
     </span>
    </p>
   </div>
   <div class='ocr_carea' id='block_1_118' title="bbox 1900 5847 3485 5926">
    <p class='ocr_par' dir='ltr' id='par_1_118' title="bbox 1900 5847 3485 5926">
     <span class='ocr_line' id='line_1_118' title="bbox 1900 5847 3485 5926; baseline -0.009 -10"><span class='ocrx_word' id='word_1_953' title='bbox 1900 5861 1993 5926; x_wconf 82' lang='lat' dir='ltr'><strong>qui</strong></span> <span class='ocrx_word' id='word_1_954' title='bbox 2044 5859 2312 5919; x_wconf 79' lang='lat' dir='ltr'><strong>nesciunt.</strong></span> <span class='ocrx_word' id='word_1_955' title='bbox 2348 5859 2405 5912; x_wconf 70' lang='lat' dir='ltr'><strong>ct</strong></span> <span class='ocrx_word' id='word_1_956' title='bbox 2433 5855 2502 5911; x_wconf 79' lang='lat' dir='ltr'><strong>ad</strong></span> <span class='ocrx_word' id='word_1_957' title='bbox 2542 5852 2885 5917; x_wconf 78' lang='lat' dir='ltr'><strong>arqncndum,</strong></span> <span class='ocrx_word' id='word_1_958' title='bbox 2931 5850 2984 5906; x_wconf 89' lang='lat' dir='ltr'><strong>id</strong></span> <span class='ocrx_word' id='word_1_959' title='bbox 3012 5857 3095 5906; x_wconf 84' lang='lat' dir='ltr'><strong>est</strong></span> <span class='ocrx_word' id='word_1_960' title='bbox 3134 5848 3201 5904; x_wconf 89' lang='lat' dir='ltr'><strong>ad</strong></span> <span class='ocrx_word' id='word_1_961' title='bbox 3246 5847 3485 5905; x_wconf 62' lang='lat' dir='ltr'><strong>conviu~</strong></span> 
     </span>
    </p>
   </div>
  </div>
