3988 6424
461 387 473 397 ’
513 399 617 462 ΠΙ

1051 395 1111 457 s.
1147 393 1500 454 unusunus
1532 385 2181 476 (aerumnosa
2217 382 2710 464 msmu'roms
2747 383 2904 444 ουρ.
2943 385 3132 460 rans
3165 385 3236 458 ιι.

3693 390 3818 449 l7!

507 509 752 567 -ωιιιιυιιι
791 523 888 580 eos
911 506 1025 580 qui.
1052 487 1182 566 ﬁdei
1209 507 1616 574 contradicunt,
1639 513 1696 560 et
1717 504 1788 566 ad
1815 503 2110 575 corripien-
2133 499 2308 572 AYel
2329 489 2680 572 judicaturus
2703 509 2789 558 est
2823 501 2982 560 vivos
3008 516 3076 559 ac
3111 511 3388 572 mortuos,
3413 499 3472 560 id
3512 500 3830 574 esti-stes

514 601 648 656 dum
672 609 963 674 peccantes
988 607 1044 658 et
1063 616 1123 657 se
1149 613 1406 672 peccasse
1431 613 1543 654 non
1566 591 1921 667 abnegantes,
1947 603 2005 650 et
2031 592 2102 648 ad

515 677 868 748 erudiendum
890 707 988 748 eos
1009 691 1104 763 qui
1129 691 1308 749 adhuc
1349 688 1517 747 rudes
1539 694 1669 744 sunt
1707 693 1764 744 et
1805 684 2102 756 simplices.

515 779 896 842 Erudiendum
923 783 1049 840 dico
1073 782 1386 854 injustitia,
1407 779 1464 838 id
1491 789 1578 837 est
1601 779 1672 840 ad
1694 779 1801 848 hoc
1821 787 1884 834 ut
1901 777 2108 850 justiﬁ~

518 883 736 946 centur,
801 873 1052 931 exuendo
1096 872 1408 933 rudimenta
1455 868 1814 944 inﬁdelitatis.
1869 867 1984 937 Sic,
2027 867 2110 929 in-

517 981 688 1038 quam
713 1007 730 1036 ,
781 964 1064 1028 erudiatur
1108 971 1170 1019 ut
1197 970 1467 1034 quantum
1513 961 1570 1018 in
1611 961 1839 1018 doctore
1882 967 1990 1028 est,
2035 959 2107 1016 sit

518 1053 613 1114 iile
641 1055 756 1127 qui,
777 1054 1024 1111 eruditur
1065 1053 1329 1125 perfectus
1373 1051 1534 1110 homo
1559 1049 1682 1112 Dei,
1712 1047 1998 1126 Perfectus
2029 1049 2108 1110 ita

517 1155 584 1204 ut
632 1147 706 1204 sit
741 1145 1030 1205 instructus
1078 1143 1148 1200 ad
1191 1159 1346 1200 omne
1373 1159 1504 1215 opus
1543 1141 1737 1202 bonum
1772 1139 2104 1198 faciendum.

484 1313 492 1322 ,
773 1303 780 1310 ,
1132 1233 1365 1298 CAPUT
1399 1233 1497 1299 Iv.

489 1344 502 1372 ῖ
595 1349 617 1390 t
651 1328 940 1400 Testilich
966 1345 1157 1388 coram
1185 1328 1301 1388 Deo
1325 1327 1628 1411 etChristo
1662 1325 1815 1396 Iesu,
1846 1325 1942 1398 qui
1961 1325 2111 1397 judi-

519 1439 545 1476 s
578 1429 814 1479 .caturus
832 1430 920 1480 est
955 1421 1110 1478 vivos
1129 1428 1185 1479 et
1203 1428 1476 1490 mortuos,
1499 1428 1556 1477 et
1593 1434 1694 1492 per
1731 1418 2027 1476 adventum
2042 1425 2114 1476 et

519 1530 544 1568 ι
583 1513 762 1586 ipsius
773 1528 1008 1586 regnum
1029 1512 1163 1586 ejus!
1179 1529 1194 1567 :
1221 1511 1458 1584 praedicti
1473 1511 1722 1580 verbum,
1740 1509 1886 1568 insta
1903 1523 2110 1584 oppor-l

521 1624 544 1658 ε
583 1613 748 1676 tune,
803 1605 1158 1677 importune;
1211 1618 1382 1676 argue
1402 1645 1420 1672 ,
1469 1603 1697 1660 obsecra
1720 1643 1736 1672 ,
1785 1601 2009 1674 increpa

522 1717 544 1752 ι
588 1698 736 1756 omni
757 1695 1020 1769 patientia
1043 1705 1099 1754 et
1125 1697 1396 1754 doctrina.
1419 1695 1536 1758 Erit
1547 1695 1694 1758 enim
1719 1701 1958 1765 tempus,
1985 1697 2116 1754 om

525 1809 547 1843 ο
593 1805 786 1846 sanam
821 1789 1130 1858 doctrinam
1178 1805 1288 1845 non
1336 1789 1731 1858 sustinebunt:
1757 1787 1854 1842 sed
1891 1786 1964 1846 ad
2010 1801 2114 1842 sua

2207 603 2264 653 et
2283 602 2625 666 peccatores.
2685 592 2976 652 Testiﬁcor
3022 593 3191 652 etiam
3237 593 3338 650 tibi
3383 610 3480 666 per
3517 596 3810 652 mu-

2206 687 2376 759 ἱρείας
2402 685 2633 755 Christi,
2657 694 2722 742 ut
2753 687 2832 743 ita
2857 692 3089 759 paratus
3119 686 3204 744 sis
3229 687 3392 758 quasi
3423 685 3525 758 qui
3559 687 3817 758 quotidie

2203 771 2448 850 iudicem
2493 776 2874 833 advenientem
2901 782 3205 850 exspectet,
3233 783 3299 834 ut
3329 775 3534 838 timore
3555 775 3682 846 ejus
3723 773 3812 834 fa-

2208 868 2326 928 cias
2347 883 2471 942 quae
2483 868 2695 926 hortor.
2720 865 3010 926 Testiﬁcor
3021 867 3188 930 etiam
3209 867 3646 943 tibiperregnut
3667 867 3814 937 ciu,

2210 961 2268 1018 in
2315 976 2426 1034 quo
2453 961 2559 1032 ipsi
2586 961 3004 1033 eonregnabunt
3049 959 3254 1028 sancti,
3283 968 3344 1016 ut
3383 975 3574 1020 amore
3610 973 3814 1014 eoum-

2211 1052 2414 1127 gnandi
2455 1044 2682 1112 Christo
2716 1052 2964 1115 studiose
3001 1049 3176 1109 facias
3208 1051 3358 1123 quod
3396 1066 3622 1107 moneo.
3669 1049 3814 1116 Hoc,

2210 1145 2459 1216 inquam,
2491 1144 2754 1200 testiﬁcor
2777 1144 2914 1200 tibi:
2937 1141 3193 1213 Praedico
3225 1143 3466 1211 vernat,-
3487 1141 3552 1198 id
3579 1149 3669 1200 est
3705 1141 3810 1199 do-

2210 1237 2445 1293 ctrinam
2474 1233 2593 1304 Dei,
2625 1244 2681 1292 et
2713 1235 3062 1308 praedicando
3087 1237 3236 1290 insta
3273 1242 3566 1306 opportune
3589 1234 3678 1290 eis
3716 1232 3816 1304 qi

2212 1330 2444 1386 libenter
2483 1327 2734 1385 audiunt.
2763 1327 2914 1385 insta
2946 1327 3113 1384 etiam
3138 1325 3544 1398 importuneeis
3567 1325 3668 1401 qui
3694 1324 3814 1396 pri-

2211 1420 2382 1497 mitus
2403 1419 2471 1477 ad
2493 1419 2826 1478 audiendum
2858 1419 3108 1492 diﬁiciies
3131 1427 3286 1486 sunt,
3311 1417 3411 1474 sed
3449 1415 3814 1488 postmodu-

2213 1513 2432 1586 cognita
2475 1513 2692 1572 ratione
2734 1513 2970 1570 libenter
3009 1513 3262 1570 audiunt.
3291 1512 3472 1582 Argue
3519 1511 3720 1586 etiam;
3759 1508 3814 1564 id

2211 1613 2298 1678 est
2341 1603 2636 1673 convince,
2661 1605 3109 1686 contradicentes,
3141 1603 3297 1668 ﬁdei.
3336 1601 3592 1663 Obsecro
3643 1601 3817 1662 enim

2213 1695 2413 1768 iustos,
2443 1703 2506 1752 ut
2533 1711 2750 1768 semper
2793 1695 2851 1752 in
2875 1696 3077 1754 melius
3099 1701 3556 1767 promoveantur.
3583 1689 3818 1761 [increpa

2213 1789 2380 1850 etiam
2427 1787 2610 1854 debita
2663 1789 2984 1852 austeritate
3027 1788 3402 1860 deprehensos
3439 1786 3500 1841 in
3545 1784 3814 1856 peccatis.

525 1893 550 1930 ‹
591 1879 865 1936 desideria
898 1879 1302 1944 coacervabunt
1340 1878 1445 1938 sibi
1477 1863 1776 1951 magistros
1804 1875 2114 1953 prurientes
2143 1887 2192 1952 Β
2218 1881 2348 1940 ΙΙωο
2404 1889 2590 1937 autem
2636 1879 2726 1940 fac
2765 1883 2824 1944 in
2860 1883 3006 1940 omni
3043 1881 3308 1954 patientia
3329 1895 3350 1936 :
3375 1887 3440 1935 ut
3468 1889 3822 1949 quacunque

526 1989 547 2022 ι
592 1971 820 2026 auribus
851 1986 866 2024 :
896 1980 952 2029 et
977 1987 1008 2026 a
1037 1970 1265 2028 veritate
1295 1971 1518 2051 quidem
1561 1969 1812 2034 auditum
1841 1979 2112 2036 avertent,

525 2077 546 2110 σ
591 2061 660 2116 ad
691 2059 908 2120 fabulas
929 2069 1112 2118 autem
1137 2071 1550 2126 convertentur.
1581 2060 1663 2138 Tu
1691 2076 1819 2118 vero
1841 2060 2034 2138 vigila,
2055 2060 2115 2124 in

518 2166 544 2204 ε
589 2149 1113 2232 omnibuslabora;
1146 2165 1288 2226 opus
1325 2150 1416 2209 fac
1453 2151 1829 2224 evangelista,
1864 2149 2118 2224 minister
2151 2193 2158 2199 .

522 2259 544 2295 ι
589 2241 736 2300 rium
784 2231 947 2298 tuum
981 2242 1170 2316 imple,
1201 2243 1427 2304 sobrius.
1463 2251 1612 2307 esto.
1651 2241 1777 2316 Ego.
1813 2243 1964 2306 enim
1998 2241 2119 2316 jam

523 2351 546 2388 ι
589 2333 822 2404 delibor,
869 2343 926 2396 et
957 2345 1177 2409 tempus
1205 2335 1562 2394 resolutionis
1607 2350 1745 2398 mea:
1776 2335 1975 2400 instat._
2008 2333 2117 2390 Bo-

524 2442 548 2479 ι
589 2441 726 2484 num
779 2435 1058 2483 certamen
1110 2427 1320 2484 certavi
1345 2469 1362 2497 ,
1422 2443 1652 2485 cursum
1701 2426 2120 2496 consummavi,

527 2537 547 2571 ε
591 2517 764 2574 ﬁdem
781 2521 1014 2584 servavi.
1046 2519 1106 2586 In
1141 2521 1354 2592 reliquo
1383 2520 1627 2592 reposita
1650 2527 1736 2582 est
1754 2518 1896 2584 mihi.
1913 2531 2120 2582 corona

527 2628 547 2661 ι
587 2606 836 2690 justitiae,
873 2627 1040 2682 quam
1087 2611 1278 2668 reddet
1323 2609 1460 2676 mihi
1501 2609 1768 2676 Dominus
1801 2609 1859 2666 in
1898 2609 1992 2674 illa
2028 2607 2126 2676 die

526 2721 547 2754 ι
587 2701 959 2774 jusutsjudex
989 2723 1004 2760 :
1033 2719 1146 2764 non
1187 2703 1368 2765 solum
1399 2711 1581 2764 autem
1631 2702 1794 2772 mihi,
1823 2701 1920 2760 sed
1947 2711 2003 2760 et
2029 2702 2128 2764 his
2154 2742 2166 2755 .

527 2811 548 2844 ι
590 2793 684 2866 qni
712 2793 947 2867 diligunt
976 2795 1273 2854 adventum
1298 2795 1446 2868 ejus.
1472 2795 1697 2852 Festina
1719 2795 1906 2852 venire
1931 2795 2001 2854 ad
2029 2811 2122 2863 me

526 2903 548 2940 ι
589 2885 722 2943 cito.
749 2884 954 2954 Dcmas
977 2885 1125 2944 enim
1147 2903 1238 2951 me
1262 2887 1584 2960 dereliquit,
1613 2887 1849 2962 diligens
1881 2888 1988 2954 hoc
2015 2903 2120 2945 sate

528 2996 548 3031 ι
593 2978 802 3046 culum,
837 2987 892 3034 et
916 2979 1056 3058 abiit
1073 2978 1550 3048 Thessalonicam,
1580 2976 1852 3044 Crescens
1879 2977 1936 3034 in
1957 2977 2120 3036 Gala-

527 3089 549 3124 ι
593 3071 750 3136 tiam,
781 3069 938 3138 Titus
961 3071 1018 3128 in
1047 3071 1396 3128 Dalmatiam.
1425 3070 1606 3128 Lucas
1639 3080 1724 3128 est
1765 3087 1982 3129 mecum
2025 3086 2120 3128 so-

527 3181 549 3216 s
590 3163 697 3220 lus.
740 3161 984 3226 Marcum
1033 3179 1256 3230 assume
1279 3173 1335 3220 et
1377 3164 1555 3228 adduc
1583 3173 1763 3221 tecum
1791 3181 1806 3219 :
1833 3172 1922 3220 est
1965 3164 2116 3220 enim

527 3273 548 3307 ι
592 3255 729 3310 mihi
773 3255 925 3310 utilis
969 3255 1026 3316 in
1067 3245 1393 3319 ministerio.
1423 3254 1722 3329 Tychicum
1764 3263 1949 3312 autem
1990 3255 2116 3313 misi
2145 3231 2194 3298 θ

527 3363 548 3398 ι
593 3343 892 3417 Ephesum.
937 3345 1221 3416 Pcnulam,
1252 3363 1420 3420 quam
1469 3347 1668 3420 reliqui
1714 3345 1929 3404 Troade
1967 3337 2122 3420 apud

526 3457 552 3494 ι
593 3436 857 3510 Carpum,
885 3440 1114 3496 veniens
1157 3439 1290 3496 aﬁ‘er
1330 3450 1534 3506 tecum,
1571 3449 1626 3498 et
1659 3441 1850 3508 libros,
1880 3441 2128 3499 maxime

527 3551 548 3584 ι
592 3539 776 3586 autem
835 3530 1204 3595 membranas.
1265 3531 1576 3594 Alexander
1647 3532 1876 3590 aerarius
1945 3533 2128 3600 multa,

525 3643 550 3676 ς
597 3623 742 3678 mala
763 3621 900 3676 mihi
923 3621 1189 3678 ostendit:
1207 3622 1396 3678 reddet
1419 3622 1496 3678 illi
1521 3621 1789 3679 Dominus
1817 3623 2120 3680 secundum

505 3735 551 3794 ἱ(
597 3731 763 3788 opera
784 3715 934 3786 ejus;
963 3729 1126 3786 quem
1157 3723 1212 3772 et
1252 3723 1312 3770 tu
1340 3714 1548 3783 devita,
1565 3715 1722 3772 valde
1739 3715 1886 3772 enim
1916 3716 2120 3774 restitit

499 3801 552 3861 ‘c
595 3807 778 3864 verbis
821 3807 1048 3866 nostris.
1096 3805 1159 3862 In
1201 3807 1381 3880 prima
1427 3823 1556 3866 mea
1583 3806 1907 3874 defensione
1954 3824 2128 3868 neme

529 3917 554 3954 α
597 3900 734 3956 mihi
777 3899 964 3970 aﬂ'uit;
997 3899 1093 3959 sed
1132 3915 1328 3958 omnes
1369 3915 1460 3957 me
1505 3899 1958 3972 dereliquerunt:
2007 3915 2118 3958 non

531 4011 552 4044 ι
597 3992 706 4048 illis
753 3992 1072 4064 imputetur.
1127 3991 1397 4050 Dominus
1443 4000 1626 4048 autem
1672 3993 1808 4048 mihi
1851 3992 2026 4050 astitit
2065 4001 2131 4060 et

531 4101 554 4136 ι
598 4081 930 4142 confortavit
957 4099 1067 4152 mc,
1102 4093 1164 4142 ut
1189 4100 1288 4162 per
1321 4099 1409 4140 me
1437 4083 1759 4155 przedicatio.
1804 4085 2124 4156 impleatur,

533 4192 554 4228 α
593 4182 651 4230 et
677 4174 903 4235 audiant
932 4190 1133 4235 omnes.
1159 4185 1376 4248 gentes,
1401 4175 1548 4246 quia;
1575 4175 1840 4241 liberatus
1879 4193 2004 4234 sum
2051 4174 2128 4239 ile

533 4285 556 4322 ι
601 4282 698 4323 ore
723 4267 921 4324 leonis.
964 4266 1242 4330 Liberavit
1265 4284 1354 4324 me
1378 4267 1648 4333 Dominus
1673 4269 1742 4334 ab
1771 4269 1921 4324 omni
1956 4285 2121 4341 opere

531 4379 556 4416 ι
601 4360 766 4428 malo,
795 4368 851 4415 ct
885 4359 1095 4417 salvum
1123 4358 1288 4421 faciet
1331 4360 1386 4414 in
1419 4375 1646 4432 regnum
1670 4376 1830 4426 suum
1858 4361 2077 4421 eteieste
2102 4381 2122 4429 :2

533 4472 556 4507 ι
600 4452 688 4509 cui
742 4451 915 4524 gloria
945 4451 999 4507 in
1048 4452 1250 4514 smouia
1297 4451 1646 4516 saeculorum.
1685 4452 1885 4517 Amen,
1930 4451 2117 4516 Saluta

533 4565 555 4601 ι
598 4543 848 4606 Priscam
882 4554 936 4609 ct
963 4533 1242 4617 Aquilam,
1274 4553 1330 4606 et
1356 4543 1684 4616 Qnesiphori
1706 4545 1952 4608 domum.
1984 4545 2119 4602 Erae

532 4657 554 4694 ι
599 4649 718 4697 stus
757 4639 1026 4696 remansit
1059 4636 1335 4695 Corinthi.
1367 4636 1731 4709 Trophimum
1779 4647 1962 4702 autem
1995 4639 2124 4705 reli-

533 4730 693 4806 nqui
742 4729 1021 4786 inﬁrmum
1066 4728 1254 4786 Mileti.
1300 4728 1521 4790 Festina
1563 4737 1691 4792 ante
1729 4729 1969 4788 hiemem
2022 4745 2118 4786 ve-

427 4824 430 4826 ⁷
533 4841 554 4876 ι
599 4823 736 4880 nire.
750 4817 916 4904 344,
927 4819 1592 4889 SalutantteEubulus,et
1608 4820 1828 4878 Pudens
1841 4820 1964 4908 [αι.,
1988 4821 2125 4887 Pru-

534 4936 554 4970 ι
593 4915 774 4992 dens],
811 4925 867 4972 et
885 4915 1078 4986 Linus,
1115 4925 1172 4972 et
1193 4915 1427 4972 Claudia
1455 4934 1467 4970 :
1497 4923 1552 4972 et
1577 4909 1778 4998 fratres
1801 4931 1994 4974 omnes
2017 4916 2136 4990 [al.-

421 5022 428 5028 ’
535 5029 555 5062 ι
599 5027 702 5066 non
729 5009 885 5066 habet
913 5009 1129 5084 omnes]
1157 5009 1299 5082 ejus.
1348 5008 1616 5067 Dominus
1661 5007 1825 5070 lesus
1865 5007 2128 5068 Christus

536 5119 556 5154 ι
599 5115 725 5156 cum
755 5100 953 5172 spiritu
977 5111 1092 5158 tuo.
1121 5100 1308 5162 Gratia
1335 5100 1648 5164 vobiscum,
1675 5099 1871 5160 Amen.
1917 5119 1936 5153 ι

1175 5209 1480 5252 EXPOSITIO.

597 5283 669 5342 Et
693 5283 824 5358 quia
853 5283 1134 5357 Scriptura
1159 5283 1260 5340 Dei
1302 5295 1434 5344 nota
1473 5283 1572 5341 tibi
1601 5283 1756 5347 utilis
1796 5293 1883 5341 est
1909 5285 1978 5346 ad
2023 5286 2122 5342 do-

529 5379 787 5448 cendum,
831 5387 888 5436 et
939 5380 1008 5436 ad
1057 5379 1420 5452 arguendum,
1449 5391 1505 5438 et
1552 5379 1623 5440 ad
1671 5379 2076 5450 corripiendum
2105 5399 2122 5445 :

527 5473 652 5534 ideo
681 5473 939 5545 testiﬁcor
967 5473 1067 5533 tibi
1116 5489 1297 5528 coram
1328 5471 1460 5544 Deo,
1517 5489 1589 5530 ne
1611 5474 1718 5530 hoc
1766 5473 1910 5534 ultra
1953 5488 1987 5530 a
2035 5487 2126 5529 me

528 5571 730 5644 exigat.
763 5569 835 5624 Et
868 5583 1060 5626 coram
1099 5565 1313 5624 Christo
1335 5565 1488 5636 Iesu,
1531 5567 1624 5639 qui
1659 5566 2006 5636 judicaturus
2046 5574 2126 5622 est

527 5665 669 5720 rivos
689 5672 742 5719 et
762 5671 998 5720 mortuos
1022 5679 1042 5719 :
1073 5676 1218 5734 quos
1243 5659 1514 5718 invenerit
1539 5659 1696 5716 vivos
1721 5659 1781 5714 in
1799 5660 1940 5718 hora
1976 5658 2128 5730 judi-e

529 5755 634 5824 cii,
683 5757 778 5828 qui
822 5762 927 5814 sub
965 5765 1250 5812 incruento
1291 5751 1666 5810 dissolveutur
1707 5759 1766 5807 et
1816 5761 2124 5824 resurgant.

527 5843 882 5908 vindicaturus
925 5857 1008 5908 est
1051 5849 1214 5908 etiam
1259 5855 1390 5907 ante
1429 5845 1576 5947 diem
1608 5837 1801 5918 judicii
1849 5850 2124 5902 mortuos.

2218 1975 2530 2035 inferantur
2553 1976 2785 2036 libenter
2807 1958 3085 2036 sustineas
3110 1991 3128 2042 ;
3157 1987 3262 2029 nec
3283 1972 3365 2028 ita
3402 1979 3466 2026 ut
3486 1971 3695 2026 docere
3717 1969 3814 2025 de-

2217 2069 2410 2135 sistas.
2433 2068 2530 2126 sed
2577 2081 2797 2139 semper
2821 2073 2946 2125 esto
2991 2067 3050 2127 in
3088 2065 3358 2126 doctrina.
3394 2061 3524 2125 ideo
3547 2070 3711 2124 tanta
3731 2060 3816 2116 ius

2217 2159 2418 2227 stantia
2443 2167 2496 2214 te
2521 2157 2720 2214 docere
2747 2170 3074 2213 commoneo
3097 2171 3118 2208 :
3143 2154 3278 2226 quia
3299 2155 3407 2210 erit
3431 2162 3644 2224 map-ts
3670 2153 3818 2212 «ires

2217 2249 2384 2310 ﬁnem
2411 2249 2627 2316 mundi,
2669 2265 2792 2304 cum
2832 2247 3088 2305 homines
3115 2262 3223 2302 non
3248 2245 3588 2302 sustinebunt
3628 2257 3818 2304 In.

2218 2341 2544 2398 doctrinam.
2584 2339 2642 2396 Si
2669 2349 2852 2398 autem
2876 2340 2934 2396 in
2973 2349 3220 2412 tempore
3259 2339 3357 2395 illo
3381 2353 3496 2396 non
3523 2337 3814 2394 roboratur

2219 2432 2466 2492 Ecclesia
2509 2433 2762 2491 doctrina
2809 2433 3134 2504 apostolica,
3164 2431 3367 2504 peribit
3405 2431 3564 2488 ﬁda.
3609 2429 3812 2486 Sanan

2219 2525 2527 2583 doctrinam
2553 2540 2666 2582 non
2708 2524 3010 2596 patientur,
3033 2523 3126 2580 sed
3159 2521 3546 2579 coemebant
3569 2521 3682 2578 sibi
3704 2535 3812 2574 ιι-

2228 2619 2425 2700 gistros
2451 2616 2610 2688 juxta
2635 2633 2736 2672 sua
2760 2616 3046 2672 desideria.
3073 2615 3134 2670 Si
3159 2613 3434 2670 luxuriosi
3468 2611 3709 2679 fuerint,
3735 2611 3814 2665 le-

2220 2711 2507 2768 xuriosum
2539 2726 2555 2764 :
2593 2721 2650 2766 et
2687 2707 2771 2766 sic
2815 2707 2874 2764 in
2915 2707 3151 2764 caeteris.
3199 2704 3466 2765 Homines
3508 2705 3640 2761 dico
3687 2712 3812 2760 tunc

2219 2803 2515 2874 prurientes
2553 2800 2797 2867 auribus,
2841 2801 2895 2857 id
2949 2808 3036 2858 est
3075 2813 3222 2855 nova
3247 2807 3302 2854 et
3329 2795 3580 2853 inaudita
3625 2794 3816 2853 audio

2221 2895 2547 2966 cupientes;
2578 2894 2636 2949 in
2662 2892 2868 2964 quibus
2895 2891 3100 2948 veritas
3128 2905 3240 2946 non
3268 2889 3376 2946 erit
3399 2907 3414 2944 :
3441 2897 3496 2944 et
3525 2905 3561 2942 a
3595 2887 3813 2943 ueritate

2220 2987 2433 3080 quidem
2477 2995 2706 3080 auertant
2739 2985 2992 3042 auditum
3020 2997 3210 3080 suum,
3247 2981 3342 3038 sed
3383 2980 3455 3043 ad
3490 2979 3712 3079 fabulas
3739 2977 3812 3051 (in

2221 3070 2426 3148 quibus
2449 3077 2530 3134 rei
2555 3075 2760 3152 veritas
2791 3089 2898 3132 non
2925 3078 3034 3146 est)
3067 3081 3466 3140 convertentur,
3613 3070 3627 3079 ’

2293 3170 2377 3226 lli
2414 3170 2498 3228 sic
2539 3169 2832 3226 intendunt
2875 3167 3116 3230 fabulis:
3143 3176 3202 3221 tu
3245 3182 3366 3230 sero
3405 3165 3597 3237 vigila,
3643 3165 3698 3221 ill
3735 3171 3813 3220 est

2222 3263 2376 3319 omni
2409 3261 2779 3320 sollicitudine
2805 3274 3050 3333 praacavc
3077 3259 3175 3326 tibi
3205 3275 3218 3312 :
3246 3265 3300 3312 et
3329 3257 3520 3311 labora
3545 3257 3606 3310 in
3641 3254 3810 3310 estsi.-

2221 3358 2317 3412 bus
2363 3355 2440 3428 (si.
2455 3354 2634 3427 potes)
2661 3351 3064 3412 convertemus.
3111 3349 3293 3421 thue
3338 3349 3499 3405 labor
3533 3358 3672 3404 tuus
3695 3345 3806 3403 ido-

2221 3465 2359 3512 neus
2396 3449 2500 3517 sit,
2538 3448 2628 3519 {ac
2655 3463 2787 3518 opus
2817 3443 3172 3516 evangelista,
3199 3441 3256 3509 id
3287 3449 3375 3500 est
3394 3437 3808 3512 praediatoria:

2221 3541 2434 3608 scilicet
2469 3538 2620 3612 quod
2661 3537 3002 3609 operandam
3031 3534 3320 3608 pradicas,
3363 3547 3618 3604 operare.
3651 3530 3720 3587 Et
3741 3529 3809 3585 ita

2222 3633 2312 3691 fac
2351 3644 2421 3690 ut
2465 3631 2697 3704 impleas
2747 3639 2894 3686 tuam
2935 3629 3316 3693 ministerium,
3347 3625 3403 3682 id
3450 3632 3538 3682 est
3579 3623 3810 3686 oﬁidulu

2220 3724 2628 3799 praedicatoris,
2655 3723 2803 3796 quod
2851 3738 2957 3778 non
2995 3721 3139 3776 infra
3183 3718 3480 3786 subsistas,
3515 3717 3614 3774 sed
3655 3713 3806 3788 quid-

2220 3817 2356 3892 quid
2382 3817 2762 3892 praedicamus
2786 3826 2868 3872 est
2901 3813 3094 3880 iacias,
3120 3823 3175 3869 et
3201 3811 3506 3868 laborando
3525 3809 3584 3865 in
3612 3809 3737 3864 aliis
3758 3811 3808 3865 et

2221 3911 2278 3978 in
2310 3919 2362 3968 te
2390 3925 2556 3982 opere
2580 3907 2907 3980 complpndo
2931 3905 3079 3979 quod
3105 3905 3246 3970 alios
3272 3903 3552 3962 docueris.
3587 3901 3660 3958 Et
3696 3901 3793 3958 lite

2221 4004 2304 4066 Sic
2328 4017 2606 4063 moneam.
2641 4000 2730 4068 (ac
2765 4015 2906 4078 opus
2945 3985 3332 4071 evangertstaz:
3362 4004 3549 4052 tamen
3576 4004 3691 4056 esto
3729 4008 3806 4048 sa-

2223 4097 2395 4163 brius,
2419 4108 2530 4150 non
2559 4093 2706 4160 ultra
2730 4091 2954 4160 modum
2984 4088 3332 4156 abstinentiae
3363 4087 3606 4155 deditus,
3637 4101 3710 4142 ne
3730 4083 3804 4142 ni-

2221 4187 2444 4244 mietate
2485 4183 2682 4256 jejunij
2710 4182 3029 4248 debilitatus
3058 4179 3363 4266 (quomodo
3399 4177 3588 4250 decet)
3607 4177 3805 4232 incana

2221 4277 2352 4346 bere
2385 4289 2631 4350 nequeas
2657 4271 3056 4346 pradicationi.
3084 4267 3382 4340 Propterea
3413 4275 3570 4338 tanta
3605 4266 3801 4322 instan-

2223 4371 2303 4426 tia
2329 4379 2378 4426 te
2401 4351 2769 4429 commoneo:
2791 4363 2921 4436 quia
2948 4379 3042 4436 ego
3053 4361 3174 4434 jam
3205 4359 3432 4436 delibor,
3459 4358 3515 4430 id
3540 4366 3630 4414 est
3651 4352 3804 4424 sani-2

2222 4464 2380 4526 fleor.
2421 4469 2473 4518 et
2517 4458 2785 4531 paulatim
2836 4457 2890 4512 in
2919 4454 3154 4516 vinculis
3196 4450 3446 4524 quotidie
3489 4448 3721 4518 deﬁcio:
3755 4451 3802 4511 at

2226 4565 2428 4626 tempus
2479 4567 2610 4619 mea:
2665 4547 3025 4618 resolutionis,
3077 4545 3130 4602 id
3169 4554 3258 4616 est
3273 4542 3393 4611 dies
3435 4542 3638 4601 mortis
3665 4551 3803 4605 mea,

2225 4649 2394 4703 instat
2422 4653 2474 4700 et
2504 4645 2556 4700 in
2591 4641 2848 4716 proximo,
2871 4649 2958 4696 est
2985 4657 3000 4696 :
3025 4653 3190 4710 quem
3219 4637 3366 4708 diem
3409 4635 3626 4702 instare
3651 4649 3712 4690 ex
3743 4641 3804 4686 eo

2229 4745 2414 4796 certus
2443 4750 2595 4804 ειιωι
2622 4732 2752 4806 Quia
2779 4731 2976 4787 certari
3003 4737 3272 4798 certamen
3297 4724 3685 4799 (frequentiam
3709 4732 3796 4776 nc-

2231 4836 2330 4902 tat)
2366 4829 2582 4893 bonum,
2618 4823 2675 4892 id
2717 4832 2803 4891 est
2829 4822 2964 4888 utile
2998 4818 3260 4886 Ecclesia
3299 4816 3418 4886 Dei.
3465 4813 3682 4872 Certavi
3708 4808 3800 4867 uti?

2224 4935 2334 4994 que
2371 4917 2629 4990 patiendo
2669 4927 3015 4987 quacunque
3053 4911 3172 4994 pati
3191 4907 3460 4986 oportuit,
3507 4916 3567 4964 et
3585 4915 3798 4969 causa.

2307 4989 2393 5068 est
2414 5009 2764 5072 velocitatem
2789 5005 2932 5076 bene
2953 4989 3176 5076 agendi,
3196 5001 3299 5071 ubi
3321 5015 3434 5056 non
3463 4998 3542 5060 ita
3573 4997 3684 5070 pati
3718 5005 3800 5048 ue-

2221 5120 2383 5171 cesse
2405 5103 2528 5169 fuit,
2563 5101 2714 5158 hunc
2744 5099 2936 5172 utique
2975 5095 3340 5167 consummavi
3361 5110 3382 5148 :
3401 5093 3535 5165 quis
3565 5094 3698 5149 adeo
3719 5103 3796 5144 as-

2229 5197 2414 5264 cendit
2446 5210 2570 5258 mea
2599 5193 2835 5266 justitia,
2863 5191 3013 5263 quod
3044 5191 3192 5255 ultra
3219 5203 3332 5244 non
3377 5187 3549 5256 habet
3581 5201 3690 5258 quo
3723 5194 3798 5235 as-

2231 5289 2462 5357 cendat;
2499 5295 2555 5344 et
2575 5285 2630 5342 in
2660 5284 2922 5342 certando
2940 5291 2997 5339 et
3030 5283 3086 5343 in
3111 5279 3386 5350 currendo
3413 5279 3623 5334 semci
3641 5274 3794 5348 ﬁdem

2230 5381 2299 5438 Et
2321 5381 2450 5452 quia
2491 5378 2608 5451 jam
2637 5373 3020 5444 consummavi
3065 5389 3317 5441 cursum,
3357 5371 3483 5433 ideo
3509 5371 3568 5426 iu
3603 5367 3794 5437 reliquo.

2229 5473 2284 5530 id
2313 5480 2398 5536 cst
2419 5471 2476 5528 in
2501 5470 2612 5526 vita
2641 5484 2766 5541 quae
2795 5469 2958 5530 nobis
2983 5467 3170 5535 futura
3213 5463 3568 5535 relinquitur,
3595 5457 3793 5540 reposita

2227 5573 2328 5632 est,
2376 5563 2430 5619 id
2479 5571 2566 5620 est
2606 5559 2936 5629 custoditur,
2975 5558 3108 5613 mihi
3136 5571 3336 5614 corona
3369 5555 3626 5625 justitic,
3656 5549 3701 5605 id
3724 5550 3794 5600 est

2235 5656 2532 5733 promerita
2573 5669 2672 5726 per
2693 5652 2968 5725 justitiam
2994 5667 3007 5705 :
3037 5666 3200 5723 quam
3233 5662 3502 5704 coronam
3542 5641 3696 5716 quasi

2228 5729 2400 5806 bitam
2429 5747 2611 5804 reddet
2651 5745 2783 5802 mihi
2812 5745 3075 5802 Dominus
3106 5744 3164 5798 in
3189 5740 3290 5796 illa
3327 5740 3420 5795 die
3439 5737 3635 5796 fatum
3653 5729 3789 5790 ωιτὶο

2231 5841 2496 5910 b‘utionis,
2531 5855 2634 5896 nec
2675 5838 2812 5904 mihi
2859 5851 3065 5911 negate
3091 5843 3312 5912 pateat:
3343 5832 3474 5905 quia
3517 5839 3600 5889 est
3633 5827 3789 5901 just“.
