3988 6424
178 425 324 491 Ἰρτὸ
706 427 719 441 Χ
895 433 1261 495 EXPOSITIO
1297 429 1368 493 IN
1405 435 1789 494 EPISTOLAS

1901 434 2055 494 mu.
2095 419 2153 480 ἱ-
2201 435 2272 492 IN
2309 437 2530 494 EPIST.
2565 437 2658 493 AD
2695 437 2828 494 τιτ.
2879 482 2882 486 .
2923 481 2929 486 .
3380 438 3486 494 m

183 551 382 625 inde:
405 565 423 602 :
455 556 511 606 et
535 549 748 621 iustitia
783 552 952 622 exigit
973 547 1038 606 ut
1066 553 1176 608 hoc
1202 549 1341 607 mihi
1357 551 1638 607 reddatur.
1671 545 1805 608 Mihi
1829 551 1882 615 Ἀ
1907 553 2094 608 venies
2137 551 2213 615 ad,
2246 569 2369 621 me,
2402 551 2536 609 cave
2595 552 2698 614 tibi
2733 553 2802 608 ab
2844 551 3152 608 Alexandro
3181 571 3197 608 :
3227 553 3317 610 hic
3337 556 3486 614 enim

177 642 572 714 "quidem,sed
602 659 708 696 non
729 643 901 697 solum
941 643 1095 711 mihi,
1125 643 1216 698 sed
1245 644 1410 699 etiam
1437 642 1696 698 omnibus
1721 641 1804 697 his
1904 645 2207 701 Alexander
2225 646 2450 700 aerarius
2477 647 2699 715 (nomen
2738 644 3038 717 dignitatis)
3083 648 3310 702 ostendit
3355 651 3491 708 mihi

193 741 306 810 qui
345 741 578 810 diligunt
601 741 882 800 adventum
917 741 1034 810 ejus
1051 740 1266 811 judicii,
1293 726 1347 795 id
1376 747 1461 794 est
1481 738 1574 808 qui
1610 747 1804 808 puram

201 831 425 887 habent
453 832 888 891 conscientiam:
937 821 1050 903 qui.
1075 831 1221 890 enim
1256 829 1363 886 sibi
1409 830 1552 884 male
1593 826 1805 884 conscii

199 934 372 989 sunt,
399 923 456 979 bi
499 924 692 995 utique
720 924 1020 979 adventum
1049 923 1251 995 iudicis
1285 937 1396 976 non
1424 914 1679 991 diligunt,
1709 917 1807 973 sed

200 1012 535 1090 formidant.
582 1013 689 1068 Per
729 1015 834 1070 hoc
858 1014 1154 1085 plurimum
1194 1013 1400 1068 animat
1434 1011 1802 1075 Timotheum,

198 1105 368 1174 quod
423 1106 500 1159 ait
525 1106 838 1175 praeparari
887 1120 1147 1162 coronam
1187 1104 1415 1175 iustitiae
1459 1101 1806 1174 diligentibus

179 1208 182 1210 ‘
201 1198 514 1251 adventum
529 1196 656 1252 'Dei.

189 1299 192 1302 '
284 1288 566 1345 Instructo
608 1287 901 1350 Timotheo
939 1288 998 1345 in
1037 1287 1126 1344 his
1173 1303 1299 1358 qua:
1343 1286 1559 1357 publice
1596 1285 1806 1356 agenda

199 1387 397 1446 erant,
462 1378 530 1434 de
595 1377 928 1449 quibusdam
991 1377 1229 1449 propriis
1299 1374 1525 1430 mandat
1577 1375 1627 1429 ei
1650 1403 1680 1441 ,-
1717 1373 1805 1428 di-

200 1485 354 1527 cens
382 1489 396 1528 :
426 1469 590 1544 345
615 1469 757 1542 Quia
781 1470 840 1525 in
879 1468 1134 1540 proximo
1167 1468 1284 1544 dies
1296 1483 1425 1535 mete
1469 1465 1805 1521 resolutionis

201 1561 387 1614 instat
413 1578 428 1614 :
453 1560 576 1616 ideo
617 1560 816 1630 festina
865 1560 974 1614 cito
1011 1543 1202 1614 uenire
1226 1558 1297 1613 ad
1327 1575 1409 1613 me
1444 1573 1463 1612 :
1485 1566 1542 1614 et
1559 1571 1808 1614 necessa-

203 1653 343 1709 rius
362 1651 500 1708 mihi
520 1667 581 1708 es
606 1670 620 1707 :
647 1653 776 1723 quia
818 1651 1016 1706 Demas
1061 1651 1424 1722 apostatando
1453 1650 1668 1721 reliquit
1701 1664 1803 1716 me,

183 1745 447 1815 diligens
472 1745 568 1800 hoc
600 1759 845 1818 praesens
873 1742 1153 1811 steculum,
1175 1752 1228 1797 et
1248 1743 1338 1798 ille
1359 1742 1493 1797 abiit
1528 1740 1806 1796 Thessalo-

1906 736 2078 792 multa
2103 736 2250 795 mala
2291 752 2317 790 :-
2356 751 2458 800 nec
2485 735 2610 790 inde
2649 751 2782 791 curo
2814 736 2981 807 :quia
3007 735 3263 797 Dominus
3305 740 3486 795 reddet

1905 832 1954 885 ei
1971 829 2260 884 secundum
2289 828 2451 900 opera
2470 829 2605 899 ejus.
2640 828 2805 894 Quem
2838 827 3205 884 Alexandrum
3241 839 3299 884 tu
3324 832 3485 885 etiam

1906 923 2082 977 devita
2107 941 2126 977 :-
2150 922 2242 976 hic
2274 923 2413 976 enim
2436 922 2588 976 ualde
2631 922 2830 976 restitit
2882 921 3048 975 verbis
3107 923 3322 978 nostris.
3352 921 3491 984 Veni

1906 1013 2096 1082 utique
2129 1032 2143 1068 :
2171 1012 2302 1082 quia
2331 1013 2672 1070 necessarius
2702 1028 2783 1066 es.
2816 1010 2884 1073 In
2920 1013 3094 1081 prima
3111 1014 3254 1068 enim
3310 1014 3487 1084 defen-

1907 1104 2056 1157 sione
2089 1118 2235 1180 mea,
2265 1103 2490 1172 quando
2536 1101 2752 1156 defendi
2798 1116 2886 1156 me
2913 1101 2968 1161 in
2995 1112 3290 1174 conspectu
3318 1103 3487 1160 Nero-

1905 1193 2016 1259 nis,
2043 1209 2194 1248 nemo
2221 1193 2616 1264 discipulorum
2641 1193 2798 1261 affuit
2829 1193 2964 1249 mihi
2982 1209 3001 1247 :
3027 1194 3123 1254 sed.
3144 1211 3318 1249 omnes
3340 1196 3487 1252 dere-

1906 1284 2172 1356 liquerunt
2192 1300 2292 1339 me.
2326 1283 2398 1340 Ut
2417 1293 2601 1342 autem
2629 1285 2734 1340 hoc
2751 1301 2855 1342 non
2878 1286 3169 1356 imputetur
3199 1286 3332 1353 illis,
3364 1302 3486 1357 pre-

1907 1393 2003 1434 cor
2040 1377 2158 1432 :illi
2185 1377 2577 1448 dereliqueruut
2603 1391 2716 1442 me;
2744 1377 2841 1437 sed
2877 1377 3136 1434 Dominus
3186 1379 3360 1432 astitit
3381 1380 3487 1433 mi»

1905 1469 1964 1524 hi
1992 1478 2076 1524 :et
2100 1469 2335 1525 astando
2362 1469 2552 1539 fortem
2575 1469 2701 1539 fecit
2734 1484 2816 1523 me
2841 1483 2868 1524 ἒ
2889 1467 3013 1523 ideo
3033 1477 3091 1524 et-
3105 1469 3244 1530 adeo
3265 1479 3324 1523 ut
3346 1485 3493 1540 prun

1906 1560 2106 1615 dicatio
2131 1557 2440 1630 impleretur
2459 1576 2552 1630 per
2575 1575 2684 1626 me,
2701 1573 2814 1618 non
2853 1557 3131 1614 cedentem
3158 1559 3324 1624 minis
3345 1559 3492 1628 ejus.

1909 1651 1967 1707 Si
1993 1652 2140 1708 enim
2174 1650 2542 1708 consentirem
2582 1651 2716 1720 ipsi,
2741 1650 3013 1719 inexpleta
3048 1650 3203 1706 ﬁeret
3221 1650 3494 1721 praedicaa

1908 1743 1986 1799 tio
2018 1743 2180 1801 :ideo
2207 1744 2374 1800 etiam
2405 1742 2737 1799 confortavit
2768 1760 2783 1796 :
2810 1742 2999 1799 uthac
3027 1741 3253 1803 audiant
3279 1752 3486 1812 gentes:

203 1837 416 1890 nicum.
444 1833 693 1889 Crescens
713 1849 868 1902 vero,
891 1834 1032 1889 alius
1054 1833 1357 1904 discipulus
1386 1834 1442 1888 in
1470 1833 1804 1903 ﬁdeperma-
1834 1896 1877 1904 _
1906 1843 1963 1890 ct
1998 1835 2106 1891 hoc
2153 1835 2318 1891 etiam
2372 1834 2599 1889 audiant
2623 1831 2761 1902 quod
2799 1829 3055 1887 liberatus
3090 1845 3241 1896 sunt,
3271 1839 3334 1884 ut
3379 1847 3489 1885 non

201 1920 378 1993 nens,
403 1925 536 1980 abiit
575 1926 632 1979 in
661 1896 953 1980 Galatiam.
987 1924 1139 1980 Titus
1161 1896 1292 1981 vero
1311 1925 1446 1980 abiit
1483 1925 1540 1978 in
1584 1896 1808 1978 Dalma-
1834 1896 1882 1957 Β
1909 1915 2300 1996 consentirem,
2327 1928 2390 1982 de
2411 1943 2499 1981 ore
2511 1896 2708 1991 leonis,
2725 1925 2780 1980 id
2801 1932 2883 1980 est
2895 1921 3148 1987 Neronis,
3163 1924 3248 1978 vel
3265 1923 3488 1986 diaboli,

201 2017 369 2072 tiam.
400 2013 469 2071 Et
493 2017 595 2087 sic,
617 2017 741 2072 aliis
773 2017 1057 2089 dispersis,
1083 2017 1226 2072 solus
1263 2006 1437 2071 Lusus
1483 2031 1684 2070 mecum
1703 2023 1801 2072 est.

201 2104 374 2174 Veni,
397 2108 645 2179 inquam,
673 2117 728 2164 et
764 2108 820 2162 in
872 2107 1147 2165 veniendo
1184 2124 1395 2162 assume
1442 2106 1708 2174 Marcum,
1751 2115 1805 2162 et

202 2199 392 2254 adduc
414 2211 584 2255 tecum
604 2201 673 2256 ad
699 2216 805 2256 me.
830 2198 931 2256 Hic
955 2201 1098 2256 enim
1122 2209 1200 2255 est
1224 2199 1354 2254 mihi
1384 2200 1536 2254 utilis
1563 2201 1621 2254 in
1641 2199 1803 2255 mini-

199 2292 398 2346 sterio.
453 2290 730 2348 Fortassis
765 2291 1042 2347 missurus
1082 2298 1203 2346 erat
1239 2304 1366 2346 eum
1418 2289 1716 2360 Apostolus
1746 2289 1804 2344 in

178 2382 458 2452 “aliquam
481 2382 829 2454 legationem.
864 2380 1148 2453 Tychicum
1175 2383 1486 2438 autemmisi
1515 2381 1801 2452 Ephesum,

203 2474 308 2528 ubi
349 2482 411 2528 tu
455 2474 808 2545 episcoparis.
836 2473 917 2530 Tu
961 2489 1093 2530 vero
1117 2475 1324 2530 veniens
1352 2475 1420 2530 ad
1455 2490 1545 2531 me
1570 2475 1706 2546 affer
1729 2481 1806 2530 te-

203 2581 336 2619 cum
384 2564 635 2635 penulam
671 2582 832 2637 quam
876 2566 1018 2637 apud
1057 2565 1291 2638 Carpum
1323 2566 1514 2640 reliqui
1553 2566 1759 2622 Troade
1782 2581 1804 2623 :

203 2655 348 2710 affer
395 2657 563 2711 etiam
595 2656 758 2712 libros
799 2673 819 2714 :
847 2667 897 2713 et
939 2659 1172 2713 maxime
1231 2674 1347 2730 pra:
1414 2659 1627 2716 caeteris
1670 2658 1805 2716 affer

205 2747 574 2815 membranas,
612 2749 813 2819 quibus
847 2762 988 2821 opus
1031 2747 1209 2806 habeo
1238 2750 1310 2806 ad
1349 2751 1642 2808 mittendas
1675 2750 1805 2824 Epi-

206 2838 409 2893 stolas.
434 2837 640 2894 Penula
690 2841 858 2897 vestis
902 2849 1023 2896 erat
1066 2842 1266 2898 tradita
1323 2841 1728 2900 Tbarsensibus
1770 2859 1805 2902 a

207 2925 528 2986 Romanis:
563 2938 853 3001 propterea
890 2931 1021 3002 quia
1072 2940 1288 3002 sponte,
1335 2939 1393 2988 et
1437 2947 1550 2989 non
1577 2933 1719 2990 bello
1744 2933 1805 2989 in

206 3019 512 3091 imperium
538 3020 914 3078 Romanorum
957 3022 1328 3078 devenerant:
1355 3038 1522 3095 quam
1561 3024 1683 3080 ideo
1712 3024 1806 3096 ju-

207 3110 381 3168 bebat
404 3112 611 3182 aﬁ‘erri,
643 3124 705 3170 ut
746 3114 1134 3187 comprobaret
1165 3131 1224 3172 se
1246 3131 1369 3174 esse
1399 3117 1574 3174 civem
1601 3117 1805 3175 Roma-

207 3218 369 3268 num,
414 3206 556 3262 sicut
600 3207 967 3278 appellaverat
1001 3207 1146 3279 apud
1172 3207 1417 3266 Festum.
1459 3211 1568 3267 Seu
1602 3210 1802 3282 penula

1906 2035 2004 2090 per
2017 2018 2298 2074 Neronem
2318 2018 2626 2073 invadentis
2647 2033 2735 2073 me
2761 2035 2774 2071 :
2805 2034 2906 2074 nec
2932 2020 3111 2074 solum
3137 2019 3362 2083 aleone,
3395 2017 3491 2071 sed

1905 2111 2150 2167 liberavit
2177 2126 2259 2165 me
2301 2109 2562 2163 Dominus
2599 2108 2662 2163 ab
2704 2110 2847 2163 omni
2889 2125 3040 2178 opere
3078 2109 3240 2175 malo,
3263 2123 3332 2162 ne
3359 2108 3488 2178 quid

1905 2201 2046 2256 male
2071 2215 2329 2270 operarer
2353 2218 2368 2255 :
2389 2208 2440 2256 et
2459 2200 2848 2271 meliberatum
2873 2200 3077 2255 salvum
3107 2201 3286 2269 faciet,
3311 2208 3490 2254 trans-

1902 2292 2074 2348 latum
2095 2292 2153 2346 in
2173 2308 2389 2363 regnum
2421 2307 2578 2348 suum
2603 2291 2808 2348 cteleste
2834 2308 2854 2346 :
2875 2292 2962 2347 cui
3004 2291 3234 2348 Domino
3267 2301 3353 2347 est
3378 2290 3490 2362 glo-

1904 2385 1991 2439 ria
2018 2385 2075 2438 in
2096 2381 2296 2438 secula
2321 2383 2664 2452 steculorum,
2694 2385 2884 2439 Amen.
2912 2383 3150 2455 Accepta
3179 2392 3361 2438 autem
3385 2383 3494 2438 hac

1904 2475 2172 2547 Epistola,
2196 2473 2377 2530 saluta
2419 2475 2668 2531 Priscum
2709 2483 2761 2530 et
2792 2475 3068 2547 Aquilam,
3117 2483 3169 2529 et
3228 2473 3491 2544 familiam

1907 2564 2241 2636 Onesiphori.
2286 2562 2516 2620 Erastus
2569 2573 2754 2622 autem
2808 2566 3064 2621 remansit
3105 2563 3346 2622 Corinthi
3389 2574 3500 2625 :-et

1906 2655 2248 2729 Trophimum
2273 2659 2464 2730 reliqui
2495 2657 2672 2714 Mileti
2717 2659 3027 2728 infirmum:
3065 2665 3121 2714 et
3142 2659 3272 2728 quia
3296 2666 3374 2713 tot
3396 2657 3498 2712 ab-.

1879 2757 2088 2807 sentes
2112 2759 2262 2818 sunt,
2291 2750 2484 2821 festina
2512 2749 2684 2805 uenire
2709 2748 2777 2804 ad
2820 2764 2911 2805 me
2967 2757 3094 2806 ante.
3131 2749 3371 2804 hiemem.
3415 2745 3492 2801 De

1901 2842 1992 2898 his
2024 2850 2210 2898 autem
2232 2843 2327 2914 qui
2352 2841 2641 2988 ulp‘biscum
2665 2848 2815 2906 sunt,
2847 2840 3090 2897 salutant
3140 2849 3188 2894 te
3233 2839 3487 2904 Eubolus,

1901 2940 1952 2988 et
1973 2933 2212 2988 Pudens.
2231 2943 2283 2988 et
2305 2933 2372 2988 Li
2449 2950 2472 2986 s
2493 2941 2571 2988 .et
2611 2931 2862 2988 Claudia.
2887 2940 2937 2986 et
2972 2947 3147 2986 omnes
3175 2931 3387 2988 fratres.
3422 2928 3487 2982 Et

1900 2940 1952 2990 et
1973 2933 2212 3002 Pudens,
2231 2943 2283 2989 et
2305 2928 2472 2988 Linds
2493 2941 2571 3000 ,et
2611 2931 2862 2998 Claudia,
2887 2940 2937 2986 et
2972 2947 3147 2986 omnes
3174 2931 3387 3000 fratres.
3422 2928 3494 2984 Et.

1901 3041 2004 3099 ego
2033 3026 2213 3082 saluto
2232 3035 2303 3082 te.
2333 3024 2592 3079 Dominus
2621 3021 2779 3078 Iesus
2810 3022 3057 3079 Christus
3111 3022 3184 3078 sit
3219 3036 3336 3075 cum
3380 3020 3490 3089 spi-

1901 3119 2012 3173 ritu
2049 3125 2142 3172 tuo
2189 3132 2209 3172 :
2257 3124 2314 3174 et
2360 3115 2626 3172 concedat
2678 3123 2740 3171 ut
2781 3115 2962 3186 gratia
2994 3113 3068 3170 sit
3107 3111 3398 3174 nobiscum,
3433 3109 3486 3166 id

1902 3217 1990 3265 est
2037 3208 2259 3265 dilectio
2345 3207 2488 3264 inter
2536 3220 2625 3263 me
2699 3214 2756 3266 et
2828 3213 2882 3262 te
2925 3211 3103 3274 empta
3159 3207 3494 3272 perseveret.

207 3293 318 3347 alia
345 3295 520 3349 vestis
535 3275 697 3351 erat}
721 3312 888 3366 quam
913 3275 1104 3353 contra
1142 3294 1320 3369 frigus
1359 3297 1542 3354 aﬁ‘erri
1567 3275 1674 3355 sibi
1699 3314 1801 3371 po-
1827 3275 1873 3335 θ
1907 3301 2095 3358 Amen.

207 3385 475 3452 stulabat,
511 3396 756 3445 acturus.
776 3388 1013 3444 hiemem
1069 3388 1127 3443 in
1172 3403 1411 3445 carcere.
1437 3388 1580 3445 Dum
1618 3399 1804 3446 autem

221 3496 3478 3536 Μ

1128 3599 1618 3656 ARGUMENTUM
1661 3599 1731 3656 IN
1765 3601 2158 3658 EPISTOLAM
2196 3605 2290 3659 AD
2328 3603 2566 3660 TITUM.

246 3685 470 3778 ,Ατξῑιδξιξι
505 3690 997 3778 ορεῃιξιᾳιξςςαρῑςιθε
1023 3692 1338 3778 instruitde
1361 3693 1758 3778 constitutione.
1775 3695 2137 3778 presbyterii:
2166 3707 2221 3752 et
2248 3698 2315 3778 de
2340 3697 2609 3768 spiritualt
2637 3703 3074 3761 conversatione,
3113 3703 3169 3748 et
3193 3691 3493 3751 haereticis.

206 3759 454 3814 vitandis
482 3777 496 3813 :
524 3761 619 3830 qui
647 3761 1031 3820 traditionibus
1056 3761 1302 3819 Judaicis
1337 3765 1598 3832 credunt;
1635 3759 1886 3821 scribens
1909 3759 1960 3821 ei
1986 3783 2018 3822 a
2047 3765 2312 3839 Nicopoli.
2370 3759 2387 3768 ’
3062 3759 3068 3761 θ
3187 3782 3191 3787 ’

246 3875 3484 3905 mw

1097 3969 1520 4033 PROLOGUS
1559 3969 1627 4030 B.
1666 3968 2064 4055 BRUNONIS
2097 3967 2181 4029 IN
2222 3968 2588 4030 EAMDEM.

281 4092 512 4162 Paulus,
538 4094 820 4151 conversis
843 4091 1217 4162 Cretensibus,
1241 4091 1580 4148 consecravit
1610 4089 1683 4144 ibi
1710 4085 1802 4144 Ti—
1829 4092 1880 4153 D
1906 4099 1966 4146 ut
1993 4090 2231 4146 instruat
2255 4105 2383 4145 eum
2425 4088 2616 4160 quales
2660 4097 2984 4144 consecrare
3035 4081 3229 4137 debeat
3266 4079 3450 4151 cpisco
3468 4112 3488 4126 ς

207 4195 328 4243 tum
358 4171 856 4258 archiepiscopum,
884 4187 980 4258 qui
1027 4201 1124 4242 eos
1146 4185 1438 4240 instrueret
1465 4181 1534 4238 de
1573 4181 1804 4252 quibus-

209 4295 434 4351 cunque
465 4290 832 4351 opportunum
859 4279 1088 4335 videret.
1131 4276 1269 4332 Cum
1292 4285 1475 4331 autem
1494 4273 1698 4330 Paulus
1723 4271 1802 4330 is-

209 4381 294 4440 set
314 4369 622 4440 Nicopolim
655 4369 824 4442 (quod
846 4368 962 4424 haec
982 4367 1223 4439 Epistola
1252 4367 1466 4422 videtur
1491 4365 1719 4421 inuuere
1745 4363 1822 4430 inf

209 4461 616 4532 sequentibus),
640 4459 860 4532 scripsit
888 4458 1343 4530 hancEpistolam
1373 4458 1440 4513 ad
1462 4455 1666 4512 Titum.
1689 4447 1805 4510 Au-

209 4551 391 4606 dierat
411 4550 559 4605 enim
583 4552 648 4606 de
669 4567 755 4617 eo,
785 4551 932 4622 quod
962 4550 1126 4606 nimis
1149 4549 1466 4621 simpliciter
1495 4545 1804 4618 episcopale

207 4652 495 4697 exerceret
539 4642 817 4698 oﬁicium:
855 4642 984 4713 quia
1035 4641 1342 4708 haereticos,
1375 4655 1472 4694 seu
1531 4638 1805 4710 quoslibet

207 4749 522 4805 perversos,
548 4750 657 4790 non
680 4735 982 4806 expellebat
1001 4735 1070 4790 ab
1099 4733 1342 4790 Ecclesia
1369 4733 1666 4804 pontificali
1695 4719 1801 4787 ini-

207 4828 388 4898 perio,
413 4827 558 4882 sicut
581 4829 817 4883 deceret.
855 4826 1223 4883 Denuntiabat
1249 4825 1472 4896 quidem
1513 4824 1596 4880 eis
1656 4823 1803 4894 quod

208 4920 358 4990 male
385 4928 632 4990 agerent,
655 4927 713 4978 et
762 4919 1029 4976 desistere
1051 4917 1313 4990 deberent
1348 4934 1362 4971 :
1387 4915 1484 4972 sed
1511 4915 1592 4972 eis
1621 4915 1689 4970 ab
1712 4915 1800 4968 in-

207 5021 393 5084 cepto
405 5012 551 5068 malo
567 5027 676 5067 non
688 5011 1032 5068 cessantibus
1046 5007 1214 5081 (quod
1226 5004 1556 5080 pontiﬁcalis
1565 5004 1803 5077 dignitas

207 5103 502 5176 exigeret),
533 5120 643 5159 non
667 5103 955 5166 coercebat
980 5117 1097 5170 eos,
1121 5101 1216 5158 sed
1259 5099 1540 5156 humiliter
1557 5091 1821 5171 patieba-'

205 5204 318 5249 tur.
363 5194 530 5267 346
554 5194 736 5262 Quare
765 5193 972 5252 Paulus
999 5194 1144 5249 hanc
1167 5190 1467 5264 Epistolam
1515 5188 1708 5247 scribit
1735 5186 1804 5242 ad

187 5278 394 5341 ‘Titum
427 5304 440 5341 :
470 5303 638 5358 agens
663 5287 716 5341 in
744 5303 810 5343 ea
859 5287 928 5344 de
971 5285 1266 5357 pontiﬁcali
1305 5283 1484 5340 olIicio
1511 5301 1523 5338 :
1548 5296 1616 5338 eo
1641 5279 1804 5336 modo

1906 4199 2009 4256 pos
2060 4200 2158 4255 per
2203 4183 2450 4240 civitates
2499 4181 2586 4237 sui
2637 4175 3142 4249 archiepiscopatus
3189 4192 3202 4229 :
3255 4173 3490 4229 maxime

1907 4273 2054 4331 circa
2075 4274 2220 4330 hanc
2249 4271 2666 4329 instructionem
2711 4268 3036 4332 immorans,
3067 4272 3130 4318 ut
3148 4271 3412 4334 potestate
3436 4273 3490 4322 et

1879 4355 1882 4360 ’
1909 4365 2139 4438 imperio
2163 4363 2465 4439 pontiﬁcali
2483 4371 2674 4419 utatur
2698 4380 2712 4416 :
2735 4359 2863 4430 quia
2887 4359 3014 4414 licet
3035 4355 3335 4428 simplicem
3369 4370 3493 4410 esse

1879 4451 1884 4454 ’
1909 4454 2116 4510 bonum
2146 4455 2234 4522 sit,
2261 4464 2445 4510 tamen
2490 4451 2660 4508 nimia
2690 4449 2976 4505 humilitas
3007 4445 3248 4518 episcOpi
3277 4445 3489 4499 incom-

1903 4547 2126 4603 modum
2149 4546 2280 4603 facit
2306 4543 2560 4618 regimini
2591 4542 2849 4598 Ecclesia:
2880 4559 2892 4596 :
2935 4548 2992 4596 et
3015 4539 3138 4594 ideo
3170 4545 3356 4592 monct
3399 4534 3501 4590 Ti-.

1902 4647 2040 4705 tum,
2078 4647 2139 4694 ut
2161 4653 2286 4694 cum
2323 4636 2552 4708 imperio
2581 4633 2876 4705 episcopali
2902 4633 3116 4698 doceat,
3143 4629 3497 4695 exbortetur,

1903 4740 1958 4786 et
1980 4738 2174 4801 arguat
2198 4748 2210 4782 :
2230 4734 2298 4784 'et
2332 4730 2379 4783 si
2403 4728 2496 4798 qui
2528 4725 2769 4781 hzeretici
2813 4723 3012 4795 corrigi
3053 4721 3266 4784 nolunt,
3294 4719 3362 4772 ab
3388 4717 3503 4772 Ec—-

1903 4823 2071 4879 clesia
2116 4822 2364 4892 depellat.
2405 4819 2471 4875 Et
2528 4819 2606 4875 sic
2653 4819 2720 4874 de
2773 4815 3064 4888 episcopali
3098 4811 3274 4869 ollicio
3301 4827 3502 4883 agens,_

1904 4913 2138 4971 intendit
2187 4913 2367 4980 Titum
2401 4910 2703 4982 perfectum
2764 4909 2992 4964 reddere
3043 4905 3381 4976 episcopum.
3419 4900 3491 4958 Ut

1876 5002 2003 5080 'per
2027 5006 2335 5078 exemplum
2359 5003 2540 5070 istius,
2575 5014 2938 5072 quoscunque
2986 4996 3274 5068 episcopos
3326 4993 3501 5055 nimis,

1886 5083 2183 5170 simplices
2233 5096 2506 5154 animatos
2550 5092 2822 5161 redderet,
2847 5099 2902 5147 et
2917 5086 3212 5163 episcopali
3261 5085 3498 5157 imperio.

1908 5196 2142 5246 utentes.

214 5377 3476 5430 W

1176 5531 1765 5629 EPISTOLA
1847 5529 2001 5621 AD
2071 5523 2500 5619 TITUM.

711 5683 942 5742 CAPUT
988 5684 1284 5742 PRIMUM.

285 5797 306 5833 s
349 5777 554 5834 Paulus
583 5792 776 5833 servus
798 5774 916 5844 Dei,
944 5775 1225 5847 apostolus
1267 5783 1451 5832 autem
1473 5771 1604 5831 Iesu
1639 5771 1798 5829 Chri-

217 5889 238 5921 s
282 5871 350 5926 sti
391 5868 694 5926 secundum
727 5867 886 5924 ﬁdem
931 5868 1226 5922 electorum
1266 5865 1357 5924 Dei
1393 5875 1448 5922 et
1465 5863 1795 5935 agnitionem

1911 5695 1932 5731 ς
1975 5673 2244 5742 veritatis,
2272 5687 2395 5744 qua:
2417 5669 2720 5728 secundum
2744 5664 3000 5737 pietatem
3033 5667 3116 5714 est
3152 5656 3206 5712 in
3223 5671 3390 5742 spem
3417 5654 3489 5710 via

1911 5788 1930 5822 l
1977 5776 2481 5837 iteaternnzquam
2503 5757 2775 5833 promisit,
2803 5754 2895 5825 qui
2914 5769 3022 5808 non
3043 5747 3326 5816 mentitur,
3341 5745 3487 5802 Deus
3585 5758 3589 5762 ί

1912 5881 1931 5916 ι
1973 5872 2098 5920 ante
2128 5871 2372 5929 tempora
2412 5851 2696 5910 saecularia
2725 5867 2736 5904 ε
2763 5843 3491 5931 manilestavitautetntcm-
