3988 6392
547 389 657 450 4τό

1087 393 1145 450 S.
1181 393 1542 452 'BBUNONIS
1573 390 2220 452 CABTHUSIANORUH
2261 389 2760 451 lNSTlTUTOBlS
2795 391 2950 456 θΡΡ.
2989 395 3174 455 PARS
3211 395 3276 454 ll.

3707 397 3810 454 ‘16

539 525 602 559 τι
619 505 846 577 poribus
879 505 998 563 suis
1039 508 1266 564 verbum
1324 525 1485 578 suum
1511 508 1566 564 in
1587 509 1992 580 praedicatione,
2013 525 2136 582 quae
2162 510 2212 567 Α
2235 523 2295 563 re
2329 507 2458 564 licet
2486 527 2500 564 :
2531 512 2778 579 promisit
2801 511 2950 567 enim
2981 512 3126 569 hanc
3159 511 3250 568 ille
3287 509 3378 584 qui
3431 525 3538 564 non
3575 511 3828 566 mentitur

555 617 576 668 ς
621 601 826 658 credita
845 611 928 658 est
956 603 1092 658 mihi
1141 603 1440 660 secundum
1476 611 1804 673 praeceptum
1833 599 2132 659 Salvatoris

537 711 578 760 ,ς
619 693 794 752 nostri
819 692 936 749 Dei.
982 693 1106 750 Tito
1139 693 1348 760 dilecto
1375 692 1486 748 ﬁlio
1533 693 1834 748 secundum
1880 708 2132 748 commuw

459 835 462 838 .
555 802 576 834 ι
622 800 746 838 nem
777 783 938 840 ﬁdem
959 785 1130 855 gratia
1151 793 1208 840 et
1227 799 1334 854 pax
1391 800 1422 839 a
1461 783 1580 840 Deo
1607 783 1768 840 Patre
1803 793 1860 840 et
1905 784 2128 842 Christo

557 891 577 926 ‹
622 871 754 930 Iesu
785 872 1068 930 Salvatore
1095 883 1304 929 nostro.
1331 871 1508 945 Hujus
1549 874 1629 930 rei
1657 875 1832 947 gratia
1862 874 2058 946 reliqui
2079 885 2134 932 te

553 984 576 1016 ι
620 964 814 1033 Cretae,
847 975 909 1022 ut
933 981 999 1021 ea
1048 980 1171 1037 quas
1202 966 1404 1022 desunt
1430 965 1696 1039 corrigas,
1741 975 1798 1023 et
1831 967 2133 1025 constituas

535 1077 574 1110 -ι
619 1073 714 1128 per
739 1058 988 1114 civitates
1015 1057 1366 1129 presbyteros
1403 1057 1547 1114 sicut
1595 1067 1652 1114 et
1667 1073 1767 1131 ego
1791 1059 2038 1130 disposui
2063 1061 2133 1116 ti-

539 1168 573 1200 vl
617 1149 672 1206 bi
709 1168 722 1206 :
755 1149 802 1204 si
823 1149 948 1219 quis
965 1150 1084 1204 sine
1115 1150 1360 1206 crimine
1381 1159 1490 1219 est,
1520 1151 1686 1206 unius
1719 1152 1914 1207 uxoris
1931 1153 2036 1220 vir,
2069 1153 2133 1208 ﬁ-

533 1259 572 1291 οι
617 1239 718 1295 lios
740 1240 950 1294 habens
997 1239 1206 1308 ﬁdeles,
1257 1256 1370 1296 non
1417 1241 1472 1296 in
1503 1243 1854 1299 accusatione
1899 1243 2131 1301 luxuriae

547 1351 572 1382 ‹
611 1340 706 1386 aut
729 1347 840 1387 non
879 1332 1152 1390 subditos.
1183 1334 1410 1405 Oportet
1445 1335 1593 1392 enim
1643 1337 1964 1409 episcopum
2012 1333 2131 1397 sine

526 1441 568 1474 -‹
613 1421 841 1479 crimine
857 1439 1014 1492 esse,
1071 1425 1216 1481 sicut
1239 1425 1332 1482 Dei
1378 1428 1812 1499 dispensatorem
1859 1447 2006 1488 :non
2031 1449 2128 1489 su—

547 1531 567 1567 c
609 1513 859 1584 perbum,
913 1531 1027 1571 non
1061 1517 1407 1587 iracundum,
1441 1536 1554 1577 non
1607 1523 1968 1591 vinolentum,
2015 1527 2126 1580 nan

525 1625 568 1655 ι(
609 1619 1012 1684 percussorem,
1054 1625 1162 1665 non
1197 1611 1370 1680 turpis
1393 1612 1532 1668 lucri
1561 1613 1822 1684 cupidum
1857 1633 1870 1669 :
1905 1616 1996 1672 sed
2029 1617 2129 1671 lio-

527 1714 568 1748 ίι
613 1696 886 1766 spitalem,
945 1699 1264 1772 benignum,
1327 1705 1670 1773 prudentem,
1720 1707 1988 1776 sobrium,
2037 1708 2128 1779 ju-

525 1807 568 1838 -¢
614 1797 782 1856 stum,
816 1800 1089 1860 sanctum,
1116 1794 1506 1865 continentem,
1539 1799 1956 1869 amplectentem
1999 1817 2126 1856 eum

2217 607 2290 656 iet
2309 601 2538 656 menti-ri
2555 616 2666 656 non
2695 611 2878 673 potest
2910 622 2922 658 :
2957 604 3086 675 quia
3115 603 3257 658 Deus
3302 611 3410 658 est.
3439 600 3552 658 Nec
3581 602 3636 658 in
3675 613 3812 660 tem-

2233 706 2366 762 pore
2414 693 2664 763 promisit
2706 696 2840 750 :sed
2881 705 2944 750 ut
2994 695 3277 768 diligentia
3319 695 3606 766 promissas
3641 696 3720 750 rei
3761 697 3812 752 in

2233 783 2346 840 Deo
2365 786 2767 854 consideretur,
2795 787 3054 857 promisit
3075 789 3191 844 haec
3227 797 3349 842 ante
3387 796 3624 856 tempore
3649 804 3812 842 “Etl-

2217 875 2400 944 ‘laria,
2427 877 2480 933 id
2507 886 2595 934 est
2623 879 2693 934 ab
2721 889 2927 936 aeterno
2957 880 3040 936 sic
3075 880 3468 951 praeordinavit
3507 889 3636 935 ante
3679 889 3812 936 tem-

2215 981 2386 1038 .pora,
2409 983 2534 1039 qua:
2551 969 2847 1026 volvuntur
2867 985 2968 1041 per
2987 971 3208 1026 saecula.
3231 969 3518 1038 Promisit,
3547 970 3768 1041 inquam
3797 990 3812 1028 :

2233 1057 2595 1128 manifestavit
2623 1068 2822 1128 autem,
2861 1059 2917 1116 id
2945 1069 3032 1116 est
3052 1060 3348 1131 complevit
3379 1059 3530 1132 quod
3559 1059 3816 1130 promise-

2232 1157 2318 1203 rat
2340 1150 2472 1215 suis,
2503 1150 2554 1206 id
2575 1159 2659 1206 est
2697 1151 2753 1205 in
2799 1151 3059 1224 congruis
3091 1151 3428 1223 temporibus
3469 1151 3816 1208 vitamateter-

2231 1255 2360 1294 nam
2393 1258 2407 1296 :
2441 1241 2570 1312 quia
2613 1241 2750 1298 Abel
2779 1242 2918 1298 vidit
2959 1243 3086 1300 inde
3122 1243 3354 1314 aliquid,
3393 1242 3694 1314 perfectius
3721 1258 3814 1298 au-

2232 1336 2340 1386 tem
2352 1331 2630 1386 Abraham
2657 1351 2670 1386 :
2691 1340 2746 1388 et
2767 1333 2843 1388 ita
2857 1333 3124 1403 paulatim
3148 1333 3452 1404 prophetae,
3473 1343 3688 1404 quanto
3709 1350 3814 1392 am-

2231 1421 2378 1492 plius
2419 1423 2824 1494 propinquabat
2864 1425 3186 1496 redemptio,
3241 1433 3396 1480 tanto
3435 1425 3616 1498 magis
3659 1426 3726 1480 de
3757 1441 3816 1482 ea

2230 1521 2608 1582 cognoverunt
2639 1531 2654 1570 :
2681 1522 2736 1569 et
2755 1513 2998 1571 Joannes
3026 1515 3206 1586 magis
3231 1514 3514 1582 omnibus,
3535 1514 3634 1584 qui
3659 1516 3816 1586 digito

2229 1603 2626 1660 demonstravit
2653 1605 2824 1661 vitam
2858 1613 3144 1674 aeternam,
3171 1606 3224 1662 id
3253 1615 3341 1662 est
3365 1606 3654 1680 Christum
3689 1627 3702 1662 :
3731 1604 3816 1664 sui

2207 1691 2472 1750 -maxime
2499 1695 2554 1750 in
2584 1703 2831 1765 tempore
2856 1695 3044 1767 gratiae
3065 1696 3424 1761 manifestavit
3465 1695 3614 1752 Deus
3643 1698 3808 1753 vita

2229 1793 2514 1854 aeternam,
2537 1786 2747 1844 scilicet
2781 1786 3008 1842 Verbum
3033 1804 3210 1855 suum,
3233 1787 3288 1844 id
3309 1796 3394 1844 est
3425 1788 3628 1844 Filium
3647 1805 3816 1846 Incal-

545 1896 568 1932 ι
611 1880 706 1950 qui
731 1881 1034 1939 secundum
1075 1885 1378 1943 doctrinam
1423 1889 1754 1954 εειῆιίάειθω
1795 1907 2125 1962 sermonem,
2164 1870 2208 1930 Β
2237 1887 2447 1945 natum,
2473 1887 2774 1949 natumque
2791 1887 2848 1934 et
2876 1879 3002 1935 aliis
3026 1879 3226 1936 modis.
3261 1877 3638 1936 Manifestavit
3661 1881 3814 1936 etiam

545 1988 568 2024 ι
613 1980 674 2028 ut
705 1983 900 2045 potens
931 1975 1006 2031 sit
1053 1977 1334 2034 exhortari
1375 1979 1432 2035 in
1459 1980 1707 2038 doctrina
1753 1999 1908 2049 sana,
1939 1994 1994 2040 et
2033 2002 2128 2042 eos

519 2081 568 2120 ⁴‹
608 2066 703 2134 qui
723 2070 1106 2126 contradicunt
1131 2069 1381 2142 arguere.
1417 2071 1558 2128 Sunt
1577 2075 1722 2130 enim
1753 2075 1917 2131 multi
1961 2078 2126 2133 etiam

545 2175 566 2207 ι
609 2157 1004 2230 inobedientes,
1055 2163 1338 2234 vaniloqui
1378 2173 1433 2220 et
1479 2166 1841 2224 seductores:
1889 2170 2128 2226 maxime

517 2269 568 2302 -¢
611 2259 794 2308 autem
817 2255 914 2324 qui
961 2255 1028 2310 dc
1057 2256 1480 2314 circumcisione
1523 2267 1672 2326 sunt,
1729 2275 1872 2330 quos
1916 2271 2128 2332 oportet

545 2361 568 2395 ε
612 2341 911 2416 redargui:
945 2348 1041 2417 qui
1069 2347 1356 2404 universas
1383 2349 1600 2423 domos
1652 2349 1998 2421 subvertant,
2027 2355 2128 2410 do-
2205 2397 2212 2408 .

2201 2427 2468 2498 .quodam
2497 2428 2722 2499 speciali
2743 2427 2931 2486 modo.

513 2542 569 2606 ,⁸
611 2521 836 2595 quidam
873 2543 938 2584 ex
965 2529 1103 2596 illis,
1133 2532 1395 2602 proprius
1417 2532 1635 2588 illorum
1659 2535 1924 2606 pr0pheta
1953 2555 1964 2590 :
1991 2537 2125 2594 Cre-
2203 2550 2216 2582 '.

545 2449 570 2486 α
613 2443 800 2490 centes
823 2451 948 2506 quae
978 2452 1087 2492 non
1115 2447 1359 2509 oportet,
1385 2439 1562 2511 turpis
1591 2437 1732 2498 lucri
1757 2445 1952 2514 gratia.
1981 2443 2129 2502 Dixit

518 2634 568 2668 ιι
611 2625 790 2674 tenses
837 2635 1054 2692 semper
1093 2624 1406 2692 mendaces,
1461 2625 1620 2682 malua
1654 2626 1872 2696 bestiae,
1907 2637 2126 2688 ventres

515 2725 566 2760 ἀ
611 2707 774 2779 pigri.
799 2707 1196 2770 Testimonium
1228 2715 1334 2771 hoc
1349 2731 1540 2772 verum
1563 2725 1667 2773 est.
1706 2715 1882 2784 Quam
1911 2719 1983 2774 ob
2003 2736 2127 2776 cau-

509 2863 512 2866 λ
543 2817 566 2850 c
613 2811 730 2855 sam
755 2801 976 2886 increpa
999 2802 1124 2862 illos
1152 2807 1310 2876 dure,
1350 2817 1411 2864 ut
1455 2811 1574 2866 sani
1611 2812 1724 2867 sint
1759 2809 1816 2864 in
1839 2809 1944 2866 ﬁde
1975 2830 1988 2867 :
2015 2829 2124 2870 non

541 2909 564 2942 σ
605 2891 948 2951 intendentes
974 2893 1218 2956 Judaicis
1244 2899 1462 2969 fabulis,
1478 2911 1532 2958 et
1551 2906 1824 2968 mandatis
1838 2899 2123 2970 hominum

541 3001 562 3034 ι
605 2986 979 3042 aversantium
1051 2990 1174 3062 [al.,
1210 2996 1596 3071 avertentium]
1659 3017 1717 3057 se
1772 3019 1804 3058 a
1869 3005 2119 3063 veritate.

539 3093 562 3126 ι
605 3072 800 3130 Omnia
827 3080 1032 3136 munda
1055 3084 1276 3141 mundis
1302 3103 1316 3140 :
1345 3088 1715 3160 coinquinatis
1739 3103 1924 3152 autem
1967 3107 2020 3152 et
2041 3097 2124 3153 in-

2233 1969 2340 2026 lioc
2365 1969 2606 2026 Verbum
2635 1971 2692 2024 in
2719 1970 3120 2041 prazdicatione,
3149 1987 3268 2041 qua:
3301 1972 3506 2026 credita
3529 1981 3633 2038 est,
3663 1972 3716 2026 id
3743 1981 3816 2028 est

2229 2075 2327 2131 per
2351 2061 2796 2131 praedicationem
2832 2076 2956 2131 qua:
2979 2061 3282 2118 commissa
3309 2070 3396 2118 est
3427 2063 3578 2116 mihi.
3605 2061 3816 2118 Credita

2229 2153 2420 2222 utique
2459 2153 2596 2208 mihi
2639 2162 2725 2209 est
2774 2153 3063 2208 secundum
3103 2163 3426 2225 praeceptum
3471 2153 3596 2220 Dei,
3655 2155 3712 2210 id
3743 2163 3817 2212 est

2228 2244 2358 2314 quia
2387 2243 2534 2300 Deus
2559 2244 2634 2298 ita
2665 2245 2939 2324 praecepit.
2983 2243 3079 2300 Dei
3113 2245 3237 2302 dico
3283 2247 3454 2300 nostri
3495 2245 3812 2302 Saluatoris.

2227 2333 2452 2404 Paulus,
2477 2383 2480 2398 2
2503 2336 2750 2406 inquam,
2783 2336 2910 2392 talis
2943 2344 3001 2393 et
3031 2336 3158 2394 talis
3198 2337 3416 2406 scribit,
3465 2336 3588 2392 Tito
3631 2338 3816 2394 dilecto

2303 2560 2421 2616 Tito
2447 2561 2571 2618 dico
2601 2562 2715 2633 ﬁlio
2745 2562 3035 2618 secundum
3065 2578 3415 2632 communem,
3434 2564 3488 2620 id
3504 2573 3590 2621 est
3625 2565 3808 2621 catho-

2172 2693 2174 2695 ›
2227 2651 2410 2721 licam,
2447 2635 2626 2724 ﬁdem,
2651 2653 2705 2706 in
2736 2669 2844 2723 qua
2875 2669 3003 2728 cum
3035 2651 3221 2724 genui,
3269 2662 3326 2708 ct
3365 2669 3478 2708 non
3516 2654 3818 2710 secundum

2227 2757 2469 2798 carnem.
2503 2741 2828 2798 Catholicon
2878 2742 3027 2798 enim
3072 2758 3347 2797 commune
3392 2743 3480 2798 vel
3527 2743 3814 2800 universale

2227 2833 2450 2890 dicitur.
2475 2832 2574 2889 Vel
2602 2833 2726 2889 Tito
2737 2834 2851 2904 ﬁlio
2877 2843 3028 2905 optat
3051 2849 3244 2905 sapere
3266 2836 3555 2889 secundum
3578 2851 3812 2890 cornutu-

2225 2941 2366 2994 nem,
2389 2925 2445 2981 id
2473 2934 2558 2982 est
2588 2926 2866 2997 vulgarem
2884 2967 2899 2993 ,
2928 2925 3088 2995 ﬁdem
3115 2941 3133 2979 :
3161 2935 3350 2982 etnon
3377 2927 3688 2982 secundum
3711 2925 3814 2996 pri-

2225 3027 2382 3074 vatas
2404 3017 2682 3074 doctrinas
2709 3015 3126 3092 haereticorum.
3149 3013 3232 3072 Sit
3253 3017 3376 3084 tibi,
3411 3016 3552 3084 Tite,
3587 3019 3768 3088 gratia
3791 3033 3808 3068 :

2200 3117 2279 3167 ‘et
2301 3111 2604 3168 secundum
2629 3109 3013 3166 remissionem
3036 3117 3408 3180 peccatorum,
3437 3117 3493 3164 et
3513 3109 3806 3164 secundum

518 3183 562 3216 ·⁴
607 3166 867 3276 “deum?
896 3170 1034 3228 nihil
1063 3177 1474 3276 θέε-ωηηςιιωῖν
1527 3183 1648 3276 8ςά-
1671 3185 2120 3256 inquinatas:th
2147 3166 2534 3276 c'episcopale
2556 3199 2816 3257 oﬁicium.
2849 3197 2932 3254 su
2955 3166 3244 3255 etiamtibi
3277 3166 3408 3269 ραωξ
3443 3197 3497 3254 id
3541 3207 3630 3254 est
3667 3207 3806 3253 tran-

539 3277 561 3311 α
605 3275 795 3333 eorum
819 3274 874 3321 et
891 3281 1048 3321 mens
1077 3274 1132 3321 et
1153 3269 1508 3328 conscientia.
1549 3272 1892 3334 Conﬁtentur
1909 3295 1971 3337 se
1990 3296 2122 3340 nos-

539 3367 564 3403 c
603 3367 665 3408 se
689 3352 881 3422 Deum,
915 3355 1074 3414 lactis
1103 3368 1287 3416 autem
1312 3373 1551 3434 negant:
1605 3383 1730 3423 cum
1757 3370 1868 3426 sint
1902 3372 2118 3431 abomi-

537 3455 564 3492 ε
607 3441 722 3495 nati
787 3442 910 3514 [al.,
955 3447 1373 3525 abominabiles]
1427 3463 1484 3509 et
1525 3455 1892 3532 incredibiles,
1950 3473 2005 3520 et
2050 3466 2120 3522 ad

501 3605 506 3610 _
545 3548 570 3584 ι
613 3546 778 3589 omne
807 3549 946 3606 opus
972 3537 1178 3594 bonum
1200 3543 1436 3611 reprobi.
1485 3564 1506 3598 ι

1171 3646 1472 3692 EXPOSITIO.

605 3714 836 3785 Paulus,
893 3715 1029 3778 etc.‘
1060 3721 1216 3780 Sicut
1285 3741 1408 3782 mos
1468 3727 1590 3799 ejus
1655 3739 1774 3801 est,
1828 3735 2120 3795 salutatio-

529 3811 972 3879 nem'prtemittit
1019 3813 1210 3872 dicens
1253 3833 1268 3872 :
1313 3817 1525 3875 Paulus
1555 3838 1734 3878 servus
1770 3823 1892 3893 Dei,
1933 3826 1988 3882 id
2035 3837 2120 3886 est

530 3899 765 3970 simplex
791 3910 845 3958 et
871 3904 1097 3962 humilis
1126 3907 1195 3962 ad
1226 3910 1452 3986 modum
1469 3913 1634 3970 servi.
1678 3914 1780 3976 Hic
1805 3916 1986 3975 innuit
2013 3921 2117 3977 bo-

479 4009 487 4076 ς
508 4005 659 4074 nam
688 3993 907 4063 quidem
935 4012 1058 4053 esse
1093 3997 1519 4069 simplicitatem.
1541 4005 1751 4078 Servus
1779 4011 1968 4081 utique
1995 4011 2116 4081 Dei,

467 4081 622 4176 sed
661 4091 842 4140 tamen
888 4089 1156 4157 apostolus
1187 4091 1318 4147 Jesu
1364 4093 1592 4166 Christi,
1647 4100 1700 4156 id
1733 4112 1818 4158 est
1857 4120 2026 4176 agens
2065 4116 2121 4163 et

532 4188 794 4230 coercens
826 4177 1072 4250 singulos
1097 4183 1377 4253 quomodo
1408 4191 1721 4258 apostolicae
1763 4195 2117 4256 sublimitatis

532 4262 824 4334 imperium
855 4270 1040 4340 exigit.
1091 4271 1174 4327 Tu
1214 4273 1398 4346 itaque
1425 4281 1674 4351 exemplo
1711 4298 1836 4340 meo
1883 4286 1966 4343 sic
1999 4269 2118 4346 esto

457 4375 460 4378 ’
530 4354 800 4449 simplex,
825 4367 885 4413 ut
925 4363 1234 4432 pontiﬁcale
1271 4367 1559 4438 imperium
1600 4389 1712 4430 non
1755 4375 2015 4449 impediat
2031 4381 2120 4436 ni-

529 4447 988 4543 mia‘humilitas.
1015 4453 1134 4511 Non
1159 4457 1280 4514 ideo
1303 4460 1440 4517 dixit
1483 4481 1661 4521 servus
1685 4465 1784 4523 Dei
1827 4447 1881 4526 et
1901 4482 2116 4543 aposto-
2152 4513 2156 4516 -
2191 4455 2198 4460 ’

2221 3293 2467 3365 quillitas
2490 3293 2682 3361 animi,
2705 3299 2910 3363 quanta
2937 3292 3028 3348 hic
3043 3290 3230 3347 haberi
3255 3299 3457 3362 potest.
3473 3289 3600 3346 Haec
3629 3292 3808 3361 utique

2201 3387 2319 3442 ’tibi
2345 3387 2455 3443 sint
2477 3403 2510 3440 a
2536 3385 2646 3440 Deo
2685 3385 2850 3440 Patre
2877 3384 2972 3456 qui
3001 3392 3203 3456 potest,
3236 3391 3292 3440 et
3335 3383 3433 3454 qui
3465 3384 3800 3440 voluntatem

2220 3475 2402 3533 habet.
2451 3475 2523 3531 Et
2574 3493 2607 3531 a
2657 3475 2788 3530 Iesu
2823 3474 3058 3542 Christo,
3088 3475 3184 3546 qui
3225 3474 3480 3530 similiter
3525 3483 3578 3529 et
3613 3483 3808 3544 potest,

2221 3567 2500 3624 Saluatore
2517 3573 2718 3634 nostra,
2737 3573 2793 3622 et
2813 3565 3153 3621 voluntatem
3181 3563 3364 3619 habet.
3394 3563 3580 3618 Finita
3605 3565 3803 3620 saluta-

2220 3661 2392 3729 tione,
2423 3660 2506 3718 sic
2547 3658 2849 3730 alloquitur
2878 3657 3104 3713 Titum:
3141 3655 3188 3713 0
3232 3655 3372 3724 Tite,
3397 3671 3502 3728 ego
3549 3657 3742 3728 reliqui
3759 3665 3804 3710 te

2219 3758 2606 3808 consecratum
2668 3748 3147 3820 archiepiscopum
3216 3745 3390 3802 Cretae
3434 3747 3614 3818 gratia
3658 3746 3802 3816 hujus

2218 3843 2317 3910 rei,
2347 3841 2404 3897 id
2423 3848 2508 3897 est
2525 3856 2628 3911 pro
2659 3839 2766 3895 hac
2791 3853 2873 3906 re,
2896 3853 3042 3910 quae,
3081 3838 3131 3894 si
3177 3836 3292 3904 ﬁat,
3325 3845 3482 3909 grata
3513 3837 3620 3892 erit
3655 3835 3801 3891 mihi.

2219 3929 2330 3988 Res
2365 3938 2550 3987 autem
2569 3930 2670 3986 illa
2693 3930 2810 3986 haec
2843 3939 2928 3986 est
2975 3947 2987 3985 :
3031 3937 3090 3982 ut
3129 3935 3188 3983 tu
3220 3929 3481 3999 corrigas,
3525 3928 3583 3983 id
3623 3937 3713 3984 est
3748 3935 3804 3982 ut

2193 4021 2549 4094 corrigendo
2597 4035 2721 4092 quae
2765 4019 3089 4092 corrigenda
3131 4027 3262 4076 sunt
3307 4018 3566 4090 perﬁcias
3597 4037 3662 4074 ea
3695 4035 3802 4090 qua

2219 4111 2431 4170 desunt.
2469 4111 2586 4169 Hoc
2613 4120 2798 4168 autem
2829 4109 3040 4166 dictum
3071 4117 3156 4164 est
3181 4109 3248 4165 de
3281 4109 3550 4165 moribus.
3586 4108 3660 4162 Et
3683 4125 3799 4165 cor-

2195 4201 2446 4276 .rigendo
2495 4217 2682 4259 mores
2725 4203 3022 4256 constituas
3063 4200 3228 4256 etiam
3261 4199 3614 4270 presbyteros,
3641 4201 3696 4255 id
3727 4207 3804 4254 est

2219 4295 2506 4365 episcopos
2525 4311 2618 4365 per
2646 4293 2892 4365 singulas
2917 4293 3161 4347 civitates
3190 4291 3468 4363 subjectas
3498 4299 3598 4346 tuo
3625 4291 3800 4348 archi-

2219 4386 2580 4460 episcopatui.
2625 4385 2964 4450 Constituas,
3007 4384 3254 4454 inquam,
3279 4398 3347 4438 eo
3375 4382 3540 4438 modo
3589 4385 3726 4438 sicut
3756 4389 3802 4437 et

2217 4497 2311 4550 ego
2343 4479 2440 4534 tibi
2479 4478 2738 4549 disposui.
2773 4475 2877 4532 Ubi
2922 4477 2998 4532 ait
3032 4495 3044 4530 :
3075 4473 3228 4530 Sicut
3280 4493 3374 4561 ego
3415 4475 3512 4534 tibi
3548 4475 3798 4546 disposui,

527 4534 615 4640 lus
639 4538 868 4640 Christi,
905 4545 1038 4616 quin
1071 4557 1134 4640 et
1159 4551 1440 4620 apostolus
1463 4554 1534 4611 sit
1557 4555 1654 4612 Dei
1667 4556 1733 4628 {et
1759 4534 2120 4624 servusChri-
2148 4569 2196 4625 D
2219 4534 2376 4625 notat
2395 4569 2541 4640 quod
2565 4534 2694 4624 cum
2718 4567 2861 4638 apud
2883 4582 3011 4622 eum
3040 4574 3204 4634 esset,
3237 4534 3562 4626 instruxerit
3591 4534 3716 4623 eum
3739 4534 3800 4621 de

503 4631 600 4719 iisti
634 4652 646 4688 :
681 4633 777 4690 se'd
815 4635 938 4692 ideo
973 4647 1032 4694 ut
1066 4639 1278 4710 innuat,
1302 4646 1450 4716 quod
1488 4664 1588 4719 per
1631 4649 1916 4710 Christum
1967 4655 2113 4716 Deus

525 4718 688 4780 Pater
713 4725 770 4780 in
805 4729 1168 4788 ministerium
1197 4718 1538 4806 apostolatus
1565 4741 1798 4802 Paulum
1825 4747 2108 4808 direxerit.

525 4817 822 4887 Apostolus
850 4823 973 4878 dico
1008 4827 1294 4882 secundum
1332 4831 1492 4900 ﬁdem
1539 4834 1826 4890 electorum
1867 4838 1988 4895 Dei.
2023 4839 2117 4898 Se-

473 4989 482 4992 _
527 4907 718 5003 quitur
743 4912 890 4968 enim
916 4923 971 4970 et
1003 4918 1262 4986 przedicat
1285 4921 1445 4992 fidem
1474 4941 1640 4996 quam
1669 4935 1963 4986 tenuerunt
1985 4929 2115 5003 pre-

526 4999 724 5068 phetze,
781 5013 836 5058 et
880 5022 1194 5081 quicunque
1237 5013 1396 5069 electi
1433 5013 1550 5072 Dei.
1597 5018 1895 5090 Apostolus
1945 4999 2110 5080 etiam

527 5093 828 5188 secundum
855 5099 1174 5168 agnitionem
1189 5107 1450 5176 veritatis,
1469 5109 1522 5165 id
1543 5119 1630 5166 est
1642 5114 1941 5170 secundum
1965 5117 2114 5188 quod

525 5184 750 5274 agnovit
783 5187 850 5243 de
874 5205 1000 5247 vera
1032 5196 1342 5266 cognitione
1371 5197 1487 5254 Dei.
1533 5199 1654 5256 Non
1700 5184 1994 5274 cujuslibet
2021 5225 2113 5265 ve-

525 5273 708 5330 ritatis
738 5278 882 5350 dico,
916 5283 1012 5339 sed
1038 5286 1157 5357 ejus
1180 5304 1297 5360 quae
1317 5298 1396 5344 est
1425 5293 1710 5348 secundum
1745 5273 2015 5368 pietatem,
2057 5299 2111 5356 id

523 5376 610 5425 est
658 5386 783 5442 quae
829 5375 1033 5434 veritas
1074 5381 1322 5450 sequitur
1361 5383 1570 5442 cultum
1629 5387 1743 5446 Dei.
1805 5391 1968 5450 Fides
2019 5395 2107 5451 di-

523 5477 590 5518 co
633 5474 688 5519 et
725 5466 934 5538 agnitio
957 5471 1226 5540 veritatis,
1271 5475 1458 5530 euntia
1507 5479 1564 5532 in
1594 5497 1740 5550 spem
1777 5486 1904 5542 vita!
1951 5497 2108 5544 teter-

525 5571 607 5648 nte
619 5572 638 5610 :
656 5557 820 5630 347
831 5559 958 5630 quia
975 5575 1074 5640 per
1083 5561 1244 5620 ﬁdem
1267 5551 1564 5637 acceptam,
1581 5581 1634 5627 et
1653 5588 1748 5644 per
1763 5577 2000 5648 agnitam
2018 5569 2128 5636 νέέ

521 5647 1069 5722 ritatem,speramus
1098 5669 1201 5711 nos
1225 5659 1488 5728 consequi
1511 5661 1676 5718 vitam
1699 5647 1978 5725 reternam.
1999 5669 2110 5727 Nec

524 5738 726 5795 frustra
761 5759 773 5794 :
803 5741 933 5814 quia
987 5761 1148 5817 quant
1190 5744 1356 5802 vitam
1375 5753 1637 5818 promisit,
1663 5753 1716 5809 id
1747 5765 1828 5811 est
1856 5773 1919 5812 se
1957 5759 2110 5814 datu-

527 5843 650 5885 rum
671 5835 1056 5897 nraeordinavit
1082 5859 1093 5896 :
1120 5857 1220 5899 nec
1257 5841 1322 5897 de
1357 5843 1464 5900 hac
1487 5845 1852 5906 nromissione
1889 5849 2103 5910 dubita-

2203 4659 2633 4736 ‘consecratione
2677 4658 3080 4729 episcoporum.
3122 4655 3262 4712 Eum
3295 4657 3506 4714 scilicet
3533 4659 3798 4715 constitue

2215 4752 2556 4822 episcopum,
2585 4750 2636 4802 si
2661 4749 2780 4820 quis
2809 4748 2973 4820 fuerit
3001 4749 3114 4802 sine
3164 4749 3406 4816 crimine,
3453 4748 3507 4804 id
3550 4759 3657 4816 est,
3683 4750 3794 4804 sine

2193 4851 2344 4917 actu
2366 4851 2420 4898 et
2441 4839 2668 4897 infamia
2694 4837 2989 4914 cujuslibet
3018 4839 3342 4912 criminalis.
3371 4839 3476 4906 Qui
3505 4839 3672 4895 etiam
3695 4839 3798 4894 fue-

2215 4933 2288 4990 rit
2309 4933 2390 4988 vir
2408 4933 2568 4988 unius
2597 4933 2804 5000 uxoris,
2836 4939 2899 4987 ut
2919 4931 3062 4990 idem
3103 4929 3234 4986 alibi
3263 4931 3644 5002 exposuimus.
3683 4929 3794 4984 Ha-

2187 5091 2194 5098 _
2218 5022 2340 5079 bens
2361 5023 2523 5080 etiam
2553 5023 2696 5094 filios
2727 5024 2930 5095 ﬁdeles,
2955 5023 3010 5080 id
3030 5033 3134 5093 est,
3153 5024 3251 5095 qui
3287 5024 3341 5079 in
3367 5025 3470 5080 ﬁde
3495 5041 3632 5081 sana
3657 5025 3794 5080 ﬁlios

2217 5132 2349 5174 suos
2380 5116 2703 5174 instruxerit
2737 5135 2750 5173 :
2779 5124 2830 5172 et
2868 5115 3212 5174 nonhabens
3237 5119 3334 5172 eos
3364 5116 3422 5170 in
3465 5117 3794 5176 accusatione

2187 5281 2190 5284 Α
2215 5206 2448 5263 luxuria:
2479 5225 2496 5263 :
2523 5209 2668 5280 quod
2702 5225 2804 5264 nec
2832 5209 2998 5264 etiam
3022 5208 3200 5263 malus
3219 5223 3414 5267 rumor
3433 5207 3559 5263 inde
3587 5205 3788 5264 exierit.

2217 5297 2275 5354 Si
2311 5301 2456 5355 enim
2500 5301 2642 5357 ﬁlios
2688 5317 2818 5357 suos
2862 5301 3112 5372 permisit
3162 5300 3454 5367 luxuriari,
3493 5299 3790 5368 exemplum

2215 5390 2363 5447 dedit
2394 5408 2502 5446 non
2528 5408 2586 5449 se
2613 5393 2753 5448 bene
2781 5401 3160 5449 correcturum
3191 5391 3334 5448 ﬁlios
3369 5391 3646 5448 Ecclesiae.
3687 5391 3786 5446 Aut

2215 5480 2558 5538 non‘hahens
2584 5481 2729 5538 ﬁlios
2760 5498 2870 5540 non
2912 5481 3173 5550 subditos,
3205 5481 3262 5537 id
3307 5491 3394 5538 est
3425 5481 3788 5538 inobedientcs

2213 5571 2339 5628 sibi.
2383 5570 2442 5628 Si
2477 5574 2624 5632 enim
2664 5575 2934 5631 remissus
2976 5574 3231 5646 apparuit
3263 5573 3320 5629 in
3363 5574 3592 5645 privatis
3631 5573 3778 5636 ﬁliis,

2214 5663 2455 5720 ostendit
2493 5664 2641 5736 quod
2685 5681 2794 5720 non
2839 5663 3178 5721 sufﬁcienter
3219 5673 3499 5720 coerceret
3533 5663 3784 5720 creditam

2214 5753 2318 5811 sibi
2353 5753 2673 5812 Ecclesiam.
2710 5755 2834 5812 Ideo
2869 5755 2998 5812 volo
3019 5765 3080 5811 ut
3107 5755 3202 5826 qui
3233 5757 3348 5810 sine
3369 5756 3588 5810 crimine
3607 5751 3786 5816 fuerit,

2215 5847 2584 5904 constituatur
2641 5847 2930 5920 episcopus
2975 5869 2987 5906 :
3033 5858 3234 5920 oportet
3301 5849 3440 5903 enim
3496 5849 3780 5920 episcopum
